4096 6342
366 327 469 386 893

1569 328 1923 386 EPISTOLIE
1964 330 2050 385 ET
2091 331 2420 391 DECRETA.

3531 341 3637 402 895

348 448 605 518 'sbytero,
621 446 688 500 de
711 445 866 502 titulo
892 417 1148 512 Fasciola,
1172 455 1198 485 ιι
1223 446 1361 502 sedit
1384 460 1552 502 annos
1575 452 1948 512 octo,mens.es
1977 449 2028 510 Α
2055 447 2404 503 ’Heracleam
2424 447 2557 520 [lege
2575 449 3139 523 Constantinopolim],
3156 454 3394 526 corrupti
3411 463 3535 512 sunt
3553 463 3646 527 pe-

368 538 639 604 undecim,
680 537 798 594 dies
835 539 850 569 ¹
890 538 1215 600 octodecim.
1251 538 1346 592 Iiic
1399 536 1425 575 δ
1474 537 1572 592 fuit
1625 539 1954 608 temporibus

341 631 623 710 _0doacris
648 633 810 702 regis,
843 647 1010 702 usque
1045 631 1113 687 ad
1150 639 1388 700 tempora
1423 629 1742 685 Theodorici
1791 629 1952 701 regis.

368 711 465 780 Ilic
508 723 635 780 fecit
681 723 954 779 basilicam
1010 725 1178 779 sancti
1222 724 1445 795 Agapeti
1481 724 1631 795 juxta
1681 723 1953 779 basilicam

366 815 535 871 sancti
560 802 839 871 Laurentii
872 813 1141 885 martyris.
1173 813 1284 869 Sub
1323 813 1484 886 hujus
1510 816 1820 886 episcopatu
1857 819 1954 870 ite-

367 924 485 966 rum
508 909 652 964 venit
673 909 858 963 relatio
880 908 948 964 de
969 907 1175 963 Graecia
1199 906 1328 980 [lege
1349 923 1377 962 a
1403 917 1551 978 parte
1577 907 1800 964 Graecia:
1816 907 1951 980 um],

339 997 584 1081 ;Petrum
617 1001 1036 1059 Alexandrinum
1067 1012 1374 1058 revocatum
1403 1001 1608 1076 [supple
1629 1003 1695 1057 ad
1718 1017 1957 1058 commu-

366 1097 604 1170 nionem]
637 1097 703 1152 ab
733 1096 930 1152 Acacio
961 1094 1578 1165 ConstantinOpoiitano.
1609 1094 1758 1151 Tunc
1788 1110 1955 1152 vene-

337 1176 552 1248 ‘rabilis
589 1191 741 1246 Felix
786 1189 1220 1262 archiepiscopus
1266 1189 1414 1246 sedis
1454 1190 1765 1260 apostolicae
1807 1188 1957 1246 urbis

367 1286 572 1352 Romae,
606 1287 826 1340 mittens
862 1284 1201 1340 defensorem
1247 1299 1368 1339 cum
1407 1284 1634 1339 concilio
1669 1284 1810 1340 sedis
1847 1299 1958 1340 suae

367 1378 500 1454 [lege
527 1394 597 1433 ex
622 1379 913 1432 constituto
943 1377 1134 1448 synodi
1178 1376 1322 1431 sedis
1353 1376 1507 1448 sum],
1540 1374 1679 1431 facto
1705 1375 1954 1441 concilio,

342 1469 638 1545 “damnavit
663 1469 916 1524 Acacium
947 1483 1070 1526 cum
1102 1468 1284 1539 Petro.
1321 1479 1342 1507 ο
1368 1467 1497 1524 Post
1522 1481 1690 1545 annos
1721 1477 1830 1524 tres
1860 1468 1955 1524 ite-

368 1579 488 1618 rum
518 1561 665 1616 venit
691 1559 882 1616 relatio
904 1561 972 1614 ab
993 1560 1317 1631 imperatore
1344 1560 1579 1626 Zenone,
1605 1570 1662 1614 ut
1692 1559 1957 1630 paenitens

367 1637 569 1710 rediret
599 1653 844 1713 Aeacius.
878 1652 1028 1708 Tunc
1059 1667 1194 1720 papa
1221 1651 1367 1706 Felix
1399 1651 1600 1723 [supple
1629 1651 1755 1705 fecit
1776 1651 1960 1706 conci-

347 1731 498 1801 ‘Iium
529 1754 661 1801 ctex
685 1741 974 1816 consensu]
1007 1743 1152 1798 misit
1189 1742 1323 1797 duos
1352 1742 1654 1812 episcopos,
1693 1744 1954 1799 Misenum

2057 540 2214 596 cunia
2245 542 2364 597 data
2397 532 2741 614 suprascripti
2772 546 3030 616 episcopi,
3061 553 3115 601 et
3144 561 3251 603 non
3280 547 3520 605 fecerunt
3562 563 3649 608 sev-

2051 634 2287 703 _cundum
2318 647 2644 708 praeceptum
2670 640 2977 708 apostolicae
3002 638 3171 696 sedis.
3205 639 3497 697 Venientes
3516 656 3654 702 vero.

2061 725 2283 781 Romam
2323 727 2389 780 ad
2445 728 2628 783 sedem
2669 731 3038 799 apostolicam,
3071 731 3092 762 ³
3137 732 3463 788 venerabilis
3497 732 3649 790 Felix

2059 833 2193 888 papa
2224 818 2347 872 fecit
2374 818 2670 890 synodum:
2698 829 2752 875 et
2778 820 2914 876 facta
2942 821 3278 879 discussione
3309 822 3438 896 [lege
3465 825 3648 880 conci-

2061 912 2210 980 lium,
2241 923 2294 968 ct
2320 913 2718 970 examinatione
2746 914 2883 971 facta
2915 915 2966 970 in
2996 915 3248 988 concilio]
3294 909 3498 972 invenit
3528 932 3647 972 am-

2060 1005 2157 1061 bos
2184 1006 2464 1078 episcopos
2487 1006 2564 1077 (id
2593 1015 2698 1071 est,
2730 1005 2989 1063 Misenum
3035 1017 3090 1061 et
3133 1008 3381 1078 Vitalem)
3419 1023 3560 1076 reos,
3597 1016 3651 1064 et

2058 1101 2215 1170 ejecit
2243 1115 2338 1156 eos
2371 1115 2400 1154 a
2435 1099 2834 1155 communione.
2876 1099 3030 1155 Tunc
3078 1100 3312 1156 Misenus
3361 1101 3648 1171 episcopus

2061 1208 2167 1249 non
2195 1209 2252 1250 se
2275 1194 2435 1250 tacuit
2466 1203 2775 1264 corruptum
2800 1194 3055 1265 pecunia;
3079 1195 3166 1250 cui
3207 1194 3492 1249 concilium
3515 1209 3644 1251 con-

2059 1287 2220 1342 cessit
2254 1296 2461 1356 tempus
2501 1286 2850 1356 puenitentim.
2900 1285 3011 1340 Hoc
3051 1285 3250 1341 factum
3293 1294 3376 1342 est
3411 1295 3650 1356 tempore

2060 1379 2316 1436 Odoacris
2344 1379 2506 1449 regis.
2547 1379 2640 1434 llic
2685 1378 2808 1432 fecit
2845 1376 3212 1432 ordinationes
3237 1376 3370 1432 duas
3418 1376 3472 1430 in
3520 1377 3653 1432 urbe

2063 1469 2232 1525 Roma
2261 1485 2357 1542 per
2388 1483 2626 1525 mensem
2659 1467 3037 1535 Decembrem,
3082 1468 3428 1538 presbyteros
3463 1453 3652 1537 viginti

2060 1572 2205 1628 octo,
2247 1562 2504 1617 diaconos
2541 1561 2798 1632 quinque,
2835 1561 3117 1631 episc0p05
3163 1575 3260 1631 per
3289 1560 3498 1615 diversa
3536 1561 3650 1614 ioca

2061 1653 2280 1724 triginta
2303 1668 2488 1708 unum.
2517 1651 2617 1708 llic
2640 1652 2884 1724 sepultus
2907 1661 2990 1707 est
3020 1652 3072 1706 in
3098 1651 3316 1706 basilica
3335 1651 3475 1706 beati
3504 1651 3650 1706 Pauli

2020 1787 2025 1793 .
2059 1745 2308 1816 apostoli.
2363 1745 2428 1800 Et
2467 1746 2698 1800 cessavit
2747 1745 3084 1814 episcopatus
3124 1743 3240 1799 dies
3271 1743 3528 1814 quinque.
3577 1742 3647 1798 Et

351 1831 422 1910 _'ct
469 1837 712 1905 Vitaiem,
749 1845 807 1892 ut
849 1836 895 1891 si
945 1836 1250 1891 invenirent
1284 1833 1600 1906 compiicem
1639 1834 1781 1890 Petri
1821 1835 1957 1891 Aca-
1991 1837 2034 1896 Β
2065 1849 2184 1912 post
2213 1839 2496 1895 transitum
2522 1840 2640 1910 ejus
2678 1839 2874 1894 factum
2903 1847 2983 1895 est
3011 1854 3041 1893 a
3083 1837 3413 1910 presbyteris
3446 1844 3503 1892 et
3538 1835 3652 1891 dia-

367 1930 533 1995 cium,
562 1927 754 1983 iterum
785 1927 1102 1982 damnarent
1130 1942 1254 1993 eos;
1287 1927 1333 1981 si
1366 1942 1494 1991 non,
1517 1927 1774 1983 oil‘errent
1805 1927 1958 1982 libel-

368 2021 476 2078 lum
513 2021 862 2093 pcenitentim.
911 2021 1010 2090 Qui
1078 2020 1204 2076 dum
1245 2021 1557 2076 introissent
1603 2021 1655 2075 in
1691 2021 1960 2076 civitatem

351 2177 356 2188 '
437 2181 465 2212 α
493 2173 663 2228 Annis
703 2173 953 2228 nimirum
991 2187 1204 2240 novem,
1243 2175 1418 2228 minus
1467 2175 1533 2228 i2
1565 2172 1770 2227 diebus.
1809 2171 1952 2226 Obiit

342 2245 509 2302 [enim
536 2257 569 2299 ‘v
594 2246 801 2316 calend.
836 2245 1203 2316 Martiiranno
1233 2244 1609 2316 Redemptoris
1637 2245 1801 2316 nostri
1820 2243 1958 2316 492.

367 2319 542 2384 Quare
569 2317 614 2370 si
639 2317 704 2369 ad
732 2315 941 2372 initium
967 2325 1021 2370 et
1049 2314 1196 2370 hunc
1219 2319 1379 2371 linem
1402 2315 1741 2385 pontiﬁcatus
1767 2314 1956 2370 adver-

361 2397 528 2512 gttur,
562 2386 846 2457 praedictus
877 2401 1137 2440 annorum
1171 2401 1425 2442 numerus
1469 2386 1789 2455 reperietur.
1826 2385 1952 2439 Ssv.

412 2471 566 2512 tutus.

412 2471 566 2512 INIUS.

341 2569 362 2586 η
439 2528 465 2567 b
494 2527 738 2583 OdOac'er
778 2543 872 2582 rex
918 2527 1236 2582 Ilerulorum
1269 2540 1297 2579 a
1329 2526 1643 2597 Nepotianis
1688 2526 1741 2581 in
1774 2527 1952 2581 odium

357 2599 591 2664 Drestis,
632 2599 720 2669 qui
763 2600 1115 2669 Augustulum
1163 2599 1328 2652 lilium
1377 2599 1954 2669 suumimperatorem

367 2668 750 2744 appellaverat,
808 2668 866 2744 in
917 2669 1116 2744 Italiam
1150 2678 1389 2744 vocatus,
1439 2668 1956 2744 occisisAOresteet

361 2737 530 2794 Ir’a‘trc
560 2742 674 2808 ejus
703 2741 887 2810 Paulo,
916 2741 1150 2810 relegato
1178 2737 1232 2793 in
1259 2739 1600 2809 Campaniam
1636 2737 1952 2810 Augustulo,

345 2811 684 2880 sublatoque
705 2809 1038 2866 Occidentali
1065 2810 1312 2876 imperio,
1346 2810 1519 2864 factus
1545 2816 1627 2863 cst
1666 2825 1758 2863 rex
1789 2809 1955 2863 italia:

354 2897 510 2937 anno
537 2882 753 2938 Domini
789 2882 914 2948 476,
943 2881 1085 2936 sicut
1110 2882 1185 2935 illi
1229 2890 1448 2936 sanctus
1476 2881 1773 2934 Severinus
1800 2880 1956 2934 Nori-

367 2967 549 3018 corum
577 2951 875 3021 apostolus,
901 2953 1181 3021 sanctitate
1203 2961 1258 3007 et
1299 2951 1568 3020 miraculis
1598 2951 1954 3018 clarissimus,

363 3021 601 3078 I'itturum
637 3021 979 3091 praedixerat,
1011 3021 1136 3077 ilum
1176 3021 1242 3075 ab
1273 3022 1515 3076 Odoacre
1547 3021 1815 3076 vilissimis
1842 3021 1951 3090 pei-

361 3090 501 3147 libus
533 3090 719 3146 induto
746 3094 1070 3148 visitaretur.
1100 3093 1362 3161 Regnavit
1391 3094 1439 3144 in
1467 3091 1607 3145 italia
1633 3091 1782 3158 juxta
1805 3091 1956 3159 ejus—

362 3165 488 3218 dem
527 3165 699 3217 sancti
730 3165 975 3218 Severini
1005 3165 1309 3218 vaticinium
1333 3162 1492 3217 annis
1519 3161 1776 3216 tredecim
1819 3164 1954 3216 iutes

361 3236 478 3304 gris
506 3243 561 3304 et
585 3234 866 3299 absolutis,
904 3243 1063 3299 atque
1100 3250 1130 3288 a
1179 3248 1433 3303 purpura,
1486 3231 1754 3303 regalibus
1795 3233 1958 3304 Vindu-

367 3303 588 3372 mentis,
635 3312 687 3356 et
732 3319 761 3357 a
789 3304 1020 3357 momine
1075 3304 1415 3372 imperatoris
1459 3304 1756 3358 abstinuit:
1792 3303 1865 3358 ita
1900 3312 1954 3358 ut

365 3369 669 3427 Romanum
703 3373 987 3442 imperium
1019 3373 1072 3428 in
1104 3369 1343 3442 Angusto
1387 3375 1714 3438 inchoatum,
1758 3375 1810 3428 in
1845 3377 1952 3429 Au-

363 3453 541 3518 gusto,
569 3444 659 3510 qui
692 3458 786 3518 per
805 3452 1174 3518 contemptum
1212 3444 1536 3514 Augustulus
1564 3444 1865 3518 dicebatur,
1899 3445 1950 3500 in
1982 3454 2027 3518 ρ

364 3514 655 3570 Occidente
680 3514 955 3571 deiecerit.
988 3516 1080 3570 llic
1102 3516 1362 3581 Odoaeer,
1389 3516 1779 3584 quantumlibet
1803 3517 1954 3572 Aria-

367 3600 467 3657 nus
489 3592 650 3657 esset,
695 3585 897 3657 nullum
927 3587 1068 3656 quod
1109 3587 1324 3657 dignum
1362 3595 1442 3641 est
1489 3587 1748 3642 memoria
1795 3589 1954 3643 rebus

366 3655 534 3710 sacris
565 3656 834 3726 negotium
869 3655 1029 3709 fecit:
1061 3655 1274 3711 conanti
1301 3672 1428 3711 vero
1469 3657 1545 3710 illi
1581 3670 1762 3726 postea
1805 3659 1956 3711 Aria-

368 3727 598 3782 nismum
619 3727 670 3779 in
695 3725 887 3780 Urbem
912 3726 1128 3792 inferre,
1150 3728 1397 3782 Geiaslus
1415 3739 1546 3796 papa
1569 3725 1761 3797 magno
1777 3728 1956 3782 anitno

365 3798 583 3861 restitit.
614 3806 674 3852 nt
703 3797 839 3850 inim
879 3797 1139 3852 dicemus.
1174 3797 1423 3850 Craterum
1463 3799 1574 3860 iste,
1614 3799 1787 3866 inquit
1813 3797 1955 3851 Eva-

367 3867 514 3937 grius
535 3868 586 3922 in
609 3866 721 3922 Vita
752 3869 921 3922 sancti
946 3868 1208 3932 Severini,
1230 3869 1421 3936 potitus
1439 3871 1553 3939 jam
1576 3866 1755 3932 Italia,
1781 3880 1955 3921 sancto

368 4025 396 4045 ι,
438 4005 456 4035 ι
486 4003 617 4060 cod.
653 4003 911 4066 Lucensis
940 4004 1064 4066 490,
1093 4003 1252 4057 XVII.

440 4077 458 4106 ²
489 4075 632 4132 Idem
660 4061 808 4142 cod.,
833 4061 1348 4144 Constantinopolim.

1195 4307 1884 4436 FELICIS
1959 4319 2515 4434 ΡΔΡΕ
2595 4315 2816 4427 III

2010 4189 3334 4214 ___________________.___.._____

2065 1932 2289 1987 conibus
2319 1932 2667 1987 constitutum
2698 1931 2764 1987 de
2789 1932 2936 1986 omni
2968 1929 3235 1986 Ecclesia.

2067 2175 2308 2228 Seuerino
2342 2176 2626 2244 familiares
2669 2177 2861 2229 litteras
2886 2176 3090 2241 direxit,
3117 2184 3303 2244 rogans
3330 2183 3383 2228 ut
3404 2169 3653 2245 quidquid

2060 2245 2121 2298 ab
2141 2262 2198 2299 eo
2215 2247 2377 2307 vellet,
2398 2254 2582 2316 peteret
2601 2261 2620 2298 :
2645 2255 2835 2299 memor
2849 2245 2991 2298 illius
3002 2247 3237 2315 praesagii
3251 2259 3351 2313 quo
3361 2257 3476 2316 eum
3491 2255 3653 2315 quon-

2061 2318 2179 2370 dam
2219 2315 2524 2383 praedixerat
2566 2326 2916 2385 regnaturum.
2951 2316 3146 2382 Quibus
3182 2316 3372 2376 sanctis
3414 2315 3652 2384 alloguiis

2060 2387 2317 2460 invitatus,
2342 2389 2660 2460 Aittbrosinm
2679 2387 2946 2460 quemdam
2962 2386 3144 2440 exsilio
3161 2387 3464 2460 damnatura
3479 2386 3651 2460 (illum

2061 2459 2150 2526 qui
2184 2459 2507 2511 Britanniam
2539 2473 2567 2511 a
2599 2457 2839 2512 barbaris
2861 2472 3170 2526 oppressam
3201 2455 3652 2526 liberavitliusst’t

2061 2525 2270 2581 absolvi.
2333 2527 2582 2583 Testatur
2635 2525 2906 2582 Ennodius
2946 2527 3203 2581 diaconus
3250 2525 3549 2580 Ticinensis
3599 2525 3650 2582 ιιι

2065 2596 2180 2652 Vita
2217 2600 2386 2653 sancti
2435 2599 2716 2667 Epiphanii
2762 2597 3002 2668 episcopi
3047 2596 3347 2668 Ticinensis
3391 2597 3640 2652 eumdem

2061 2668 2414 2740 Epiphanium
2449 2671 2667 2739 petiisse
2700 2684 2797 2737 pro
2823 2671 2934 2740 suis
2954 2667 3175 2740 civibus
3217 2669 3643 2740 quinquennium

2060 2731 2404 2807 indulgentia:
2435 2731 2774 2802 tributoruiit,
2809 2737 2929 2809 quin
2950 2737 3166 2792 Orestes
3197 2731 3467 2809 tyrannici
3495 2731 3646 2808 pole-

2061 2819 2198 2864 state
2232 2811 2589 2878 imposuerat,
2629 2807 2913 2878 ipsumque
2935 2815 3054 2878 quin
3095 2809 3162 2861 ab
3189 2807 3376 2862 eodem
3407 2807 3650 2864 Odoacri!

2061 2883 2286 2947 petierat
2312 2877 2664 2949 impetraSsc.
2709 2883 2745 2933 Α
2803 2877 3142 2949 Theoderico
3201 2878 3647 2947 Ostrogothornm

2062 2966 2184 3020 rege
2229 2966 2369 3005 anno
2411 2948 2562 3020 regni
2612 2952 2691 3005 sui
2745 2950 2910 3006 Italici
2963 2951 3024 3004 Η
3072 2948 3282 3017 fugatus
3329 2960 3385 3020 et
3426 2949 3651 3020 Verona

2061 3014 2230 3076 victus
2279 3031 2384 3075 est.
2433 3014 2615 3075 Tértio
2666 3021 2960 3076 certamine
3018 3014 3298 3088 superatus
3357 3018 3647 3088 Ravennae,

2061 3093 2353 3157 proditorie
2380 3089 2574 3146 ibidem
2607 3093 2816 3147 occisus
2839 3099 2942 3152 est,
2975 3079 3114 3143 anno
3137 3083 3351 3145 Domini
3379 3079 3502 3144 493.
3527 3079 3651 3145 Fosi

2062 3162 2178 3218 haec
2205 3171 2447 3233 tempora
2480 3161 2626 3217 Italia
2659 3161 3106 3232 Ostrogothorttm
3133 3160 3352 3230 regibus
3383 3160 3558 3229 paruit
3589 3164 3647 3215 ιιι

2059 3234 2196 3288 intra
2229 3235 2487 3289 dicemus.
2520 3236 2648 3296 Ser.
2681 3234 2884 3288 BINIUS.
3583 3287 3586 3290 ,

2131 3305 2206 3360 De
2233 3305 2461 3360 Zenonis
2487 3305 2636 3366 obitu
2669 3303 2806 3358 infra
2837 3303 3076 3357 dicemus
3109 3301 3161 3356 in
3195 3300 3336 3356 notis
3368 3300 3434 3355 ad
3471 3303 3638 3356 vitam

2063 3375 2286 3432 Gelasii.
2321 3375 2448 3429 Sev.
2477 3375 2676 3429 limus.

2135 3458 2157 3486 ο
2187 3448 2409 3502 Constat
2437 3448 2571 3501 inl‘ra
2604 3459 2668 3501 ex
2692 3444 2914 3516 epiStoia
2959 3445 2992 3499 6
3037 3441 3249 3508 Felieis,
3273 3455 3374 3516 qua
3405 3443 3650 3516 contine:

2061 3527 2148 3576 tur
2193 3520 2458 3573 sententia
2503 3519 2554 3573 in
2602 3513 2858 3573 Acacium
2897 3515 3021 3577 lata,
3061 3525 3114 3568 et
3144 3524 3210 3569 ex
3252 3513 3396 3568 netis
3440 3513 3652 3569 concilii

2061 3588 2289 3643 Romani
2324 3590 2476 3658 primi
2507 3600 2561 3643 et
2599 3587 2816 3658 secundi
2857 3587 2956 3640 sub
2987 3585 3164 3640 Felice
3198 3584 3356 3658 iplra,
3400 3583 3497 3638 hos
3525 3592 3649 3638 ante

2062 3643 2460 3713 damnatidnem
2522 3659 2700 3712 Acacii
2752 3657 3032 3728 deputatas
3085 3643 3646 3728 etabiegatosesse.

2065 3729 2275 3783 Falsum
2317 3738 2399 3781 est
2445 3728 2620 3795 igitur,
2681 3723 2836 3795 quod
2860 3726 3110 3780 scribitur
3148 3725 3254 3789 hic,
3292 3723 3390 3778 eos
3418 3723 3650 3779 triennio

2062 3803 2186 3868 post
2229 3799 2537 3868 damnatum
2589 3797 2840 3852 Acacium
2873 3795 3398 3862 Coustantirwpoiim
3455 3795 3653 3848 missos

2064 3867 2245 3921 luisse.
2273 3869 2398 3921 Snv.
2437 3867 2635 3922 BINIUS.

2140 4002 2161 4035 ³
2193 4002 2336 4058 Idem
2369 4002 2514 4068 cod.,
2543 3999 2689 4055 Fecit
2727 4011 2864 4072 papa
2894 3977 3047 4054 Felix
3086 3997 3380 4062 concilium,
3417 4003 3465 4050 et
3517 3998 3653 4066 facta
3724 4016 3732 4023 -

2059 4075 2436 4128 examinatione
2465 4074 2675 4127 invenit.

3337 4187 3644 4202 ψ

766 4469 1812 4698 ΕΡΙΞΤΟΜΕ
1893 4497 2150 4668 ET
2253 4521 3239 4671 DECRETA.

791 4871 815 4900 α
845 4857 1172 4920 EPISTULA
1214 4861 1448 4918 PRIMA.

365 4957 390 4998 δ
424 4951 795 5013 ἓἚιΙΕΙδῬΑΡβ
837 4971 894 5011 ιιι
925 4973 990 5010 Αἰ)
1021 4970 1248 5010 ΑΟΑΕΙυδΙ
1273 4965 1955 5011 (ΖΟΝΞΤΛΝΤΙΝΟΡΟΜΤΑΝΓΜ.

367 5051 527 5120 Op'at
557 5037 733 5120 sancta
760 5045 987 5119 synodus
1033 5047 1266 5120 Romana
1296 5054 1349 5099 ut
1390 5045 1650 5120 Zenonem
1662 5048 1961 5120 [imperato-

374 5119 377 5124 ’
418 5117 536 5175 rem
566 5117 885 5175 inducat'ad
921 5118 1293 5174 emendandum
1325 5117 1502 5171 sedulo
1533 5117 1703 5171 studio
1742 5117 1802 5170 ea
1851 5133 1963 5185 qua:

333 5309 338 5313 -
437 5291 462 5318 ι
489 5281 609 5336 Haec
638 5280 863 5350 epistola
889 5289 968 5337 est
1010 5280 1099 5336 illa
1138 5280 1397 5351 synodica
1422 5295 1582 5350 quam
1618 5280 1806 5334 Patres
1833 5291 1954 5334 con-

363 5353 470 5407 cilii
497 5351 719 5408 Romani
749 5366 780 5406 a
811 5351 991 5408 Felice
1019 5353 1273 5422 pontiﬁce
1300 5351 1366 5406 ad
1395 5351 1648 5407 Acacium
1681 5352 1952 5405 transmit-

366 5425 575 5479 tendum
621 5437 741 5478 esse
786 5421 1132 5478 censuerunt.
1161 5424 1274 5489 Qua
1321 5423 1390 5478 de
1437 5438 1496 5478 re
1543 5421 1676 5478 infra
1725 5423 1775 5476 in
1810 5423 1952 5475 notis

364 5494 605 5562 ejusdem
656 5493 891 5549 concilii.
945 5493 1211 5549 Hactenus
1259 5508 1522 5563 nusquam
1570 5495 1754 5558 edita,
1810 5507 1951 5547 nunc

366 5565 596 5634 primum
613 5563 1020 5635 epenetralibus
1043 5565 1380 5622 bibliothecae
1396 5566 1709 5621 Baroniantc
1733 5564 1954 5634 ejusque

365 5637 658 5696 Annalibus
686 5638 736 5689 in
755 5637 926 5697 lucem
950 5636 1229 5706 emittitur.
1250 5637 1437 5693 Exstat
1460 5638 1510 5692 in
1536 5643 1840 5706 pervetusto
1864 5651 1955 5688 co-

364 5707 483 5761 dice
521 5705 1286 5777 Cresconianiecollectionis.
1335 5705 1583 5777 Ηιιῇιιδοὲιι
1615 5707 1950 5776 sequentium

361 5776 709 5856 epistularum
755 5793 781 5831 a
833 5775 1010 5832 Felice
1053 5777 1366 5852 scriptarum
1415 5775 1660 5836 meminit
1694 5775 1950 5848 Eragrius

1977 4871 2032 4932 Ι)
2127 4863 2224 4917 adv
2235 4879 2376 4917 ersus
2399 4861 2705 4916 catholicam
2728 4862 2880 4932 ﬁdem
2907 4862 3148 4918 hactenus
3169 4878 3431 4935 perperam
3451 4863 3652 4935 egisset.

2101 4983 2104 4988 '
2141 4977 2332 5032 Felicis
2358 4977 2424 5059 ad
2450 4977 2699 5032 Acacium
2723 4976 3031 5047 episcopum
3059 4988 3080 5016 ε
3110 4993 3202 5046 per
3218 4977 3446 5032 Vitalem
3477 4985 3530 5031 et
3558 4977 3652 5032 Mi-

2071 5062 2257 5118 senum
2285 5063 2590 5118 episcopos.
3054 5104 3056 5106 .

2144 5113 2428 5190 Postquam
2472 5113 2672 5174 sancta:
2726 5119 2999 5176 memoriae
3039 5119 3325 5175 decessore
3369 5132 3491 5174 meo
3521 5134 3653 5190 papa

2068 5282 2160 5336 lib.
2196 5299 2271 5348 ιιι,
2307 5299 2424 5352 cap.
2466 5284 2549 5347 18,
2588 5283 2652 5338 i9
2682 5289 2737 5336 et
2763 5282 2852 5342 25.
2885 5283 3012 5337 Item
3043 5279 3323 5335 Liberatus
3366 5278 3421 5334 in
3454 5278 3654 5335 brevia.

2063 5355 2144 5406 rio
2171 5369 2290 5423 cap.
2324 5357 2406 5409 18.
2443 5355 2569 5408 Sev.
2603 5355 2800 5409 Brutus.
3304 5373 3316 5381 ·

2134 5423 2157 5497 b
2183 5421 2251 5476 In
2270 5427 2498 5494 aiicgato
2526 5425 2711 5480 codice
2737 5426 2850 5479 lucc
2879 5425 3157 5497 inscriptio
3190 5423 3272 5479 his
3299 5421 3489 5479 litteris
3520 5425 3652 5488 prim

2063 5495 2261 5564 ﬂgitur.
2292 5498 2417 5551 Sev.
2454 5499 2654 5552 titulus.

2137 5579 2157 5604 ο
2202 5567 2436 5634 Quarum
2489 5571 2761 5622 civitatum
2816 5569 3050 5638 episcOpi
3101 5567 3151 5621 hi
3201 5565 3362 5636 legati
3411 5561 3648 5638 fuerint,

2066 5632 2324 5709 nusquam
2372 5640 2509 5706 apud
2547 5641 2775 5709 aliquem
2810 5632 3121 5693 historicum
3148 5632 3462 5709 expressum
3495 5632 3650 5709 inve-

2062 5706 2223 5762 nitur.
2266 5707 2344 5761 De
2375 5710 2572 5764 Miseno
2604 5706 2821 5773 tantum,
2851 5711 3020 5780 inquit
3065 5707 3349 5780 Baronius,
3373 5709 3426 5760 in
3458 5706 3647 5759 consti-

2063 5789 2170 5839 tuto
2209 5781 2385 5852 l’igilii
2418 5782 2636 5840 Romani
2666 5779 3011 5850 pontiﬁcisde
3042 5779 3198 5835 tribus
3239 5779 3475 5848 capitulis
3504 5793 3648 5848 rape.
