4096 6342
361 279 464 336 891

1561 270 1914 335 EPISTOLAS
1957 270 2044 335 ΕΤ
2085 277 2425 336 DECRETA.

3522 279 3630 342 898

363 396 550 452 venire
578 391 929 462 tentaverint,
976 391 1144 450 fuisse
1171 399 1472 464 prostratos
1503 411 1518 450 :
1555 410 1660 465 quo
1698 397 1867 466 magis
1893 407 1945 451 te
1973 400 2026 460 Α
2052 399 2133 454 vel
2163 413 2390 454 censura
2431 395 2729 453 beatissimi
2760 393 2934 462 Petri.
2981 395 3066 454 vel
3093 368 3628 456 auctoritas'univer—

365 505 464 562 pro
509 497 598 543 tua
631 487 804 542 salute
841 497 896 543 et
926 487 1262 558 professione
1312 487 1610 543 ferventius
1656 489 1794 557 apud
1842 488 1952 544 cle-

363 581 578 638 mentiae
605 579 722 650 ejus
751 593 907 633 aures
935 587 1243 648 oportuerat
1280 579 1402 634 talia
1448 580 1847 634 incessabiliter
1872 579 1951 634 al-

363 677 541 746 legare
568 717 582 740 ,
633 688 697 728 ac
744 688 1066 743 magnopere
1111 675 1433 743 deprecari,
1485 691 1590 745 quo
1622 691 1718 730 nec
1763 691 1946 741 suam,

363 782 524 836 quam
556 765 817 820 catholica
847 775 1028 820 mente
1065 765 1495 835 deprompserat,
1529 769 1717 822 violari
1761 769 1954 824 ullate-

370 878 473 917 nus
525 869 794 931 pateretur
849 859 1128 927 cujuslibet
1191 860 1543 930 snbreptione
1595 864 1950 925 sententiam;

373 969 474 1009 nec
521 953 781 1007 adversus
822 951 1137 1006 universalis
1179 954 1434 1008 Ecclesia:
1477 957 1810 1008 sanctionem
1862 970 1956 1024 per

369 1047 746 1102 htereticorum
793 1044 956 1099 furias
982 1090 994 1112 ,
1041 1062 1171 1114 quas
1201 1087 1215 1111 ,
1250 1048 1356 1102 Deo
1402 1049 1695 1117 inspirante
1720 1091 1734 1114 ,
1788 1049 1955 1116 pietas

370 1138 487 1207 ejus
513 1138 760 1201 eliserat,
799 1137 1002 1190 sineret
1027 1137 1204 1191 denuo
1232 1139 1513 1207 pullulare,
1543 1155 1698 1210 quam
1728 1140 1956 1194 manife-

326 1263 334 1267 -
375 1229 618 1287 stissime
647 1229 989 1298 pervideres;
1031 1245 1093 1285 ac
1134 1240 1218 1284 tua
1261 1233 1434 1286 modis
1476 1234 1721 1286 omnibus
1766 1232 1957 1300 praedi-

372 1325 585 1380 catione
608 1337 823 1377 rursum
853 1323 902 1395 in
932 1338 992 1376 ea
1023 1339 1142 1391 quze
1166 1325 1481 1379 exstiterant
1505 1326 1550 1379 ei
1581 1329 1802 1380 adversa
1831 1340 1959 1378 con-

373 1429 624 1485 surgeres
652 1459 664 1482 ,
712 1426 869 1484 atque
920 1414 1108 1469 eadem
1142 1416 1258 1470 sine
1289 1416 1621 1470 dubitatione
1670 1416 1914 1470 firmares
1943 1434 1953 1468 :

372 1507 589 1578 quando
634 1506 757 1561 huic
809 1507 1154 1572 reluctantia,
1189 1509 1329 1562 sicut
1355 1507 1557 1562 dudum
1593 1507 1805 1562 fuerant
1833 1507 1960 1561 sub-

375 1614 529 1654 versa
557 1641 570 1663 ,
600 1599 921 1669 jacuissent;
963 1614 1030 1652 ne
1057 1599 1141 1653 vel
1175 1609 1274 1654 true
1306 1599 1469 1671 (quod
1515 1599 1676 1668 absit)
1718 1599 1837 1653 fidei
1867 1581 1958 1652 de-

377 1693 617 1759 stitutor,
649 1692 730 1747 vel
761 1691 993 1760 perfidia:
1031 1692 1288 1747 dicereris
1331 1693 1505 1746 fautor
1535 1692 1744 1746 aliena}.
1793 1691 1958 1744 Error

378 1791 521 1847 enim
568 1789 652 1844 cui
701 1804 806 1843 non
839 1788 1106 1844 resistitur
1141 1788 1486 1858 approbatur,
1521 1797 1576 1843 et
1616 1786 1811 1842 veritas
1842 1801 1959 1855 quae
1988 1758 2036 1819 Β

378 1881 600 1937 minime
624 1877 936 1934 defensalur
960 1880 1295 1948 Opprimitur.
1324 1876 1526 1930 Deinde
1568 1892 1686 1930 cum
1721 1877 1834 1940 tibi,
1861 1877 1961 1930 Do-

361 1966 530 2028 mino
579 1978 912 2039 praestante,
969 1970 1109 2039 apud
1157 1969 1431 2022 dominum
1495 1967 1658 2020 filium
1720 1976 1959 2021 nostrum

382 2063 690 2132 religiosum
725 2060 1018 2130 principem
1045 2060 1457 2113 familiaritatem
1489 2075 1607 2113 esse
1634 2059 1958 2126 noverimus,

381 2156 560 2210 nullus
593 2168 826 2222 unquam
870 2153 1040 2223 potuit
1069 2151 1282 2206 suaderi
1313 2151 1656 2206 dilectionem
1689 2160 1831 2205 tuam
1864 2166 1961 2205 ne-

381 2248 617 2318 quivisse
662 2252 851 2316 gerere
872 2285 886 2310 ,
938 2244 1064 2313 quin
1098 2244 1275 2313 p0tius
1307 2243 1566 2298 noluisse.
1597 2244 1663 2297 Et
1693 2243 1812 2297 ideo
1842 2243 1963 2312 quia

383 2352 492 2391 non
521 2334 966 2406 impossibilitatis
998 2342 1159 2398 esset,
1189 2332 1330 2401 quod
1365 2343 1628 2387 taceretur
1654 2347 1667 2386 :
1693 2333 1805 2402 ipse
1834 2347 1965 2402 quo—

383 2441 489 2495 que
535 2441 642 2487 non,
683 2425 942 2494 ambigis,
995 2423 1122 2494 quid
1175 2423 1298 2477 hinc
1347 2424 1662 2478 universalis
1725 2423 1966 2492 judicare

383 2519 554 2590 possit
578 2517 838 2573 Ecclesia.

457 2609 556 2665 Ubi
581 2621 684 2674 est,
717 2611 882 2664 frater
912 2609 1093 2674 Aeaci,
1141 2609 1292 2663 labor
1334 2617 1487 2673 tuus,
1521 2624 1626 2678 quo
1671 2608 1967 2680 tyrannidis

387 2701 654 2756 haeretica:
702 2710 940 2769 tempore
991 2699 1307 2753 desudasti?
1358 2699 1581 2754 Patieris
1627 2699 1728 2754 hoc
1770 2700 1966 2754 damno

385 2795 732 2848 conscientia:
759 2801 861 2846 tua:
889 2791 1152 2860 ejusmodi
1176 2791 1354 2859 perire
1386 2790 1723 2845 mercedem?
1744 2791 1967 2861 Respice

347 2869 633 2953 -Apostoli
660 2881 847 2947 verba,
879 2896 996 2951 qua:
1030 2888 1290 2935 testantur
1317 2900 1326 2933 :
1355 2880 1643 2935 Currebatis
1679 2881 1832 2944 bene;
1856 2881 1967 2950 quis

386 2991 474 3028 vos
499 2974 864 3045 confascinavit
896 2971 1093 3040 (Galat.
1123 2971 1210 3041 v)?
1231 2971 1340 3027 Cur
1369 2987 1577 3037 eorum,
1609 2971 1792 3034 frater,
1824 2987 1968 3040 qua:-

386 3080 508 3121 rere
538 3065 756 3146 semitas
784 3071 996 3118 veteres
1024 3077 1164 3116 nunc
1189 3063 1480 3132 relinquis?
1507 3061 1615 3115 Cur
1645 3062 1968 3116 irruentibus

386 3157 442 3212 in
473 3155 614 3210 ovile
655 3132 980 3208 dominicum
1024 3153 1185 3221 lupis,
1217 3153 1360 3207 nulla
1389 3154 1660 3223 vigilantia
1689 3155 1970 3208 ministerii
1997 3118 2045 3184 c

387 3245 679 3317 pastoralis
721 3244 968 3305 obsistis,
1005 3242 1098 3298 sed
1143 3245 1511 3312 arquanimiter
1557 3253 1714 3314 atque
1757 3259 1974 3300 securus

388 3336 737 3394 commissum
765 3350 978 3406 gregem
1011 3344 1102 3389 aut
1122 3336 1311 3390 laniari
1343 3337 1624 3406 perspicis,
1648 3347 1737 3390 aut
1760 3337 1975 3391 necari?

388 3428 508 3485 Non
539 3427 807 3483 dicentem
857 3425 1053 3482 recolis
1099 3425 1425 3493 Dominum,
1463 3437 1516 3482 et
1547 3429 1778 3481 animam
1823 3443 1973 3482 suam

390 3521 607 3592 quidem
641 3535 737 3590 pro
764 3519 952 3574 ovibus
981 3534 1184 3590 ponere
1213 3519 1332 3589 pios
1361 3535 1455 3590 pro
1488 3521 1770 3575 devotione
1800 3531 1977 3590 pasto:

392 3627 512 3678 res;
553 3612 941 3667 mercenarium
971 3621 1146 3666 autem
1180 3612 1245 3666 de
1289 3611 1370 3665 his
1404 3626 1586 3666 curam
1629 3613 1838 3679 penitus
1871 3627 1974 3664 non

394 3706 680 3763 habentem
706 3745 720 3769 ,
767 3719 888 3758 mox
921 3715 977 3758 ut
1021 3705 1242 3758 beSIiam
1277 3703 1413 3757 forte
1463 3704 1828 3772 conspexerit,
1863 3703 1977 3757 sine

394 3799 504 3854 ulla
527 3797 786 3865 diffugere
816 3795 1246 3848 consideratione
1279 3794 1601 3848 testantem?
1633 3793 1823 3846 Verum
1855 3809 1975 3846 cum

398 3891 494 3946 tibi
521 3888 757 3965 fugiendi
789 3887 931 3943 nulla
961 3889 1028 3941 sit
1056 3899 1212 3939 causa
1247 3886 1391 3951 (nam
1421 3883 1562 3936 nulla
1595 3883 1821 3936 formido
1849 3881 1972 3949 est),

398 3990 579 4037 metuo
607 3995 674 4035 ne
711 3988 861 4050 septa
899 3978 1164 4034 dominica
1199 3991 1302 4030 non
1341 3984 1445 4029 tam
1479 3989 1675 4043 pavore
1704 3975 1972 4038 deserere,

397 4088 555 4143 quam
589 4072 771 4144 (quod
811 4081 893 4128 est
918 4069 1317 4140 detestabilius)
1350 4077 1539 4138 sponte
1572 4067 1799 4123 videaris
1823 4067 1978 4121 saevis

398 4165 646 4221 dentibus
673 4164 934 4233 obiecisse
962 4159 1268 4235 [dejecisse].

471 4259 722 4312 Ausculta
769 4271 955 4312 vocem
1004 4255 1243 4325 ejusdem
1297 4253 1506 4308 Domini
1558 4253 1976 4323 prtemonentis:

405 4351 503 4418 Qui
532 4367 723 4404 mecum
754 4366 856 4404 non
888 4359 981 4417 est,
1017 4358 1191 4403 contra
1222 4365 1299 4400 me
1331 4357 1402 4400 est
1421 4364 1440 4412 ;
1479 4357 1524 4399 et
1553 4348 1637 4415 qui
1671 4363 1857 4398 merum
1883 4363 1979 4398 non

402 4445 636 4514 colligit,
683 4444 927 4512 dispergit
963 4442 1130 4513 (Luc.
1159 4457 1208 4495 ιι
1235 4440 1274 4510 ).
1328 4439 1395 4494 Et
1442 4439 1725 4509 diligenter
1767 4439 1979 4494 attende

405 4533 537 4588 nihil
567 4533 708 4586 aliud
735 4548 853 4587 esse
882 4549 986 4586 non
1019 4547 1306 4601 procurare
1336 4546 1452 4600 qua:
1477 4529 1674 4585 Christi
1703 4540 1845 4588 sunt.
1881 4530 1978 4583 nisi

407 4635 465 4678 se
502 4621 676 4689 palam
718 4621 956 4688 profiteri
987 4622 1102 4689 ejus
1147 4623 1438 4675 inimicum.
1478 4620 1594 4675 Non
1636 4621 1980 4690 desperemus

407 4713 612 4775 facere,
653 4709 837 4775 frater,
887 4723 1070 4763 veram
1097 4711 1388 4765 Salvatoris
1429 4713 1596 4765 nostri
1641 4715 1979 4779 sententiam,

408 4821 510 4876 qua
541 4819 599 4859 se
629 4817 799 4872 usque
824 4801 889 4856 ad
922 4804 1081 4856 finem
1113 4804 1291 4856 saeculi
1318 4804 1569 4858 Ecclesiae
1616 4820 1726 4857 suae
1758 4819 1860 4857 non
1891 4805 1982 4859 de-

410 4898 646 4953 futurum
688 4911 808 4951 esse
855 4894 1120 4966 pollicitus
1147 4902 1228 4948 est
1271 4895 1286 4963 (
1314 4893 1498 4946 Matth.
1531 4910 1696 4948 xxvm
1722 4896 1765 4967 ),
1796 4910 1891 4950 nec
1918 4897 1984 4950 ab

410 4990 564 5048 inferi
596 4990 762 5060 portis
792 5004 908 5046 eam
941 4988 1076 5044 dixit
1096 5002 1215 5043 esse
1241 4987 1827 5057 superandam(Matth.
1851 4990 1984 5060 xvi),

412 5092 466 5138 et
489 5097 607 5153 quae
633 5084 808 5138 omnia
845 5098 940 5154 per
965 5081 1274 5152 apostolicze
1305 5083 1436 5137 scita
1466 5083 1724 5138 doctrina:
1755 5085 1984 5152 ligarcn-

415 5187 498 5231 tur
540 5179 590 5230 in
636 5177 795 5231 terris
821 5216 836 5241 ,
881 5190 979 5231 nec
1009 5176 1062 5230 in
1099 5177 1408 5231 caelestibus
1439 5176 1757 5231 memoravit
1785 5177 1986 5232 absolvi

417 5265 644 5337 (Matth.
677 5282 787 5331 χιιι,
824 5267 887 5322 18
910 5273 953 5336 ).
981 5268 1161 5339 Neque
1192 5279 1453 5338 putemus,
1493 5269 1632 5338 quod
1664 5270 1986 5339 quibuslibet

415 5358 486 5414 sit
531 5358 726 5414 vallata
772 5359 1061 5428 periculis,
1105 5376 1333 5430 unquam
1386 5361 1593 5430 pondus
1641 5362 1835 5431 vigoris
1877 5364 1979 5428 sui,

494 5568 509 5599 ’
535 5567 696 5623 Forte
717 5565 957 5619 adversis.
986 5563 1245 5617 "unum.

495 5636 517 5672 '
539 5640 634 5694 Hic
663 5639 813 5692 locus
841 5635 1033 5690 citatur
1055 5636 1107 5706 in
1129 5636 1291 5706 epist.
1310 5634 1532 5690 Victoris
1552 5635 1998 5706 Carthaginensis

423 5707 482 5782 in
506 5708 702 5768 concil.
731 5707 981 5764 Lateran.
1019 5705 1122 5763 sub
1150 5705 1372 5761 Martiae
1413 5720 1547 5778 papa
1595 5708 1647 5762 in
1681 5705 1824 5765 secr.
1867 5708 1925 5762 2.
1952 5707 2000 5765 Δ

2007 4492 2060 4553 Ι)

2053 491 2180 546 salis
2211 491 2418 545 amittat
2449 491 2703 547 Ecclesia:
2747 509 2760 544 :
2803 507 2922 560 quas
2962 501 3159 561 quanto
3189 493 3356 562 magis
3385 501 3537 548 cavet
3564 507 3634 548 ne

2055 583 2241 639 mundi
2276 584 2719 652 prosperitatibus
2752 584 3080 652 intepescat,
3127 591 3272 636 tanto
3301 597 3407 637 non
3438 582 3636 653 frangi-

2055 687 2160 742 tur,
2193 677 2285 733 sed
2316 678 2488 746 potius
2514 677 2723 732 erudita
2753 675 3010 730 divinitus
3033 717 3046 739 ,
3097 674 3289 730 crescit
3316 677 3330 705 ¹
3354 674 3631 730 adversus.

2128 769 2280 824 Unde
2313 768 2441 839 [ubi]
2475 768 2902 837 perspiciendum
2934 777 3014 822 est
3042 782 3109 822 ne
3140 783 3279 834 eam,
3331 780 3448 836 quae
3477 767 3635 822 nullis

2056 873 2233 934 potest
2262 862 2415 917 obrui
2446 863 2676 916 motibus
2721 860 2978 933 [molibus]
3012 860 3384 929 procellarum,
3418 859 3639 929 quicun-

2057 971 2161 1026 que
2206 971 2321 1010 eam
2365 956 2710 1023 submergere
2759 953 2945 1006 nititur
2995 953 3045 1004 in
3094 953 3212 1020 ipso
3241 953 3420 1006 saeculi
3453 953 3640 1020 pelago

2059 1047 2363 1102 fluctuantis
2391 1087 2404 1110 ,
2453 1047 2566 1114 ipse
2618 1045 2794 1114 potius
2821 1060 2849 1097 a
2879 1043 3268 1112 gubernatione
3311 1042 3532 1096 salutari
3587 1043 3639 1096 in

2058 1138 2319 1209 profunda
2351 1138 2611 1205 dejeetus,
2644 1136 2730 1189 illa
2761 1135 3100 1204 prmvalente,
3136 1143 3426 1202 mergatur.

2131 1231 2305 1298 Atque
2335 1228 2472 1292 ideo,
2499 1243 2617 1281 cum
2651 1226 2721 1279 ita
2747 1227 2836 1290 sit,
2863 1239 3076 1289 moneo,
3103 1224 3288 1279 hortor
3333 1234 3384 1279 et
3416 1226 3637 1295 suadeo,

2060 1329 2118 1375 ut
2157 1335 2276 1388 quae
2320 1318 2605 1372 commissa
2636 1325 2757 1370 sunt
2784 1316 3040 1385 corrigas,
3079 1324 3134 1368 et
3159 1316 3502 1385 sequentibus
3533 1315 3642 1371 istu-

2060 1411 2163 1466 diis
2193 1410 2258 1464 de
2284 1420 2332 1463 te
2355 1410 2516 1462 facias
2541 1409 2762 1462 meliora
2794 1407 2979 1460 sentiri
3017 1412 3031 1456 ':
3071 1409 3088 1436 ²
3116 1406 3393 1476 Negtigere
3421 1409 3642 1476 quippe,

2060 1520 2176 1557 cum
2204 1504 2368 1573 passis
2410 1501 2678 1555 deturbare
2707 1515 2966 1568 perversos
2987 1535 3002 1560 ,
3046 1498 3172 1550 nihil
3203 1508 3277 1550 est
3322 1499 3464 1551 aliud
3493 1514 3644 1566 quam

2061 1600 2245 1668 fovere.
2284 1596 2408 1651 Non
2452 1595 2635 1666 [Nec]
2673 1604 2805 1648 caret
2836 1594 3079 1662 scrupulo
3115 1595 3366 1647 societatis
3411 1596 3641 1662 occultte,

2059 1694 2146 1762 qui
2173 1693 2421 1746 evidenter
2451 1692 2704 1763 [evidenti
2733 1690 2748 1761 ]
2781 1692 2998 1760 facinori
3027 1691 3212 1744 desinit
3242 1691 3459 1746 obviare.
3494 1691 3645 1746 Unde

2064 1785 2110 1839 si
2160 1792 2342 1837 contra
2395 1783 2584 1852 synodi
2633 1782 2870 1836 instituta
2920 1781 3373 1836 Chalcedonensis
3425 1782 3647 1836 tendere

2063 1876 2274 1930 hostilia
2305 1873 2466 1928 corda
2499 1874 2780 1942 perspicis,
2805 1873 3036 1942 quiescis
3064 1891 3074 1924 :
3102 1871 3232 1926 mihi
3263 1871 3443 1937 crede,
3470 1873 3647 1927 nescio

2063 1967 2508 2039 quemadmodum
2543 1976 2595 2020 te
2628 1967 2882 2021 Ecclesia:
2912 1967 3070 2020 totius
3102 1969 3298 2020 asseris
3338 1981 3458 2021 esse
3489 1965 3649 2035 parti~

2064 2063 2257 2129 cipem.
2291 2060 2370 2113 Ad
2404 2069 2452 2112 te
2479 2059 2664 2112 oculos
2693 2068 2946 2127 praeterea
2980 2075 3083 2112 non
3125 2059 3360 2122 reducis,
3388 2059 3511 2128 quia
3545 2075 3649 2112 non

2066 2155 2240 2209 solum
2292 2153 2345 2206 in
2395 2152 2494 2205 hac
2539 2166 2697 2206 causa
2730 2151 2987 2205 adversus
3033 2166 3245 2206 omnem
3275 2151 3527 2205 catholici
3556 2151 3650 2204 do-

2066 2244 2258 2313 gmatis
2287 2242 2536 2297 tendatur
2569 2242 2846 2305 unitatem,
2880 2241 2974 2296 sed
3004 2242 3163 2296 etiam
3195 2242 3402 2296 cunctis
3431 2240 3652 2295 hazresi-

2066 2338 2166 2392 bus
2191 2379 2206 2404 ,
2240 2351 2360 2406 qua:
2406 2336 2488 2389 vel
2520 2351 2578 2389 se
2608 2335 2762 2390 nobis
2811 2318 3002 2391 melius
3047 2336 3248 2390 sentire
3293 2335 3650 2406 praetendunt,

2068 2429 2374 2500 resumendi
2409 2429 2548 2482 vires
2573 2467 2587 2490 ,
2623 2429 2782 2497 atque
2814 2427 2954 2482 inter
2997 2442 3123 2481 usus
3173 2428 3428 2497 pristinos
3476 2441 3653 2482 resur-

2067 2521 2224 2590 gendi
2250 2560 2265 2586 ,
2321 2521 2456 2572 latus
2501 2533 2722 2588 campus
2770 2519 3026 2587 aperitur,
3060 2518 3105 2572 si
3137 2517 3301 2571 semel
3331 2517 3472 2587 quod
3501 2532 3530 2571 a
3561 2532 3654 2571 no-

2069 2611 2193 2665 stris
2248 2609 2542 2676 majoribus
2581 2621 2662 2664 est
2708 2610 3007 2677 depositum
3034 2649 3049 2674 ,
3099 2608 3336 2677 qualibet
3376 2609 3654 2663 occasione

2071 2704 2331 2774 pulsetur.

2144 2794 2292 2850 Unde
2322 2795 2513 2849 iterum
2546 2803 2705 2864 atque
2745 2795 2935 2848 iterum
2966 2801 3343 2861 proteslamur,
3389 2807 3456 2847 ne
3483 2792 3536 2845 in
3560 2788 3655 2846 'ab-

2071 2898 2285 2956 ruptum
2320 2887 2481 2940 totius
2513 2886 2765 2940 Ecclesiae
2807 2893 3003 2938 statuta
3035 2899 3130 2952 per
3157 2883 3432 2937 audaciam
3471 2892 3655 2936 contra

2071 2980 2332 3049 synodum
2387 2978 2700 3032 catholicam
2748 2977 3026 3044 insurgere
3069 2975 3405 3029 molientium
3453 2963 3654 3028 sinatur

2075 3071 2288 3126 abduci.
2324 3071 2378 3126 In
2403 3084 2507 3140 quo
2537 3069 2747 3139 quidem
2779 3069 3070 3140 certamine
3103 3070 3312 3122 firmum
3346 3066 3656 3121 fundamen-

2077 3175 2188 3222 tum
2221 3168 2357 3220 Deus
2386 3137 2624 3229 statuet,
2670 3137 2820 3217 sicut
2851 3161 2918 3216 de
2958 3176 3024 3216 eo
3073 3161 3227 3215 nobis
3258 3161 3381 3214 licet
3408 3174 3653 3228 sperare;

2078 3266 2132 3313 et
2176 3258 2308 3310 norit
2337 3256 2583 3308 Dominus
2604 3254 2689 3322 qui
2720 3262 2836 3306 sunt
2876 3255 2985 3322 ejus
3018 3249 3102 3322 (II
3143 3250 3278 3305 Tim.
3308 3265 3374 3317 tt,
3407 3249 3519 3318 19).
3550 3248 3656 3300 Ve-

2078 3358 2400 3410 rumtamen,
2431 3346 2576 3398 salvo
2612 3359 2698 3409 eo,
2732 3342 2872 3412 quod
2905 3344 2957 3395 in
2990 3341 3076 3395 die
3103 3341 3288 3409 judicii
3318 3340 3475 3394 talem
3504 3354 3532 3392 a
3566 3353 3656 3392 no-

2079 3441 2159 3496 bis
2190 3439 2481 3494 Ecclesiam
2509 3482 2522 3505 ,
2557 3447 2765 3491 certum
2816 3445 2921 3501 est,
2953 3435 3161 3504 qualem
3191 3448 3218 3486 a
3253 3433 3491 3502 patribus
3521 3433 3659 3485 acci-

2080 3533 2254 3601 pimus
2282 3575 2295 3597 ,
2352 3528 2695 3598 exigendam;
2736 3528 2898 3580 etiam
2956 3528 3007 3579 in
3058 3525 3158 3578 hac
3197 3525 3302 3578 vita
3350 3539 3409 3578 se
3446 3523 3510 3576 ad
3539 3538 3656 3576 eam

2081 3637 2182 3676 non
2212 3623 2480 3690 pertinere
2510 3627 2817 3685 cognoscat,
2851 3618 2940 3685 qui
2985 3630 3090 3668 non
3139 3615 3310 3668 solum
3343 3612 3658 3683 plenitudini

2080 3715 2196 3780 ejus
2226 3713 2380 3764 noxia
2429 3718 2648 3762 conatur
2690 3708 2921 3768 inferre,
2969 3705 3060 3758 sed
3101 3705 3259 3758 etiam
3305 3705 3394 3773 qui
3435 3720 3496 3759 ea
3541 3719 3660 3774 quae

2081 3803 2254 3858 eidem
2283 3799 2626 3867 congruentia
2659 3806 2784 3850 sunt
2823 3795 3123 3848 dissimulat
3156 3794 3462 3863 providere.
3510 3794 3663 3848 Absit

2081 3906 2139 3950 ut
2173 3895 2239 3949 de
2272 3905 2357 3949 tua
2387 3893 2676 3946 dilectione
2718 3892 2897 3944 taliter
2926 3904 3022 3942 nos
3053 3888 3334 3942 credamus
3359 3928 3372 3950 ,
3406 3902 3564 3957 quem
3610 3897 3662 3942 et

2079 3985 2277 4039 dudum
2307 3998 2401 4052 pro
2429 3981 2691 4036 catholica
2722 3980 2826 4034 fide
2852 3978 3078 4032 viriliter
3107 3977 3327 4032 stetisse
3358 3977 3659 4032 reminisci-

2080 4093 2219 4143 mur,
2267 4085 2322 4130 ει
2351 4091 2379 4128 a
2427 4074 2588 4127 totius
2629 4072 2878 4126 Ecclesiae
2924 4083 3153 4138 corpore
3182 4069 3428 4124 nolumus
3465 4068 3664 4124 discre-

2081 4186 2231 4242 pare.
2262 4170 2598 4237 Quapropter
2626 4165 2908 4220 instantius
2931 4163 3042 4232 (qui
3076 4171 3127 4218 te
3156 4163 3369 4218 sincero
3393 4162 3664 4246 diligimus

2084 4263 2322 4318 caritatis
2376 4259 2613 4326 intuitu)
2642 4258 2832 4311 crebro
2866 4255 3111 4326 repetitis
3159 4255 3554 4310 hortationibus
3586 4256 3666 4310 in-

2085 4353 2329 4418 citamus,
2380 4362 2438 4405 ut
2480 4351 2594 4418 ipse
2642 4350 2872 4402 vicissim
2905 4363 2966 4402 ea
3018 4355 3138 4416 post
3174 4346 3289 4402 htec
3318 4348 3518 4402 devites
3547 4363 3666 4418 quae

2089 4453 2140 4500 te
2169 4445 2235 4496 ali
2264 4443 2405 4497 omni
2438 4442 2596 4495 dumo
2624 4439 2822 4494 Christi
2852 4439 3138 4494 ostendant
3163 4452 3283 4494 esse
3307 4439 3663 4509 disjunctum;

2087 4551 2187 4592 nec
2232 4537 2398 4605 magis
2450 4533 2542 4587 illa
2591 4531 2812 4586 secteris
2857 4547 2974 4600 quae
3023 4530 3090 4583 ab
3140 4529 3327 4584 eadem
3381 4541 3430 4583 te
3473 4530 3669 4584 faciant

2088 4644 2207 4685 esse
2232 4629 2480 4683 divisum.
2511 4625 2670 4680 Multa
2706 4639 2830 4679 vero
2861 4624 3003 4692 (quia
3035 4638 3142 4676 non
3169 4637 3306 4690 opus
3332 4621 3431 4676 fuit
3475 4621 3670 4676 litteris

2089 4723 2340 4777 universa
2372 4717 2686 4784 congerere)
2717 4706 2947 4784 quaeque'
2972 4713 3174 4767 utilitas
3213 4713 3407 4782 negotii
3438 4727 3670 4780 praesen-

2091 4818 2157 4869 tis
2180 4817 2461 4883 efﬂagitat,
2490 4809 2737 4863 fratribus
2761 4816 2812 4860 et
2836 4807 3166 4876 coepiscOpis
3191 4807 3499 4875 apostolicae
3527 4805 3672 4862 sedis

2077 4909 2356 4984 .legatione
2410 4902 2770 4972 fungentibus,
2813 4901 2892 4954 vel
2923 4914 3042 4954 cum
3087 4899 3304 4954 domino
3344 4898 3456 4952 filio
3489 4907 3673 4952 noser

2099 4996 2518 5054 clementissimo
2551 4993 2823 5063 principe,
2854 4991 2937 5047 vel
2970 5006 3091 5046 cum
3120 5000 3210 5046 tua
3253 4989 3535 5044 dilectione
3563 4988 3672 5042 col-

2095 5088 2358 5158 loquenda
2408 5084 2775 5140 mandavimus
2803 5101 2814 5139 :
2841 5082 2978 5152 quod
3021 5096 3230 5150 mquum
3262 5087 3343 5133 est
3371 5086 3423 5131 et
3449 5091 3547 5147 pro
3585 5090 3673 5130 ca-

2097 5180 2303 5233 tholicm
2335 5176 2455 5230 fidei
2485 5174 2857 5229 observatione
2900 5180 3145 5241 prompta
3170 5177 3347 5224 mente
3377 5166 3671 5236 suscipere,

2094 5282 2147 5328 et
2168 5286 2263 5339 pro
2284 5279 2389 5323 tua:
2419 5266 2784 5322 aestimationis
2814 5265 3005 5320 intuitu
3028 5259 3383 5316 necessariam
3414 5257 3553 5328 apud
3582 5271 3676 5312 au-

2093 5374 2261 5436 gustae
2288 5362 2481 5417 mentis
2506 5358 2930 5414 benevolentiam
2956 5353 3389 5424 suggestionibus
3410 5351 3670 5419 adjuvari.

2100 5565 2354 5691 ﬁratiano
2403 5577 2522 5628 xm,
2575 5576 2628 5631 q.
2678 5561 2751 5623 l,
2799 5558 3048 5614 tribuitur
3095 5553 3377 5612 Anastasio
3423 5550 3463 5605 ll
3497 5564 3669 5621 papae.

2152 5649 2363 5690 annum.

2152 5649 2363 5690 ABDUIN.
