4096 6342
328 356 425 417 901

298 475 468 543 facito
507 476 705 537 scrinia
730 474 1023 542 recenseri,
1052 480 1106 528 et

303 562 578 648 vestigari,
612 587 731 645 qua:
775 570 841 625 ad
880 568 1091 640 apicem
1129 575 1353 620 summae
1391 553 1700 629 regrediens
1744 553 1891 619 potem

303 639 475 730 statis
489 639 571 723 ‘ad‘
596 639 936 729 decessorem
972 673 1151 717 meum
1183 656 1352 727 pietas
1380 659 1469 707 tua
1499 662 1596 721 pro
1623 639 1892 703 communi

302 760 664 837 gratulatione
696 754 893 814 direxit
924 772 935 805 :
969 752 1051 807 his
1087 764 1206 805 cum
1250 758 1463 815 semper
1504 752 1694 810 magna
1738 730 1895 788 laude

306 825 684 927 prosequeris,
728 844 870 919 quod
909 833 1215 926 haereticam
1259 834 1594 910 tyrannidem
1639 825 1895 900 pradica-

308 945 469 1004 tionis
499 941 777 1001 catholicae
810 940 993 1011 vigore
1032 916 1371 1000 contriveris,
1404 941 1507 998 qua
1537 925 1716 994 utique
1744 918 1897 974 istius

306 1039 546 1096 veritatis
573 1032 952 1107 praedicatione
981 1028 1111 1084 nihil
1134 1024 1277 1081 aliud
1298 1036 1456 1095 quam
1479 1019 1545 1073 de
1565 1011 1897 1084 Eutychiano

307 1136 522 1195 labores
545 1148 732 1189 errore
762 1141 982 1201 prorsus
1009 1123 1292 1189 abolendo,
1326 1120 1548 1190 ejusque
1576 1108 1897 1181 sequacibus

306 1225 676 1286 excludendis.
722 1223 850 1279 Haec
880 1234 978 1299 pro
1008 1215 1200 1290 synodi
1222 1205 1677 1269 Chalcedonensis
1708 1201 1900 1257 deﬁni-

309 1318 458 1376 tione
501 1315 786 1379 servanda,
818 1292 1229 1378 reducendoque
1270 1310 1469 1361 sanctae
1509 1296 1783 1354 memoriae
1813 1292 1901 1347 Ti-

307 1410 529 1473 motheo
570 1416 732 1464 rectae
767 1403 889 1461 ﬁdei
934 1400 1235 1466 sacerdote,
1270 1404 1379 1453 tota
1409 1408 1504 1449 sua
1540 1397 1718 1446 textus
1761 1384 1902 1441 serie

304 1506 396 1579 pie
424 1506 601 1565 locuta
629 1510 730 1559 est.
764 1501 889 1563 llzec
914 1505 1062 1555 certe
1100 1504 1191 1551 tua
1220 1487 1574 1548 mansuetudo
1618 1479 1898 1555 cognovit:

308 1613 411 1656 nec
450 1612 537 1653 res
572 1593 873 1665 incognitas
903 1598 990 1646 tua
1030 1585 1315 1644 clementia
1346 1580 1588 1652 proferre
1618 1573 1901 1647 potuisset,

308 1704 360 1755 et
404 1691 577 1762 palam
611 1695 903 1758 aperteque
942 1681 1205 1755 professa,
1240 1677 1383 1750 quod
1428 1674 1647 1732 laudum
1686 1681 1904 1728 tuarum

308 1783 691 1843 testiﬁcatione
724 1776 971 1835 ﬁrmasti.

384 1872 745 1945 Requirantur
769 1870 857 1925 illa
888 1882 1122 1941 quoque,

311 1966 659 2028 Timotheum
708 1960 1072 2020 orthodoxam
1120 1953 1541 2013 Alexandrinum
1588 1950 1901 2021 episcopum

308 2059 619 2121 serenitatis
662 2067 766 2115 tua:
806 2054 1012 2127 paginae
1053 2058 1179 2123 sunt
1223 2049 1439 2112 locutae,
1469 2053 1632 2114 atque
1670 2055 1733 2097 ex
1775 2039 1904 2109 ipsis

310 2154 523 2213 actibus
573 2154 814 2215 intuere,
859 2149 961 2203 nisi
997 2146 1159 2202 Petro
1205 2159 1270 2199 ex
1319 2156 1381 2197 ea
1429 2144 1724 2195 memorata
1776 2133 1907 2188 urbe

312 2249 549 2315 recluso,
578 2245 670 2316 qui
717 2244 767 2299 ei
813 2241 1067 2298 Ecclesiae.
1120 2247 1245 2293 tunc
1297 2230 1556 2302 temporis
1596 2225 1903 2293 incubabat,

310 2338 680 2411 supradictum
709 2333 1049 2391 Timotheum
1091 2344 1200 2384 non
1231 2326 1395 2381 fuisse
1434 2330 1765 2379 revocatum.
1806 2317 1909 2370 Vos

316 2433 389 2491 ad
414 2430 664 2503 eumdem
694 2425 1013 2501 venerandae
1043 2416 1438 2478 recordationis
1468 2413 1772 2485 pontiﬁcem
1798 2408 1909 2479 jam

242 2560 245 2561 ν
318 2519 600 2584 reductum
646 2534 832 2578 sacras
874 2507 1210 2575 venerabiles
1254 2519 1380 2565 mox
1426 2505 1670 2570 dedistis,
1720 2501 1913 2572 quibus

320 2619 474 2685 ﬁdeli
512 2627 730 2688 pectore
774 2592 1174 2686 gloriabamini,
1225 2602 1363 2676 quod
1410 2607 1607 2655 sancta:
1657 2591 1913 2650 Ecclesia:

240 2772 249 2779 ,
575 2685 806 2764 civitatis
839 2699 1224 2760 Alexandrina:
1263 2692 1557 2767 providens
1599 2685 1915 2743 orthodoxa

314 2803 471 2868 ﬁdei,
503 2798 761 2857 Dominus
797 2803 983 2851 noster
1025 2808 1089 2847 ac
1119 2790 1367 2847 Salvator
1398 2798 1583 2842 verum
1623 2776 1917 2836 restituerit

312 2894 683 2955 iaaoerdotem.
733 2891 833 2947 Ubi
869 2888 1208 2944 manifestum
1257 2892 1361 2950 est,
1410 2879 1535 2951 quia
1567 2890 1689 2932 cum
1731 2885 1918 2928 verum

322 2989 526 3055 dicitis,
550 2988 697 3047 illum
726 2985 892 3041 fuisse
921 2982 1114 3039 falsum
1144 2978 1233 3049 qui
1260 2976 1447 3048 pulsus
1475 2982 1576 3036 est,
1604 2964 1916 3029 ostenditis;

320 3091 529 3141 etcum
583 3082 638 3135 in
692 3076 999 3135 venerando
1054 3070 1339 3129 Timotheo
1405 3064 1706 3123 orthodoxo
1759 3059 1919 3115 ﬁdem

314 3174 611 3231 dominum
630 3170 902 3227 testatnini
925 3166 1225 3228 reduxisse,
1253 3172 1562 3231 perversam
1594 3157 1646 3210 in
1673 3152 1923 3209 omnibus

1516 332 1872 399 artsrom
1916 326 2001 388 er
2045 310 2383 385 otaanm.

1139 469 1336 540 scripta
1370 464 1459 521 illa
1486 462 1775 533 diligenter
1806 454 1888 509 in-
1913 454 1965 513 A
1992 446 2424 537 communionem
2474 438 2722 496 catholici
2762 434 3029 492 Timothei
3079 426 3371 487 mandastis
3415 428 3584 500 recipi

3480 304 3584 367 902

1996 528 2126 613 (non
2176 541 2334 596 etiam
2390 535 2455 591 ad
2512 534 2650 591 male
2695 527 3005 603 prmsumpti
3060 525 3279 598 gradus
3311 520 3584 595 privilegia

1996 632 2359 692 decreveratis
2381 625 2635 699 admitti),
2659 629 3055 694 consequenter
3079 618 3338 674 addentes
3362 606 3587 670 caeteros

1997 727 2265 785 deteriora
2316 722 2618 789 subituros,
2669 717 2717 772 si
2760 716 2958 787 eligere
3001 712 3223 768 meliora
3266 708 3582 765 noluissent.

2003 822 2108 877 Vos
2151 816 2434 888 cujuslibet
2470 820 2585 883 post
2630 809 2728 864 has
2767 808 2942 863 varias
2980 802 3361 861 satisfactionis
3397 815 3587 857 causas

1999 912 2204 972 eunetis
2248 910 2458 981 penitus
2496 902 2812 969 abstulistis,
2852 901 3045 973 quibus
3086 900 3231 971 ipsos
3272 897 3340 953 ab
3369 896 3588 952 unitatis

1999 1007 2270 1065 consortio
2301 1001 2637 1059 discedentes
2657 1042 2671 1066 ,
2716 996 3061 1057 recensuistis
3092 994 3279 1049 tulisse
3302 991 3584 1061 judicium.

2000 1101 2111 1158 Vos
2140 1100 2207 1156 de
2245 1098 2413 1169 ipsius
2444 1108 2667 1166 persona
2706 1090 2845 1146 Petri
2888 1088 3177 1159 quidquam
3208 1086 3386 1142 denuo
3426 1083 3589 1139 delri-

2001 1193 2180 1258 candi,
2204 1190 2433 1261 sapienti
2456 1185 2884 1243 consideratione
2908 1180 3145 1236 tacuislis
3175 1196 3187 1233 :
3214 1176 3409 1249 quippe
3430 1192 3590 1248 quem

2006 1284 2261 1358 Ecclesia:
2316 1295 2440 1336 arce
2484 1279 2792 1349 dejectum,
2852 1271 3009 1328 simul
3066 1268 3274 1339 pervasi
3334 1266 3590 1338 pontiﬁcii

2006 1376 2263 1433 videretis
2320 1364 2525 1429 htinore
2577 1369 2867 1431 nudatum;
2918 1378 3041 1427 ,nec
3100 1362 3208 1417 ullo
3260 1361 3421 1416 modo
3473 1358 3591 1415 ﬁeri

2008 1484 2196 1541 posse,
2241 1476 2298 1523 ut
2347 1478 2576 1535 unquam
2620 1461 2702 1515 vel
2756 1455 3071 1517 orthodoxis
3114 1452 3459 1524 praesideret,
3500 1450 3591 1522 qui

2006 1571 2098 1618 aut
2124 1576 2153 1614 a
2193 1559 2371 1623 nullis,
2414 1565 2505 1611 aut
2547 1555 2613 1607 ab
2643 1549 2911 1606 hzcreticis
2956 1548 3130 1602 fuerat
3169 1546 3464 1611 institutus,
3505 1543 3593 1599 vel

2006 1654 2239 1712 recidiva
2280 1653 2435 1706 toties
2473 1647 2773 1705 temeritate
2802 1644 3068 1698 violentus
3098 1639 3238 1696 ovile
3266 1638 3591 1707 dominicum

2009 1745 2267 1802 subdolus
2297 1754 2350 1797 et
2382 1740 2673 1803 invidiosus
2705 1738 2946 1791 intraret.
3603 1744 3605 1752 λ

1154 1878 1274 1937 quae
1300 1861 1367 1920 ad
1396 1865 1596 1917 sanctae
1625 1853 1904 1914 memoria:
1932 1840 1982 1904 B
2081 1844 2254 1910 Atque
2296 1837 2414 1893 ideo
2459 1833 2600 1906 quod
2641 1829 2973 1901 corrigendis
3017 1826 3133 1896 ejus
3182 1822 3594 1897 praetendebatis

2006 1931 2359 1992 sectatoribus
2407 1925 2771 1997 irrogandum,
2820 1922 2941 1976 huic
2985 1920 3097 1990 jam
3147 1919 3295 1990 quasi
3342 1918 3594 1988 magistro

2008 2028 2228 2086 sceleris
2258 2022 2646 2079 rationabiliter
2674 2016 3020 2089 dnputabatis
3049 2014 3306 2069 inllicturn
3341 2029 3354 2065 :
3389 2021 3446 2066 ut
3475 2008 3594 2083 qui-

2009 2122 2107 2176 bus
2130 2120 2324 2173 fratres
2345 2121 2606 2170 merserat
2630 2112 2693 2165 ad
2722 2111 2950 2177 ruinam,
2983 2108 3133 2162 ﬁeret
3162 2106 3274 2175 ipse
3297 2102 3597 2159 metuenda:

2008 2211 2369 2270 damnationis
2406 2204 2711 2274 exemplum
2746 2220 2758 2256 :
2804 2200 3051 2272 quodque
3090 2198 3224 2254 adeo
3270 2210 3456 2252 verum
3491 2204 3596 2261 est,

2012 2314 2068 2361 ut
2094 2310 2401 2373 superstare
2430 2294 2736 2354 venerando
2761 2292 3048 2349 Timotheo
3076 2290 3340 2360 legionem
3370 2288 3599 2344 sollicite

2008 2396 2315 2471 iusseritis,
2369 2384 2643 2447 si'eidem
2698 2385 3004 2441 humanitus
3058 2381 3258 2452 aliquid
3289 2380 3597 2447 evenisset.

2017 2490 2122 2547 Vos
2155 2503 2258 2543 non
2290 2484 2393 2540 nisi
2423 2483 2492 2537 de
2517 2479 2905 2536 catholicorum
2937 2475 3168 2545 collegio
3198 2473 3519 2529 clericorum
3550 2479 3603 2527 ct

2014 2596 2045 2639 a
2070 2578 2346 2642 catholicis
2385 2580 2758 2631 consecratum
2801 2569 3040 2625 subiistis
3074 2567 3260 2623 videre
3299 2568 3602 2636 pastorem:

2017 2672 2141 2747 quia
2170 2670 2367 2739 ubique
2394 2666 2542 2722 nullo
2575 2665 2676 2719 ritu
2707 2662 2810 2719 sub
2838 2670 3031 2717 vestrae
3062 2659 3371 2715 serenitatis
3401 2657 3605 2715 obtuti-

2020 2766 2118 2822 bus
2166 2763 2384 2818 haeresis
2433 2760 2547 2829 ipse
2597 2757 2896 2826 praecipuus
2926 2748 3297 2824 Eutychiante‘
3325 2748 3608 2809 dementia:

2020 2858 2193 2930 potuit
2232 2870 2351 2911 esse
2390 2853 2477 2909 vel
2520 2851 2624 2906 dici
2664 2847 2951 2905 orthodoxi
2998 2859 3285 2903 successor
3332 2834 3607 2899 antistitis.

2022 2950 2140 3019 Quo
2184 2945 2339 3018 igitur
2377 2944 2555 2998 animo
2598 2940 2821 2998 bestiam
2871 2952 3033 3011 quam
3072 2952 3101 2991 a
3128 2937 3380 3008 gregibus
3408 2934 3610 3005 Christi

2022 3043 2251 3100 duxistis
2281 3037 2595 3110 abigendam
2626 3036 2683 3090 in
2731 3048 2916 3089 eorum
2944 3032 3124 3088 denuo
3151 3030 3391 3101 patimini
3423 3018 3611 3101 saevire

2027 3133 2360 3213 perniciem?
2413 3131 2574 3186 Certe
2615 3127 2819 3198 legibus
2850 3139 2984 3204 quas
3017 3123 3282 3197 universis
3317 3120 3610 3192 imponitis,

327 3265 388 3335 in
432 3265 595 3319 Petro
647 3260 938 3330 perhibetis
987 3256 1252 3335 refutasse
1302 3251 1605 3307 doctrinam
1634 3289 1648 3313 ,
1702 3260 1809 3299 non
1858 3211 1999 3299 ohc
2029 3229 2197 3300 ωθεῑδ
2216 3226 2377 3282 “illis
2398 3222 2715 3292 νὶηθίίιυθηι
2740 3218 3078 3288 βΐοωυὶὲθτθ
3097 3215 3616 3285 εοιιιτδτῑ³;ίιυειιιο

2097 3324 2128 3335 --
2250 3319 2270 3335 ι·
2315 3318 2400 3335 με.
2490 3314 2802 3335 ΞμιΑ-»-,.....ι-
2855 3308 3143 3335 ..-ηηῖειΑ-ηι
3193 3322 3310 3335 num
3358 3305 3471 3335 ΙιΛιρῖ
3523 3317 3616 3335 nun

320 3356 502 3421 aliud.
528 3354 634 3409 nisi
672 3352 798 3422 quia
835 3360 891 3407 et
929 3350 1017 3404 ille
1056 3347 1147 3417 qui
1185 3334 1517 3417 orthodoxus
1557 3340 1928 3412 pronuntiatur

335 3460 393 3509 et
451 3413 632 3513 verus,
682 3413 1107 3500 Chalcedonensi
1157 3413 1366 3511 synodo
1430 3436 1592 3506 (sicut
1638 3434 1755 3503 ejus
1805 3413 1944 3485 tunc

332 3543 506 3605 missa
560 3546 708 3603 tenet-
772 3532 1060 3607 prolessio)
1110 3528 1519 3592 consentiebat;
1582 3534 1634 3582 et
1689 3525 1791 3580 iste
1840 3521 1930 3592 qui

335 3636 508 3693 falsus
558 3642 618 3703 ,οι
677 3643 963 3709 perversos
1012 3625 1256 3697 ejiCitur,
1312 3622 1381 3679 ab
1434 3620 1674 3691 ejusdem
1744 3615 1932 3687 synodi

332 3728 556 3785 incute
595 3723 960 3791 discrepabat.

410 3818 657 3887 {latique
689 3821 917 3873 Cunctos
956 3811 1238 3880 episcopos
1270 3804 1510 3877 Egypti,
1554 3798 1940 3868 universosque

339 3914 524 3971 cteros
546 3910 713 3984 {forte
741 3901 977 3974 clericos]
1021 3900 1362 3971 increpastis,
1396 3896 1591 3951 vestris
1617 3890 1943 3977 generaliter

341 3969 586 4076 apicibus
616 3969 1034 4064 sancientem—ut
1063 3969 1339 4059 nisi—intra,
1364 3989 1499 4045 duos
1530 3999 1743 4041 menses
1771 3969 1843 4036 :th
1861 3980 1944 4034 his

266 4086 277 4101 ³
350 4112 469 4168 qua:
508 4111 539 4150 a
585 4092 847 4164 principio
897 4096 1083 4165 contra
1132 4096 1391 4148 canones,
1442 4086 1627 4132 contra
1672 4071 1947 4130 Ecclesias

350 4162 469 4256 ﬁci,
497 4162 680 4243 contra
704 4162 1067 4239 orthodoxam.
1082 4176 1242 4233 ﬁdem
1285 4173 1674 4243 cogitaverunt,
1712 4162 1947 4221 abstine-

352 4254 493 4345 rent,
518 4288 677 4349 atque
706 4274 849 4331 beati
871 4269 1139 4327 Timothei
1168 4263 1569 4327 communione,
1599 4273 1760 4329 quam
1787 4254 1951 4325 impie

344 4374 709 4445 reliquerunt,
740 4369 919 4439 digna:
957 4363 1290 4436 panitentiae
1330 4354 1700 4414 satisfactione
1742 4365 1952 4407 remea-

348 4464 509 4532 rem;
559 4456 667 4520 non
712 4464 893 4518 solum
943 4454 1324 4529 despoliandos
1384 4446 1715 4512 honoribus,
1768 4446 1953 4501 verum

357 4559 521 4616 etiam
564 4564 619 4613 et
652 4552 1014 4609 Alexandrina
1057 4551 1191 4607 urbe
1227 4554 1282 4603 et
1323 4542 1469 4600 omni
1500 4538 1819 4611 IEgyptiaea
1871 4554 1957 4593 re-

359 4654 523 4724 gione
562 4648 827 4704 carituros
860 4652 873 4697 :
907 4646 1161 4713 injusmm
1199 4645 1341 4698 enim
1388 4642 1583 4709 videri,
1631 4642 1769 4695 sicut
1797 4616 1953 4691 Chri-

358 4744 573 4801 stianus
596 4740 889 4809 imperator
910 4736 1205 4800 affirmans,
1226 4737 1397 4806 utqui
1426 4750 1483 4789 se
1501 4736 1521 4766 ι
1544 4726 1609 4789 ad
1624 4730 1952 4794 Ecclesiam,

362 4846 488 4908 qua:
540 4824 738 4903 ubique
783 4824 1044 4885 terrarum
1091 4837 1216 4892 est,
1271 4834 1650 4897 segregarem,
1700 4822 1959 4879 haberent

365 4926 701 5001 sacerdotes,
724 4922 826 4989 aut
849 4921 1147 4977 ‘uilosacro
1182 4918 1475 4974 ministerii
1520 4919 1737 4989 nomine
1768 4931 1959 4972 cense-

365 5028 577 5078 remur.
618 5015 726 5085 Vos
767 5014 985 5087 indigne
1020 5014 1257 5070 ferentes
1304 5012 1372 5066 ab
1402 5010 1777 5066 Alexandrinis
1818 5005 1961 5063 sedi-

316 5112 319 5113 ⁷
366 5117 545 5169 tiones
565 5106 878 5176 consitatas,
903 5120 999 5164 eos
1019 5107 1108 5178 qui
1138 5112 1359 5177 propter
1374 5103 1628 5158 ordinem
1653 5098 1957 5157 clerit-alcm

371 5205 529 5262 simili
552 5202 875 5271 deceptione
911 5200 1249 5265 tenebantur,
1282 5197 1385 5251 nisi
1413 5194 1741 5251 salutaribus
1782 5192 1954 5248 moni-

364 5298 444 5354 ‘tls
469 5295 771 5359 obedirent,
800 5294 890 5348 tali
914 5302 1075 5363 poena
1105 5290 1295 5367 dignos
1326 5286 1749 5344 arbitrabamini.

346 5408 369 5443 π
432 5388 559 5449 Nos
580 5387 795 5450 Retrum
827 5385 1044 5454 speciali
1074 5380 1549 5451 notanteselogio,
1581 5377 1723 5447 quod
1781 5376 1977 5431 illicite
2043 5422 2046 5431 .

378 5498 438 5541 se
466 5482 843 5548 Alexandriam
888 5472 1473 5549 iujecissetEcclesite,
1505 5487 1698 5529 omnes
1726 5470 1816 5542 qui
1856 5480 1961 5524 tam

374 5570 448 5652 ab
470 5590 541 5659 eo
560 5589 724 5663 quam
744 5568 1004 5663 barretieo
1029 5568 1311 5625 Timotheo
1337 5569 1445 5637 jam
1469 5565 1725 5649 defuncto
1757 5565 1965 5618 fuerant

332 5678 337 5686 ‘
382 5656 647 5749 ordinati,
682 5654 728 5721 si
778 5662 914 5721 infra
963 5660 1109 5716 ﬁnita
1160 5656 1399 5730 tempora
1448 5654 1851 5728 resipiscerent,
1895 5654 1963 5708 ad

459 5850 478 5884 '
502 5849 661 5906 Forte
678 5848 744 5903 ab
756 5843 989 5903 Ecclesia
1009 5843 1095 5901 vel
1123 5842 1363 5899 adversus
1378 5839 1687 5897 Ecclesium.
1707 5803 1971 5895 ΗΑιρωιι.

2032 3324 2197 3378 satius
2246 3318 2436 3382 fuerit,
2490 3314 2807 3370 intemerata
2855 3308 3145 3381 persistere
3192 3322 3311 3377 quas
3344 3305 3474 3361 heri
3523 3317 3619 3375 pro

2032 3412 2340 3483 integritate
2370 3405 2653 3464 retinenda
2686 3404 2849 3460 totius
2881 3400 3134 3457 Ecclesia:
3166 3398 3486 3469 protulistis,
3514 3406 3621 3468 quo

2035 3508 2193 3565 ct‘tui
2225 3504 2473 3562 catholici
2505 3498 2712 3571 imperii
2736 3494 3030 3554 auctoritas
3060 3493 3375 3550 inconvulsa
3406 3506 3622 3563 penna-

2037 3611 2180 3664 neat,
2221 3610 2275 3654 et
2310 3596 2443 3653 nihil
2482 3588 2705 3650 accedat
2735 3589 2877 3662 quod
2917 3587 3126 3643 actibus
3169 3586 3308 3657 apud
3342 3585 3623 3640 Dominum

2038 3704 2232 3749 vestrm
2268 3689 2504 3743 felicitati
2536 3686 2778 3739 obsistat.
3182 3716 3183 3719 η
3320 3696 3321 3699 ‘
3450 3710 3453 3711 ν
3572 3726 3575 3731 λ

2110 3783 2300 3838 Cernis
2332 3781 2495 3845 enim,
2529 3773 2851 3832 venerabilis
2894 3772 3204 3847 imperator,
3232 3768 3359 3839 quia
3388 3777 3443 3823 ut
3468 3766 3630 3827 Chal.

2043 3877 2361 3935 ccdonensis
2402 3872 2591 3942 synodi
2641 3866 2932 3923 indubitata
2977 3863 3241 3927 defensio,
3293 3862 3631 3917 inimicorum

2048 3967 2163 4040 ejus
2191 3970 2335 4024 elisio
2369 3975 2473 4029 est,
2502 3966 2579 4020 sic
2604 3960 2840 4017 vicissim
2873 3954 3152 4013 manifesta
3183 3954 3325 4011 illius
3352 3953 3632 4022 impugna-

2052 4065 2196 4120 tione
2225 4058 2607 4128 comprobatur
2638 4054 2867 4108 hostium
2900 4046 3215 4104 venerandre
3252 4045 3421 4115 ipsius
3450 4042 3637 4113 cogni-
3670 4088 3671 4091 η

2052 4157 2212 4209 tionis
2252 4142 2623 4226 jp‘roleclionis]
2665 4143 2889 4199 erectio.
2932 4135 3250 4195 Meministis
3288 4134 3637 4206 quemadmo-

2055 4246 2181 4304 dum
2222 4244 2385 4300 verba
2430 4240 2611 4295 divina
2658 4250 2753 4291 nos
2785 4236 3069 4297 instruant,
3106 4228 3285 4299 Neque
3325 4228 3640 4301 inrdextrimt

2056 4340 2297 4413 neque'in
2319 4338 2585 4391 sinistrum
2613 4330 2821 4384 limitem
2843 4334 2990 4380 rectae
3012 4320 3357 4401 dispositionis
3381 4318 3651 4382 excedere,

2060 4404 2148 4493 sed
2186 4437 2271 4489 via
2310 4437 2394 4504 (ut
2418 4428 2675 4497 scriptum
2700 4421 2811 4491 est.)
2854 4404 3002 4490 regia
3053 4417 3321 4485 mediam
3342 4404 3645 4483 gradiendo

2065 4532 2239 4605 (Deut.
2276 4526 2425 4596 xxv),
2477 4524 2599 4585 hinc
2639 4504 2799 4588 atque
2820 4515 2945 4569 inde
2968 4506 3648 4579 Nestorii‘Eutyehetisqtte

2060 4599 2339 4691 sacrilegia
2369 4617 2724 4674 condemnata
2740 4609 3057 4671 detestans,
3094 4604 3165 4657 ita
3197 4615 3406 4670 magum
3428 4599 3650 4668 pietatis

2060 4688 2360 4792 praedicans
2403 4708 2819 4767 sacramentum,
2856 4708 2914 4752 ut
2942 4693 3321 4764 omnipotentis
3353 4690 3451 4747 Dei
3478 4688 3650 4745 Patris

2061 4778 2518 4868 consubstantiale
2552 4786 3050 4866 sempiternumque
3083 4786 3338 4859 Verbum,
3378 4784 3525 4857 ςυρά
3567 4778 3651 4839 in-

2066 4897 2430 4963 commutabili
2472 4893 2670 4949 deitate
2711 4898 2766 4943 et
2810 4886 3143 4942 ineas-natum
3182 4888 3282 4947 est,
3324 4886 3381 4934 et
3416 4878 3490 4932 ab
3530 4876 3653 4945 ipso

2068 4986 2351 5053 ineﬂabilis
2392 4982 2759 5055 conceptionis
2787 4977 3029 5053 exordio,
3060 4989 3223 5047 quam
3266 4972 3385 5051 sibi,
3409 4972 3462 5025 in
3502 4966 3653 5023 utero

2074 5088 2304 5158 Virginis
2326 5080 2518 5141 matris
2541 5050 2787 5148 potenter
2812 5052 3087 5136 instruxit}
3112 5081 3276 5136 unum
3292 5050 3656 5139 eamdemque

2073 5186 2255 5241 Iesum
2278 5176 2552 5236 Christum
2582 5170 2865 5227 Dominum
2892 5171 3350 5235 nostrum,,unum
3380 5153 3655 5235 eumdem-

2074 5293 2179 5349 que
2206 5283 2260 5331 et
2285 5272 2379 5328 Dei
2405 5278 2461 5325 et
2488 5261 2721 5321 hominis
2753 5258 2966 5321 Filium,
2997 5232 3548 5316 unum‘eumdemquc
3582 5244 3660 5297 ίη-

2076 5337 2327 5431 έῡιιῐιιδθ,
2362 5358 2589 5437 indivise
2619 5352 2786 5418 Deum
2822 5347 3205 5419 hominemque,
3228 5337 3511 5415 veraciter
3543 5346 3662 5407 per-

2080 5468 2379 5523 manentem
2421 5426 2734 5507 'iutetnerata
2764 5439 2938 5498 Patris
2983 5430 3098 5508 lege
3124 5426 3416 5509 prolatum,
3467 5426 3663 5495 injhoc

2080 5515 2280 5610 mundo
2308 5549 2471 5603 fuisse
2497 5542 2843 5613 conspicuum
2869 5528 3261 5615 [perspicuum],
3288 5523 3470 5579 divina
3496 5515 3662 5579 simul

2081 5648 2419 5713 humanaque
2465 5609 2725 5719 gessisse;
2777 5612 3070 5692 mortuum,
3117 5631 3276 5690 atque
3323 5630 3388 5673 ex
3438 5609 3661 5671 mortuis
