4096 6342
503 279 606 340 903

1795 236 2047 343 rauce
2083 267 2284 335 tum
2325 270 2387 334 in

3665 277 3793 333 904

502 403 896 467 exsurgentem,
946 396 998 452 in
1042 392 1211 452 Patris
1257 396 1477 452 dextera
1528 395 1799 461 residere;
1826 397 2080 467 Litemque
2108 393 2164 454 Α
2187 391 2363 447 ϐιεείω
2394 408 2526 445 ca’co
2560 392 2799 461 dncatunt
2833 390 3058 462 prazbens
3088 405 3202 445 cum
3231 384 3404 446 eodem
3428 399 3694 462 mergatur
3727 392 3790 444 in

503 486 629 543 inde
669 496 969 553 venturum,
1005 495 1063 541 ut
1100 495 1183 541 est
1221 486 1365 541 visus
1404 487 1480 543 ire
1525 487 1579 542 in
1619 489 1807 553 ctelos,
1856 495 2078 542 eatenus

505 580 911 648 proﬁterentur,
932 588 1192 647 quatenus
1228 577 1511 633 Librorum
1557 587 1818 635 memorat
1837 566 1846 575 ’
1866 578 2078 634 traditio

504 672 823 734 divinorum,
872 682 927 726 et
949 671 1152 728 Nicazni
1200 673 1410 728 concilii
1455 674 1643 740 forma,
1701 674 1856 727 sicuti
1905 671 2079 727 cuncti

504 770 647 816 retro
686 760 1042 831 praedicavere
1069 763 1345 832 pontiﬁces
1376 781 1390 817 :
1419 762 1496 818 sic
1535 779 1720 818 eorum
1768 772 1876 817 tam
1908 762 2084 832 Ephe-

503 853 622 906 sino
649 854 820 922 primo
846 862 1215 923 competenter
1247 855 1445 909 inserta
1475 855 1776 916 conventui,
1810 869 1914 921 quo
1941 853 2081 906 beati

504 959 654 1013 papa:
684 943 953 999 Coelestini
981 947 1309 1014 temporibus
1339 945 1648 999 Nestoriana
1682 944 1845 1011 pestis
1875 943 2081 996 exstin-

505 1043 590 1088 cta
620 1043 731 1101 est,
764 1049 921 1102 quam
951 1036 1090 1090 datis
1117 1046 1356 1105 augusta:
1387 1037 1659 1091 memoriae
1691 1035 1855 1089 Leoni
1886 1045 2085 1088 sancta:

503 1128 780 1182 memoriae
821 1128 1015 1184 Leonis
1064 1144 1214 1199 papae
1271 1131 1509 1199 epistolis
1566 1131 1792 1199 capitula
1848 1130 2082 1199 Subjecta

504 1227 766 1273 testantur
814 1237 826 1271 :
871 1220 1061 1287 quibus
1111 1220 1193 1275 vir
1239 1221 1329 1276 ille
1373 1221 1657 1276 consulens
1715 1222 1874 1276 etiam
1926 1223 2088 1275 totius

504 1307 735 1364 Orientis
759 1311 771 1340 ¹
799 1310 1084 1379 episcopis,
1108 1325 1400 1381 eorumque
1428 1328 1706 1382 responsa,
1737 1313 2090 1382 subscriptio-

505 1414 710 1469 nesque
758 1416 919 1471 super
959 1401 1146 1472 synodi
1202 1401 1652 1458 Chalcedonensis
1707 1405 2089 1473 approbatione

505 1492 838 1560 suscipiens,
890 1506 951 1546 ea
1001 1491 1302 1547 nullatenus
1350 1508 1538 1562 passus
1582 1503 1664 1549 est
1711 1494 1930 1559 mutari;
1984 1507 2090 1563 quo

508 1581 676 1650 magis
729 1580 1030 1636 Christiana
1090 1592 1271 1638 mente
1328 1584 1646 1654 perpendit,
1707 1594 1762 1640 et
1818 1586 1918 1640 hoc
1972 1599 2093 1640 esse

507 1689 714 1741 verum,
742 1675 882 1744 quod
919 1691 1038 1730 cum
1066 1675 1259 1730 divinis
1289 1677 1672 1732 assertionibus
1701 1678 2089 1732 catholicorum

2184 485 2381 553 foveam
2406 483 2619 555 (Matth.
2650 485 2759 554 xv).

2255 575 2370 628 Non
2398 583 2480 628 est
2506 574 2624 641 hoc,
2653 588 2750 627 oro
2779 583 2850 638 te,
2882 573 3201 629 acerrimum
3227 571 3534 628 decrevisse
3561 572 3792 643 pericu-
3842 624 3846 632 ι

2185 668 2318 734 lum,
2347 667 2559 738 quando
2589 682 2686 722 nec
2714 668 2910 723 sauciis
2949 667 3236 722 adhibetur
3261 666 3410 720 ﬁrma
3459 667 3696 731 curatio,
3734 674 3792 719 et

2185 763 2329 815 sanis
2369 762 2628 831 ingeritur
2668 761 2968 816 miseranda
3007 758 3295 829 contagio?
3335 757 3466 812 Nam
3502 758 3790 828 quomodo

2187 853 2335 906 aiunt
2360 854 2530 907 sedari
2557 868 2732 922 posse,
2756 854 2799 907 si
2823 854 2872 907 in
2899 853 3074 906 futuro
3101 852 3309 906 furores
3330 866 3460 906 suos
3483 852 3792 919 patiantur?

2187 943 2322 1010 Quid
2354 952 2436 998 est
2466 943 2593 997 illud
2630 943 2810 998 dicere
2847 943 2957 1010 jam
2997 957 3212 996 causam
3253 943 3452 996 nullam
3491 956 3793 1011 superesse

2187 1034 2519 1102 certaminis,
2549 1033 2647 1087 nisi
2678 1033 2941 1088 haereticis
2969 1034 3187 1087 victoria
3217 1033 3516 1087 tribuatur?
3543 1033 3790 1088 Proinde

2187 1126 2381 1195 quibus
2420 1125 2602 1180 inferri
2642 1126 3004 1196 castigationis
3032 1125 3229 1195 aliquid
3256 1127 3418 1181 etiam
3449 1127 3780 1195 corporalis,

2189 1222 2249 1267 ut
2301 1224 2452 1283 pater
2505 1216 2801 1284 benignus,
2876 1215 3185 1279 horrescis;
3241 1215 3408 1270 multo
3459 1217 3788 1271 clementius

2190 1321 2375 1361 eorum
2404 1310 2608 1362 animas
2639 1322 2742 1361 non
2773 1308 2990 1377 patiaris
3023 1308 3292 1377 intercipi,
3322 1308 3415 1363 sed
3444 1308 3526 1377 pia
3560 1310 3788 1378 deposi-

2191 1399 2340 1455 tione
2379 1413 2714 1468 compressos
2751 1400 2965 1454 tandem
2995 1400 3150 1454 subdi
3191 1402 3354 1455 facias
3392 1401 3663 1455 catholico
3696 1417 3786 1456 sa-

2192 1490 2419 1554 cerdoti,
2476 1500 2534 1545 ut
2575 1506 2715 1546 verae
2752 1492 3113 1561 generationis
3153 1490 3399 1545 eﬁeclum
3428 1500 3482 1545 et
3530 1506 3785 1547 securum

2193 1583 2406 1638 sibimet
2429 1583 2718 1652 profutura:
2740 1583 3129 1638 communionis
3157 1583 3411 1638 auxilium
3440 1597 3787 1654 consequan-

2195 1683 2301 1728 tnr.
2358 1675 2598 1742 Suhjecit
2649 1675 2799 1729 vobis
2848 1675 3026 1729 divina
3082 1675 3415 1745 providentia
3472 1677 3782 1732 facultatem

505 1766 574 1822 de
618 1777 728 1822 toto
772 1768 904 1822 orbe
947 1768 1226 1824 doctorum
1266 1770 1420 1839 longe
1459 1780 1741 1840 antequam
1788 1772 2091 1841 hujusmodi
2122 1758 2167 1820 Β
2195 1782 2296 1836 qua
2327 1767 2511 1821 itidem
2543 1767 2837 1837 eﬁ‘ringatis
2865 1782 3027 1836 opera
3056 1767 3403 1837 perﬁdorum.
3447 1767 3665 1837 Depulit
3697 1769 3784 1823 ille

505 1862 732 1932 quaestio
763 1870 1070 1918 nasceretur
1092 1905 1108 1930 ,
1149 1865 1495 1918 consonantia
1527 1865 1719 1934 ubique
1744 1864 1882 1918 dicta
1913 1867 2091 1920 conci-

507 1963 764 2017 nuerant;
816 1960 871 2006 et
916 1952 1035 2008 ideo
1083 1955 1223 2008 nulla
1271 1955 1554 2029 iteratione
1598 1955 1928 2021 refodienda,
1973 1973 2090 2027 quae

507 2051 815 2098 constarent
840 2043 959 2112 jure
987 2044 1236 2099 damnata
1268 2064 1279 2097 :
1315 2062 1382 2100 ne
1411 2062 1513 2101 non
1555 2049 1727 2102 solum
1770 2064 1927 2103 causa
1957 2065 2092 2119 prac-

506 2147 631 2189 sens
672 2135 721 2188 in
763 2148 922 2188 omne
967 2135 1215 2189 catholici
1265 2137 1799 2192 nominisextendat
1846 2140 2087 2205 exitium,

508 2223 605 2278 sed
647 2223 811 2278 etiam
848 2226 1054 2280 cunctis
1095 2225 1321 2280 residuis
1361 2226 1568 2295 publica
1610 2227 1744 2282 bella
1789 2230 2090 2284 resumendi

507 2313 770 2381 pandatur
821 2315 1054 2378 occasio,
1099 2315 1142 2369 si
1185 2315 1422 2385 quolibet
1465 2319 1644 2384 modo,
1689 2319 1829 2387 quod
1867 2320 2033 2374 semel
2063 2335 2092 2373 a

508 2405 780 2460 veteribus
813 2406 1191 2462 universalitcr
1221 2407 1457 2466 decisum
1488 2418 1591 2476 est,
1625 2419 1941 2465 retractetur
1974 2431 1985 2464 :
2018 2412 2092 2465 uti

509 2509 630 2550 esse
672 2497 781 2565 jam
826 2497 1113 2566 pervidetis
1157 2497 1532 2552 Alexandrina:
1576 2496 2094 2569 Ecclesiaaperver-

510 2602 709 2654 sorem,
757 2588 968 2644 funesta
1005 2591 1095 2644 diu
1142 2591 1457 2658 impunitate
1499 2602 1855 2660 grassantem.
1904 2595 2094 2648 vestris

510 2684 1210 2754 praeceptionibus,‘quibus
1242 2685 1435 2739 merito
1463 2684 1662 2739 dudum
1691 2687 1943 2757 probatur
1987 2688 2096 2756 eje-

510 2785 651 2842 ctus,
690 2791 809 2832 esse
849 2777 1194 2832 nihilominus
1222 2778 1562 2845 abigendum.

584 2870 667 2925 An
699 2884 806 2924 non
849 2871 962 2939 ipse
997 2878 1079 2925 est
1106 2884 1201 2938 per
1231 2869 1443 2938 triginta
1487 2882 1658 2925 annos
1698 2869 1974 2926 catholicae
2003 2870 2096 2924 de-

512 2971 692 3018 sertor
718 2962 992 3030 Ecclesiae,
1026 2962 1471 3032 inimicorumque
1506 2962 1623 3032 ejus
1659 2972 1892 3018 sectator
1919 2973 1974 3019 et
2001 2964 2096 3018 do-

511 3063 650 3120 ctor,
682 3063 736 3108 et
763 3053 828 3108 ad
861 3052 1187 3108 fundendum
1219 3054 1530 3122 sanguinem
1575 3069 1789 3124 semper
1818 3057 1965 3110 velox
2001 3055 2097 3110 fuit

509 3149 566 3198 et
587 3143 898 3213 promptus?
921 3143 1162 3212 Nunquid
1185 3142 1253 3197 ad
1278 3143 1414 3198 hanc
1442 3145 1593 3199 istam
1617 3133 2094 3200 dissimulationem
2123 3130 2169 3191 (Σ

509 3245 699 3289 sumus
735 3233 963 3303 quadam
1011 3249 1075 3288 ex
1121 3233 1457 3288 conviventia
1499 3234 1855 3307 [conniventiaj
1898 3252 2098 3307 praece—

511 3329 720 3396 ptoris?
791 3329 848 3381 in
894 3343 1000 3396 quo
1049 3342 1234 3382 revera
1281 3342 1385 3381 non
1440 3337 1526 3383 est
1581 3344 1713 3399 Opus
1769 3330 2099 3386 discussione

512 3418 727 3483 subtili;
778 3418 900 3487 quia
948 3417 1064 3486 ejus
1102 3426 1282 3487 aperta
1313 3427 1437 3472 sunt
1474 3419 1721 3473 crimina.
1758 3421 1910 3476 Dolet
1954 3433 2100 3477 certe

510 3507 684 3578 pietas
712 3518 822 3574 tua,
851 3509 994 3579 quod
1019 3523 1113 3578 per
1139 3509 1419 3564 diuturnos
1442 3512 1604 3578 partis
1635 3513 1855 3568 alterna:
1877 3529 2097 3584 graves-

507 3613 618 3670 que
653 3599 932 3655 conﬂictus
969 3595 1118 3655 inulti
1157 3615 1220 3655 ex
1263 3601 1363 3655 hoc
1398 3602 1595 3657 saeculo
1628 3603 1906 3660 videantur
1934 3608 2096 3662 ablati

510 3700 603 3746 aut
632 3692 964 3761 baptismatis
1005 3703 1097 3748 aut
1128 3693 1519 3747 communionis
1560 3705 1825 3764 expertes.
1860 3698 1971 3752 Sub
1999 3701 2098 3754 hoc

513 3796 644 3852 ergo
667 3783 897 3854 praesule
920 3799 987 3839 ne
1013 3783 1120 3838 sint
1140 3783 1413 3854 baptizati,
1437 3792 1486 3838 et
1517 3784 1817 3840 efﬁciantur
1839 3789 2096 3854 haeretici,

509 3881 567 3928 et
609 3875 725 3929 sine
769 3876 1149 3931 communione
1194 3886 1507 3941 transeant,
1560 3894 1624 3933 ne
1673 3881 1725 3933 in
1768 3882 2096 3949 perditorum

511 3967 776 4037 pravitate
801 3968 1049 4026 deﬁciant
1083 3985 1098 4026 :
1131 3979 1187 4026 ut
1212 3970 1657 4041 quemadmodum
1690 3973 1944 4043 scriptum
1972 3987 2053 4032 est
2081 3995 2095 4031 :

2176 1868 2391 1914 'nostra:
2433 1859 2710 1928 religionis
2744 1869 3105 1924 vastatorem;
3147 1872 3242 1912 vos
3276 1859 3344 1912 ab
3373 1858 3492 1927 ejus
3522 1859 3782 1914 Ecclesiae

2194 1953 2492 2009 cervicibus
2521 1951 3177 2022 irruptionem‘detnrbate
3206 1949 3538 2022 praedonum.
3567 1951 3782 2007 Pacavit

2195 2045 2283 2100 ille
2307 2044 2688 2114 rempublicam
2714 2043 2877 2116 (sicut
2896 2052 3077 2098 vester
3093 2056 3304 2111 quoque
3327 2055 3508 2095 sermo
3531 2047 3781 2111 testatur)

2194 2153 2222 2192 a
2243 2138 2524 2209 tyrannide
2542 2136 2811 2200 haeretica;
2837 2135 3135 2189 libertatem
3159 2148 3256 2187 vos
3276 2133 3342 2186 ab
3360 2133 3491 2202 ipsis
3513 2133 3782 2190 haereseos

2197 2229 2616 2300 praeceptoribus
2639 2230 2863 2297 populos
2880 2239 3130 2282 eruentes
3153 2224 3471 2280 Christianis
3494 2224 3780 2280 restituite.

2196 2324 2290 2378 Ille
2334 2338 2429 2377 vos
2476 2323 2611 2377 aula:
2661 2321 2910 2391 legitima:
2974 2319 3206 2374 restituit
3269 2320 3613 2388 imperatoris
3665 2319 3782 2386 jure

2198 2416 2476 2480 suﬁ‘nltos;
2519 2413 2726 2468 reddite
2765 2427 2860 2467 vos
2906 2413 3160 2481 magiSIro
3187 2411 3553 2482 discipulum;
3603 2411 3780 2491 sedem

2198 2509 2335 2562 beati
2365 2506 2523 2561 Marci
2555 2505 2896 2574 evangelista:
2926 2504 2993 2557 ad
3029 2503 3460 2558 communionem
3489 2502 3781 2557 beatissimi

2198 2601 2363 2662 Petri,
2393 2600 2460 2655 de
2487 2601 2609 2654 vitae
2638 2613 2822 2653 eorum
2853 2597 3059 2651 meritis
3087 2595 3377 2651 devotione
3408 2595 3650 2650 reducite
3683 2611 3695 2646 :
3730 2603 3784 2648 ut

2197 2695 2315 2764 ipso
2351 2695 2402 2747 in
2450 2693 2601 2747 vobis
2640 2705 2775 2760 opus
2814 2691 3012 2744 bonum
3041 2689 3372 2758 perﬁciente,
3404 2688 3490 2756 qui
3535 2685 3782 2756 coeperit,

2199 2801 2388 2841 secure
2414 2783 2598 2838 audire
2623 2780 2935 2836 mereamini
2967 2798 2977 2831 :
3016 2780 3116 2845 Qui
3140 2777 3518 2849 perseveraverit
3542 2791 3698 2845 usque
3727 2782 3780 2828 in

2200 2877 2373 2944 ﬁnem,
2399 2874 2480 2928 hic
2505 2876 2672 2928 salt-us
2700 2875 2794 2926 erit
2820 2871 3034 2944 (Matth.
3069 2891 3125 2936 χ,
3149 2871 3268 2939 24);
3301 2880 3354 2924 et
3381 2869 3445 2922 ad
3474 2879 3577 2923 tua:
3603 2867 3784 2937 gloria:

2200 2969 2492 3031 cumulum,
2526 2967 2596 3021 ita
2629 2965 2741 3019 vice
2768 2965 2857 3018 Dei
2891 2963 3203 3033 praesidens,
3233 2961 3495 3017 verendus
3522 2962 3786 3015 veraciter

2201 3062 2434 3116 existens
2475 3056 2771 3111 Divinitalis
2809 3055 3075 3118 imitator,
3128 3062 3285 3122 atque
3320 3052 3489 3106 adhuc
3529 3051 3584 3104 in
3623 3051 3788 3104 rebus

2204 3148 2584 3219 temporalibus
2610 3147 2947 3210 constitutus,
2968 3145 3078 3214 jam
3105 3143 3394 3214 experieris
3420 3150 3475 3197 et
3502 3157 3701 3197 munus
3731 3143 3786 3198 in

2204 3253 2456 3297 aeternam
2489 3239 2581 3294 tibi
2610 3237 2990 3293 beatitudinem
3023 3244 3396 3306 praeparatum.

2276 3334 2426 3401 Quod
2461 3347 2593 3386 vero
2623 3340 2814 3386 cuncta
2864 3329 3057 3382 litteris
3087 3342 3192 3383 non
3234 3335 3522 3398 potuerunt
3549 3341 3790 3398 compre-

2210 3428 2372 3482 hendi
2436 3442 2552 3495 qua:
2607 3424 2804 3490 negotii
2855 3423 3083 3493 qualitas
3134 3437 3240 3476 non
3303 3421 3432 3476 sinit
3480 3422 3776 3490 praeteriri,

2205 3521 2447 3591 qua-dam
2467 3517 2864 3572 venerabilibus
2893 3516 3090 3571 nostris
3112 3514 3364 3571 fratribus
3385 3523 3440 3571 et
3459 3514 3794 3585 coepiscopis

2209 3614 2363 3678 meis,
2415 3611 2604 3681 quibus
2648 3624 2775 3663 cura
2819 3608 3100 3678 legationis
3151 3607 3388 3675 injunma
3431 3615 3534 3675 est,
3573 3606 3794 3676 proprio

2207 3705 2346 3775 apud
2395 3718 2487 3758 vos
2529 3703 2730 3772 agenda
2779 3716 3028 3758 sermone
3074 3701 3360 3755 commissa
3401 3708 3544 3755 sunt.
3595 3698 3795 3754 Precor

2208 3805 2266 3850 ut
2310 3812 2372 3850 ea
2414 3810 2638 3865 quaeque
2685 3803 2740 3849 et
2785 3793 2969 3848 audire
3015 3792 3297 3861 benignus,
3352 3800 3406 3846 et
3452 3788 3796 3846 indifﬁculter

2207 3903 2464 3952 annuerc,
2517 3897 2624 3941 tum
2671 3901 2767 3956 pro
2815 3886 3091 3940 catholica:
3139 3884 3478 3939 observantia
3525 3883 3793 3948 veritatis,

2209 3987 2318 4034 tum
2350 3981 2507 4035 etiam
2542 3994 2638 4049 pro
2670 3979 2817 4048 regni
2850 3977 3015 4032 vestri
3048 3976 3445 4042 incolumitate,
3479 3974 3792 4046 dignemini.

1894 4103 1918 4128 κ
1952 4093 2283 4151 EPISTOLA
2317 4096 2401 4150 Ill.

1522 4197 1590 4234 ΔΙ)
1630 4197 1838 4236 PETRUH
1881 4201 2176 4252 FULLONEI,
2220 4205 2284 4242 EX
2327 4203 2521 4242 SYNODO
2561 4203 2792 4241 ROMANA.

516 4269 747 4343 Ostendit
778 4271 991 4343 Petrttm
1021 4267 1317 4334 Faltonem,
1349 4271 1476 4324 alias
1519 4271 1814 4341 Cnaphenm
1839 4315 1854 4338 ,
1888 4292 1985 4328 non
2014 4279 2179 4331 solum
2209 4279 2260 4331 in
2297 4279 2594 4343 Valentini,
2627 4278 2921 4339 Manichtei,
2954 4277 3086 4343 Arii,
3133 4275 3368 4342 Sabellii,
3397 4275 3717 4342 Apollinaris
3746 4285 3795 4329 et

583 4342 879 4415 Eutychetis
909 4341 1166 4415 hwreses,
1203 4356 1374 4415 venint
1417 4343 1573 4415 etiarn
1616 4346 1665 4415 in
1708 4360 1899 4397 errores
1930 4349 2226 4415 gentilitatis

2318 4351 2449 4402 (ures
2499 4350 2616 4401 deos
2659 4349 2928 4401 asserentis
2973 4347 3228 4401 incidisse.
3289 4347 3487 4399 Deinde
3539 4355 3706 4399 monet
3740 4356 3798 4399 ut

580 4408 870 4494 resipiscat,
902 4417 949 4459 et
988 4409 1124 4494 quhod
1150 4411 1201 4494 in
1220 4408 1482 4494 .Tris-agio,
1514 4413 1808 4466 Cruciﬁxus
1833 4408 2047 4484 propter
2081 4434 2096 4470 π

2223 4408 2412 4473 addere
2439 4435 2536 4472 non
2566 4428 2822 4487 oporteat,
2845 4418 2959 4472 ὀτι
2985 4421 3040 4472 οὐ
3067 4416 3145 4472 δεῖ
3175 4419 3451 4492 προσϐῆναι
3478 4419 3528 4471 ἓν
3546 4424 3617 4486 τῷ
3645 4438 3798 4494 τρισ-

586 4484 716 4551 α’γὶῳ
739 4478 796 4531 Ὀ
825 4479 1141 4548 σταυρωθεὶς
1169 4476 1232 4532 δι’
1253 4476 1409 4547 ἡμᾶς.

1493 4551 1512 4579 ²
1545 4548 1690 4606 Felix
1718 4552 2001 4623 episcopus
2027 4556 2186 4616 Petro
2217 4561 2470 4630 episcopo
2501 4559 2816 4614 Antiochiae.

584 4665 712 4728 Quis
742 4664 879 4718 dabit
908 4665 1066 4735 capiti
1093 4682 1202 4721 meo
1230 4682 1435 4736 aquam,
1464 4676 1510 4720 et
1558 4668 1717 4721 oculis
1757 4671 1879 4722 meis
1906 4673 2092 4740 fontem

2268 4681 2354 4737 Τίς
2398 4677 2550 4732 δώσει
2588 4686 2650 4751 τῇ
2688 4677 2871 4751 κεφαλῇ
2909 4698 3006 4747 μου
3038 4675 3208 4752 ὕδωρ,
3248 4680 3333 4731 καὶ
3368 4683 3481 4737 τοῖς
3523 4673 3794 4754 βλεφάροις

513 4760 857 4840 tacrymarurn
884 4758 1022 4829 (Jer.
1054 4761 1168 4831 ix)?
1192 4762 1414 4829 Qualem
1464 4771 1639 4818 autem
1669 4771 1724 4816 et
1759 4762 1976 4832 dignum
2005 4766 2098 4820 ﬁe-

514 4857 628 4903 tum
656 4850 914 4914 adducam
944 4851 1140 4906 animae
1171 4868 1325 4920 meae,
1344 4853 1647 4929 condolens
1679 4853 1889 4908 Domini
1918 4856 2096 4911 Salva-

513 4943 650 4997 toris
691 4943 856 4998 nostri
885 4940 1083 4998 Christi
1113 4955 1312 5000 sanctae
1362 4946 1638 5001 catholicae
1683 4956 1737 5002 et
1787 4949 2094 5018 apostolicae

514 5033 806 5092 Ecclesiae?
837 5034 963 5106 Ipsa
1000 5037 1138 5092 enim
1186 5039 1394 5109 plorans
1434 5041 1648 5110 ploravit
1697 5058 1850 5112 super
1873 5044 2008 5112 ﬁlios
2047 5054 2095 5098 et

590 5249 616 5276 ι
655 5239 888 5310 Haec_est
926 5239 1014 5295 illa
1048 5239 1302 5310 synodica
1333 5240 1554 5310 epistola
1593 5256 1712 5310 qua:
1745 5241 1907 5297 missa
1945 5251 2029 5298 est
2065 5259 2095 5298 a

515 5310 749 5383 concilio
778 5308 1017 5383 [Romano
1045 5308 1111 5363 ad
1143 5308 1662 5383 PetrumFullonem
1683 5354 1696 5376 ,
1728 5329 1830 5383 qua
1862 5323 1980 5380 post
2011 5329 2097 5367 re-

517 5380 715 5436 futatos
758 5379 873 5447 ejus
919 5394 1128 5435 errores
1175 5380 1514 5450 hlasphemos
1564 5379 1988 5452 prima'actione
2035 5384 2100 5437 ad

592 5491 607 5521 ³
638 5489 795 5545 Forte
815 5490 1094 5560 episcopos.
1130 5489 1388 5546 HABDUIN.

591 5563 610 5592 ⁸
642 5561 764 5615 llaec
785 5570 847 5632 et
862 5575 1092 5630 sequens
1113 5562 1350 5632 epistola:
1378 5576 1480 5615 non
1512 5561 1723 5629 Felicis,
1754 5563 1847 5618 sed
1875 5563 2091 5632 Simpli-

519 5630 588 5688 cii
615 5641 759 5686 sunt.
810 5630 914 5685 Eas
941 5631 1304 5700 supposutitias
1342 5641 1484 5697 putat
1518 5632 1757 5687 Valesius
1799 5635 1935 5690 lib.t
1979 5630 2090 5689 Ob-

521 5714 662 5760 terv.
694 5717 831 5757 sacr.
865 5702 929 5756 ad
963 5703 1269 5772 Evagriurn,
1293 5702 1386 5758 sed
1412 5711 1469 5757 ut
1500 5704 1760 5777 genuinas
1793 5713 1974 5762 tuetur
1993 5705 2096 5764 Pa.

515 5967 546 5986 ’κ

2198 4792 2296 4843 μου
2316 4775 2484 4843 πηγὴν
2512 4770 2741 4846 δακρύων
2766 4769 2996 4846 (⁴1ερ.η)
3017 4785 3030 4834 ;
3054 4778 3201 4825 Ποῖον
3223 4768 3276 4823 δέ
3298 4771 3381 4822 καὶ
3407 4765 3546 4832 ἄξιον
3571 4769 3793 4842 oduacar}:

2198 4866 2456 4939 προσοίσω
2483 4873 2543 4934 τῇ
2574 4867 2795 4934 ἐμαυτοῦ
2821 4864 2972 4935 ψυχῇ
2990 4902 3003 4926 ,
3034 4862 3290 4935 συναλγῶν
3325 4868 3388 4934 τῇ
3417 4867 3508 4914 τοῦ
3534 4858 3792 4914 δεσπότου

2197 4957 2282 5008 καὶ
2310 4964 2538 5029 σωτῆρος
2571 4960 2793 5030 Χριστοῦ
2827 4954 2948 5028 ἁγίᾳ
2979 4953 3204 5025 καθολικῇ
3235 4953 3322 5004 καὶ
3351 4950 3655 5024 ἀποστολικῇ
3687 4960 3795 5002 Ἑκ-

2199 5047 2409 5121 κλησίᾳς
2449 5047 2708 5100 κλαίουσα
2738 5045 2983 5100 ἔκλαυσεν
3020 5044 3150 5100 αὕτη
3188 5044 3271 5096 ἐπὶ
3309 5041 3472 5106 υἱοῖς,
3505 5044 3591 5094 καὶ
3626 5043 3793 5112 θυσία-

2207 5247 2623 5317 resipiscendum
2648 5245 2946 5318 admonitus
2972 5245 3093 5318 fuit.
3122 5245 3256 5303 Vide
3282 5261 3401 5318 qua:
3424 5246 3667 5303 diximus
3690 5245 3790 5300 ibi-

2207 5319 2327 5372 dem
2361 5320 2412 5372 in
2444 5318 2585 5373 notis
2613 5317 2853 5386 ejusdem
2884 5317 3118 5371 concilii.

2205 5491 2320 5558 gius
2343 5489 2408 5542 ad
2438 5502 2527 5559 an.
2573 5485 2698 5559 Chr.
2731 5487 2870 5559 7478,
2901 5500 2954 5541 n.
2983 5465 3028 5559 9.
3045 5494 3098 5544 et
3121 5503 3301 5559 seqq.,
3331 5498 3390 5545 et
3430 5504 3521 5546 an.
3567 5489 3698 5556 485,
3727 5503 3782 5544 n.

2196 5557 2287 5640 g5.
2321 5559 2441 5640 vid”.
2464 5557 2763 5640 ClxMafl'eii
2788 5558 3156 5627 praefationem
3196 5557 3264 5615 ad
3291 5561 3482 5640 Suppl.
3513 5562 3678 5619 Acac.
3703 5560 3782 5615 in-

2197 5633 2275 5689 ira
2295 5628 2672 5694 exhibendam.
2831 5663 2855 5685 .
