4096 6342
338 354 444 418 905

1529 352 1881 414 EPISTOLIE
1918 350 2006 410 ET
2043 352 2379 409 DECRETA.

3477 365 3580 423 906

335 478 472 548 ﬁlias
499 491 637 542 suas,
667 482 714 529 et
742 489 843 530 non
885 480 957 529 est
984 472 1071 545 qui
1096 474 1382 529 consoletur
1425 490 1554 540 eam,
1590 491 1655 529 ea:
1678 474 1908 528 omnibus

2012 474 2188 547 τράσιν
2214 475 2387 533 αὐτῆς,
2412 476 2496 527 καί
2515 474 2620 543 οὐχ
2646 473 2879 549 ὑπάρχει
2898 476 2924 530 ὸ
2943 479 3249 553 παρακαλῶν
3268 482 3445 547 αὐτήν,
3475 485 3579 540 ἀπὸ

333 572 418 639 qui
449 568 667 637 diligunt
691 583 803 620 eam
830 565 1045 636 (Thren.
1072 567 1134 636 I).
1167 564 1408 621 Universi
1432 566 1641 637 tyranni
1670 574 1725 620 et
1747 565 1907 620 haere-

332 658 559 713 siarchas
608 666 988 727 persequentes
1036 655 1243 725 ipsam,
1304 656 1750 724 apprehenderunt
1795 672 1906 710 eam

332 763 428 818 per
477 759 549 812 te,
592 746 754 801 frater
802 747 1232 815 honoratissime,
1282 755 1336 801 et
1380 747 1671 818 afﬂigentes
1714 749 1903 818 ipsam,

331 839 454 908 facti
486 847 604 892 sunt
634 839 686 892 in
709 847 860 905 caput
887 841 1018 909 ejus.
1045 839 1229 895 Omnis
1252 838 1413 893 decor
1438 840 1618 908 ipsius,
1649 848 1902 909 quantum

331 931 383 985 in
424 940 475 986 te
519 940 624 994 est,
655 932 824 985 factus
871 941 954 985 est
996 930 1061 984 ad
1116 929 1359 985 nihilum.
1402 930 1657 986 Videntes
1705 930 1904 985 inimici

330 1023 480 1092 ejus,
535 1022 703 1093 gavisi
746 1032 869 1077 sunt
910 1038 1068 1090 super
1140 1022 1437 1091 perditione
1492 1023 1719 1077 ﬁliorum
1766 1022 1901 1091 ejus.

328 1114 472 1182 Quos
494 1115 635 1169 enim
663 1116 887 1180 foverat,
909 1130 1044 1184 quos
1074 1116 1370 1169 enutrierat
1387 1159 1400 1182 ,
1434 1129 1567 1184 quos
1587 1115 1655 1169 ad
1685 1130 1901 1170 mensu-

327 1220 442 1260 ram
469 1205 642 1260 aetatis
673 1204 1022 1273 produxerat,
1047 1205 1288 1273 lacteque
1315 1214 1555 1273 paverat,
1579 1203 1903 1273 propheticis

328 1306 384 1353 et
429 1298 736 1367 apostolicis
784 1296 1062 1363 doctrinis,
1095 1297 1193 1350 hos
1251 1303 1307 1349 tu
1368 1310 1474 1350 uno
1504 1296 1761 1365 temporis
1790 1310 1906 1350 mo-

328 1400 507 1445 mento
569 1403 779 1445 veneno
837 1388 1059 1443 necasti.
1108 1387 1564 1455 Quemadmodum
1613 1389 1756 1442 enim
1814 1387 1903 1456 qui

325 1481 671 1551 piscationem
726 1487 1020 1543 sectantur,
1073 1479 1285 1533 hamum
1334 1492 1453 1533 esca
1497 1487 1805 1548 contegunt,
1849 1486 1906 1532 et

326 1588 398 1629 ex
440 1573 735 1643 improviso
756 1572 974 1643 capiunt
995 1572 1165 1641 pisces
1198 1590 1210 1624 :
1245 1573 1321 1626 sic
1350 1580 1404 1626 et
1434 1581 1488 1626 tu
1514 1573 1769 1639 angelicas
1792 1571 1904 1625 lau-

324 1665 530 1721 dationi
556 1665 876 1721 additionem
898 1665 1174 1730 induxisti,
1197 1673 1251 1719 et
1270 1665 1497 1734 trisagiae
1514 1664 1901 1733 deprecationi,

329 1758 485 1828 quasi
514 1759 720 1823 pietatis
747 1758 988 1823 obtentu,
1022 1758 1189 1813 diram
1221 1758 1542 1827 impietatem
1564 1756 1898 1825 excogitasti.

2009 564 2210 618 πάντων
2235 571 2335 617 τῶν
2361 564 2671 633 ἀγαπώντων
2692 568 3030 639 αὐτήν(Θρήν.
3057 569 3116 639 1).
3140 570 3387 635 ’Δπαντες
3414 579 3461 629 οἱ
3488 600 3575 633 κα-

2006 655 2339 719 ταδιώκοντες
2372 661 2524 717 αὐτὴν
2550 664 2776 735 τύραννοί
2803 684 2856 717 τε
2875 703 2889 727 ,
2920 668 3002 719 καί
3032 666 3395 743 αἱρεσιάρχαι,
3427 676 3577 727 κατέ-

2005 747 2153 803 λαϐον
2177 751 2331 808 αὐτήν
2360 748 2445 804 διά
2473 758 2586 815 σοῦ,
2616 750 2791 826 ἁδελφᾶ
2816 758 3081 817 τιμιὼτατε
3100 772 3111 784 '
3144 763 3226 811 καί
3252 760 3297 813 οἱ
3325 762 3579 823 θλίϐοντες
3640 800 3641 805 η

2008 840 2157 897 αὐτήν
2194 842 2416 912 ἐγένοντο
2472 844 2542 901 εἰς
2580 844 2785 914 κεφαλὴν
2824 847 3000 906 αὐτῆς.
3062 853 3209 903 Πᾶσα
3246 852 3277 907 ἡ
3305 853 3580 926 εὐπρέπεια

2008 932 2180 994 αὐτῆς,
2204 932 2263 986 τὸ
2284 932 2396 986 ὅσον
2416 934 2499 987 ἐπὶ
2522 937 2623 995 σοὶ,
2641 936 2831 1005 ἐγένετο
2853 941 2922 996 εἰς
2939 936 3096 991 οὐδέν.
3112 939 3323 1001 Ἰδόντες
3343 944 3387 996 οἱ
3407 946 3582 1018 ἐχθροὶ

2008 1018 2184 1083 αὐτῆς,
2216 1023 2483 1095 ἐχάρησαν
2514 1025 2601 1075 ἐπὶ
2625 1033 2685 1093 τῇ
2716 1025 2937 1098 ἀπωλείᾳ
2962 1034 3061 1080 τῶν
3080 1030 3261 1083 τέκνων
3284 1029 3462 1092 αὑτῆς·
3492 1033 3579 1092 οῦς

2006 1109 2103 1184 γάρ
2128 1112 2409 1185 ίξέθρεψεν,
2437 1115 2783 1176 ἐτιθηνήσατο,
2817 1114 2903 1175 οῦς
2930 1118 3001 1176 εἰς
3028 1118 3208 1191 μέτρον
3236 1121 3424 1181 ήλικίας
3450 1126 3577 1181 lintri-

2006 1221 2147 1272 γαγε,
2195 1201 2713 1277 γαλακτοτροφήσασα
2745 1215 3067 1279 προφητικοῐς
3107 1213 3190 1263 καί
3220 1212 3579 1275 ἀποστολικοῖς

2009 1287 2249 1361 δόγμασι,
2280 1296 2495 1353 τούτους
2517 1296 2564 1347 ἐν
2584 1300 2677 1365 μ.ιᾷ
2699 1302 2874 1366 καιροῦ
3044 1296 3128 1352 διά
3148 1298 3444 1377 δηλητηρίου
3469 1306 3581 1374 ἐφό-

2009 1402 2212 1443 νευσας.
2259 1386 2371 1438 Καθ’
2402 1383 2454 1439 ὃν
2481 1388 2578 1461 γάρ
2606 1388 2794 1460 τρόπον
2832 1389 2879 1440 oi
2906 1394 2995 1446 τήν
3025 1389 3303 1451 ἁλιευτικήν
3328 1395 3580 1469 μετερχό-

2008 1496 2162 1544 μενοι,
2185 1480 2427 1552 βρώμασι
2446 1480 2503 1532 τὸ
2522 1476 2797 1553 ἄγκιστρον
2814 1480 3147 1548 καλύπτουσι,
3166 1488 3255 1537 καὶ
3272 1486 3578 1557 άπροόπτως

2007 1567 2129 1627 τοῦς
2154 1567 2343 1634 ἰχθύας
2385 1569 2719 1640 άγρεύουσιν⁹
2751 1569 2913 1629 οὕτως
2946 1575 3027 1625 καὶ
3053 1575 3117 1625 σὺ
3236 1582 3333 1627 τῶν
3361 1577 3578 1645 ἀγγέλων

2006 1656 2277 1731 ύμνολογίᾳ
2304 1660 2596 1733 προσθήκην
2631 1662 2909 1732 ἐπήγαγες,
2952 1664 3037 1715 καὶ
3059 1666 3297 1737 τρισαγίᾳ
3336 1664 3474 1738 λιτῇ,
3512 1668 3580 1725 ὡς

2010 1747 2064 1798 ἐκ
2091 1750 2371 1821 προσώπου
2405 1750 2684 1813 εὐσεϐείας,
2717 1750 2954 1804 ἀσέϐειαν
2983 1752 3261 1813 ἐπενόησας
3295 1751 3479 1812 δεινήν.
3499 1763 3579 1809 Ἐκ

324 1846 409 1903 Ex
461 1848 701 1917 pluribus
759 1850 901 1904 enim
949 1848 1303 1903 Orientalibus
1358 1847 1647 1917 provinciis
1694 1847 1900 1901 litteras

2009 1838 2194 1892 πολλῶν
2218 1841 2314 1913 γὰρ
2340 1841 2599 1913 ἐπαρχιῶν
2618 1848 2717 1895 τῶν
2740 1844 2871 1896 κατὰ
2894 1849 2983 1901 τήν
3005 1846 3270 1904 ’Δνατολήν
3298 1850 3579 1922 γράμματα

325 1938 681 2008 suscepimus,
722 1939 1079 2008 significantes
1106 1938 1259 1993 nobis
1314 1938 1580 2008 quomodo
1626 1938 1897 1991 veneratio

326 2041 417 2087 tua
462 2031 658 2085 dudum
707 2032 935 2101 sopitum
966 2028 1321 2085 Valentiniani
1352 2029 1541 2099 dogma
1591 2028 1895 2096 resumpsit,

327 2132 383 2179 et
428 2123 668 2177 irritatur
696 2137 726 2176 a
766 2122 917 2177 vobis
945 2120 1235 2176 Salvatoris
1288 2120 1619 2184 incarnatio;
1651 2119 1899 2188 quodque

327 2216 384 2272 in
412 2216 825 2272 Manichaeorum
851 2217 1041 2287 dogma
1066 2225 1120 2271 et
1148 2216 1280 2279 Arii,
1311 2223 1366 2268 et
1388 2214 1731 2283 Apollinaris,
1765 2214 1900 2267 Pau-

324 2305 469 2375 lique
496 2306 829 2362 Samosateni
851 2307 1142 2361 incidistis.
1177 2305 1366 2360 Dicere
1394 2305 1537 2359 enim
1573 2304 1897 2373 unigenitum

323 2393 519 2451 Filium
546 2404 606 2452 et
627 2396 911 2451 Dominum
957 2405 1198 2451 nostrum
1228 2394 1495 2451 Christum
1524 2393 1704 2448 Iesum
1727 2394 1901 2462 perie-

324 2496 469 2543 etum
497 2504 602 2544 non
633 2504 753 2546 esse
783 2490 835 2544 in
864 2490 1081 2555 deitate,
1128 2498 1287 2558 atque
1316 2489 1368 2542 in
1399 2488 1732 2542 humanitate
1779 2503 1900 2556 per-

325 2578 546 2648 fectum,
600 2596 699 2636 uec
744 2582 916 2650 ipsum
965 2580 1172 2635 subisse
1222 2578 1523 2648 passionem
1575 2578 1772 2642 crucis,
1807 2578 1898 2630 sed

325 2684 490 2726 unam
546 2671 705 2727 Verbi
766 2672 859 2726 Dei
910 2680 1152 2725 naturam
1190 2670 1541 2734 incarnatam,
1603 2680 1901 2735 corpusque

323 2761 535 2817 Domini
567 2767 685 2818 sine
713 2764 887 2818 anima
937 2773 989 2818 et
1016 2772 1225 2829 mente,
1276 2760 1601 2831 Apollinaris
1651 2759 1897 2813 haeresim

324 2858 564 2912 roborat.
596 2859 687 2913 Ille
738 2859 879 2913 enim
916 2858 1199 2928 ignoravit,
1233 2856 1371 2923 quod
1427 2854 1495 2907 ab
1550 2852 1682 2922 ipsis
1713 2850 1896 2905 mundi

323 2951 596 3004 nascentis
623 2948 856 3005 exordiis
886 2949 1115 3018 primum
1148 2945 1321 3000 anima
1352 2943 1505 3012 primi
1532 2942 1771 3012 parentis
1801 2954 1899 2993 no-

322 3039 423 3093 stri
454 3049 659 3094 mortua
683 3047 782 3105 est,
807 3040 891 3093 vel
922 3038 974 3093 in
998 3047 1224 3092 mortem
1251 3034 1581 3105 praecipitata
1610 3040 1713 3097 est,
1741 3039 1902 3099 atque

321 3129 399 3184 ita
424 3129 637 3185 demum
665 3143 880 3199 corpus.
921 3128 1128 3181 Dictum
1157 3126 1351 3194 quippe
1378 3123 1451 3176 illi
1479 3132 1561 3176 est
1596 3136 1626 3173 a
1655 3121 1760 3173 Deo
1786 3136 1800 3172 :
1835 3119 1903 3171 In

2004 1927 2292 1995 ἓδεξάμεθα,
2316 1932 2380 1984 τά
2419 1934 2721 1997 σημαίνοντα
2754 1935 2892 2002 ἡμῖν,
2919 1937 2988 1995 ὡς
3016 1935 3095 1990 ὅτι
3121 1940 3152 1995 ἡ
3184 1944 3251 1997 σή
3275 1940 3493 2011 θεοφιλία
3522 1943 3578 1996 τὸ

2002 2021 2159 2074 πάλαι
2175 2024 2420 2078 σιωπηθέν
2433 2023 2754 2075 Οὐαλεντίνου
2771 2023 2935 2097 δόγμα
2949 2029 3211 2093 κατέλαϐε,
3229 2034 3314 2084 καί
3330 2034 3578 2087 άθετεῖται

2003 2112 2125 2186 παρ’
2154 2116 2293 2183 ὑμῶν
2314 2116 2343 2170 ἡ
2370 2119 2619 2187 σωτήριος
2649 2118 3051 2189 ἐνανθρώπησις,
3084 2125 3163 2174 καὶ
3192 2120 3269 2175 ὅτι
3294 2127 3365 2182 είς
3390 2126 3447 2178 τὸ
3475 2137 3578 2179 Μα-

2003 2207 2232 2273 νιχαίκόν
2260 2203 2440 2275 δόγμα.
2467 2205 2658 2278 Ἀρείου
2687 2225 2763 2269 τε,
2787 2211 2867 2260 καὶ
2888 2208 3259 2283 ’Λπολιναρίου,
3281 2217 3366 2266 καὶ
3380 2216 3576 2268 Παύλου

2002 2301 2090 2347 τοῦ
2121 2296 2446 2364 Σαμοσατέως
2484 2296 2863 2368 περιηνέχθητε.
2897 2299 2965 2350 Τὸ
3006 2301 3104 2373 γάρ
3138 2305 3208 2369 μή
3242 2300 3398 2372 λέγειν
3432 2323 3578 2370 μονο-

2002 2392 2119 2455 γενῆ
2146 2384 2231 2438 τὸν
2260 2384 2390 2447 Υίὸν,
2416 2387 2498 2437 καί
2518 2386 2696 2459 Κύριον
2721 2388 2857 2453 ἡμῶν
2881 2388 3076 2445 Ἰησοῦν
3095 2390 3306 2464 Χριστὸν
3334 2386 3459 2443 εἶναι
3482 2394 3578 2445 τέ·-

2004 2473 2130 2528 λειον
2160 2476 2209 2527 ἐν
2237 2474 2448 2539 θεὸτητι,
2482 2476 2561 2528 καί
2587 2474 2769 2528 τέλειον
2790 2478 2840 2528 ὲν
2866 2478 3232 2550 ἀνθρωπὸτητι,
3264 2480 3412 2532 αὐτόν
3438 2501 3491 2533 τε
3521 2483 3580 2534 τὸ

2005 2568 2164 2626 πάθος
2193 2568 2249 2621 τὸ
2274 2576 2367 2622 τοῦ
2391 2573 2617 2642 σταυροῦ
2647 2568 3075 2639 ὑπομεμενηκέναι
3095 2610 3109 2634 ,
3143 2571 3266 2625 ἀλλά
3292 2574 3410 2641 μίαν
3433 2571 3581 2645 φύσιν

1946 2677 1950 2679 ’
2005 2663 2096 2709 τοῦ
2120 2663 2249 2710 Θεοῦ
2286 2658 2445 2730 Λόγου
2476 2659 2882 2730 σεο-αρκωμένην,
2909 2656 3118 2729 ἄψυχόν
3148 2681 3202 2714 τε
3234 2663 3315 2716 καὶ
3344 2659 3492 2715 ἄνουν
3521 2663 3578 2716 τὸ

2005 2753 2093 2800 τοῦ
2138 2750 2327 2820 Κυρίου
2368 2755 2545 2817 σῶμα,
2588 2754 2675 2806 τήν
2709 2749 3045 2823 Ἀπολιναρίον
3086 2751 3277 2822 αἵρεσιν
3323 2757 3575 2823 κρατᾷνει·

2008 2838 2189 2896 ἐκεῖνος
2210 2841 2309 2911 γάρ
2349 2844 2417 2909 μή
2447 2839 2669 2907 ἐγνωκὼς
2711 2838 2788 2893 ὅτι
2822 2839 2930 2893 κατ’
2959 2841 3114 2896 αὐτήν
3149 2845 3237 2898 τήν
3268 2839 3456 2914 ἕναρξιν
3489 2850 3579 2900 τῆς

2008 2929 2343 2997 κοσμοποιίάς
2411 2936 2605 3005 πρῶτον
2647 2931 2677 2985 ἡ
2730 2929 2883 2998 ψυχή
2918 2935 3007 2983 τοῦ
3048 2931 3452 3004 πρωτοπλάστου
3497 2936 3577 2984 καὶ

2008 3021 2328 3093 προπάτορος
2367 3022 2670 3081 ἐθανατώθη,
2706 3024 2785 3073 καὶ
2807 3016 2893 3073 εἶθ’
2918 3020 3076 3078 οὕτως
3100 3023 3158 3073 τὸ
3193 3029 3363 3091 σῶμα·
3394 3024 3579 3090 ἐλέχθη

2009 3112 2105 3186 γάρ
2126 3111 2252 3182 πρὸς
2274 3112 2423 3165 αὐτὸν
2449 3112 2548 3165 ὑπὸ
2574 3116 2669 3164 τοῦ
2698 3109 2920 3180 Θεοῦ,⁷Π
2942 3110 2985 3164 δ’
3008 3106 3065 3163 ἂν
3086 3114 3247 3185 ἡμέρᾳ
3275 3115 3458 3185 φάγητε
3479 3115 3578 3167 άπὸ

318 3235 624 3291 quacunque
672 3196 1113 3272 die'comederitis
1143 3217 1203 3268 de
1244 3217 1381 3285 ligno
1425 3214 1647 3265 scientiw
1687 3211 1805 3264 boni
1849 3216 1898 3264 et

2009 3209 2095 3256 τοῦ
2125 3202 2502 3270 ξύλου,θανάτῳ
2530 3202 2851 3255 ἀποθανεῖσθε
2882 3199 3072 3270 (Γενὲσ.
3104 3201 3185 3269 tt).
3216 3206 3347 3257 Κατὰ
3378 3199 3469 3257 οὖν
3490 3210 3581 3262 τήν

316 3309 473 3374 mali,
499 3318 660 3362 morte
688 3307 971 3361 moriemini
1003 3304 1155 3375 (Gen.
1199 3305 1279 3373 ιι).
1321 3305 1501 3373 Itaque
1545 3302 1694 3371 juxta
1735 3302 1895 3356 latam

319 3399 381 3455 in
414 3398 561 3453 illum
609 3413 640 3453 a
670 3399 780 3454 Deo
831 3399 1170 3464 sententiam,
1223 3397 1277 3450 in
1316 3396 1429 3463 ipsa
1460 3394 1753 3449 secundum
1784 3395 1898 3448 ani-

323 3504 467 3546 mam
499 3499 742 3545 mortuus
788 3497 892 3545 est.
944 3488 1072 3543 Nam
1105 3488 1272 3557 ipsius
1318 3485 1559 3556 corporis
1586 3501 1730 3541 mors
1779 3495 1899 3555 post

325 3591 625 3652 nongentos
655 3590 709 3636 et
739 3580 951 3651 triginta
999 3593 1166 3635 annos
1195 3578 1438 3647 contigit.
1485 3577 1667 3647 Itaque
1696 3577 1895 3631 donum

328 3687 435 3727 non
488 3671 818 3727 dimidiatum
869 3672 1015 3737 fecit,
1070 3671 1163 3725 sed
1211 3680 1377 3724 totum
1430 3671 1587 3723 simul
1620 3670 1787 3723 Adam
1832 3685 1899 3724 ex

329 3773 483 3820 utero
512 3764 744 3834 Virginis
791 3763 1040 3831 sumpsit,
1085 3771 1142 3816 ut
1186 3763 1344 3817 etiam
1388 3762 1684 3831 perditum,
1728 3770 1896 3816 totum

334 3855 542 3910 salvum
593 3855 811 3911 laceret.
860 3854 1064 3909 Idcirco
1108 3864 1162 3909 et
1209 3854 1460 3907 Dominus
1497 3853 1609 3922 ipse
1648 3852 1898 3908 dicebat:

331 3947 442 4017 Ego
470 3950 695 4002 animum
725 3963 889 4002 meam
919 3964 1011 4019 pro
1033 3947 1205 4000 avibus
1234 3962 1368 4017 pono
1395 3943 1573 4016 (Joan.
1604 3944 1683 4014 ι).
1714 3944 1901 3998 Valen-

332 4040 425 4094 tini
456 4039 579 4094 item
634 4049 689 4095 et
732 4040 1037 4107 Marcionis,
1084 4037 1605 4106 Manichaeorumque
1634 4050 1697 4092 ac
1728 4038 1742 4067 ¹
1774 4050 1903 4107 gen-

333 4127 498 4183 tilium
530 4130 785 4184 innovare
814 4129 895 4184 vis
920 4130 1185 4199 dogmata.
1217 4128 1274 4185 Si
1304 4128 1446 4183 enim
1490 4126 1632 4182 Deus
1678 4134 1782 4191 est,
1813 4126 1902 4195 qui

334 4221 670 4276 divisibiliter
702 4231 861 4291 atque
907 4222 1326 4277 substantialiter
1353 4231 1436 4277 est
1463 4229 1727 4287 mortuus,
1761 4219 1907 4273 simi-

339 4311 463 4365 liter
514 4321 726 4367 sanctus
756 4311 986 4382 Spiritus
1013 4314 1172 4378 Deus,
1222 4320 1276 4368 et
1323 4314 1436 4383 ipse
1481 4312 1814 4368 divisibiliter
1844 4326 1907 4365 ac

334 4401 756 4459 substantialiter
784 4405 1117 4470 invenietur;
1150 4404 1332 4475 sicque
1361 4406 1510 4475 juxta
1537 4414 1678 4459 tuam
1707 4412 1762 4459 et
1792 4404 1912 4457 illo-

334 4506 451 4547 rum
501 4495 782 4559 rationem,
813 4506 919 4551 tres
967 4496 1040 4550 dii
1083 4505 1261 4562 erunt,
1314 4512 1375 4550 ac
1406 4512 1502 4566 per
1528 4497 1632 4551 hoc
1672 4495 1906 4565 plurium

2008 3286 2261 3365 ἀπόφασιν
2286 3296 2374 3350 τήν
2405 3293 2506 3347 άπὸ
2530 3300 2620 3347 τοῦ
2646 3297 2775 3345 Θεοῦ
2800 3291 2910 3345 κατ’
2933 3293 3085 3346 αὐτοῦ
3117 3293 3496 3361 ἐπενεχθεῖσαν,
3531 3295 3579 3346 ἐν

2008 3383 2230 3459 ᾖήμέρᾳ
2264 3384 2448 3458 ἔφαγεν
2496 3385 2595 3439 άπὸ
2628 3392 2714 3439 τοῦ
2755 3383 2905 3448 ξύλου
2942 3390 3031 3440 τοῦ
3074 3388 3394 3458 γινώσκοντος
3435 3387 3579 3441 καλὸν

2006 3478 2092 3529 καὶ
2111 3478 2350 3550 πονηρὸν,
2375 3478 2423 3529 ίν
2450 3478 2579 3549 αὐτῇ
2608 3476 2882 3533 ἐθανατώθη
2913 3475 3170 3545 ψυχικῶς·
3197 3476 3221 3529 ὸ
3247 3480 3345 3552 γάρ
3368 3482 3457 3529 τοῦ
3481 3480 3580 3529 σὼο

2006 3589 2167 3637 ματος
2208 3571 2361 3622 αὐτοῦ
2391 3570 2598 3625 θάνατος
2630 3570 2796 3639 γέγονε
2831 3569 2960 3637 μετὰ
2998 3566 3285 3622 ίννεακόσια
3320 3570 3404 3620 καί
3437 3568 3581 3640 τριά-

2006 3680 2154 3749 κρντα
2180 3658 2286 3717 ἔτη.
2318 3658 2373 3710 '0
2401 3663 2563 3711 τοίνυν
2592 3660 2713 3717 Θεὸς
2741 3660 2847 3726 οὐχ
2885 3658 3111 3726 ἡμιτελὲς
3139 3661 3195 3712 τὸ
3233 3657 3392 3733 δῶρον
3421 3660 3579 3713 αὐτοῦ

2007 3744 2261 3811 ἐποίησεν,
2280 3747 2383 3802 ἀλλ’
2409 3746 2515 3800 ὅλον
2546 3747 2671 3814 ὁμοῦ
2696 3746 2779 3799 τὸν
2799 3744 2959 3815 ’Δδάμ
2984 3749 3035 3800 ἐκ
3061 3752 3257 3820 μήτρας
3279 3751 3578 3823 παρθενικῆς

2005 3839 2264 3901 ἀνέλαϐεν,
2294 3840 2374 3890 ἵνα
2410 3841 2491 3891 καί
2520 3837 2623 3889 ὅλον
2662 3838 2744 3889 τὸν
2777 3836 3070 3891 ἀπολωλότα
3103 3836 3357 3909 διασώσῃ·
3395 3837 3469 3891 διὸ
3498 3843 3584 3893 καί

2011 3930 2182 4002 ἔλεγεν
2212 3930 2236 3983 ὸ
2272 3931 2472 4003 Κύριος,
2506 3931 2627 4000 Ἐγώ
2660 3933 2749 3986 τήν
2775 3928 2953 3998 ψυχήν
2992 3949 3087 3998 μου
3122 3930 3291 3998 τίθημι
3327 3928 3459 4003 ὑπὲρ
3488 3936 3585 3981 τῶν

2011 4025 2283 4099 προϐάτων
2312 4020 2497 4093 (Ἰωὰν.
2524 4021 2579 4090 x)
2599 4037 2611 4050 '
2643 4022 2902 4095 κρατύνειν
2929 4018 2982 4073 δὲ
3014 4021 3182 4089 βούλει
3211 4023 3289 4073 καί
3321 4020 3588 4074 Οὐαλεντί-

2013 4139 2134 4182 νου,
2165 4120 2247 4170 καί
2271 4119 2598 4188 Μαρκίωνος,
2628 4116 2923 4182 Μανιχαίων
2960 4132 3012 4165 τε
3035 4151 3047 4173 ,
3083 4116 3161 4163 καὶ
3202 4109 3585 4175 Βασιλιδιανῶν,

2014 4207 2093 4264 ἔτι
2134 4212 2227 4278 μήν
2262 4210 2342 4260 καί
2377 4205 2609 4262 Ἑλλήνων
2646 4205 2711 4257 τά
2741 4202 3112 4278 θρησκεύματα.
3156 4202 3212 4254 Ei
3254 4203 3354 4275 γάρ
3400 4203 3523 4259 Θεὸς
3561 4199 3590 4254 ὸ

2017 4301 2279 4355 ἀποθανὼν
2309 4297 2599 4371 διαιρετῶς,
2635 4295 2720 4346 καί
2754 4290 3035 4357 οὐσιωδῶς,
3068 4293 3312 4351 ὡσαύτως
3340 4288 3393 4344 δὲ
3418 4293 3504 4344 καί
3530 4292 3589 4345 τὸ

2022 4391 2160 4464 ἅγιον
2191 4396 2386 4461 Πνεῦμα
2415 4389 2567 4451 Θεὸς,
2604 4387 2687 4438 καί
2716 4384 2841 4438 αὐτὸ
2870 4380 3163 4453 διαιρετῶς,
3189 4382 3271 4433 καί
3300 4377 3553 4438 ούσιωδῶς
3572 4393 3588 4408 ⁸

2024 4484 2404 4558 εὒρεθήσονται,
2442 4481 2510 4538 ὡς
2543 4477 2670 4531 κατὰ
2707 4474 2793 4529 τὸν
2834 4474 2923 4527 σὸν
2952 4474 3040 4526 καί
3076 4473 3160 4524 τὸν
3199 4471 3390 4522 ἐκείνων
3420 4469 3590 4539 λόγον,

334 4582 562 4635 deorum
591 4582 879 4637 invalescet
904 4598 1053 4639 error
1079 4603 1090 4636 :
1118 4597 1480 4654 quantumque
1506 4586 1557 4639 in
1580 4594 1633 4640 te
1661 4594 1763 4651 est,
1789 4600 1907 4641 ενοι

2017 4554 2155 4652 τρεῖς
2180 4575 2313 4639 Θεοί,
2344 4574 2428 4626 καί
2454 4568 2539 4625 διά
2566 4574 2718 4624 τοῦτο
2739 4565 3128 4641 κρατννθήσεται
3151 4568 3241 4619 τῆς
3267 4554 3534 4617 πολυθεῖἀς
3562 4560 3590 4614 ri
3620 4616 3621 4619 η

337 4668 584 4726 cuabitur
626 4669 757 4723 illud
796 4688 808 4721 :
850 4671 987 4723 Audi
1038 4673 1236 4739 Israel,
1288 4674 1539 4727 Dominus
1588 4675 1725 4731 Deus
1767 4686 1903 4743 tuus,

302 4750 592 4814 vD'ominus
640 4775 771 4814 unus
813 4768 884 4813 est
928 4759 1105 4831 (Deut.
1138 4762 1237 4831 tv).
1284 4762 1410 4816 Item
1455 4764 1593 4831 quod
1638 4766 1711 4819 ait
1758 4766 1909 4820 Jere-

278 4856 284 4931 γ
340 4852 522 4906 mias:
572 4849 674 4905 Hic
724 4851 864 4906 Deus
910 4858 1100 4917 noster,
1149 4867 1251 4905 non
1289 4854 1608 4920 reputabitur
1663 4857 1797 4908 alius
1839 4856 1908 4908 ad

342 4958 455 4997 eum
491 4940 740 5013 (Baruch.
786 4942 893 5012 111).
942 4940 1204 4999 Similiter
1241 4952 1297 4997 et
1339 4943 1593 4999 Dominus
1641 4963 1656 5001 :
1706 4946 1774 5000 Ut
1826 4963 1915 5000 co-

286 5038 287 5041 ‘
342 5040 588 5103 gnoscant
617 5039 666 5085 te
692 5032 858 5085 solum
882 5048 1052 5086 verum
1091 5030 1258 5087 Deum
1285 5032 1463 5102 (Joan.
1490 5034 1644 5104 xvn).
1670 5035 1910 5103 Cumque

343 5121 617 5190 Scriptura
646 5136 810 5177 unum
842 5123 1030 5191 Deum,
1063 5131 1303 5179 sanctam
1334 5134 1389 5179 et
1434 5123 1757 5179 individuam
1785 5125 1915 5178 Tri—

344 5215 565 5270 nitatem
598 5216 871 5291 praedicet,
895 5226 949 5270 tu
978 5225 1032 5271 et
1058 5216 1111 5270 hi
1142 5217 1230 5285 qui
1252 5224 1376 5271 ante
1415 5223 1468 5269 te
1496 5214 1707 5269 fuerunt
1736 5215 1918 5271 haere—

344 5306 590 5374 siarchas,
642 5314 751 5361 tres
805 5305 942 5361 Deos
987 5306 1347 5375 dogmatizare
1395 5305 1513 5360 ausi
1557 5306 1709 5370 estis,
1747 5306 1917 5361 alium
1982 5359 1995 5372 ,

346 5398 558 5468 quidem
609 5384 848 5454 dicentes
877 5396 1043 5451 Deum
1091 5397 1300 5453 Patrem
1350 5406 1543 5465 praeter
1587 5396 1815 5463 Filium,
1856 5405 1921 5451 et.
1976 5456 1983 5469 .

347 5491 508 5546 alium
538 5492 704 5547 Deum
732 5489 924 5545 Filium
954 5496 1147 5557 praeter
1171 5487 1381 5544 Patrem
1403 5506 1418 5555 ;
1441 5502 1729 5559 rursusque
1746 5489 1921 5543 alium.
1970 5524 1998 5561 ρ

350 5582 516 5639 Deum
545 5583 799 5652 Spiritum
836 5589 1077 5635 sanctum
1124 5587 1319 5647 praeter
1348 5579 1555 5635 Patrem
1587 5586 1644 5634 et
1689 5577 1914 5634 Filium.
1943 5636 1956 5652 λ

428 5778 446 5810 ⁸
470 5773 654 5831 Graeca
685 5767 861 5824 versio
878 5763 1025 5820 addit
1050 5760 1411 5816 Basilidianos.

516 5871 783 5931 PATIOL.
830 5862 1057 5924 LVIII.

2019 4648 2199 4729 πλάνη,
2218 4668 2302 4719 καί
2318 4662 2436 4717 ὅσον
2458 4661 2540 4713 ἐπὶ
2554 4661 2656 4718 σοὶ,
2679 4652 3031 4709 διεσκέδασται
3052 4649 3132 4715 τό,
3148 4648 3347 4710 Ἄκουε,
3369 4648 3591 4722 Ἰσραήλ,

2021 4764 2202 4834 Κύριος
2223 4757 2249 4811 ὸ
2274 4756 2393 4814 Θεὸς
2412 4773 2531 4817 σου,
2553 4750 2740 4823 Κύριος
2760 4743 2831 4806 εἷς
2857 4748 2969 4801 ἐστι
2992 4743 3218 4819 (Δευτερ.
3246 4741 3339 4812 IV)'
3365 4744 3445 4795 καὶ
3468 4739 3593 4815 ὅπερ

2024 4851 2193 4922 ἔλεγεν
2223 4848 2249 4902 ὸ
2276 4847 2510 4918 Ἱερεμίας
2528 4856 2542 4870 ⁶
2569 4842 2745 4912 κύριος
2779 4837 2805 4891 ὸ
2832 4838 2955 4897 Θεὸς
2982 4838 3139 4906 ἡμῶν·
3167 4837 3221 4888 οὐ
3248 4834 3594 4922 λογισθήσεται

2024 4921 2197 5013 ἕτερος
2232 4937 2360 5007 πρὸς
2394 4932 2540 4987 αὐτόν
2580 4926 2834 5001 (Βαρούχ.
2864 4941 2919 4979 111
2940 4926 2957 4993 )
2978 4942 2991 4955 ⁸
3025 4925 3209 4996 ὁμοίως
3243 4921 3296 4978 δὲ
3330 4921 3356 4974 6
3385 4922 3591 5013 Κύριος,

2020 5028 2127 5084 Ἰνα
2144 5026 2431 5101 γινώσκωσί
2456 5043 2513 5078 σε
2539 5022 2621 5077 τὸν
2645 5021 2793 5091 μόνον
2818 5016 3037 5076 ἀληθινὸν
3054 5014 3175 5070 Θεόν
3207 5014 3391 5082 (Ὶωὰν.
3424 5022 3531 5061 XVII

2024 5096 2222 5178 καὶτῆς
2258 5119 2393 5174 θείας
2418 5121 2645 5187 Γραφῆς,
2688 5112 2777 5165 ἕνα
2811 5109 2931 5164 Θεὸν
2971 5112 3059 5164 τήν
3094 5105 3242 5177 ἁγίαν
3276 5096 3466 5174 Τριάδα
3510 5101 3596 5153 καί

2026 5210 2326 5286 ἀδιαίρετον,
2351 5205 2723 5277 κηρυττούσης,
2744 5204 2809 5255 σὺ
2832 5199 2980 5254 καὶοὶ
3000 5198 3100 5273 πρὸ
3136 5201 3227 5248 σοῦ
3262 5190 3597 5268 αἰρεσιάρχαι
3678 5253 3695 5271 .

2003 5281 2178 5378 ’τρεῖς
2198 5301 2349 5356 Θεούς
2386 5293 2745 5366 ἐδογματίσατε
2764 5308 2776 5320 '
2807 5288 2948 5345 ἄλλον
2979 5290 3067 5357 μίν
3103 5286 3328 5355 λέγοντες
3360 5282 3482 5337 Θεὸν
3508 5281 3596 5378 τὸν

2028 5365 2229 5463 ῐίατίρα
2264 5387 2402 5463 παρά
2432 5389 2514 5439 τὸν
2546 5382 2685 5447 Υίόν,
2717 5383 2799 5436 καί
2832 5380 2999 5453 ἕτερον
3031 5376 3153 5430 Θεὸν
3190 5374 3274 5427 τὸν
3317 5372 3425 5426 Υίὸν
3459 5365 3598 5438 παρά

2030 5484 2117 5537 τὸν
2148 5482 2372 5554 πατέρα’
2406 5478 2486 5531 καὶ
2514 5474 2661 5530 πάλιν
2691 5468 2831 5526 ἄλλον
2861 5467 3002 5530 Θεὸν,
3033 5467 3091 5519 τὸ
3121 5470 3314 5533 Πνεῦμα
3337 5463 3393 5513 τὸ
3423 5457 3597 5525 ἅγιον,

2031 5576 2169 5643 παρὰ
2194 5572 2278 5626 τὸν
2304 5570 2503 5641 Πατέρα
2528 5566 2611 5621 καί
2643 5564 2727 5618 τὸν
2755 5561 2865 5615 Υίὸν
2883 5576 2895 5589 ⁸
2928 5558 3012 5611 καί
3042 5555 3125 5609 τὸν
3156 5554 3244 5621 μὲν
3277 5548 3474 5614 θνητὸν,
3504 5544 3592 5599 καὶ

3245 5806 3329 5885 29
