4096 6342
335 264 436 323 909

1524 267 1875 327 Ειηδτοιιε
1915 270 2000 327 ΕΤ
2041 267 2380 331 DECRETA.

3486 292 3591 355 910

339 380 450 451 ipse
471 376 893 445 Dominus,”nunc
920 379 1131 448 quidem
1157 380 1207 434 in
1236 378 1521 451 Evangelio
1544 382 1625 437 his
1651 384 1741 453 qui
1764 385 1817 440 in
1842 401 1901 442 se

2025 390 2061 442 ηό
2092 384 2245 461 ὄνομά
2269 414 2361 445 σου
2394 402 2496 455 τοῖς
2519 386 2742 469 ἀδελφοῖς
2768 418 2866 468 μου
2893 416 2912 452 1
2930 398 3075 470 (Ψαλ.
3104 403 3233 473 ut).
3264 402 3407 463 Πόθεν
3426 409 3478 465 δὲ
3505 418 3593 475 καὶ

337 469 672 528 crediderant
729 470 912 525 dicens
955 488 968 523 :
1020 469 1131 541 Ego
1178 487 1291 525 sum
1341 474 1485 541 uitis,
1534 489 1615 528 vos
1677 477 1909 544 palmites

336 561 509 635 (Joan.
553 563 680 631 xv);
736 577 879 617 nunc
927 570 1103 618 autem
1159 563 1209 617 in
1261 562 1486 620 Psalmis
1530 582 1543 618 :
1582 568 1910 622 Annuntiabo

336 675 516 714 nomen:
558 666 702 711 tuum
739 658 983 728 fratribus
1023 660 1143 713 meis
1167 658 1341 729 (Psal.
1374 661 1506 729 XXI).
1542 661 1692 718 Unde
1736 671 1911 719 autem

336 752 429 806 tibi
474 761 580 806 tam
630 750 856 820 pessima
904 753 1150 822 superbia
1195 754 1485 823 subrepere
1521 757 1715 825 potuit,
1765 766 1823 812 ut
1863 766 1913 813 te

335 844 463 913 ipsis
489 857 702 913 quoque
740 844 939 898 sanctis
968 846 1171 914 angelis
1206 847 1673 917 inlelligentiorcm
1701 851 1913 919 sapien-

337 936 632 1005 tioremque
658 936 903 1005 putares?
926 937 1097 1006 Super
1122 938 1202 992 his
1219 939 1533 1008 ingemisco,
1554 943 1605 994 in
1625 942 1701 994 liis
1726 941 1913 1012 plango

333 1026 561 1081 inimicos
589 1028 754 1081 crucis
784 1027 991 1092 Christi,
1022 1043 1237 1094 quorum
1271 1030 1391 1097 ﬁnis
1420 1032 1660 1099 perditio,
1702 1041 1747 1084 et
1790 1046 1915 1101 quo-

333 1138 444 1175 rum
478 1120 618 1176 Deus
658 1131 829 1174 venter
856 1131 948 1186 est,
995 1130 1041 1173 et
1080 1121 1245 1193 gloria
1279 1124 1331 1176 in
1373 1125 1665 1191 confusione
1692 1125 1914 1194 ipsorum

335 1210 555 1283 (Philip.
581 1211 682 1281 ιιι).
705 1211 819 1267 Non
841 1212 1086 1281 cogitasti
1109 1214 1247 1282 quod
1272 1214 1631 1269 scandalizare
1648 1217 1728 1269 vel
1749 1231 1915 1270 unum

334 1302 506 1358 solum
532 1317 597 1357 ex
620 1301 705 1358 his
731 1301 821 1371 qui
841 1301 1065 1357 credunt
1090 1303 1144 1357 in
1167 1303 1448 1359 Dominum
1469 1314 1710 1360 nostrum
1731 1304 1914 1361 lesum

334 1391 627 1459 Christum,
652 1409 810 1465 quam
831 1394 979 1462 gravi
1008 1395 1266 1450 cruciatui
1294 1396 1417 1451 facit
1448 1396 1778 1451 obnoxium?
1807 1397 1910 1453 Sed

338 1485 570 1550 incaute,
603 1496 661 1539 ut
687 1499 911 1556 serpens
942 1486 1086 1553 Evae,
1130 1499 1182 1541 tu
1211 1488 1325 1557 ipse
1354 1502 1565 1559 quoque
1591 1490 1791 1545 erroris
1822 1504 1915 1544 ve-

340 1591 480 1632 nena
530 1577 860 1631 multitudini
909 1578 1142 1634 ﬁdelium
1186 1588 1347 1648 atque
1398 1582 1613 1635 auribus
1659 1581 1915 1646 infudisti,

340 1670 689 1740 traditamque
714 1671 782 1725 ab
808 1671 1015 1741 angelis
1038 1672 1431 1727 sanctissimam
1460 1672 1780 1728 laudationis
1809 1673 1919 1727 for-

2016 482 2045 539 η
2087 485 2309 541 τοσαύτη
2353 486 2566 545 κακίστη
2614 484 2781 543 ἔννοια
2824 490 3149 563 ὑπεισῆλθεν,
3199 497 3328 553 ὥστε
3375 506 3591 561 σεαυτὸν

2017 578 2101 629 καί
2151 581 2249 628 τῶν
2290 574 2441 645 ἀγίων
2497 578 2714 649 ἀγγέλων
2753 583 3146 660 εὐσυνετώτερον
3185 593 3268 643 καί
3309 596 3593 670 σοφώτερον

2014 664 2342 739 λογίσασθαι;
2376 665 2454 719 Ἐν
2479 671 2677 731 τούτοις
2703 671 2873 739 κλαίω,
2899 675 2946 728 ἐν
2970 675 3168 739 τούτοις
3199 664 3443 758 ὀδύρομαι
3472 664 3613 752 τούςπ

2015 759 2237 834 ἐχθροὺς
2267 766 2357 814 τοῦ
2382 769 2607 837 σταυροῦ
2634 770 2720 818 τοῦ
2752 774 2992 839 Χριστοῦ,
3020 765 3085 824 ὧν
3104 772 3161 825 τὸ
3181 775 3320 836 τέλος
3349 777 3589 851 ἀπώλεια,

2018 846 2082 903 ὧν
2115 850 2139 905 ό
2167 853 2285 912 Θεὸς
2325 854 2352 909 η
2385 854 2540 909 κοιλία
2564 897 2576 918 ,
2612 858 2694 909 καί
2733 858 2762 914 ἡ
2798 856 2918 921 δόξα
2957 861 3004 913 ἐν
3052 870 3114 934 τῇ
3156 867 3382 937 αἰσχύνῃ
3430 874 3595 930 αὐτῶν

2016 934 2199 1004 (Φιλιπ.
2236 934 2335 1003 111).
2361 938 2459 991 Οὐκ
2484 940 2759 1003 ἐνενόησας,
2786 940 2863 997 ότι
2893 946 2948 998 τό
2976 928 3307 1007 σκανδαλὶσαι
3334 928 3418 1011 καὶ
3446 958 3594 1025 μόνον

2018 1027 2103 1080 ἕνα
2132 1034 2229 1082 τῶν
2256 1033 2601 1085 πιστεύοντων
2643 1036 2711 1092 εἰς
2740 1034 2820 1088 τὸν
2869 1035 3043 1109 κύριον
3078 1041 3214 1110 ἡμῶν
3250 1042 3446 1101 Ἰησοῦν
3478 1060 3596 1122 Χρι-

2018 1120 2159 1179 στόν,
2193 1121 2433 1192 ἀφόρητον
2480 1121 2595 1192 ἔχει
2630 1130 2719 1183 τὴν
2759 1127 3120 1197 ἀγανάκτησιν
3151 1133 3428 1198 ἀλλόὗτως
3458 1142 3595 1197 ἀπα-

2018 1211 2368 1281 ραφνλάκτως,
2404 1215 2628 1288 καθάπερ
2660 1216 2684 1270 ὁ
2715 1212 2819 1287 ὄφις
2846 1228 2905 1291 τῇ
2933 1220 3037 1295 Εῧᾳ
3055 1264 3066 1285 ,
3097 1224 3180 1278 καί
3209 1228 3355 1288 αὐτὸς
3384 1232 3464 1285 τὸν
3492 1238 3600 1290 υἱὸν

2018 1309 2109 1361 τῆς
2136 1304 2336 1364 ἀπάτης
2358 1313 2429 1379 τῷ
2451 1308 2620 1365 πλήθει
2649 1317 2747 1364 τῶν
2770 1319 2965 1366 πιστῶν
2996 1323 3109 1374 ταῖς
3144 1318 3322 1379 ἀκοαῖς
3353 1322 3597 1395 ἐπέχεας,

2019 1397 2102 1447 καὶ
2143 1396 2227 1449 τὸν
2272 1397 2617 1472 παραδοθέντα
2662 1402 2775 1471 ἡμῖν
2819 1403 2907 1457 ὐπ’
2924 1404 3144 1478 ἀγγέλων
3180 1414 3440 1486 τρισάγιον
3466 1410 3603 1471 αἶνον

2020 1486 2303 1553 ἐνόθευσας,
2353 1490 2601 1559 ἐνθέμενος
2642 1492 2688 1544 ἐν
2730 1490 2899 1565 αὐτῷ,
2934 1506 2988 1550 ‘0
3019 1503 3331 1576 σταυρωθεὶς
3372 1501 3595 1575 διἠμᾶς.

2020 1574 2147 1650 ’Δρα
2172 1581 2256 1633 οὐκ
2281 1583 2541 1643 ἔνενόησας
2573 1586 2910 1664 ἀσεϐέστερον
2940 1594 3130 1647 σαυτὸν
3160 1594 3442 1672 ὁριζόμενος
3469 1603 3602 1653 Παύ-

2019 1671 2105 1724 λου
2145 1678 2235 1726 τοῦ
2281 1678 2645 1744 Σαμοσατέως,
2682 1683 2766 1735 καί
2806 1691 3079 1746 Φωτεινοῦ,
3111 1690 3193 1739 καί
3236 1687 3471 1761 ’Λρτεμᾶ,
3505 1699 3602 1745 τῶν

337 1776 475 1816 mam
506 1762 813 1831 corrupisti,
856 1762 1102 1817 inserens
1139 1763 1216 1817 illi
1247 1780 1261 1817 :
1294 1761 1394 1830 Qui
1435 1764 1706 1832 cruciﬁxus
1741 1780 1791 1817 es
1830 1781 1921 1835 pro

2026 1760 2117 1816 δύο
2142 1764 2283 1824 υἱοὺς
2309 1775 2399 1820 τοῦ
2432 1774 2557 1822 Θεοῦ
2591 1768 2921 1844 ὁρισαμένων,
2947 1777 3033 1830 ἕνα
3059 1784 3379 1851 προαιὼνιον,
3408 1785 3494 1836 καὶ
3517 1782 3603 1840 ἕνα

335 1853 500 1908 nobis.
527 1854 737 1924 Ergone
765 1869 869 1908 non
899 1855 1175 1910 advertisti
1201 1858 1338 1923 quod
1365 1857 1584 1912 Paulum
1614 1858 1916 1913 Samosata-

338 1962 486 2014 num,
517 1946 908 2017 Photinumque
936 1959 989 2003 et
1018 1949 1314 2004 Artemium
1346 1952 1617 2019 impietate
1647 1962 1918 2007 transcen-

337 2041 543 2110 dis,qui
571 2039 707 2095 duos
737 2042 829 2096 Dei
859 2041 1000 2096 filios
1028 2051 1341 2112 posuerunt,
1375 2059 1535 2097 unum
1562 2044 1772 2113 quidem
1795 2054 1917 2099 ante

260 2190 265 2195 ,
337 2135 555 2197 saecula,
580 2134 806 2189 alterum
835 2149 966 2190 vero
1010 2135 1222 2190 novitcr
1252 2144 1454 2201 natum,
1487 2151 1606 2189 cum
1643 2136 1755 2205 ipse
1783 2151 1917 2205 quo-

300 2266 301 2269 η
336 2234 441 2293 que
476 2224 722 2279 Trinitati
768 2225 1044 2281 invexeris
1083 2227 1459 2294 pluralitatem,
1493 2226 1627 2280 duos
1659 2226 1754 2281 Dei
1785 2226 1919 2281 ﬁlios

337 2316 542 2381 dicens,
581 2332 743 2371 unum
784 2317 996 2385 fortem,
1043 2319 1269 2372 alterum
1320 2317 1676 2373 cruciﬁxum?
1722 2317 1921 2373 Adhzec

298 2456 303 2462 .
336 2409 706 2465 ﬁdelissimum
738 2408 934 2465 Christi
967 2425 1180 2480 gregem
1226 2412 1276 2464 in
1309 2409 1582 2464 Manichaei
1614 2409 1919 2479 opinionem

336 2502 673 2571 pmcipitare
696 2501 976 2556 contendis
992 2542 1007 2566 ,
1030 2502 1120 2571 qui
1144 2503 1158 2532 ¹
1186 2501 1440 2571 Spiritum
1467 2509 1707 2555 sanctum
1730 2499 1921 2554 asserit

336 2593 672 2649 cruciﬁxum.
702 2594 832 2648 Nam
864 2593 1008 2663 quod
1039 2604 1157 2663 post
1180 2594 1331 2660 illud,
1364 2600 1565 2647 sanctus
1593 2594 1919 2657 immortalis,

336 2686 478 2755 quod
502 2695 588 2755 est
617 2687 848 2756 Spiritus
872 2695 1107 2752 sanctus,
1154 2694 1279 2741 tunc
1306 2686 1492 2749 infers,
1528 2687 1629 2751 Qui
1657 2704 1748 2757 pro
1780 2688 1922 2741 nobis

334 2778 612 2843 cruciﬁxus
650 2793 722 2841 es,
766 2778 1001 2830 miserere
1027 2776 1212 2842 nobis;
1239 2777 1775 2848 quaternitatemque,
1817 2792 1922 2831 non

336 2866 679 2933 Trinitatem,
727 2868 921 2938 populo
967 2869 1241 2925 insinuare
1281 2870 1501 2925 videris.
1547 2870 1751 2939 Nempe
1778 2870 1820 2923 si
1851 2884 1920 2924 ex

334 2956 570 3013 humana
620 2959 904 3014 traditione
950 2970 1221 3016 manasset
1264 2961 1379 3015 haec
1426 2962 1566 3027 laus,
1608 2975 1712 3014 non
1745 2962 1814 3014 ita
1844 2961 1924 3013 in-

333 3056 495 3104 caute
519 3064 734 3103 crucem
766 3049 1036 3105 insereres
1062 3051 1225 3113 laudi,
1258 3049 1310 3103 in
1348 3064 1449 3118 qua
1482 3049 1575 3102 lilii
1618 3050 1919 3119 appellatio,

331 3143 487 3210 [ortis
517 3140 745 3203 scilicet,
762 3143 991 3208 ponitur.
1014 3141 1277 3208 Quoniam
1306 3155 1435 3195 vero
1456 3142 1523 3195 ab
1543 3142 1746 3209 angelis
1772 3143 1924 3199 nobis

331 3230 454 3284 laus
478 3231 580 3283 ista
608 3228 880 3296 proﬂuxit,
912 3230 1001 3299 qui
1037 3240 1162 3285 ante
1205 3245 1421 3286 crucem
1469 3230 1737 3295 dicebant,
1786 3232 1923 3286 Sau-

329 3330 465 3385 ctus,
491 3330 718 3385 sanctus,
748 3329 953 3374 sanctus
974 3321 1131 3394 (lsai.
1161 3322 1275 3393 vr);
1308 3320 1447 3377 sicut
1469 3324 1737 3392 respicere
1765 3322 1925 3378 Isaias

330 3411 571 3474 meruit;
628 3422 747 3479 post
790 3427 1001 3467 crucem
1047 3428 1174 3468 vero
1225 3428 1346 3469 cum
1395 3413 1553 3468 laude
1582 3414 1922 3469 clamabant:

334 3502 567 3556 Sanctus
627 3501 782 3566 Deus,
847 3512 1051 3557 sanctus
1109 3504 1285 3573 fortis,
1339 3514 1545 3559 sanctus
1598 3507 1920 3560 immortalis.

335 3599 363 3630 ι
386 3591 634 3661 Denique
664 3607 785 3647 cum
818 3601 1129 3648 terraemotu
1161 3594 1650 3664 Constantinopolis
1681 3606 1923 3665 quatere-

334 3695 455 3753 tur,
499 3686 833 3755 populusque
878 3688 931 3740 in
979 3702 1169 3756 campo
1210 3696 1411 3751 oraret,
1458 3689 1773 3753 infantulus,
1816 3698 1925 3740 toto

333 3778 537 3848 popqu
580 3786 855 3847 spectante
892 3792 1014 3833 cum
1062 3778 1252 3833 Proclo
1284 3778 1513 3832 civitatis
1555 3779 1829 3847 episcopo,
1873 3778 1926 3831 in

334 3876 537 3929 malum
569 3888 661 3940 per
682 3888 841 3926 unam
866 3872 1051 3927 horam
1079 3880 1265 3940 raptus
1290 3880 1392 3937 est,
1419 3870 1599 3939 ibique
1622 3869 1924 3939 hujusmodi

334 3964 525 4020 didicit
571 3966 850 4033 hymnum.
898 3963 1235 4031 Rursumque
1266 3961 1622 4026 descendens,
1667 3962 1928 4014 nuntiavit

334 4069 457 4124 quae
509 4054 560 4107 in
602 4052 804 4108 aethere
851 4053 1113 4117 audierat,
1156 4052 1340 4107 dicens
1379 4052 1448 4107 de
1488 4051 1624 4106 coelo
1676 4051 1826 4120 quasi
1860 4050 1929 4105 de

334 4144 680 4200 multitudine
698 4144 1384 4215 psallentium,hujusmodi
1415 4144 1599 4198 laudes
1628 4143 1929 4198 insonuisse

335 4234 561 4291 auribus
590 4236 722 4301 suis,
755 4237 1064 4306 dictumque
1092 4236 1196 4291 sibi
1224 4245 1417 4291 uteam
1447 4235 1808 4290 laudationem
1835 4249 1930 4304 po-

335 4328 470 4395 pulo
512 4326 792 4382 indicaret.
820 4328 988 4393 Quam
1032 4327 1122 4383 ubi
1153 4327 1329 4397 populi
1361 4328 1710 4396 incoeperant,
1744 4326 1931 4379 civita~

335 4422 449 4472 tein
478 4426 834 4483 receperunt;
867 4417 1082 4485 Deoque
1110 4431 1202 4485 per
1232 4416 1536 4485 hujusmodi
1566 4415 1773 4470 laudem
1805 4430 1930 4485 pro-

336 4506 479 4576 pitio
498 4478 671 4570 facto,
699 4507 765 4559 ab
788 4478 1083 4561 imminenti
1110 4478 1190 4562 ira
1212 4478 1421 4562 libdrati
1438 4516 1582 4561 sunt.
1597 4508 1662 4561 At
1688 4516 1741 4561 tu
1767 4522 1925 4576 quam
1954 4478 2013 4538 Β

336 4607 580 4665 temere,
613 4604 669 4649 ut
699 4595 1005 4663 Scripturas
1033 4597 1241 4652 divinas
1281 4599 1537 4668 reliquas,
1578 4600 1648 4653 ita
1676 4608 1728 4654 et
1763 4613 1927 4670 ange-

336 4688 522 4743 lorum
551 4684 763 4740 laudem
811 4694 1120 4755 pervertere
1148 4689 1567 4757 praesumpsisti?
1608 4690 1736 4755 Quis
1772 4690 1929 4759 igitur

337 4780 394 4834 in
431 4776 741 4847 huiusmodi
773 4792 881 4831 non
912 4777 1264 4846 ingemiscat?
1290 4780 1407 4847 quis
1434 4794 1541 4835 non
1570 4780 1928 4837 lamentetur?

338 4871 465 4940 quis
511 4867 666 4923 dolor
704 4868 899 4923 similis
941 4868 1265 4935 invenietur,
1311 4869 1448 4924 sicut
1486 4870 1639 4925 dolor
1677 4872 1932 4928 Ecclesiae

340 4960 557 5014 homini
586 4969 640 5017 et
664 4960 964 5018 Salvatoris
994 4960 1166 5017 nostri
1184 4959 1424 5017 Christi?
1448 4962 1709 5032 Conspice
1729 4974 1779 5021 te
1803 4981 1932 5020 con-

418 5131 443 5158 α
489 5123 611 5195 Hzec
636 5122 703 5177 de
735 5133 1039 5181 terrmmotu
1068 5138 1121 5182 et
1152 5128 1348 5195 trisagii
1380 5127 1691 5180 miraculosa
1722 5127 1933 5182 institu-

344 5193 495 5266 tione
519 5194 741 5266 historia
772 5198 990 5266 contigit
1014 5214 1155 5253 anno
1183 5193 1378 5251 Christi
1418 5197 1537 5250 446.
1583 5198 1936 5252 Meminerunt

344 5263 491 5335 illius
518 5262 751 5317 Marcell.
785 5265 837 5335 in
868 5262 1144 5331 Chronic.,
1177 5268 1398 5335 Niceph.
1430 5267 1522 5320 lib.
1557 5282 1665 5331 xw,
1693 5281 1809 5335 cap.
1839 5267 1928 5323 46.

344 5333 547 5406 anes
578 5334 687 5406 fere
716 5334 952 5406 episcopi
996 5339 1048 5390 in
1082 5333 1322 5406 epistolis
1364 5338 1473 5390 suis
1513 5352 1644 5406 quas
1674 5352 1703 5389 e
1728 5333 1932 5406 sj'nodo

345 5402 936 5475 constantintmolitana
966 5407 1064 5459 sub
1094 5402 1403 5475 pontiﬁcatu
1433 5402 1723 5461 Felicis'lll
1753 5402 1929 5461 habita

345 5472 415 5527 ad
441 5472 658 5528 Petrum
681 5471 958 5530 Fullonem
984 5471 1260 5539 miserunt,
1288 5479 1423 5531 hanc
1444 5492 1555 5530 rem
1586 5478 1719 5531 adeo
1742 5478 1933 5547 ingen-

346 5551 464 5601 tem
493 5556 817 5614 orn-temque
855 5553 1071 5614 captum
1099 5548 1384 5601 humanum
1424 5547 1637 5615 penitus
1679 5562 1937 5617 superan-

2016 1863 2239 1927 νεογενῆ
2274 1854 2350 1910 ὅτι
2399 1860 2482 1911 καί
2532 1862 2595 1913 σὺ
2644 1862 2960 1935 πλεονασμὸν
2998 1876 3058 1941 τῇ
3086 1866 3262 1943 Τριάδι
3305 1871 3486 1933 ἐνέθου,
3516 1871 3604 1927 δύο

2017 1948 2161 2007 υίούς
2210 1954 2297 2002 τοῦ
2347 1958 2475 2003 Θεοῦ
2522 1955 2697 2019 εἰπὼν,
2725 1957 2809 2009 ἕνα
2858 1958 3095 2035 ἰσχυρόν,
3123 1962 3205 2014 καί
3238 1960 3324 2015 ἕνα
3361 1984 3600 2037 σταυρω-

2018 2036 2176 2093 θέντα.
2207 2039 2323 2094 Ἐπὶ
2368 2044 2567 2101 τούτοις
2616 2043 2669 2098 δέ
2704 2050 2788 2099 καὶ
2835 2049 2904 2109 εἰς
2932 2046 3129 2103 ἔννοιαν
3156 2049 3186 2084 ’⁸
3216 2049 3353 2104 οἵεσα
3384 2048 3520 2124 ἄγειν
3546 2052 3604 2109 τό

2019 2131 2329 2188 πιστότατον
2356 2142 2576 2204 Χριστοῦ
2606 2142 2860 2207 ποίμνιον,
2891 2142 2957 2199 ὡς
2986 2139 3063 2196 ὅτι
3093 2144 3223 2198 κατά
3250 2147 3335 2199 τὸν
3365 2153 3456 2200 τοῦ
3488 2149 3603 2202 Μά-

2020 2244 2186 2284 νεντος
2224 2223 2385 2299 λόγον,
2413 2227 2469 2281 τό
2498 2226 2638 2301 ἅγιον
2668 2237 2866 2302 Πνεῦμα
2896 2232 3212 2306 ἐσταυρώθη⁵
3246 2239 3374 2306 μετά
3410 2240 3509 2312 γὰρ
3547 2232 3606 2294 τό

2022 2318 2199 2383 εἰπεῖν,
2228 2314 2396 2389 ’Δγιος
2427 2321 2691 2389 ἀθάνατος,
2724 2319 2848 2396 ὅπερ
2877 2322 2987 2378 ἐστὶ
3016 2326 3075 2379 τό
3106 2332 3305 2395 Πνεῦμα
3343 2327 3401 2380 τὸ
3445 2325 3606 2401 ἅγιον,

2021 2408 2129 2463 τότε
2158 2410 2381 2481 ἐπάγεις,
2413 2422 2466 2464 '0
2489 2415 2797 2488 σταυρωθεὶς
2837 2412 3073 2485 δι’ἡμᾶς,
3104 2415 3308 2473 ἐλέησον
3338 2418 3490 2487 ἡμᾶς·
3525 2422 3609 2476 καί

2024 2498 2242 2573 τετράδα
2263 2503 2317 2553 οὐ
2346 2501 2539 2577 Τριάδα
2568 2504 2783 2579 εὑρίσκῃ
2810 2505 2892 2559 τόν
2933 2505 3049 2559 λαόν
3092 2502 3417 2561 ἐκδιδάσκων.
3456 2512 3543 2563 Καὶ
3570 2513 3609 2563 εἰ

2024 2594 2113 2663 μέν
2158 2591 2208 2656 ἐξ
2249 2594 2559 2667 ἀνθρωπίνης
2601 2593 2935 2670 παραδόσεως
2983 2598 3223 2670 ὑπῆρχεν
3267 2597 3292 2651 ό
3332 2594 3494 2666 αἶνος,
3528 2603 3613 2655 καί

2026 2677 2187 2736 οὕτως
2212 2681 2342 2747 μετά
2368 2679 2724 2753 παραφυλακῆς
2751 2679 2809 2733 ἂν
2840 2680 2887 2732 ἐν
2915 2688 2985 2749 τῷ
3012 2685 3260 2754 τρισαγίῳ
3282 2683 3365 2737 τόν
3387 2684 3609 2758 σταυρόν

2025 2764 2226 2832 ἔθηκας,
2258 2766 2368 2822 ἔνθα
2396 2769 2426 2825 ἡ
2455 2776 2541 2821 τοῦ
2574 2769 2685 2821 υἱοῦ
2717 2773 3054 2846 προσηγορία,
3090 2772 3199 2831 ἥτις
3244 2773 3291 2824 ἐν
3332 2779 3403 2842 τῷ
3432 2796 3611 2850 τρισαο

2025 2859 2137 2926 γίῳ,
2168 2858 2404 2927 ἰσχυρός,
2430 2856 2643 2932 εἴρηται.
2671 2860 2846 2913 Ὁπότε
2868 2857 2921 2913 δέ
2947 2860 3269 2933 ὐπ’ἀγγέλωι
3297 2859 3322 2915 ό
3348 2864 3611 2936 τρισάγιος

2027 2946 2178 3010 οὗτος
2223 2946 2354 3009 αἶνος
2383 2954 2504 3021 ἡμῖν
2532 2948 2753 3014 ἐξεδόθη,
2786 2954 2833 3006 οἷ
2859 2973 2988 3012 τινες
3018 2954 3118 3029 πρὸ
3146 2956 3236 3025 μὲν
3264 2961 3355 3010 τοῦ
3383 2962 3612 3034 σταυροῦ

2028 3039 2219 3113 ἔλεγον,
2269 3038 2462 3113 Ἄγιος,
2515 3043 2689 3113 ἅγιος,
2739 3042 2881 3115 ἅγιος
2932 3042 3121 3111 (Ἧσαΐ.
3154 3045 3271 3113 γι),
3318 3048 3386 3106 ὡς
3430 3048 3613 3111 ἠξιώθη

1953 3117 1998 3180 C
2029 3132 2235 3191 Ἡσαΐας
2260 3133 2563 3197 θεάσασθαι,
2610 3136 2740 3202 μετὰ
2781 3131 2835 3187 δὲ
2873 3134 2957 3187 τὸν
3005 3134 3225 3208 σταυρὸν
3266 3135 3611 3208 ὑμνολογοῦν,

2028 3221 2197 3297 ’Δγιος
2235 3222 2260 3276 ὁ
2290 3225 2437 3288 Θεὸς,
2469 3222 2609 3296 ἅγιος
2651 3224 2905 3299 ἰσχυρὸς,
2939 3223 3081 3296 ἅγιος
3124 3227 3394 3290 ἀθάνατος,
3426 3229 3556 3283 ὥστε
3588 3222 3615 3283 ό

2028 3314 2203 3386 κομιδῇ
2229 3319 2410 3374 νήπιος
2431 3322 2580 3383 παῖς,
2616 3316 2878 3385 σειομένης
2904 3324 2995 3375 τῆς
3018 3317 3612 3383 Κωνσταντινουπόλεως,

2028 3410 2114 3461 καί
2142 3412 2232 3461 τοῦ
2264 3407 2385 3461 λαοῦ
2417 3409 2464 3461 ἐν
2488 3414 2560 3477 τῷ
2589 3408 2779 3479 κάμπῳ
2810 3408 3143 3473 ἱκετεύοντος,
3177 3411 3381 3484 ἡρπάγη
3426 3412 3495 3469 εἷς
3533 3409 3615 3463 τὸν

2030 3502 2203 3575 αἶθέρα
2235 3505 2303 3560 ὡς
2341 3501 2423 3553 ἐπὶ
2448 3502 2581 3574 ὥραν
2607 3504 2744 3571 μίαν,
2770 3507 2860 3555 τοῦ
2884 3500 3012 3572 ὁμοῦ
3037 3502 3258 3561 πλήθους
3287 3504 3613 3575 θεωροῦντος,

2029 3595 2107 3645 καί
2136 3588 2351 3663 Πρόκλου
2375 3596 2465 3645 τοῦ
2496 3598 2584 3650 τῆς
2606 3591 2798 3650 πόλεως
2829 3590 3121 3645 ἐπισκόπου·
3148 3595 3291 3663 κᾴκεῖ
3315 3593 3616 3662 μεμαθηκώς

2028 3684 2113 3738 τὸν
2143 3679 2295 3747 αἶνον,
2338 3686 2417 3736 καί
2448 3684 2592 3736 πάλιν
2640 3684 2980 3751 κατενεχθεὶς,
3021 3683 3319 3753 ἀπήγγειλεν
3352 3683 3483 3759 ἅπερ
3515 3683 3615 3739 ἐδι-

2030 3772 2201 3841 δάχθη
2230 3774 2278 3824 ἐν
2309 3780 2380 3843 τῷ
2408 3774 2578 3846 αἰθέρι,
2613 3773 2785 3835 εἰπὼν,
2814 3773 2863 3834 ἐξ
2893 3774 3129 3848 οὐρανῶν,
3164 3775 3230 3832 ὡς
3271 3774 3372 3827 ὑπό
3400 3775 3617 3837 πλήθους

2031 3864 2241 3928 πολλῶν,
2270 3864 2504 3937 φέρεσθαι
2526 3865 2595 3923 εἰς
2614 3865 2680 3917 τὰ
2702 3859 2809 3916 ὦτα
2830 3865 2990 3916 αὐτοῦ
3013 3864 3206 3918 ταύτην
3227 3869 3315 3921 τήν
3344 3863 3613 3933 ὐμνωδίαν,

2031 3959 2116 4009 καί
2145 3953 2221 4009 ὅτι
2258 3957 2433 4032 ἐρῤἡθη
2464 3957 2598 4024 αὐτῷ
2644 3957 2851 4018 ἐξειπεῖν
2880 3964 2952 4027 τῷ
2979 3955 3085 4027 λαῷ
3120 3952 3310 4013 ταύτην
3336 3962 3426 4014 τήν
3467 3958 3617 4027 ὑμνο-

2029 4046 2263 4118 λογίαν...
2290 4042 2691 4121 ἧςνέναρξάμενοι
2720 4047 2761 4099 οἱ
2784 4046 2897 4100 λαοί
2926 4049 3013 4103 τὴν
3033 4043 3181 4099 πόλιν
3210 4045 3502 4112 κατέλαϐον,
3534 4048 3617 4103 καί

2032 4139 2114 4191 τόν
2138 4139 2256 4190 Θεὸν
2296 4135 2376 4190 διὰ
2418 4144 2508 4196 τῆς
2554 4138 2797 4195 τοιαύτης
2838 4134 3091 4206 ὐμνῳδίας
3139 4135 3571 4206 ἐξευμενισάμενοι
3597 4180 3612 4203 ,

2033 4230 2388 4301 ἐλυτρώθησαν
2416 4234 2505 4286 τῆς
2546 4227 2859 4296 ἐπικειμένης
2890 4226 3059 4301 ὀργῆς.
3086 4227 3148 4277 Σὺ
3175 4222 3227 4279 δέ
3256 4222 3469 4296 ἀφειδῶς
3494 4247 3618 4281 κατ-

2034 4323 2329 4393 ετόλμησας,
2372 4323 2440 4379 ὡς
2480 4322 2573 4379 τὰς
2615 4320 2793 4378 λοιπὰς
2838 4318 2976 4376 θείας
3018 4319 3237 4390 Γραφάς,
3272 4321 3351 4372 καί
3387 4323 3474 4377 τήν
3518 4322 3617 4373 τῶν

2033 4414 2253 4486 ἀγγέλων
2282 4410 2534 4482 ὑμνῳδίαν
2560 4409 2888 4481 διαστρέψαι.
2918 4413 3005 4468 Τίς
3036 4402 3119 4462 οῦν
3143 4410 3199 4463 οὐ
3227 4412 3294 4480 μή
3326 4410 3543 4484 θρηνησῃ
3571 4410 3622 4467 ἓν

2033 4506 2269 4570 τούτοις
2312 4507 2389 4565 τίς
2424 4507 2479 4558 οὐ
2526 4509 2594 4576 μὴ
2642 4501 2893 4574 στενάξῃ;
2928 4499 3100 4556 ὁποῖον
3129 4497 3182 4555 δὲ
3226 4496 3374 4574 ἄλγος
3403 4502 3534 4556 κατά
3563 4500 3623 4557 τό

2034 4598 2182 4671 ἄλγος
2207 4605 2298 4656 τῆς
2322 4604 2414 4651 τοῦ
2443 4598 2619 4672 Κυρίου
2658 4598 2740 4647 καί
2767 4600 2996 4667 Σωτῆρος
3024 4592 3163 4660 ἡμῶν
3205 4598 3423 4668 Χριστοῦ
3451 4591 3624 4650 ἐκκλη-

2034 4694 2151 4751 σίας
2177 4690 2535 4765 εὑρεθήσεται;
2561 4689 2817 4759 θεωρῆσαι
2845 4683 2932 4737 τόν
2960 4681 3222 4753 ταχθέντα
3249 4687 3351 4753 φῶς
3380 4674 3499 4734 εἷναι
3524 4687 3624 4735 τῶν

2033 4784 2085 4835 ἐν
2127 4782 2329 4843 σκότει,
2362 4782 2443 4832 καὶ
2488 4776 2767 4833 παιδευτὴν
2808 4782 2909 4831 τῶν
2941 4772 3169 4850 ἀφρόνων
3211 4773 3399 4845 (Toup.
3427 4786 3486 4837 11,
3517 4770 3623 4840 5),

2034 4872 2218 4943 μᾶλλον
2241 4869 2287 4924 δ’
2300 4870 2583 4943 ἀφροσύνης
2613 4865 2943 4933 διδάσκαλον,
2971 4867 3056 4921 καὶ
3102 4866 3161 4922 τὸ
3206 4871 3307 4938 φῶς
3341 4865 3412 4923 εἰς
3450 4860 3627 4945 σκότος

2036 4966 2439 5035 μεταποιοῦντα’
2471 4962 2722 5035 θεωρῆσαι
2741 4960 2859 5019 τοὺς
2884 4958 3037 5018 λαοὺς
3053 4956 3174 5016 τοὺς
3200 4954 3338 5019 ἅπαξ
3357 4951 3628 5027 φωτισθέν-

2040 5136 2170 5193 tem,
2188 5123 2726 5199 magniticgntissiniis
2744 5122 3065 5199 testimoniis
3086 5120 3497 5199 conﬁrmarunt.
3517 5117 3632 5199 Hoc

2043 5190 2305 5265 trisagion'
2326 5199 2379 5252 in
2431 5196 2535 5251 line
2574 5194 2799 5265 actionis
2826 5195 3032 5265 prima:
3076 5190 3432 5265 decantatum
3458 5197 3541 5244 est
3579 5190 3633 5241 in

2042 5261 2270 5324 concilio
2313 5264 2756 5337 Chalcedonensi.
2794 5261 2982 5337 Crmci
3031 5270 3199 5337 totam
3248 5261 3527 5337 historiam
3556 5272 3633 5337 ἐκ

2041 5340 2259 5410 antiquo
2284 5354 2383 5393 suo
2407 5336 2731 5410 menologio,
2778 5334 2865 5410 die
2895 5349 2999 5402 quo
3028 5333 3451 5410 anniversariam
3482 5330 3634 5410 hujus

2042 5399 2818 5483 facti'memoriamrecolunt,
2848 5399 3160 5459 in'ecclesia
3192 5402 3402 5483 publice
3427 5399 3633 5483 legunt.

2047 5479 2532 5549 Verbantenologii
2555 5478 2827 5549 recensita
2852 5483 3065 5549 exstant
3090 5487 3254 5549 supra
3272 5477 3491 5549 ὶιιέξομε
3510 5479 3635 5549 φη·

2043 5532 2147 5605 cilii
2178 5532 2630 5606 Chalcedonensis
2662 5549 2713 5601 in
2752 5544 2862 5605 line
2896 5556 3000 5601 act.
3043 5544 3104 5613 1,
3137 5532 3304 5600 ν’θιίιο
3339 5532 3636 5607 Trisaglm.

434 5678 457 5717 ‘
477 5683 544 5743 Ut
572 5683 759 5744 Ariani
777 5684 918 5747 apud
948 5683 1340 5745 Theodoretum
1370 5687 1462 5744 lib.
1488 5703 1507 5743 ι
1536 5687 1675 5748 Hist.
1705 5689 1905 5749 eccles.
1929 5704 2051 5756 cap.
2076 5689 2135 5745 8.
2164 5689 2419 5746 HABM'IN.

2460 5814 2541 5833 νὴ
2558 5817 2575 5826 θ
2588 5820 2593 5827 <
2620 5820 2798 5836 νήει-ναμε,
