4096 6342
448 317 545 395 sit

1771 307 2034 366 FELlClS
2074 308 2275 366 mpm
2311 294 2380 366 ιιι

3609 292 3721 357 912

449 451 716 510 ειὶιιιιιιιῐι,
758 449 815 497 ut
842 441 912 494 sis
937 439 1105 493 lumen
1130 433 1209 487 his
1227 431 1315 503 qui
1340 431 1396 485 in
1426 427 1641 483 tenebris
1670 434 1810 489 sunt,
1840 434 1885 478 et
1915 440 2034 504 eru‘.

2158 451 2245 495 ἀς,
2277 431 2358 482 καί
2376 426 2520 481 καλὸν
2545 422 2893 499 γευσαμένους
2928 425 3056 475 Θεοῦ
3080 409 3240 496 ῥῆμα,
3262 423 3389 473 Θεοῦ
3410 416 3721 487 ἐντάλματα,

366 562 369 565 λ
450 543 586 597 ditor
617 534 963 607 insipientium
986 528 1162 600 (Rom.
1194 541 1252 595 ιι,
1283 522 1341 594 5)
1366 539 1381 579 :
1414 522 1522 578 imo
1551 519 1869 588 insipientia:
1895 533 2034 588 prae-

451 641 639 702 ceptor
666 642 745 694 es,
785 624 959 678 lucem
1000 620 1052 673 in
1095 617 1344 674 tenebras
1372 612 1720 670 transferens.
1764 610 1897 664 Vide
1924 624 1953 662 a
1985 617 2036 663 te

451 701 677 795 populos
707 714 876 773 semel
904 712 1256 778 illuminatos,
1282 708 1371 779 qui
1396 706 1533 762 liena
1562 710 1913 776 gustaverunt
1940 701 2040 756 Dei

450 816 639 879 verba,
682 809 778 866 Dei
821 806 1093 875 mandata,
1132 804 1226 859 Dei
1254 803 1587 873 prophetias,
1631 798 2041 870 praedicationes

449 907 574 974 Dei,
630 901 953 972 apostolicas
1002 897 1449 966 evangelicasque
1497 892 1792 957 doctrinas,
1841 889 1937 944 abs
1991 896 2043 942 te

454 995 691 1067 perverti
719 993 909 1063 magis,
939 1006 1003 1046 ac
1035 990 1215 1045 doceri
1246 1004 1352 1043 non
1398 987 1570 1042 solum
1602 983 1916 1052 cruciﬁgere
1951 980 2043 1034 Fi-

454 1089 589 1143 lium
617 1086 712 1141 Dei
743 1094 798 1141 et
825 1082 1059 1139 ostentui
1084 1083 1301 1147 habere,
1334 1095 1518 1136 verum
1548 1088 1601 1134 et
1633 1076 1895 1133 contraria
1919 1089 2044 1129 sen-

455 1182 562 1235 tire
595 1177 888 1247 Scripturis
923 1175 1145 1243 divinis,
1174 1185 1226 1228 et
1256 1183 1406 1242 pacta
1439 1172 1708 1239 abnegare
1748 1183 1869 1237 quae
1896 1180 2045 1221 acce-

457 1270 651 1326 dentes
700 1269 767 1322 ad
819 1274 1064 1321 sanetum
1120 1264 1382 1333 baptisma
1441 1261 1700 1316 fecerunt.
1749 1258 1882 1312 Nam
1926 1271 2046 1311 cum

460 1377 642 1418 coram
667 1359 977 1415 coelestibus
1005 1357 1288 1412 virtutibus
1319 1354 1590 1417 omnibus,
1620 1367 1801 1407 coram
1831 1359 2051 1419 aposto-

457 1454 581 1509 licis
636 1451 1063 1520 evangelicisque
1116 1449 1432 1512 ordinibus,
1491 1445 1662 1501 sancti
1716 1443 2049 1513 baptismatis

456 1552 706 1616 tempore
742 1543 1088 1615 promiserint
1133 1542 1354 1596 credere
1401 1542 1454 1594 in
1486 1554 1649 1594 unum
1682 1538 1848 1593 Deum
1881 1536 2053 1590 omni-

462 1648 758 1710 potentem.
806 1652 946 1692 nunc
982 1637 1103 1692 illos
1134 1637 1185 1691 in
1231 1645 1340 1689 tres
1370 1634 1500 1688 deos
1537 1632 1762 1687 credere
1802 1629 2048 1685 docuisti.

461 1732 719 1795 Rursum,
737 1746 857 1786 cum
880 1730 1105 1801 polliciti
1133 1730 1238 1784 sint
1262 1728 1483 1783 credere
1500 1728 1557 1799 in
1578 1741 1740 1779 unum
1765 1723 2051 1777 Dominum

2142 526 2268 575 Θεοῦ
2298 519 2579 595 προφητικά
2599 517 2955 593 προῤῥήματα,
2978 518 3103 567 Θεοῦ
3130 510 3455 575 ἀποστολικά,
3474 512 3556 563 καί
3575 510 3727 583 εὐαγ-

2141 613 2311 687 γελικά
2336 609 2641 683 διδάγματα,
2674 608 2859 679 μᾶλλον
2887 608 2986 661 ὑπὸ
3015 612 3113 660 σοῦ
3140 603 3617 678 διαστρεφομένους,
3642 606 3732 658 καί

2142 700 2618 773 ἐκδιδασκομένους,
2668 704 2738 771 μή
2775 698 2922 769 μόνον
2962 700 3318 770 ἀνασταυροῦν
3358 696 3446 750 τὸν
3483 694 3596 749 Υίόν
3639 698 3729 749 τοῦ

2145 799 2305 859 Θεοῦ,
2349 797 2438 848 καί
2476 788 2971 870 παραδειγματίζειν,
3013 790 3138 844 ἀλλὰ
3176 790 3260 843 καί
3298 788 3496 842 ἐναντία
3539 794 3732 861 φρονεῖν

2144 893 2245 940 τῶν
2273 886 2415 939 θείων
2445 892 2651 959 Γραφῶν
2674 900 2685 912 ⁸
2719 882 3112 957 ἀπαρνήσασθαι
3138 878 3191 935 δέ
3220 881 3303 933 καὶ
3338 881 3432 938 τάς
3457 881 3727 943 συνθήκας,

2149 976 2210 1036 ἃς
2260 977 2521 1032 συνέθεντο
2573 977 2715 1030 αὐτοί
2759 973 3062 1050 προσιόντες
3107 978 3180 1043 τῷ
3227 971 3352 1044 ἁγίῳ
3389 970 3730 1042 βαπτίσματι.

2150 1071 2435 1139 Συνθέμενοι
2460 1071 2558 1145 γάρ
2603 1069 2686 1121 ἐπὶ
2713 1065 2914 1122 πάντων
2960 1072 3058 1121 τῶν
3104 1063 3420 1139 χερουϐικῶν
3454 1062 3730 1134 δυνάμεων,

2153 1165 2237 1215 καὶ
2283 1169 2379 1215 τῶν
2422 1166 2773 1239 προφητικῶν,
2823 1163 2909 1213 καί
2961 1157 3306 1212 ἀποστολικῶν
3348 1159 3652 1229 ταγμάτων,
3684 1160 3735 1211 ἐν

2152 1264 2225 1328 τῷ
2262 1263 2355 1310 τοῦ
2397 1256 2543 1327 ἁγίου
2595 1256 2959 1325 βαπτίσματος
3007 1259 3199 1323 καιρῷ,
3232 1252 3490 1306 πιστεύειν
3534 1253 3606 1312 εἰς
3652 1251 3738 1306 ἕνα

2155 1347 2276 1402 Θεὸν
2303 1348 2498 1419 Πατέρα
2519 1349 2924 1420 παντοκράτορα,
2946 1350 3034 1396 νῦν
3062 1346 3132 1405 εἰς
3158 1344 3302 1402 θεοὺς
3322 1351 3459 1416 τρεῖς
3479 1345 3738 1399 πιστεύειν

2157 1441 2339 1498 αὐτοὺς
2388 1436 2763 1503 ἔξεπαίδευσας.
2818 1437 2963 1491 Πάλιν
3007 1436 3311 1507 συνθεμένων
3353 1432 3621 1490 πιστεύειν
3668 1436 3740 1494 είς

2154 1530 2243 1583 ἕνα
2270 1530 2457 1600 Κύριον
2486 1529 2682 1586 Ἰησοῦν
2709 1528 2942 1605 Χριστὸν,
2976 1527 3058 1581 τὸν
3088 1527 3199 1581 Υἱόν
3228 1531 3317 1580 τοῦ
3338 1532 3487 1589 Θεοῦ,
3511 1526 3599 1581 τὸν
3622 1547 3743 1599 σαρ-

2157 1620 2392 1684 κωθέντα,
2437 1623 2519 1672 καὶ
2563 1620 3013 1694 ἐνανθρωπήσαντα
3040 1620 3093 1671 ἐκ
3136 1619 3423 1687 Πνεύματος
3452 1617 3626 1689 ἁγίου,
3655 1621 3742 1672 καί

2159 1712 2367 1784 Μαρίας
2395 1718 2485 1769 τῆς
2514 1710 2787 1783 παρθένου,
2820 1712 2884 1763 σύ
2913 1706 3219 1770 ἐκδιδάσκεις
3250 1710 3435 1770 αύτούς
3459 1714 3531 1780 μή
3565 1710 3743 1782 λέγειν,

463 1824 650 1881 Jesum
680 1823 951 1878 Christum
984 1822 1176 1875 Filium
1206 1822 1296 1874 Dei
1324 1821 1676 1883 incarnatum,
1705 1826 1758 1870 et
1780 1814 2050 1868 hominem

2158 1805 2243 1858 τὸν
2294 1804 2472 1876 Κύριον
2512 1803 2705 1859 Ἰησοῦν
2747 1804 2989 1876 Χριστὸν,
3038 1803 3124 1857 τὸν
3173 1801 3282 1856 Υίὸν
3328 1808 3420 1855 τοῦ
3470 1808 3630 1867 Θεοῦ,
3660 1804 3746 1857 τὸν

461 1916 664 1971 factum
711 1916 776 1968 de
817 1913 1020 1982 Spiritu
1067 1919 1253 1965 sancto
1297 1918 1351 1964 et
1378 1910 1538 1962 Maria
1576 1906 1833 1975 Virgine;
1866 1914 1919 1957 tu
1962 1917 2055 1957 eos

463 2006 630 2062 doces
674 2020 743 2059 ne
790 2003 967 2057 dicant
1009 2002 1293 2055 Dominum
1330 2000 1510 2054 Jesum
1554 1998 1822 2051 Christum
1864 1994 2055 2049 Filium

464 2095 565 2152 Dei
596 2110 807 2150 crucem
842 2108 1156 2163 perpessum
1185 2106 1326 2158 esse,
1362 2092 1453 2160 qui
1484 2090 1626 2143 Deus
1653 2098 1736 2143 est
1763 2086 2055 2141 secundum

468 2189 852 2255 sempiternam
876 2194 930 2239 et
958 2182 1342 2253 impassibilem
1370 2195 1432 2236 ex
1457 2188 1610 2250 parte
1631 2178 2056 2248 generationem,

469 2288 528 2334 et
554 2276 694 2333 idem
729 2278 887 2331 homo
920 2276 1212 2331 secundum
1240 2288 1359 2327 eam
1390 2287 1494 2342 qua
1531 2272 1586 2325 in
1618 2270 1920 2324 novissimis
1949 2268 2059 2321 die-

472 2369 574 2425 bus
597 2383 661 2423 ex
689 2378 859 2422 matre
884 2349 1113 2436 prodiit,
1127 2364 1418 2420 secundum
1440 2378 1601 2433 quam
1624 2364 1783 2416 etiam
1810 2358 2062 2415 sustinuit

466 2461 781 2531 passionem
816 2478 828 2511 :
862 2458 956 2513 sed
987 2473 1149 2512 unum
1178 2455 1456 2511 Trinitatis
1491 2463 1759 2508 mortuum
1794 2465 1933 2519 esse,
1969 2450 2059 2519 qui

471 2559 559 2604 est
589 2550 760 2617 ipsum
781 2548 875 2603 Dei
900 2547 1151 2602 Verbum.
1172 2544 1415 2600 Confessi
1444 2552 1569 2598 sunt
1595 2558 1781 2597 rursus
1805 2542 2057 2610 Spiritum

468 2649 737 2707 sanctum,
764 2639 1034 2693 vivilicum
1063 2649 1115 2693 et
1151 2638 1532 2700 immortalem,
1565 2636 1809 2689 dicentes
1840 2633 2060 2687 credere

467 2731 527 2788 in
572 2730 835 2801 Spiritum
878 2739 1142 2797 sanctum,
1189 2726 1463 2781 dominum
1496 2734 1551 2780 et
1587 2726 1976 2787 viviﬁcantem;
2009 2732 2063 2778 et

468 2823 758 2879 mortalem
803 2835 922 2875 esse
959 2820 1113 2889 ponis
1142 2819 1399 2887 Spiritum
1433 2825 1700 2879 sanctum,
1728 2830 1851 2869 cum
1883 2814 2020 2868 dicis
2046 2830 2058 2866 :

468 2914 704 2969 Sanctus
728 2912 1066 2979 immortalis,
1086 2912 1172 2980 qui
1199 2910 1487 2965 crucilixus
1509 2924 1567 2963 es
1588 2923 1684 2977 pro
1701 2908 1870 2961 nobis.
1892 2907 2059 2976 Fuge,

469 3007 721 3073 obsecro,
754 3005 1059 3075 huiusmodi
1092 3020 1353 3059 errorem.
1378 3001 1661 3066 Corruisti,
1693 3002 1799 3054 noli
1832 3001 1881 3053 in
1911 3000 2060 3053 ruina

468 3101 783 3170 persistere.
813 3098 1075 3161 Peccasti,
1118 3097 1227 3164 jam
1267 3110 1488 3164 peccare
1516 3093 1643 3147 noli.
1686 3093 1972 3159 Exspectat
2012 3100 2062 3144 te

2162 1897 2386 1970 σταυρὸν
2415 1897 2858 1967 ὑπομεμενηκέναι,
2888 1892 2941 1954 ὅς
2968 1896 3076 1949 ἐστι
3108 1896 3231 1955 Θεὸς
3271 1896 3397 1948 κατὰ
3420 1899 3510 1953 τήν
3536 1896 3589 1947 ἐκ
3616 1901 3747 1950 Θεοῦ

2158 1990 2241 2042 καί
2265 1990 2455 2056 Πατρὸς
2480 1989 2779 2063 προαιὼνιον
2801 1989 2888 2040 καὶ
2912 1986 3079 2044 ἀπαθῆ
3107 1988 3352 2056 γέννησιν,
3373 1989 3455 2040 καὶ
3479 1983 3749 2060 ἄνθρωπος

2159 2079 2185 2133 ὁ
2229 2083 2379 2139 αὐτὸς
2422 2082 2549 2134 κατὰ
2592 2084 2680 2137 τήν
2729 2079 2806 2135 ἐπ’
2821 2081 3060 2151 ἐσχάτων
3088 2080 3340 2151 γέννησιν,
3375 2079 3553 2137 καθ’ἥν
3578 2083 3747 2135 καὶτὸ

2159 2173 2319 2232 πάθος
2348 2174 2625 2243 ὑπέμεινεν
2656 2170 2849 2227 ἀλλ’ὅτι
2880 2172 2905 2225 ὁ
2932 2169 3001 2231 εἷς
3031 2179 3121 2231 τῆς
3149 2169 3363 2245 Τριάδος
3392 2172 3647 2236 ἀπέθανεν,
3681 2170 3746 2232 ὅς

2163 2265 2298 2319 ἐστιν
2336 2266 2484 2324 αὐτὸς
2520 2265 2544 2318 ὁ
2582 2267 2702 2325 Θεὸς
2738 2266 2915 2339 Λόγος.
2959 2266 3304 2337 Ὠμολόγησαν
3332 2265 3479 2320 πάλιν
3509 2266 3566 2322 τὸ
3602 2265 3745 2339 ἅγιον

2168 2364 2365 2428 Πνεῦμα
2395 2362 2671 2422 ζωοποιὸν,
2704 2361 2783 2413 καί
2822 2359 3089 2420 ἀθάνατον,
3127 2358 3348 2417 εἰπόντες
3392 2360 3650 2413 πιστεύειν
3676 2360 3751 2419 εἰς

2161 2450 2217 2504 τὸ
2248 2456 2443 2520 Πνεῦμα
2483 2451 2541 2503 τὸ
2582 2450 2750 2521 ἅγιον,
2785 2452 2841 2505 τὸ
2888 2451 3064 2525 Κύριον
3114 2453 3197 2503 καὶ
3235 2450 3514 2513 ζωοποιὸν⁶
3556 2454 3642 2504 καί
3682 2454 3747 2506 σύ

2162 2543 2332 2600 θνητὸν
2381 2544 2678 2597 ύποτίθεσαι
2727 2539 2848 2597 εἶναι
2889 2545 2946 2598 τὸ
2996 2549 3194 2611 Πνεῦμα
3236 2543 3294 2595 τὸ
3338 2541 3511 2615 ἅγιον,
3545 2541 3630 2598 διά
3656 2548 3745 2597 τοῦ

2161 2637 2337 2707 λέγειν’
2352 2633 2523 2710 ⁴’Λγιος
2545 2635 2814 2700 ἀθάνατος,
2837 2636 2864 2690 ὁ
2887 2637 3202 2708 σταυρωθεὶς
3225 2631 3288 2691 δι’
3306 2638 3463 2703 ἡμᾶς.
3478 2635 3748 2708 lsi-6991:,

2163 2730 2468 2804 παρακαλῶ,
2500 2731 2692 2788 ταύτην
2730 2734 2819 2787 τήν
2862 2729 3081 2786 πλάνην’
3117 2725 3345 2796 ἕπεσας,
3378 2733 3448 2798 μὴ
3495 2728 3748 2800 έπιμείνῃς

2163 2827 2235 2891 τῷ
2264 2822 2521 2890 πτώματι·
2555 2822 2777 2891 ἥμαρτες
2797 2859 2812 2886 ,
2856 2820 3030 2890 μηκέτι
3060 2816 3341 2893 ἁμάρτανε’
3375 2821 3600 2890 ἀναμένει
3627 2840 3686 2872 σε
3714 2822 3745 2877 ii

2165 2911 2285 2984 ἁγία
2323 2920 2411 2967 τοῦ
2440 2920 2566 2967 Θεοῦ
2598 2913 2854 2976 ἐκκλησία,
2881 2914 3284 2989 περιπτύξασθαί
3321 2934 3378 2967 σε
3407 2920 3748 2984 μετανοοῦντος

2166 3005 2249 3059 ἐπί
2274 3013 2380 3064 τοῖς
2408 3009 2644 3075 ματαίοις
2675 3026 2770 3059 σου
2799 3005 3152 3079 προϐλήμασι,
3178 3008 3260 3058 καὶ
3288 3008 3382 3059 σύν
3584 3006 3749 3059 θεολο-

2110 3154 2113 3155 ν
2165 3101 2351 3167 γοῦντα
2391 3097 2477 3149 τὰν
2526 3096 2759 3170 Χριστὸν,
2796 3099 2880 3149 καί
2928 3101 2997 3165 μή
3039 3097 3403 3170 ἀπαρνούμενον
3452 3101 3541 3153 τήν
3584 3098 3747 3151 αὐτοῦ

471 3200 658 3245 sancta
688 3190 784 3243 Dei
830 3176 1090 3253 Ecclesia,
1126 3188 1273 3256 cupit
1312 3186 1562 3254 amplecti
1612 3183 1960 3253 poenitentem
2010 3183 2055 3235 in

2169 3184 2417 3256 ἔμψυχον
2448 3187 2838 3260 ἐνανθρὼπησιν,
2874 3186 3075 3250 καθ’ἥν,
3103 3189 3186 3239 καί
3214 3186 3444 3245 τὸπάθος
3473 3186 3746 3256 ὑπομεῖναι

472 3285 627 3338 vanis
672 3282 1127 3351 propositionibus
1175 3282 1297 3344 tuis,
1343 3288 1397 3334 et
1426 3294 1605 3334 secum
1637 3279 1704 3332 de
1734 3276 1949 3332 Christo
1978 3276 2060 3331 di-

472 3374 604 3426 vina
633 3373 1036 3440 praedicantem,
1071 3386 1243 3436 neque
1272 3380 1552 3438 negantem
1580 3368 1748 3437 ipsius
1775 3368 2061 3421 animatam

472 3463 938 3518 incarnationem:
982 3461 1271 3515 secundum
1312 3476 1470 3530 quam
1508 3461 1668 3514 etiam
1708 3474 1896 3529 passus
1942 3474 2064 3515 esse

473 3562 829 3618 memoratur,
871 3554 1170 3620 clamatque
1207 3552 1301 3605 tibi
1352 3567 1447 3621 per
1488 3567 1622 3606 nos:
1662 3550 1842 3606 Venite
1868 3552 1936 3605 ad
1961 3568 2061 3617 me,

475 3663 673 3715 omnes,
702 3647 790 3715 qui
822 3646 1087 3711 laboratis,
1121 3656 1165 3699 et
1203 3661 1293 3718 ego
1330 3646 1554 3712 reﬁciant
1599 3661 1685 3699 vos
1714 3644 1927 3715 (Matth.
1963 3644 2061 3713 χι).

474 3734 605 3791 Non
633 3738 737 3791 vult
767 3736 925 3803 Deus,
974 3737 1137 3790 frater
1163 3736 1462 3800 carissime,
1490 3746 1699 3789 mortem
1746 3736 2021 3806 peccatoris
2043 3751 2064 3801 ;

459 3829 566 3882 sed
593 3836 649 3882 ut
679 3837 1023 3895 convertatur,
1055 3838 1101 3881 et
1130 3828 1260 3881 vivat
1283 3827 1494 3899 (Ezech.
1520 3827 1693 3898 xvm).
1712 3826 1911 3881 Memor
1935 3836 2062 3894 esto,

474 3917 652 3974 Iesum
695 3920 953 3974 Christum
996 3921 1339 3975 rusurrexisse
1377 3938 1409 3973 a
1437 3923 1650 3973 mortuis
1682 3918 1767 3990 (II
1800 3920 1932 3973 Tim.
1978 3921 2061 3992 ιι),

472 4012 767 4066 secundum
790 4011 1156 4082 Evangelium.
1186 4014 1455 4067 Memento
1483 4013 1623 4067 beati
1664 4012 1895 4067 Matthaei
1937 4014 2066 4067 scri-

473 4102 651 4158 bentis
689 4122 701 4157 :
741 4103 892 4158 Liber
922 4106 1260 4175 generationis
1305 4106 1433 4159 Jesu
1487 4104 1683 4159 Christi
1729 4104 1827 4173 ﬁlii
1873 4104 2060 4175 David,

476 4195 574 4262 ﬁlii
605 4196 862 4250 Abraham
887 4196 1102 4264 (Matth.
1138 4196 1200 4263 ι).
1219 4197 1525 4251 Recordare
1558 4197 1686 4265 quid
1716 4197 1910 4252 Paulus
1932 4200 2065 4251 scri-

471 4283 602 4338 bat:
631 4287 936 4356 Segregatus
974 4288 1027 4338 in
1070 4286 1405 4355 Evangelium
1446 4287 1565 4352 Dei,
1602 4290 1736 4357 quod
1767 4292 2064 4358 promiserat

473 4372 588 4441 ipse
616 4375 755 4427 Deus
786 4376 839 4427 in
863 4376 1149 4442 Scripturis
1178 4379 1366 4430 sanctis
1391 4379 1454 4431 de
1484 4376 1623 4431 Filio
1653 4396 1764 4445 suo,
1790 4384 1875 4448 qui
1899 4387 2064 4452 factus

474 4474 549 4515 est
580 4466 623 4515 ei
654 4482 716 4517 ex
744 4466 934 4518 semine
959 4464 1129 4516 David
1157 4468 1437 4520 secundum
1465 4484 1687 4537 carnem,
1735 4472 1823 4539 qui
1860 4474 2059 4539 prinde-

2166 3278 2383 3351 λέγεται.
2401 3283 2488 3332 Καὶ
2637 3300 2718 3333 σοι
2744 3277 2806 3333 δι’
2822 3280 2980 3348 ἡμῶν*
3004 3295 3022 3328 t
3043 3286 3192 3333 Δεῦτε
3220 3281 3348 3354 πρὸς
3377 3281 3460 3349 μὲ,
3484 3280 3675 3339 πάντες
3699 3280 3745 3333 οἱ

2167 3381 2494 3436 nontam-eg,»
2513 3376 2599 3426 καί
2624 3374 2687 3427 τά
2708 3373 2819 3436 ἑξῆς
2849 3372 3029 3441 (Mat-:9.
3058 3368 3162 3440 Χι).
3194 3374 3265 3427 Οὐ
3288 3372 3523 3442 βούλεται
3544 3371 3570 3426 ὁ
3592 3374 3736 3437 Θεὸς,

2165 3463 2339 3536 ἀδελφέ
2387 3468 2659 3536 τιμιώτατε
2681 3505 2696 3530 ,
2736 3468 2821 3519 τὸν
2858 3465 3061 3520 θάνατον
3104 3470 3193 3517 τοῦ
3230 3464 3557 3540 ἁμαρτωλοῦ,
3590 3467 3657 3523 ὡς
3683 3465 3745 3518 τὸ

2169 3555 2471 3632 ἐπιστρέψαι
2514 3560 2595 3610 καί
2622 3560 2710 3629 ζῇν
2738 3554 2886 3610 αὐτόν
2927 3553 3084 3625 (Ἰεζε.
3117 3554 3293 3624 XVIII).
3338 3554 3614 3625 Μνημόνευε
3638 3554 3742 3612 ἰη-

2169 3656 2290 3704 σοῦν
2317 3651 2530 3723 Χριστὸν
2558 3650 2882 3722 ἐγηγερμένον
2913 3654 2964 3701 ἐκ
2992 3656 3177 3722 νεκρῶν
3201 3648 3265 3717 (ιι
3294 3650 3472 3718 Τιμοθ.
3504 3650 3585 3716 It),
3616 3650 3748 3703 κατὰ

2166 3744 2224 3797 τὸ
2254 3743 2564 3815 Εὐαγγέλιον.
2604 3741 2885 3813 Μνημόνευε
2912 3747 3003 3795 τοῦ
3035 3744 3290 3815 μακαρίου
3338 3742 3590 3795 Ματθαίου
3618 3743 3749 3813 γραι-

2167 3851 2361 3909 φοντος·
2417 3834 2584 3893 Βίϐλος
2623 3835 2865 3905 γενέσεως
2901 3833 3071 3889 Ἰησοῦ
3114 3838 3368 3908 Χριστοῦ,
3410 3834 3521 3886 υἱοῦ
3570 3831 3743 3896 Δαϐίδ,

2166 3930 2271 3982 υἷοῦ
2295 3928 2529 4002 ’Λϐραάμ
2568 3926 2749 3997 (Ματθ.
2785 3923 2842 3994 ι).
2876 3925 3165 3994 Μνημὸνευε
3196 3925 3393 3978 Παύλου
3432 3925 3749 3980 ἐπιστέλλονο

2166 4038 2271 4080 τος’
2317 4021 2791 4092 ’Λφωρισμὲνοςείς
2833 4006 3143 4089 Ἐύαγγέῗιον
3183 4024 3329 4081 Θεοῦ,
3360 4015 3385 4070 ὃ
3414 4020 3752 4091 προεπηγγεί-

2165 4114 2287 4169 λατο
2330 4115 2479 4171 αὐτὸς
2525 4112 2551 4165 ὁ
2599 4115 2723 4170 Θεὸς
2763 4112 2811 4163 ἐν
2844 4118 3066 4185 Γραφαῖς
3095 4110 3284 4181 ἁγίαις,
3323 4109 3477 4180 λέγων
3504 4113 3623 4184 περὶ
3660 4116 3749 4163 τοῦ

2166 4205 2281 4257 Υίοῦ
2333 4205 2516 4266 αὐτοῦ,
2562 4208 2653 4255 τοῦ
2700 4202 2969 4271 γενομένου
3007 4202 3059 4253 ἐκ
3108 4202 3405 4272 σπέρματος
3436 4198 3592 4253 Δαϐίδ
3622 4202 3753 4254 κατά

2169 4297 2355 4368 σάρκα,
2388 4299 2478 4348 τοῦ
2510 4291 2787 4368 ὁρισθέντος
2822 4293 2940 4346 Υίοῦ
2983 4297 3110 4344 Θεοῦ
3157 4290 3329 4359 (Ῥωμ.
3360 4290 3424 4359 ι).
3470 4290 3752 4360 Μνημὸνευε

2167 4390 2249 4441 καὶ
2284 4386 2510 4441 Ἰωάννου
2537 4385 2775 4455 βοῶντος³
2803 4384 2881 4437 Ἐν
2912 4385 3056 4459 ἀρχῇ
3086 4380 3142 4441 ἧν
3168 4382 3193 4437 ὁ
3222 4383 3406 4455 Λόγος,
3431 4384 3511 4435 καί
3540 4381 3566 4435 ὁ
3591 4393 3754 4453 Λογος

2167 4476 2224 4536 ἦν
2251 4480 2379 4551 πρὸς
2408 4482 2492 4532 τὸν
2522 4480 2645 4531 Θεὸν
2690 4476 2782 4545 (ὡς
2819 4478 2902 4529 καὶ
2944 4474 3113 4544 ἔστι),
3146 4479 3230 4530 καὶ
3275 4478 3397 4536 Θεὸς
3433 4473 3490 4535 ἦν
3525 4474 3551 4529 ὁ
3585 4476 3754 4548 Λόγος·

474 4554 690 4607 stinatus
711 4565 785 4609 est
810 4553 979 4610 Filius
1003 4554 1100 4609 Dei
1128 4555 1305 4625 (Rom.
1337 4556 1401 4628 ι).
1430 4559 1698 4613 Memento
1718 4561 1878 4615 etiam
1901 4561 2055 4618 Joan-

2167 4571 2355 4641 (Ἰωάν.
2386 4569 2426 4637 1)
2446 4590 2457 4600 ’
2499 4572 2584 4624 καί
2627 4568 2706 4623 ὅτι
2746 4570 2875 4647 σάρξ
2902 4571 3095 4640 γέγονεν
3126 4572 3538 4645 ἐνανθρωπήσας’
3566 4571 3645 4622 καί
3674 4567 3755 4623 ὅτι

473 4648 561 4703 nis
591 4650 872 4705 clamantis
898 4668 913 4705 :
946 4648 1014 4704 In
1044 4651 1295 4721 principio
1326 4660 1433 4706 erat
1460 4651 1709 4719 (Verbum,
1752 4663 1799 4707 et
1849 4655 2060 4711 Verbum

473 4749 581 4793 erat
607 4741 749 4809 apud
776 4741 965 4811 Deum,
997 4743 1135 4798 sicut
1160 4744 1305 4799 enim
1333 4754 1438 4811 est,
1467 4756 1515 4799 et
1548 4746 1687 4801 Deus
1706 4757 1814 4801 erat
1844 4747 2061 4804 Verbum

444 4908 447 4911 ν
475 4828 654 4902 (Ιοαη.
683 4830 761 4901 ι);
793 4832 1040 4903 quodque
1062 4850 1179 4887 caro
1203 4837 1395 4905 factum
1420 4847 1514 4903 est,
1532 4837 1748 4893 homine
1762 4849 2057 4910 assumpto,

428 5494 475 5543 ti‘

434 5586 447 5633 ί

471 4923 683 4993 etquod
697 4922 867 4978 Deum
886 4941 1032 4979 nemo
1048 4926 1173 4980 vidit
1194 4944 1420 4999 unquam
1437 4929 1621 4999 (Joan.
1644 4946 1680 4999 ι,
1700 4929 1791 5002 18)
1806 4932 1952 4988 ,Ηίεε
1966 4934 2060 4989 tibi

471 5016 663 5085 scripsi
681 5031 786 5073 una
803 5032 924 5076 cum
937 5029 1203 5089 praesente
1224 5022 1448 5091 synodo,
1465 5024 1791 5080 conveniens
1806 5035 1856 5080 te
1876 5040 2056 5081 coram

2165 4665 2285 4719 Θεὸν
2322 4661 2484 4724 οὐδεὶς
2527 4664 2721 4736 ἑώρακε
2766 4665 2974 4717 πώποτε
3003 4663 3185 4731 (Ἰωάνι
3217 4678 3263 4727 ι,
3307 4662 3418 4729 ll8).
3458 4663 3629 4716 Ταῦτά
3670 4682 3753 4716 σοι

2163 4757 2458 4831 γεγράφηκα
2499 4754 2604 4826 ἅμα
2735 4758 2959 4827 συνούσῃ
2992 4752 3105 4825 ἔμοι
3144 4754 3264 4829 ἁγίᾳ
3303 4753 3518 4824 συνόδῳ,
3560 4774 3754 4828 παρεγ-

2163 4847 2421 4919 γυὼμενὸς
2450 4866 2507 4899 σε
2534 4846 2738 4900 ἐνώπιον
2777 4855 2867 4901 τοῦ
2902 4852 3049 4905 Θεοῦ,
3077 4849 3161 4900 καί
3187 4852 3285 4900 τῶν
3320 4846 3474 4919 ἁγίων
3508 4847 3751 4918 ἀγγέλων,

2161 4940 2242 4994 ἵνα
2285 4947 2450 4994 ταῦτα
2488 4936 2752 5013 διδάσκῃς,
2785 4942 2868 4993 καί
2906 4944 3073 4993 ταῦτα
3119 4945 3296 5013 φρονῇς
3344 4937 3452 5008 μεθ’
3472 4939 3642 5008 ἡμῶν,
3670 4938 3754 4993 ἵνα

2166 5029 2433 5093 άνόθευτος
2456 5032 2486 5089 ἡ
2508 5034 2684 5091 πίστις
2712 5032 2851 5101 ἡμῶν
2878 5028 3105 5104 διαμείνῃ
3127 5032 3197 5089 εἰς
3224 5028 3365 5093 δόξαν
3386 5036 3535 5085 Θεοῦ.

470 5105 585 5164 Deo
609 5116 668 5167 et
694 5112 900 5170 sanctis
926 5111 1153 5182 angelis,
1181 5121 1241 5169 ut
1264 5127 1329 5170 ea
1354 5113 1571 5181 doceas,
1597 5130 1660 5173 ea
1686 5118 1965 5175 nobiscum
2003 5123 2239 5190 sentias;
2281 5133 2339 5180 ut
2369 5124 2567 5180 illibata
2590 5124 2722 5181 ﬁdes
2750 5130 2933 5180 nostra
2963 5132 3275 5195 permaneat
3300 5124 3352 5180 in
3378 5122 3601 5195 gloriam
3629 5122 3747 5179 Dei.

1394 5300 1403 5354 ξ
1472 5289 1511 5317 ττ
1594 5302 1597 5307 ν
1891 5271 2219 5329 EPISTOLA
2258 5274 2345 5329 IV.

480 5395 499 5449 ς
713 5440 718 5447 ⁵
1463 5373 1466 5376 ‘
1633 5377 1641 5380 '
1746 5368 1749 5373 '
1928 5379 1996 5418 an
2037 5380 2271 5420 nuunnu.

616 5436 622 5461 1

540 5578 805 5651 Quoniam
828 5580 1253 5665 importabilibus
1278 5582 1457 5638 verbis
1484 5582 1645 5654 impie
1664 5587 1965 5656 garrulasti,
1996 5598 2050 5644 et

471 5681 577 5728 non
604 5675 853 5744 iudicasti
886 5676 1076 5733 cedere
1113 5675 1379 5746 prtedictis
1418 5677 1617 5731 sanctis
1660 5677 1926 5748 Patr-ibus,
1960 5681 2048 5751 qui

470 5776 731 5829 ornatum
752 5768 935 5832 sedem
970 5769 1141 5830 beata
1170 5769 1442 5837 memoriae
1469 5769 1693 5827 multum
1718 5772 2050 5842 triumphan-

1524 5458 1661 5505 etrus
1694 5447 1848 5507 Fullo
1871 5454 2143 5523 deponitur
2172 5466 2219 5512 et
2249 5428 2729 5512 anathenmtizatur.

2228 5586 2426 5647 Ἐπειδὴ
2458 5588 2743 5661 δυστυχῶς
2779 5594 3108 5667 ἐξεμαγεύθης
3135 5599 3186 5653 ἐν
3224 5598 3438 5673 ἀσεϐείᾳ
3455 5598 3631 5665 λόγων,
3666 5604 3751 5657 καί

2157 5685 2243 5738 οὐκ
2266 5682 2457 5759 ἔκρινας
2499 5680 2623 5749 εἶξαι
2667 5695 2773 5748 τοῖς
2818 5693 3241 5767 προτεταγμένοις
3288 5692 3451 5765 ἁγίοις
3494 5691 3745 5771 ἀνδράσι,

2157 5784 2264 5839 τοῖς
2301 5783 2727 5851 κατακοσμήσασι
2772 5783 2856 5837 τὸν
2896 5774 3064 5855 θρόνον
3094 5792 3182 5843 τοῦ
3211 5792 3303 5847 τῆς
3331 5786 3593 5862 μακαρίας
3622 5789 3751 5859 μινύ-
