4096 6342
364 418 469 479 915

1533 403 1884 463 Εριετοιηε
1925 401 2013 459 ET
2052 403 2391 461 DECRETA.

3501 407 3603 463 9M

366 538 434 592 tis
454 531 637 603 lgnatti
666 529 934 601 martyris,
961 528 1111 598 cujus
1132 535 1186 581 tu
1207 525 1454 596 indignus
1478 522 1731 589 existens,
1756 523 1937 577 nescio

2059 545 2158 585 ιης.
2187 528 2271 576 καί
2300 525 2576 578 πολυάθλου
2596 525 2838 596 ἰγνατίου
2871 531 2964 581 τοῦ
2985 526 3269 601 μάρτυρος,
3295 522 3354 578 οὗ
3383 529 3467 581 καί
3487 528 3606 581 ἀνά-

365 623 632 697 quomodo
685 621 933 678 insiluisti
982 620 1233 675 inchoare
1270 616 1560 672 novitatem
1592 618 1643 670 in
1676 616 1937 670 catholica

364 715 603 779 Ecclesia
632 711 735 767 tuis
762 711 996 782 profanis
1044 710 1247 780 legibus
1275 716 1329 763 et
1376 707 1553 775 impiis
1581 706 1940 775 dogmatibus,

367 818 421 866 et
442 803 688 877 iudicasti
715 817 821 857 non
850 809 1097 871 Oportere
1119 800 1297 855 dicere
1324 796 1591 852 Christum
1630 794 1937 850 crucifixum

365 905 586 970 propter
612 907 709 949 nos
736 911 749 947 :
778 892 873 948 sed
921 891 1219 960 passionem
1265 889 1384 943 ideo
1434 886 1746 956 impassibili
1784 887 1945 955 impie

366 984 622 1044 induxisti
647 1024 663 1049 ,
692 993 748 1039 et
788 981 1075 1047 immortali
1103 979 1243 1034 Patri
1270 986 1495 1032 mortem
1548 977 1820 1044 imponere
1842 1018 1856 1040 ,
1891 984 1947 1029 et

368 1091 476 1133 non
510 1074 761 1130 borruisti
789 1087 851 1128 ea
872 1086 989 1143 qua:
1018 1085 1121 1125 non
1157 1068 1438 1137 suscepisti
1463 1082 1528 1123 ex
1552 1066 1743 1121 divinis
1772 1066 1947 1119 Evan-

300 1238 301 1241 η
368 1168 521 1239 geliis
542 1174 596 1221 et
619 1164 896 1234 apostolis,
921 1160 1409 1232 probatissimisque
1429 1169 1484 1213 et
1510 1158 1754 1227 gloriosis
1776 1156 1947 1209 Patri-

370 1259 470 1312 hus
492 1296 507 1322 ,
540 1255 771 1325 pessime
810 1252 1187 1322 sophisticatus
1215 1251 1328 1317 ipsa
1360 1250 1665 1316 intorquere
1690 1287 1705 1311 ,
1743 1255 1797 1301 et
1828 1262 1950 1314 pro-

370 1350 541 1420 priam
568 1357 776 1416 pestem
805 1358 995 1399 sensus
1025 1343 1301 1411 imponere
1326 1339 1755 1411 simplicioribus,
1788 1352 1944 1391 scan-

370 1440 549 1495 dalum
580 1435 943 1506 hujuscemodi
971 1434 1207 1497 haeresis,
1241 1446 1347 1486 non
1377 1440 1430 1484 ut
1464 1428 1735 1499 aequaliter
1762 1428 1950 1496 priori-

371 1532 473 1584 hus
493 1527 784 1583 haeresibus
800 1527 992 1596 vigeat,
1015 1525 1108 1580 sed
1124 1525 1290 1593 magis
1311 1522 1670 1590 multipliciter
1690 1521 1947 1585 excellat;

373 1633 429 1678 et
452 1638 556 1677 non
584 1620 812 1676 statuisti
838 1618 1056 1674 credere
1088 1616 1319 1679 veritati,
1346 1624 1399 1668 et
1425 1612 1649 1685 [Supple
1680 1610 1836 1681 binis]
1865 1611 1952 1665 lit-

378 1714 509 1769 teris
537 1712 731 1767 nostris
762 1712 830 1765 ad
856 1720 908 1765 te
937 1709 1147 1778 scriptis
1171 1749 1185 1771 ,
1219 1722 1359 1761 nunc
1406 1707 1598 1773 incoepi
1630 1705 1952 1759 sententiare

376 1817 562 1863 contra
590 1815 641 1861 te
668 1822 683 1860 :
716 1808 822 1860 imo
852 1805 942 1859 ille
984 1804 1069 1873 qui
1103 1812 1286 1858 vertex
1331 1810 1415 1856 est
1440 1801 1675 1855 omnium
1706 1808 1947 1869 pastora-

2042 616 2144 677 ξιος
2174 614 2259 676 ὧν,
2294 617 2378 668 οὑκ
2405 612 2515 669 οἶδα
2543 615 2678 675 ὅπως
2718 616 3074 687 ἐμπεπήδηκας
3116 616 3284 691 ἄρξαι,
3314 622 3396 671 καὶ
3436 616 3609 690 νόμοις

2044 728 2137 760 σου
2170 708 2429 773 βεϐήλοις,
2455 712 2536 760 καί
2566 708 2777 761 ἀσεϐέσι
2819 708 3031 780 δόγμασι
3061 713 3378 779 καινοτομίαν
3417 720 3478 783 τῇ
3516 734 3608 764 κα-

2042 802 2206 872 θολικῇ
2231 801 2462 873 ἐκκλησίᾳ
2508 802 2769 875 ἐνέκρινας,
2794 808 2882 854 τοῦ
2916 807 2982 870 μή
3010 806 3227 874 Χριστὸν
3254 805 3611 876 σταυρωθέντα

2044 890 2105 946 δι’
2125 895 2255 961 ἡμᾶς
2284 892 2384 945 δεῖν
2416 896 2593 955 εἰπεῖν,
2625 892 2747 946 ἀλλά
2771 893 2930 951 πάθος
2963 901 3035 961 τῷ
3059 895 3244 947 ἀπαθεῖ
3282 902 3389 963 Θεῷ
3417 894 3611 963 ἀνόμως

2046 986 2303 1048 ἐπισάξαι,
2330 987 2412 1049 καί
2458 994 2529 1056 τῷ
2555 986 2785 1055 ἀθανάτῳ
2822 988 3072 1054 πνεύματι
3119 988 3324 1039 θάνατον
3352 985 3608 1039 ἐπιθεῖναι.

2047 1077 2138 1126 Καὶ
2182 1076 2270 1126 οὑκ
2311 1076 2619 1145 ἑφρικιάσας,
2652 1075 2683 1127 ά
2721 1076 2775 1127 οὐ
2826 1074 3086 1147 παρεδέξω
3135 1074 3187 1129 ἴκ
3228 1097 3281 1129 τι
3331 1083 3428 1130 τῶν
3475 1077 3617 1128 θείων

2047 1166 2378 1235 Εὑαγγελίων,
2410 1169 2491 1217 καί
2522 1166 2835 1229 ἀποστόλων,
2858 1171 2941 1218 καὶ
2988 1175 3086 1219 τῶν
3130 1166 3616 1238 ἀνδραγαθησάντων

1994 1302 1999 1305 ι
2049 1256 2276 1326 εὐφήμων
2304 1257 2552 1330 πατέρων,
2582 1258 2825 1315 κακίστως
2861 1259 3296 1326 ἐπισοφισάμενος,
3318 1264 3481 1311 ταῦτα
3510 1259 3616 1311 ἄπι-

2052 1346 2361 1420 στροϐήσαι.
2387 1350 2469 1397 καὶ
2516 1347 2698 1404 οἰκείας
2737 1351 3017 1417 φρονήσεως
3054 1348 3211 1417 λὺμην
3250 1350 3616 1421 ἐκπαραθέσθαι

2049 1443 2155 1494 τοῖς
2203 1435 2586 1508 ἁπλουστέροις,
2635 1439 2713 1487 καί
2757 1435 3025 1489 σκάνδαλον
3065 1441 3303 1497 τοιαύτης
3354 1442 3616 1511 ατρέσεως,

2053 1527 2121 1583 ὡς
2150 1524 2259 1578 οὑδὲ
2290 1522 2381 1579 ἴσα
2422 1534 2533 1585 ταῖς
2562 1527 2829 1602 προτέραις
2859 1529 3112 1601 αἶρέσεσιν
3152 1532 3329 1588 ἀνθεῖν,
3353 1532 3619 1604 ὑπεράγειν

2054 1612 2105 1668 δέ
2153 1616 2333 1685 μᾶλλον
2376 1616 2671 1685 πολλαχῶς’
2705 1622 2787 1669 καί
2815 1620 2915 1686 οὐχ
2958 1620 3196 1691 ὥρμησας
3226 1628 3285 1688 τῇ
3321 1620 3539 1689 ἀληθείᾳ,
3574 1623 3620 1673 ἐν

2055 1713 2164 1763 τοῖς
2193 1707 2276 1758 ἐπὶ
2305 1704 2378 1763 δὶς
2404 1708 2693 1779 γράμμασιν
2735 1709 2871 1774 ἡμῶν
2900 1709 3260 1770 ἑνωτίσασθαι,
3284 1716 3371 1760 νῦν
3399 1711 3620 1782 ἠρξάμην

2056 1798 2405 1867 ἀποφήνασθαι
2434 1801 2565 1851 κατά
2606 1806 2719 1859 σοῦ,
2753 1800 2935 1867 μᾶλλον
2963 1799 3014 1853 δέ
3055 1800 3079 1853 ό
3121 1801 3502 1873 κορυφαιότατος
3530 1811 3623 1858 τῶν

376 1900 507 1954 lium
529 1898 756 1961 sodium,
781 1897 831 1950 in
859 1896 1056 1950 sanctis
1082 1894 1326 1949 laudibus
1353 1894 1569 1957 ﬂorens,
1594 1892 1952 1960 apostolorum

2060 1897 2397 1959 ποιμαντικῶν
2422 1890 2640 1967 Ιθρόνων,
2672 1888 2765 1942 όέν
2797 1891 2962 1962 ἁγίαις
3005 1894 3264 1962 εὐφημίαις
3322 1902 3549 1964 κοσμῶν,
3600 1895 3625 1947 ό

377 2004 504 2045 vere
528 1988 759 2057 optimus
784 1988 993 2048 Petrus,
1016 1987 1166 2055 cujus
1192 1997 1246 2040 tu
1268 1987 1484 2040 nomine
1507 1984 1729 2053 aequalis
1756 1999 1833 2048 cs,
1858 1984 1952 2039 sed

379 2097 486 2143 non
516 2080 767 2150 opinione
789 2119 806 2145 ,
840 2094 1011 2149 neque
1040 2078 1143 2134 ﬁde
1167 2122 1181 2147 ,
1227 2078 1478 2147 quoniam
1522 2079 1588 2131 ab
1619 2077 1770 2133 istius
1814 2085 1956 2132 recta

376 2174 676 2233 intentione
700 2216 716 2242 ,
746 2180 801 2227 et
826 2171 1163 2227 immaculata
1208 2170 1313 2226 ﬁde
1351 2170 1503 2225 valde
1540 2170 1837 2225 declinasti.
1889 2168 1958 2224 Et

376 2280 488 2320 non
520 2266 691 2320 solum
721 2272 909 2319 contra
940 2274 993 2319 te
1028 2266 1291 2319 sententio
1325 2264 1509 2335 ιΑιεω,
1541 2260 1757 2333 sentio],
1787 2261 1880 2315 sed
1904 2272 1958 2316 et

378 2363 569 2409 contra
594 2369 687 2410 eos
715 2355 802 2423 qui
833 2368 941 2409 non
983 2353 1313 2410 erubuerunt
1356 2353 1691 2408 characteres
1730 2367 1956 2407 venera-

377 2448 567 2503 bilium
592 2447 1036 2517 evangelistarum
1061 2489 1075 2512 ,
1117 2457 1172 2503 et
1199 2447 1559 2516 apostolorum
1602 2461 1694 2501 eos
1731 2461 1959 2515 sequen-

377 2542 538 2605 tium,
569 2554 631 2596 ac
660 2539 1017 2609 perfectorum
1048 2539 1327 2595 doctorum
1357 2552 1634 2594 sermones
1668 2556 1680 2591 :
1714 2548 1768 2592 et
1796 2538 1957 2591 insta-

376 2630 477 2687 bili
506 2632 767 2686 sententia
799 2645 863 2684 ex
891 2640 979 2684 tua
1006 2629 1185 2696 iniqua
1216 2628 1547 2698 expositione
1575 2628 1764 2682 ﬁrmati
1794 2639 1915 2682 sunt
1940 2646 1953 2681 :

379 2734 636 2794 tanquam
666 2723 973 2779 dulcissima
1015 2722 1473 2792 circumsequendi
1505 2721 1558 2775 in
1588 2721 1723 2775 mala
1752 2722 1959 2789 Opinio-

378 2832 454 2872 ne
478 2856 493 2881 ,
536 2816 679 2887 quod
705 2831 832 2871 vere
856 2816 1244 2869 amarissimum
1271 2826 1353 2869 est
1377 2855 1393 2881 ,
1434 2823 1486 2867 et
1514 2828 1619 2868 non
1650 2822 1959 2869 averterunt

379 2906 690 2975 huiusmodi
719 2906 1065 2977 impietatem.
1116 2905 1361 2960 Dicemus
1404 2920 1531 2974 ergo
1578 2905 1713 2968 tibi,
1744 2906 1879 2959 sicut
1906 2912 1960 2958 et

296 2994 305 2999 ’
379 3007 572 3054 contra
604 2999 727 3054 illos
758 3014 773 3052 :
807 2997 1059 3063 Quoniam
1088 2996 1312 3050 dilexisti
1339 2996 1659 3063 iniquitatem
1687 2996 1847 3063 magis
1878 2997 1956 3047 lo-

375 3089 475 3159 qui
501 3105 657 3159 quant
676 3088 933 3157 justitiam
956 3129 971 3152 ,
1003 3086 1226 3140 dilexisti
1265 3072 1416 3153 super
1458 3087 1628 3138 omnia
1666 3087 1957 3154 pra'cipila-

376 3180 537 3234 tionis
557 3180 782 3247 linguam
802 3178 1030 3231 dolosam
1052 3177 1227 3247 [Juxta
1253 3174 1448 3243 (ἴε-πα,
1475 3177 1643 3229 omnia
1664 3177 1810 3229 verba
1830 3192 1961 3243 pra:-

2061 1981 2272 2057 ἇριστος
2313 1991 2411 2038 τῶν
2458 1985 2747 2039 ἀποστόλων
2790 1986 2981 2045 ἀληθῶς
3024 1988 3226 2059 Πέτρος,
3265 1984 3323 2039 οὗ
3361 1990 3419 2040 τό
3469 1985 3627 2057 ὄνομα

2063 2078 2235 2134 ἐπίσος
2264 2072 2336 2138 εἶ,
2361 2074 2463 2128 ἀλλ’
2481 2077 2535 2126 οὑ
2562 2082 2623 2146 τῇ
2650 2078 2841 2147 γνώμη,
2867 2075 2980 2129 οὐδὲ
3025 2084 3084 2147 τῇ
3134 2079 3320 2139 πίστει,
3357 2074 3434 2130 ὅτι
3465 2078 3627 2151 ὑπερ-

2062 2165 2191 2236 ἄγαν
2220 2168 2273 2218 ἐκ
2299 2168 2479 2219 τούτου
2512 2166 2795 2222 ἐκκεκλικὼς
2823 2161 2868 2217 εἷ
2894 2170 2985 2218 τοῦ
3014 2167 3161 2236 ὀρθοῦ
3183 2172 3396 2229 σκοποῦ,
3425 2171 3509 2219 καὶ
3538 2176 3625 2227 τῆς

2061 2258 2332 2327 ἀμωμήτου
2363 2256 2601 2312 πίστεως’
2628 2255 2682 2306 οὑ
2709 2253 2853 2323 μόνον
2882 2252 2935 2307 δὲ
2964 2255 3093 2307 κατά
3132 2261 3247 2316 σοῦ,
3276 2255 3397 2307 άλλά
3429 2262 3524 2323 μὴν
3549 2260 3627 2312 καί

2062 2348 2191 2400 κατά
2224 2353 2321 2399 τῶν
2354 2348 2441 2399 οὑκ
2477 2347 2875 2418 ἐρυθριασάντων
2914 2343 3030 2403 τοὺς
3060 2353 3155 2400 τῶν
3198 2354 3397 2400 σεπτῶν
3426 2349 3627 2418 εὐαγγεη

2060 2438 2243 2493 λιστῶν
2268 2446 2617 2511 χαρακτῆρας,
2650 2440 2732 2490 καὶ
2760 2444 2857 2491 τῶν
2893 2439 3090 2496 τούτοις
3131 2438 3382 2507 ἑπομένων
3408 2440 3627 2493 άποστός

2059 2530 2174 2592 λων,
2197 2531 2488 2583 καίτελείων
2509 2528 2701 2603 ἀνδρῶν
2722 2529 3029 2584 διδασκάλων
3058 2534 3175 2590 τοὺς
3194 2532 3394 2602 λόγους,
3422 2535 3630 2603 ἀστάτῳ

2061 2624 2231 2694 γνώμη
2261 2620 2645 2696 ἐπερειδομένων
2672 2632 2734 2697 τῇ
2764 2624 2815 2675 ἐκ
2841 2630 2931 2676 σοῦ
2962 2626 3373 2698 παραμιμουμένη
3414 2624 3507 2695 [ἵσ.
3537 2648 3629 2680 πα-

2061 2711 2426 2787 ρανομουμένῃ]
2452 2715 2659 2768 ἐκθέσει·
2697 2716 2763 2773 ὠς
2809 2712 3037 2770 ἡδύτατα
3079 2718 3409 2790 περιέπεσθαι
3451 2719 3532 2771 ἐπὶ
3572 2719 3629 2771 τό

2061 2812 2150 2861 τῆς
2187 2801 2472 2865 κακοδοξίας
2516 2800 2667 2861 ὅντως
2703 2804 3005 2876 πικρότατον
3024 2846 3037 2869 ,
3069 2809 3151 2857 καί
3182 2809 3270 2858 οὑκ
3294 2809 3631 2881 ἀποστραφέν-

2062 2915 2159 2947 των
2204 2900 2292 2951 τήν
2336 2893 2529 2948 τοιάνδε
2572 2893 2895 2948 δυσσέϐειαν.
2928 2898 3140 2964 Λέξομεν
3178 2892 3262 2949 οὑν
3306 2918 3409 2960 σοι,
3441 2900 3507 2956 ὡς
3547 2900 3631 2953 καὶ

2063 2984 2172 3038 κατ’
2184 2985 2396 3038 ἐκείνων
2425 2984 2624 3043 Ἐπειδή
2647 2988 2919 3055 ἠγάπησας
2948 2990 3120 3041 κακίαν
3141 2988 3269 3061 ὑπὲρ
3296 2994 3384 3041 τοῦ
3414 2988 3631 3046 λαλῆσαι

2063 3074 2402 3149 δικαιοσύνην,
2424 3081 2691 3147 ἠγάπησας
2707 3077 2871 3130 πάντα
2890 3077 2953 3130 τά
2973 3078 3173 3151 ῥήματα
3192 3086 3625 3148 καταποντισμοῦ,

2062 3166 2298 3236 γλῶσσαν
2328 3164 2515 3220 δολίαν⁹
2554 3164 2638 3221 διὰ
2667 3174 2816 3221 τοῦτο
2864 3166 2889 3219 ό
2932 3169 3271 3230 Θεός,καθελεῐ
3295 3190 3351 3223 σε
3397 3171 3467 3229 εἰς
3493 3170 3630 3231 τέλος

379 3239 717 3334 cipitationis,
752 3268 977 3336 linguam
1005 3239 1256 3335 dolosam]
1288 3281 1301 3317 :
1334 3239 1538 3335 propter
1568 3265 1663 3319 hoc
1701 3239 1837 3319 Deus
1871 3268 1958 3321 de-

2065 3260 2206 3328 (Ψαλ.
2233 3257 2329 3328 LI),
2363 3260 2460 3311 ἀπὸ
2493 3265 2581 3316 τῆς
2606 3260 2660 3310 οὑ
2691 3259 2839 3327 μόνον
2868 3258 3171 3329 ’Δντιοχέων
3197 3260 3482 3321 ἐκκλησίας,
3508 3262 3633 3315 ἀλλά

379 3366 550 3412 struet
576 3358 701 3411 tein
728 3357 880 3423 ﬁnem
909 3355 1080 3425 (Psal.
1109 3356 1217 3425 Li);
1268 3363 1321 3409 et
1347 3369 1452 3410 non
1482 3354 1651 3409 solum
1680 3356 1749 3409 ab
1773 3355 1960 3410 Antio-

378 3448 554 3504 cltena
594 3446 829 3502 Ecclesia
854 3485 871 3511 ,
915 3444 1012 3501 sed
1056 3445 1123 3499 ab
1163 3445 1308 3499 omni
1350 3445 1562 3500 civitate
1608 3445 1838 3513 deponet
1868 3464 1882 3500 :
1908 3454 1963 3501 et

380 3538 544 3593 ﬁrma
568 3538 636 3592 sit
662 3537 775 3591 haec
804 3544 891 3591 tua
927 3535 1190 3604 depositio
1216 3549 1247 3589 a
1281 3550 1367 3590 me
1389 3575 1405 3601 ,
1448 3543 1502 3589 et
1532 3535 1601 3590 ab
1631 3535 1713 3590 his
1738 3536 1827 3605 qui
1856 3550 1960 3590 una

383 3645 596 3688 mecum
641 3629 988 3699 apostolicum
1028 3628 1275 3683 thronum
1323 3636 1549 3697 regunt,
1591 3629 1741 3684 etab
1769 3630 1961 3685 Acacio

382 3722 985 3788 Constantinopolitanm
1014 3721 1269 3775 Ecclesiae
1307 3728 1519 3788 pastore
1538 3759 1553 3782 ,
1585 3728 1639 3774 et
1679 3735 1710 3773 a
1738 3734 1962 3774 venera-

389 3813 585 3869 hilibus
602 3811 865 3879 episcopis
891 3810 989 3863 sibi
1013 3808 1286 3877 subjectis,
1314 3807 1562 3876 quoniam
1589 3808 1822 3875 ipsorum
1845 3824 1962 3863 mo-

391 3902 627 3957 nimenta
655 3915 760 3955 non
784 3899 1103 3954 sustinuisti.
1149 3898 1479 3967 Quandoque
1516 3896 1658 3951 enim
1686 3898 1817 3952 dicis
1846 3897 1964 3951 Tri—

392 3991 608 4047 nitatem
633 3996 847 4058 propter
866 4002 962 4042 nos
984 3986 1310 4049 cruciﬁxant,
1336 4000 1443 4039 non
1462 3984 1759 4049 Christum;
1792 4000 1962 4053 quan-

391 4082 567 4152 doque
606 4090 783 4136 autem
828 4076 1180 4133 immortalem
1212 4075 1463 4143 Spiritum
1485 4118 1499 4143 ,
1528 4074 1961 4140 manichaizans;

391 4172 706 4243 quandoque
734 4169 937 4224 abistis
956 4165 1256 4235 dillugiens,
1282 4166 1414 4221 meis
1433 4167 1757 4236 argumentis
1780 4180 1964 4233 repre-

391 4262 590 4318 hensus
611 4270 667 4317 et
684 4261 1039 4319 sermonibus.
1069 4258 1247 4314 dixisti
1273 4258 1570 4323 Christum,
1606 4266 1722 4326 post
1746 4257 1965 4315 immor-

396 4352 551 4407 talem
579 4349 836 4420 Spiritum
853 4390 868 4415 ,
899 4350 1198 4419 passionem
1226 4346 1542 4401 sustinuisse
1567 4386 1581 4409 ,
1612 4344 1748 4400 sicut
1771 4346 1961 4401 Samo-

391 4449 607 4496 satenus
627 4448 683 4496 et
706 4439 1001 4503 Nestorius,
1024 4453 1185 4492 unum
1215 4436 1404 4491 Filium
1430 4436 1725 4492 dividentes
1753 4437 1806 4491 in
1835 4437 1966 4491 dua-

393 4531 598 4585 litatem
624 4529 871 4583 ﬁliorum.
894 4527 1221 4596 Quandoque
1242 4535 1418 4581 autem
1438 4535 1493 4580 et
1521 4527 1601 4580 his
1621 4527 1826 4580 cessisti
1855 4542 1961 4581 non

393 4619 761 4682 detrectando,
782 4628 838 4672 et
856 4618 1047 4673 venisti
1069 4619 1135 4673 ad
1157 4621 1327 4686 pejus,
1350 4632 1456 4673 non
1479 4618 1820 4687 gloriﬁcando
1842 4618 1968 4673 clie-

396 4710 637 4766 rubicum
659 4707 933 4777 hymnum,
964 4709 1030 4761 ad
1064 4708 1255 4762 Filium
1283 4708 1487 4763 referre
1510 4710 1833 4777 praestolanti
1862 4721 1968 4764 tre-

394 4814 546 4857 more
571 4796 927 4857 ἀνενδοιάστως
958 4796 1330 4851 venerabiliter
1360 4798 1602 4852 similiter
1628 4798 1963 4863 Trinitatem,

395 4893 488 4949 sed
520 4900 688 4946 totum
714 4888 969 4959 hymnum
995 4886 1062 4941 ad
1086 4886 1275 4941 Filium
1300 4886 1520 4952 referre,
1542 4890 1725 4943 volens
1754 4890 1969 4943 ﬁrmare

396 4980 637 5037 morbum
682 4979 858 5033 cancri
904 4978 1140 5034 rodentis
1164 5018 1179 5042 ,
1223 4992 1380 5045 quem
1421 4977 1791 5032 innocentibus
1829 4979 1971 5033 intu-

397 5072 536 5135 listi;
561 5081 614 5126 et
635 5070 756 5124 inde
776 5068 949 5123 omnis
972 5066 1186 5137 generis
1212 5064 1493 5120 haeresium
1520 5064 1721 5132 laqueis
1746 5066 1970 5119 circum-

398 5160 757 5230 prmcipitatus
780 5198 796 5223 ,
828 5173 858 5213 a
887 5158 1113 5212 veritate
1138 5158 1322 5211 exiens
1345 5193 1361 5221 ,
1402 5168 1508 5208 non
1538 5153 1793 5222 praedicas
1818 5154 1971 5211 Chri-

399 5262 538 5306 stum
574 5266 673 5320 pro
718 5248 872 5304 nobis
910 5249 1219 5305 cruciﬁxum
1244 5288 1258 5313 ,
1290 5261 1390 5301 nec
1420 5245 1747 5316 unigenitum
1778 5246 1970 5302 Filium

400 5342 493 5397 Dei
520 5382 535 5407 ,
574 5342 663 5411 qui
708 5341 760 5395 in
799 5339 972 5394 medio
998 5338 1171 5394 Patris
1198 5347 1255 5393 et
1283 5336 1513 5407 Spiritus
1536 5339 1707 5393 sancti
1733 5345 1854 5404 est,
1884 5337 1974 5406 pie

402 5433 683 5502 gloriﬁcas.
714 5430 849 5498 Quid
874 5431 1016 5485 enim
1046 5431 1150 5485 isto
1176 5430 1343 5500 magis
1372 5428 1731 5497 interdictum,
1756 5428 1912 5483 Patre
1938 5442 1970 5483 a

402 5524 554 5580 vobis
575 5532 629 5579 et
657 5530 842 5577 sancto
864 5519 1062 5590 Spiritu
1091 5535 1198 5574 non
1223 5519 1557 5588 gloriﬁcato?
1606 5517 1735 5572 Nam
1766 5519 1968 5572 calum-

404 5617 543 5671 niam
572 5613 838 5683 seraphim
871 5626 966 5666 vos
993 5610 1217 5676 iniertis,
1246 5612 1336 5679 qui
1366 5610 1679 5666 Trinitatem
1710 5624 1815 5664 non
1844 5609 1974 5664 dici-

405 5709 472 5760 tis
509 5704 897 5775 glorillcandam
924 5746 938 5769 ,
982 5703 1245 5767 Sanctus,
1286 5711 1537 5768 sanctus,
1581 5710 1796 5755 sanctus
1821 5740 1834 5764 ,
1878 5700 1976 5755 sed

403 5799 575 5855 solum
604 5797 951 5861 personaliter
984 5795 1190 5854 Filium.
1236 5794 1300 5852 Et
1334 5809 1451 5861 qua:
1481 5793 1832 5862 praecipitatio
1862 5792 1969 5848 bre-

2060 3354 2141 3405 καί
2170 3350 2269 3402 ἀπὸ
2296 3350 2467 3407 πάσης
2495 3349 2691 3408 πόλεως
2709 3363 2723 3377 ’
2755 3352 2891 3421 καίγε
2924 3350 3277 3421 πεπαγιωμένη
3306 3350 3440 3405 ἴστω
3466 3354 3495 3407 ἡ
3523 3354 3633 3405 καθ-

2063 3444 2261 3514 αίρεσις
2302 3440 2432 3496 αῦτη
2481 3438 2568 3492 ὑπ’
2586 3439 2735 3507 ἐμοῦ,
2790 3442 2875 3493 καὶ
2921 3447 3020 3493 τῶν
3060 3438 3331 3495 διεπόντων
3378 3442 3488 3511 μετ’
3510 3443 3630 3511 ἐμοῦ

2060 3531 2142 3585 τόν
2176 3531 2505 3585 ἀποστολικὸν
2540 3530 2701 3605 θρόνον
2720 3571 2733 3593 ,
2764 3533 2845 3584 καὶ
2870 3529 3104 3585 ’Λκᾶκίου
3144 3539 3234 3585 τοῦ
3263 3540 3353 3591 τῆς
3379 3548 3634 3587 Κωνσταν-

2060 3621 2415 3674 τινουπολιτῶν
2456 3622 2713 3681 ἐκκλησίας
2755 3623 3007 3690 ποιμένος,
3044 3624 3125 3673 καὶ
3156 3629 3253 3675 τῶν
3456 3632 3634 3691 τιμίων

2061 3711 2395 3779 ὑποκειμένων
2426 3714 2497 3769 εἰς
2540 3715 2627 3766 τήν
2654 3712 2841 3781 ἐνορίαν
2882 3712 3035 3762 αὑτοῦ
3068 3712 3383 3776 ἐπισκόπων,
3413 3717 3496 3766 καὶ
3535 3721 3634 3767 τῶν

2064 3803 2228 3851 αὑτῶν
2255 3806 2323 3867 μὴ
2352 3800 2699 3867 ἀνασχόμενος
2726 3800 3100 3868 ὑπομνημάτων
3120 3815 3133 3829 ⁸
3166 3798 3245 3853 ὅτε
3275 3804 3362 3867 μέν
3389 3802 3484 3872 γάρ
3516 3801 3634 3871 ἔφης

2062 3888 2256 3960 Τριάδα
2284 3888 2495 3957 διήμᾶς
2535 3890 2912 3963 σταυρωθῆναι,
2938 3892 3019 3941 καὶ
3058 3891 3177 3957 οὑχί
3208 3890 3442 3962 Χριστόν
3468 3889 3549 3944 ὅτε
3578 3890 3633 3944 δέ

2064 3982 2120 4033 τό
2145 3983 2378 4034 ἀθάνατον
2406 3986 2619 4049 Πνεῦμα,
2652 3979 2994 4049 μανιχαΐζων⁶
3040 3978 3120 4034 ὅτε
3150 3979 3203 4033 δέ
3234 3981 3286 4032 ἐκ
3316 3982 3507 4034 τούτων
3536 4002 3634 4052 φυ-

2065 4076 2195 4142 γών,
2236 4070 2750 4142 διακατελεγχόμενος
2795 4071 2891 4123 ὑπὸ
2937 4076 3034 4123 τῶν
3076 4071 3202 4140 ἐμῶν
3236 4071 3494 4126 ὑποθηκῶν
3549 4075 3633 4123 καὶ

2064 4163 2238 4233 λόγων,
2266 4165 2479 4236 Χριστόν
2523 4165 2651 4230 μετά
2694 4165 2750 4214 τό
2798 4163 3037 4215 ἀθάνατον
3075 4168 3271 4230 Πνεῦμα
3312 4160 3485 4225 ἔλεξας
3514 4165 3633 4218 ὑπο-

2067 4254 2406 4321 μεμενηκέναι,
2434 4255 2499 4309 ὡς
2545 4251 2569 4304 ό
2605 4254 2924 4320 Σαμοσατεὺς
2952 4253 3030 4303 καί
3056 4251 3343 4323 Νεστόριος,
3372 4252 3429 4305 τό
3458 4252 3633 4319 πάθος,

2068 4345 2152 4396 τόν
2179 4344 2262 4395 ἕνα
2288 4343 2397 4394 Ϊίόν
2420 4340 2699 4405 δικάζοντες
2719 4344 2789 4401 εἷς
2810 4339 2970 4395 δυάδα
2994 4341 3136 4394 Υἱῶν’
3161 4338 3241 4395 ὅτε
3272 4345 3354 4395 καὶ
3381 4344 3464 4397 ἐπὶ
3484 4350 3636 4398 τοῦτο

2052 4427 2208 4494 »εἴξας
2236 4437 2305 4502 μὴ
2334 4430 2691 4505 διασύρεσθαι,
2720 4430 2837 4491 ἧκες
2870 4432 2950 4484 ἐπὶ
2978 4433 3036 4483 τὸ
3065 4428 3254 4495 κάκιον,
3287 4434 3370 4484 τόν
3401 4434 3638 4502 χερουϐι-

2069 4524 2150 4575 xiv
2177 4522 2327 4589 ὕμνον
2358 4521 2643 4597 εὑπαρέδρῳ
2671 4522 2828 4595 θρόνῳ
2864 4519 3247 4585 ἀνενδοιάστως,
3276 4524 3522 4584 ὡσαύτως
3550 4529 3639 4582 τήν

1992 4587 2048 4647 D
2071 4587 2285 4688 Τριάδα,
2317 4620 2387 4685 μή
2421 4587 2723 4684 δοὲολονεῐν,
2757 4587 2881 4666 ἀλλά
2927 4616 3012 4667 τὸν
3051 4616 3218 4669 πάντα
3257 4615 3410 4685 ῦμνον
3441 4618 3510 4675 εἰς
3553 4618 3637 4671 τόν

2069 4709 2178 4761 Υίὸν
2227 4704 2384 4776 ἄγειν,
2430 4706 2603 4758 ἐθέλων
2648 4705 2988 4761 ἐνστήσασθαι
3031 4708 3111 4763 ἦν’
3133 4708 3262 4762 κατά
3304 4715 3401 4761 τῶν
3440 4709 3637 4762 ἀκάκων

2070 4797 2328 4863 ἐξήνεγκας
2354 4802 2503 4862 νομῆς
2528 4793 2848 4866 γάγγραιναν.
2887 4795 2979 4846 Καὶ
3007 4796 3265 4856 παντόίαις
3298 4797 3519 4850 ἐντεῦθεν

2074 4887 2254 4957 χόναις
2301 4886 2543 4960 αἱρέσεων
2582 4885 2829 4955 μεγίστων
2872 4887 3387 4961 περικριμνιζόμενος,
3430 4889 3639 4940 ὶκνεὺων

2070 4985 2162 5035 τῆς
2206 4976 2429 5033 ἀληθείας
2474 4980 2565 5028 τοῦ
2607 4975 2692 5028 τὸν
2737 4975 2957 5043 Χριστόν
3004 4980 3074 5043 μή
3127 4974 3380 5052 κηρύττειν
3426 4973 3639 5043 δι’ἠμᾶς

2075 5067 2444 5137 σταυρωθέντα,
2475 5066 2559 5117 τὸν
2589 5072 2824 5135 μονογενῆ
2865 5069 2990 5118 Θεοῦ
3019 5066 3155 5127 Υίὸν,
3183 5067 3265 5119 τόν
3299 5066 3347 5118 ἐν
3374 5066 3513 5135 μέσῳ
3543 5076 3639 5117 Πα-

2072 5159 2208 5235 τρός,
2244 5160 2326 5209 καί
2354 5156 2493 5225 ἁγίου
2542 5153 2824 5224 Πνιὺματος
2861 5155 3078 5214 εὐσεϐῶς
3116 5152 3536 5225 δοξολογούμενον.
3583 5158 3640 5207 Τί

2071 5253 2171 5321 γάρ
2214 5250 2396 5303 τούτου
2440 5248 2989 5323 ἀπογοριυτικώτερον,
3022 5246 3215 5316 Πατρός
3243 5245 3537 5319 παρ’ὑμῶν,
3561 5250 3640 5299 καὶ

2074 5340 2216 5410 ἁγίου
2247 5341 2525 5408 Πνεὺματος
2549 5336 2907 5409 ἀδοξουμένου;
2940 5340 3023 5389 καί
3062 5339 3392 5407 συκοφαντίαν
3423 5345 3529 5394 τοῖς
3556 5356 3639 5388 σι-

2076 5431 2257 5501 ραφείμ
2276 5428 2412 5498 ὑμῶν
2431 5426 2886 5501 παρεισφερόντων,
2902 5425 2977 5481 ὅτι
2996 5427 3052 5478 οὐ
3074 5431 3161 5483 την
3180 5424 3373 5497 Τριάδα
3392 5426 3640 5493 φάσκουσι

2079 5518 2370 5590 δοξολογεῖν,
2417 5515 2603 5588 Ἄγιος,
2652 5517 2820 5591 ἅγιος,
2867 5516 3028 5589 ἅγιος,
3068 5516 3188 5571 ἀλλά
3228 5514 3640 5585 μονοπροσώπως

2078 5611 2160 5662 τόν
2196 5609 2326 5661 Υίόν.
2357 5611 2444 5661 Καὶ
2474 5613 2613 5665 ,ποία
2660 5606 2985 5682 φαραγγώδης
3014 5608 3253 5681 αἱρέσεων
3282 5603 3441 5661 οῦτως
3479 5605 3637 5659 ἀπηνσ

2082 5702 2440 5771 αισχὺντηκιν,
2484 5703 2550 5759 ὡς
2578 5702 2758 5764 ὑμεῐς;
2791 5700 2917 5757 πλὴν
2946 5700 3025 5752 καὶ
3054 5700 3102 5750 ἓν
3145 5697 3305 5765 τούτῳ
3346 5694 3641 5769 διατρέχον-

2084 5814 2185 5853 τις.
2226 5790 2337 5851 Ἔτι
2366 5794 2659 5857 καινοτέρως
2689 5790 2897 5846 ίπίϐητι
2928 5795 3043 5849 ταῖς
3082 5785 3518 5860 στραῃαλιὼδςσι
3545 5792 3641 5841 τῶν
