4096 6342
413 318 513 375 915

1739 304 1995 361 FELlClS
2034 269 2234 359 PAPIE
2278 304 2339 356 ιιι

3559 299 3668 358 916

413 441 607 483 resmm
661 425 729 479 ita
769 423 1076 486 confundit,
1110 419 1163 474 id
1197 427 1279 473 est
1306 416 1641 486 impudenter
1669 416 1811 485 egit,
1847 415 1980 470 sicut

2124 418 2189 471 πὸ
2230 421 2353 469 Θεοῦ
2402 417 2756 484 ἀπειπαμένων
2805 411 3112 483 δυσφημιῶν,
3147 413 3228 464 τόν
3278 411 3415 476 Υῖὸνῗ,
3449 417 3664 490 Πατέρα,

415 518 543 572 vos?
578 515 950 570 Verumtamen
976 521 1029 564 et
1051 510 1104 562 in
1130 510 1235 563 isto
1256 521 1571 576 percurrens
1599 506 1769 560 adhuc
1799 507 1989 560 novius

415 606 545 680 [Al.,
599 599 895 670 nocentius]
936 601 1284 666 ascendistis,
1326 609 1378 653 et
1420 598 1827 668 strangulandas
1856 598 1991 650 infa-

416 697 548 750 mias
576 709 605 748 a
639 694 745 746 Deo
784 691 1008 759 adjicitis
1035 734 1050 760 ,
1089 690 1282 745 Filium
1325 689 1606 756 videlicet,
1643 690 1855 744 Patrem
1879 729 1895 754 ,
1939 697 1992 742 et

417 797 655 842 sanctum
701 785 991 852 Spiritum,
1037 785 1527 849 sabellianizantes,
1573 783 1727 837 simul
1767 781 1992 850 conjun-

418 875 876 947 gerejudicantes.
916 875 1228 930 Trinitatem
1260 875 1504 929 conﬁteri
1535 875 1773 943 negatis,
1809 873 1860 926 in
1890 887 1994 942 qua

418 968 749 1035 baptizamur
771 1006 786 1031 ,
820 973 875 1020 et
898 965 1164 1020 credimus
1190 1007 1202 1028 ,
1236 975 1289 1018 et
1313 965 1650 1019 conﬁtemur.
1701 964 1830 1030 Quis
1869 977 1995 1032 ergo

422 1073 526 1114 non
553 1057 772 1112 deﬁeret
799 1057 874 1111 sic
902 1057 1140 1110 dicentes
1162 1057 1228 1110 de
1254 1057 1567 1110 intemerato
1593 1055 1829 1123 trisagio,
1856 1053 1995 1123 quod

423 1150 556 1206 mihi
585 1150 736 1204 valde
768 1150 1014 1203 convenit
1052 1149 1282 1204 refutare
1306 1191 1319 1213 ,
1368 1159 1421 1203 et
1447 1150 1625 1204 ﬂetum
1654 1150 1844 1201 merito
1872 1149 1999 1202 dare

424 1243 475 1298 in
506 1243 602 1297 hos
633 1244 924 1296 animarum
955 1241 1276 1308 simplicium
1303 1241 1657 1301 cavillatores,
1688 1254 1749 1292 ac
1778 1239 1998 1306 impium

422 1333 629 1390 facinus
656 1333 915 1401 ﬁngentes
945 1351 956 1384 :
987 1347 1120 1401 quos
1145 1342 1194 1386 et
1221 1332 1423 1385 alienos
1465 1329 1765 1399 putavimus
1806 1327 1874 1381 ab
1915 1343 2001 1381 or-

423 1425 664 1482 thodoxa
690 1425 791 1478 ﬁde
822 1434 875 1478 et
897 1424 1155 1478 catholica
1187 1424 1441 1488 Ecclesia,
1481 1431 1536 1475 et
1563 1436 1592 1474 a
1627 1420 2002 1475 communione

425 1516 578 1574 ducis
629 1518 794 1570 nostri
841 1516 1056 1584 gloriosi
1088 1515 1430 1582 przecessoris
1471 1513 1654 1578 Petri,
1697 1511 1787 1579 qui
1827 1510 2004 1564 claves

425 1610 574 1679 regni
601 1624 630 1662 a
661 1609 938 1663 Salvatore
964 1617 1146 1662 nostro
1180 1607 1414 1674 recepit?
1457 1607 1556 1672 Qui
1583 1616 1758 1659 autem
1793 1605 2006 1673 partici-

425 1715 520 1770 pes
548 1702 769 1770 apostoli
795 1714 914 1754 esse
940 1700 1144 1761 volunt,
1175 1699 1438 1751 ducuntur
1468 1706 1520 1751 et
1550 1698 1787 1750 doctrina
1813 1697 1999 1764 ipsius,

2092 512 2173 563 καὶ
2205 508 2342 580 ἅγιον
2378 515 2575 576 Πνεῦμα
2618 507 2873 575 λέγοντες,
2903 503 3390 567 σαϐε).λιανίζοντες,
3422 508 3503 558 καί
3546 528 3667 560 συνο

2095 605 2302 672 ἀλείφειν
2325 603 2587 675 κρίνοντες,
2607 604 2693 656 τὴν
2717 597 2908 674 Τριάδα
2935 598 3185 669 ὁμολόγως
3210 601 3587 674 ἀπηρνὴσασθε,
3603 605 3673 670 εἰς

2095 696 2152 751 ἣν
2196 693 2587 760 ἐϐαπτίσθημεν,
2619 695 2699 743 καί
2735 691 3064 758 πιστεύομεν,
3097 692 3177 742 καὶ
3202 688 3557 761 ὁμολογοῦμεν.
3587 698 3674 753 Τίς

2097 780 2181 839 οὖν
2204 787 2288 837 οὐκ
2318 781 2627 856 ἀποδύρεται
2646 785 2764 840 τοὺς
2795 781 2927 834 οὕτω
2951 784 3225 851 φάσκοντας
3243 784 3358 856 περὶ
3385 789 3472 836 τοῦ
3498 804 3675 857 τρισα-

2098 882 2206 951 γίου
2232 885 2318 933 τοῦ
2351 881 2642 948 ἀχράντου;
2676 874 2700 928 ὃ
2743 878 2850 945 ἐμοί
2879 878 2983 930 ὶίαν
3014 879 3197 954 πρέπει
3227 880 3560 943 ἀπείπασθαι,
3595 882 3678 933 καί

2100 971 2340 1041 κλαυθμόν
2382 969 2551 1023 δοῦναι
2599 971 2810 1032 ἐπαξίως
2846 977 2941 1022 τῶν
2982 971 3063 1022 ἐπί
3113 976 3261 1022 τοῦτο
3290 967 3677 1040 amavimus-er

2102 1064 2457 1133 ἁπλουστέρων
2531 1064 2749 1134 ψυχῶν,
2807 1071 2902 1117 τῶν
2962 1065 3018 1116 τὸ
3080 1065 3288 1126 ἀσεϐές,
3342 1067 3408 1124 ὡς
3476 1066 3681 1125 ετῦσεξές

2103 1154 2686 1228 δραματουργησάντων.
2719 1153 2818 1212 Οὒς
2860 1157 2938 1206 καί
2970 1154 3256 1228 ἀλλοτρίους
3297 1156 3550 1225 ἡγούμεθα
3590 1165 3682 1215 τῆς

2104 1245 2360 1318 ὀρθοδόξου
2382 1250 2625 1305 πίστεως,
2643 1248 2726 1298 καί
2753 1253 2842 1303 τῆς
2872 1245 3128 1303 καθολικῖκ
3146 1245 3454 1307 Ἐκκλησίας,
3479 1249 3560 1298 καί
3592 1255 3684 1305 τῆς

2107 1339 2353 1395 κοινωνίας·
2391 1343 2479 1389 τοῦ
2523 1337 2660 1405 ἡμῶν
2708 1337 2983 1407 ἡγουμένου
3046 1333 3238 1396 ἐνδόξου
3287 1333 3533 1411 προέδρου
3591 1338 3686 1389 Ili-

2106 1449 2247 1498 τρου,
2286 1436 2371 1481 τοῦ
2419 1430 2510 1485 τὰς
2551 1429 2676 1486 κλεῖς
2719 1436 2808 1486 τῆς
2847 1428 3109 1500 βασιλείας
3151 1430 3292 1498 παρά
3330 1436 3417 1482 τοῦ
3462 1439 3689 1504 Σωτῆρος

2107 1523 2244 1590 ἡμῶν
2299 1518 2567 1591 saved-rogi
2616 1521 2674 1571 Οἱ
2722 1518 2774 1572 δὲ
2823 1526 2911 1572 τοῦ
2962 1519 3249 1572 ἀποστόλου
3296 1520 3515 1579 θέλοντες
3566 1515 3689 1575 εἶναι

2108 1615 2327 1663 κοινωνοὶ
2371 1608 2574 1681 ἄγονται
2621 1613 2706 1662 καί
2751 1617 2813 1683 τῇ
2863 1608 3054 1683 διδαχῇ
3097 1610 3318 1672 τούτου,
3350 1609 3430 1662 τὸν
3472 1612 3688 1686 Χριστόν

2110 1701 2336 1770 φάσκειν,
2386 1703 2470 1752 καὶ
2502 1700 2759 1752 πιστεύειν
2808 1697 2871 1752 δι’
2891 1702 3025 1769 ἡμᾶς
3064 1700 3448 1773 σταυρωθέντα,
3490 1703 3577 1753 καί
3620 1707 3692 1770 μὴ

425 1793 514 1861 qui
545 1791 812 1846 Christum
844 1790 973 1843 dicit
1001 1798 1055 1846 et
1081 1789 1253 1842 credit
1289 1798 1505 1856 propter
1544 1802 1640 1840 nos
1670 1786 1999 1852 cruciﬁxum,

2118 1797 2258 1844 τοῦτο
2286 1791 2706 1864 ἀπαρνήσασθαι,
2743 1792 2808 1847 ὡς
2839 1792 2922 1842 καί
2951 1789 2975 1842 ὁ
3007 1790 3192 1864 ἀρτίως
3223 1792 3555 1866 καθῃρημένος
3595 1793 3693 1845 Πέ-

427 1893 480 1939 et
504 1883 603 1937 hoc
634 1898 740 1936 non
765 1891 938 1946 negat,
964 1882 1103 1936 sicut
1131 1889 1184 1933 et
1209 1880 1368 1932 modo
1398 1878 1669 1946 depositus
1696 1877 1906 1942 Petrus,
1939 1892 2005 1932 ex

426 1989 492 2031 eo
517 1975 658 2044 quod
685 1989 790 2027 non
813 1973 1046 2043 legitime
1069 1981 1120 2025 et
1150 1971 1496 2024 inclementer
1525 1971 1578 2022 in
1607 1969 1821 2038 trisagio
1850 1968 2007 2022 adin-

428 2066 642 2122 novavit
673 2081 686 2117 :
724 2064 823 2129 Qui
851 2063 1125 2130 cruciﬁxus
1154 2069 1224 2114 est
1254 2069 1457 2128 prepter
1486 2076 1607 2122 nos;
1631 2060 1858 2113 scientes
1887 2060 2009 2127 quia

426 2171 533 2212 non
546 2155 854 2209 Trinitatem
869 2154 1171 2208 crucifixam
1197 2152 1263 2204 ab
1287 2151 1537 2218 apostolis
1558 2150 1886 2218 suscepistis,
1906 2164 2008 2203 non

429 2252 662 2317 Patrem,
693 2265 797 2305 non
820 2248 1075 2316 Spiritum
1103 2254 1362 2309 sanctum,
1390 2245 1490 2298 nisi
1518 2259 1677 2299 carne
1705 2244 1892 2298 Filium
1915 2243 2010 2298 Dei

431 2342 762 2412 unigenitum
816 2340 1014 2392 solum.
1068 2338 1254 2404 Fugite
1283 2350 1412 2401 ergo
1440 2335 1506 2388 ab
1562 2335 1659 2388 hac
1706 2335 2010 2388 inclementi

428 2433 824 2497 communione,
850 2440 903 2483 et
928 2444 1021 2483 ero
1046 2429 1197 2481 vobis
1226 2426 1648 2486 communieans,
1679 2427 1729 2480 in
1757 2435 2010 2494 quantum

429 2532 483 2578 et
508 2537 602 2577 vos
624 2521 776 2585 mihi,
803 2519 986 2573 dolosa
1020 2517 1222 2570 fallacia
1248 2517 1402 2583 longe
1431 2531 1460 2568 a
1491 2524 1667 2569 nostra
1695 2515 2010 2569 orthodoxia

429 2615 668 2682 expulsa.
701 2609 993 2675 Custodite,
1025 2609 1222 2662 Christi
1251 2607 1518 2675 discipuli,
1558 2607 1659 2660 mei
1686 2615 1862 2660 autem
1893 2605 2007 2669 ﬁlii,

431 2704 744 2761 traditiones
772 2717 902 2772 quas
932 2717 960 2754 a
991 2701 1184 2756 divinis
1210 2699 1500 2768 Scripturis
1531 2697 1827 2766 accepistis.

1026 2854 1050 2880 α
1094 2843 1421 2899 EPISTOLA

501 2944 729 2994 EIUSDEM
771 2952 966 2993 FELICIS
1006 2953 1148 2992 ΡΑΡιΕ
1190 2954 1245 2990 111
1301 2952 1367 2990 Αἰ)
1406 2950 1616 2989 PETRUM
1657 2947 1940 2988 EPISCOPUM

769 3023 1165 3074 ANTIOCHENUM,
1209 3020 1392 3060 VERSIO
1431 3021 1676 3067 ANTIQL'A.

504 3117 688 3174 Petrus
719 3120 1063 3172 Amice/tenus
1092 3118 1361 3186 deponitur
1394 3126 1439 3169 et
1467 3115 1940 3169 anathematizatur.

501 3211 761 3281 Quoniam
795 3209 1063 3279 pestiferis
1094 3208 1350 3261 doetrinis
1383 3208 1618 3262 imbutus
1656 3213 1710 3263 et.
1752 3208 2020 3276 impietate

2109 1903 2250 1956 τρος,
2282 1880 2364 1934 διά
2404 1883 2459 1934 τὸ
2501 1881 2775 1939 ἀλλοκότως
2818 1883 2900 1933 καὶ
2948 1878 3204 1948 δυσμενῶς
3237 1882 3282 1932 ἐν
3327 1889 3398 1951 τῷ
3442 1885 3694 1955 τρισαγίῳ

2111 1973 2713 2046 προσκεκαινοτομηκέναι
2735 1970 2886 2034 τὸ,“0
2908 1973 3217 2046 σταυρωθείς
3248 1970 3475 2041 δι’ἡμᾶς·
3504 1973 3694 2034 εἰδότες

2115 2063 2191 2118 δτι
2231 2067 2288 2117 οὐ
2317 2063 2507 2139 Τριάδα
2532 2071 2630 2117 τῶν
2678 2064 2970 2117 ἀποστόλων
3001 2066 3382 2137 σταυρωθεῖσαν
3416 2063 3693 2139 παρεδέξα-

2117 2157 2221 2218 σθε,
2257 2157 2313 2207 οὐ
2343 2157 2561 2228 Πατέρα,
2595 2157 2649 2207 οὐ
2687 2161 2886 2224 Πνεῦμα
2917 2155 3083 2226 ἅγιον,
3110 2159 3152 2208 εἰ
3190 2162 3255 2224 μὴ
3289 2158 3438 2229 σαρκί
3467 2159 3546 2209 τὸν
3573 2158 3690 2211 Υίόυ

2117 2251 2204 2298 τοῦ
2236 2250 2359 2297 Θεοῦ
2399 2245 2479 2298 τὸν
2527 2253 2758 2316 μονογενῆ
2797 2248 3095 2314 μονὼτατον.
3135 2247 3343 2314 Φεύγετε
3391 2250 3551 2300 τοίνυν
3590 2248 3694 2302 ἀπὸ

2117 2343 2206 2394 τῆς
2237 2335 2512 2403 δυσμενοῦς
2553 2337 2732 2388 τούτου
2774 2340 3048 2398 κοινωνίας,
3083 2341 3163 2389 καί
3205 2336 3390 2405 ἔσομαι
3420 2339 3558 2408 ὑμῶν
3587 2359 3690 2394 κοι-

2117 2428 2299 2491 νωνὸς,
2332 2427 2498 2480 καθότι
2541 2431 2619 2479 καὶ
2665 2428 2810 2496 ὑμεῖς
2857 2429 2993 2498 ἐμοῖ.
3035 2435 3132 2480 Τοῦ
3180 2427 3381 2504 δολεροῦ
3430 2433 3693 2500 φάσματος

2119 2517 2292 2593 πόρρω
2327 2521 2465 2588 ὑμῶν
2512 2528 2600 2577 τῆς
2633 2517 2912 2594 ὁρθοδοξίας
2958 2518 3374 2580 ἐκπεπηδηκότος.
3417 2523 3688 2589 «religare,

2120 2617 2341 2682 Χριστοῦ
2374 2611 2607 2678 μαθηταὶ,
2639 2611 2756 2678 ἐμοῦ
2780 2608 2830 2663 δὲ
2853 2610 2974 2670 υἱοὶ,
2992 2613 3085 2670 τὰς
3119 2610 3426 2683 παραδόσεις
3451 2611 3509 2672 ἃς
3529 2635 3690 2688 raps-

2117 2702 2290 2754 λάϐετε
2315 2702 2415 2753 ἀπὸ
2445 2708 2542 2753 τῶν
2573 2704 2708 2753 σείων
2738 2707 2958 2773 Γραφῶν.

2116 2840 2226 2895 lare
2263 2841 2317 2894 in
2348 2840 2600 2902 veritate;
2648 2853 2743 2892 nec
2773 2839 2970 2894 nostris
3002 2840 3206 2894 duaous
3243 2841 3482 2909 epistolis
3509 2856 3691 2902 aurem

2120 2931 2335 2986 voluisti
2367 2931 2726 2985 commodare.
2754 2931 2900 2985 Nunc
2929 2931 3085 3000 igitur
3113 2946 3228 2986 sum
3250 2947 3470 2988 exorsus
3501 2936 3691 2991 adver-

2121 3037 2236 3076 sum
2288 3033 2337 3078 te
2380 3022 2618 3091 proferre
2660 3023 2979 3077 sententiam
3021 3023 3214 3092 (magis
3249 3034 3421 3079 autem
3451 3039 3689 3082 summus

2122 3115 2369 3183 princeps
2422 3113 2786 3181 apostolorum
2818 3114 3035 3182 Petrus,
3083 3116 3175 3184 qui
3224 3116 3354 3172 inter
3383 3125 3691 3174 sanctorum

2123 3204 2482 3272 apostolorum
2525 3204 2786 3272 praeconia
2835 3204 3099 3260 veridicus
3125 3207 3252 3277 est),
3299 3217 3349 3262 et
3378 3222 3484 3262 non
3511 3209 3688 3262 solum

435 3305 716 3360 verborum
764 3318 868 3357 non
915 3301 1111 3355 curasti
1161 3299 1312 3367 sequi
1370 3299 1757 3366 praeordinatos
1811 3308 2024 3354 sanctos
2052 3283 2100 3348 C
2129 3296 2408 3351 adversum
2442 3305 2492 3350 te
2526 3295 2635 3364 (qui
2659 3295 2774 3362 ejus
2801 3295 3056 3361 nominis,
3085 3311 3188 3350 non
3220 3300 3496 3354 sententiae
3523 3313 3695 3368 neque
3749 3355 3760 3364 ,

435 3395 619 3449 Patres
663 3394 750 3462 qui
791 3391 972 3444 sedem
1017 3390 1184 3441 beatae.
1243 3387 1518 3442 memoriae
1568 3386 1750 3454 lgnatii
1803 3388 2018 3454 gloriosi

435 3484 683 3553 martyris
729 3483 1129 3543 ordinaverunt,
1157 3494 1260 3547 quo
1312 3479 1470 3534 etiam
1502 3494 1622 3533 cum
1650 3480 1726 3534 sis
1754 3479 2019 3550 indignus,

438 3575 621 3631 nescio
666 3571 1113 3642 quemadmodum
1164 3569 1388 3638 adeptus
1434 3570 1599 3625 fueris
1649 3571 2020 3640 principatum,

435 3676 489 3721 et
539 3663 831 3719 sceleribus
881 3662 982 3715 tuis
1030 3660 1304 3729 profanis,
1352 3661 1634 3729 impiisque
1690 3661 2024 3730 dogmatibus

437 3755 637 3810 inferre
687 3752 956 3821 putaveris
1009 3750 1258 3805 Ecclesiae
1304 3750 1579 3806 catholicae
1611 3751 1922 3817 novitatem,
1967 3761 2025 3807 ut

439 3861 545 3902 non
618 3853 836 3912 propter
883 3857 981 3896 nos
1026 3841 1300 3896 Christum
1348 3841 1661 3897 cruciﬁxum
1715 3842 1879 3904 dicas,
1929 3845 2020 3898 sed

439 3937 744 4008 passionem
803 3935 1115 4004 impassibili
1195 3934 1304 3988 Deo
1375 3935 1708 4004 iniquissime
1776 3935 2021 4001 intulisti,

435 4041 490 4087 et
541 4028 827 4085 immortali
885 4027 1092 4098 spiritui
1150 4036 1375 4080 mortem
1432 4042 1699 4095 apponere
1761 4043 2020 4096 praesum-

436 4123 608 4191 psisti.
651 4120 760 4174 Nec
803 4120 1089 4172 exterritus
1120 4131 1214 4180 es,
1260 4130 1379 4184 qum
1421 4117 1513 4170 tibi
1553 4132 1581 4169 a
1625 4119 1824 4172 sanctis
1852 4118 2023 4171 Evan-

437 4212 588 4281 geliis
615 4219 668 4264 et
695 4209 952 4278 apostolis
982 4215 1035 4261 et
1073 4207 1204 4259 viris
1246 4207 1567 4260 beatissimis
1602 4221 1666 4273 ac
1709 4209 2023 4277 probatissi-

439 4303 542 4356 mis
569 4301 813 4356 Patribus
844 4299 1033 4352 tradita
1065 4311 1170 4351 non
1201 4305 1323 4352 sunt
1343 4338 1356 4361 ,
1390 4297 1482 4352 sed
1513 4298 1715 4354 callidis
1744 4300 1857 4354 haec
1880 4315 2024 4355 com-

439 4389 634 4444 mentis
683 4396 964 4449 astruere,
1009 4395 1066 4439 et
1109 4399 1322 4439 sensum
1365 4387 1564 4454 proprii
1613 4388 1880 4457 languoris
1906 4431 1920 4455 ,
1971 4401 2025 4446 et

441 4477 600 4545 hujus
631 4476 901 4528 haereseos
931 4474 1240 4530 scandalum
1275 4475 1691 4543 simplicioribus
1728 4478 2020 4546 inculcare,

440 4567 512 4621 ita
540 4575 596 4620 ut
624 4579 724 4620 nec
757 4565 947 4620 similis
989 4565 1254 4635 prioribus
1295 4566 1537 4622 videatur
1569 4567 1860 4623 haeresibus
1882 4614 1895 4638 ,
1928 4572 2021 4628 sed

2127 3387 2246 3440 ﬁdei
2289 3402 2467 3454 parem
2502 3395 2551 3441 te
2587 3400 2710 3440 esse
2732 3389 3084 3455 cognoscens,
3136 3389 3386 3456 quoniam
3417 3389 3550 3444 ultra
3577 3405 3692 3445 mo-

2127 3479 2248 3532 dum
2271 3477 2338 3532 ab
2364 3478 2480 3546 ejus
2500 3478 2795 3532 intentione
2820 3488 2962 3532 recta
2983 3478 3272 3534 inviolabili
3297 3479 3400 3534 ﬁde
3425 3481 3693 3551 deviasti),

2125 3572 2218 3626 sed
2256 3571 2415 3626 etiam
2442 3570 2702 3624 adversus
2730 3585 2824 3630 eos
2848 3573 2960 3639 qui,
2984 3585 3089 3625 non
3115 3573 3495 3628 erubescentes
3525 3575 3697 3630 Evan-

2123 3664 2383 3732 geliorum
2423 3662 2756 3718 venerabiles
2794 3662 3164 3732 characteres,
3195 3679 3366 3733 neque
3397 3665 3585 3720 horum
3615 3680 3698 3721 se-

2125 3756 2368 3825 quacium
2413 3754 2774 3822 apostolorum
2817 3753 3296 3823 praefectorumque
3327 3756 3565 3810 virorum
3598 3757 3697 3810 do-

2126 3855 2438 3915 ctorumque
2487 3860 2789 3909 sermones,
2822 3845 3146 3900 inconstanti
3191 3847 3454 3900 sententia
3507 3847 3702 3915 iniquis

2126 3938 2496 3992 traditionibus
2521 3937 2623 3989 tuis
2647 3935 2975 3991 incumbunt.
3007 3936 3082 3989 ita
3115 3944 3168 3990 ut
3192 3936 3347 3990 mala:
3368 3947 3530 3991 secta
3555 3937 3702 3991 dele-

2125 4028 2390 4082 ctabiliter
2419 4042 2600 4082 revera
2631 4035 2918 4096 sequantur
2939 4027 3368 4092 amaritudinem,
3397 4043 3493 4083 nec
3518 4028 3702 4097 hujus-

2127 4118 2268 4172 modi
2297 4117 2678 4172 exsecrabilem
2725 4125 3040 4172 aversantur
3082 4118 3429 4185 impietatem.
3463 4120 3702 4174 Dicimus

2125 4209 2369 4278 ergo-tibi
2392 4210 2526 4261 sicut
2549 4209 2708 4263 etiam
2741 4208 2879 4271 illis;
2904 4209 3154 4276 quoniam
3179 4209 3408 4265 dilexisti
3442 4211 3701 4264 malitiam

2126 4314 2286 4368 super
2331 4299 2743 4367 benignitatem,
2794 4301 3128 4367 iniquitatem
3167 4302 3334 4369 magis
3367 4315 3524 4368 quam
3556 4301 3700 4369 loqui

2125 4391 2453 4458 mquitatem.
2488 4390 2724 4444 Dilexisti
2753 4390 2930 4444 omnia
2960 4392 3122 4446 verba
3153 4392 3605 4460 praecipitationis,
3636 4399 3694 4445 et

2128 4480 2358 4549 linguam
2412 4479 2691 4543 dolosam;
2749 4490 3028 4549 propterea
3076 4482 3314 4536 destruet
3365 4491 3417 4534 te
3464 4481 3600 4535 Deus
3645 4483 3701 4537 in

2130 4573 2308 4635 tinem,
2342 4587 2443 4625 non
2475 4572 2646 4627 solum
2679 4573 2746 4628 ab
2777 4574 3124 4629 Antiochense
3149 4575 3404 4628 Ecclesize
3430 4574 3575 4639 sede,
3607 4575 3702 4628 sed

444 4656 806 4727 multipliciter
855 4659 1028 4727 potius
1077 4657 1190 4713 haec
1233 4657 1613 4712 transcendant
1655 4676 1669 4712 :
1702 4674 1797 4715 nec
1840 4661 2024 4716 ambu—
2053 4647 2289 4719 Detiam
2329 4663 2396 4717 ab
2443 4665 2587 4718 omni
2627 4664 2858 4720 civitate.
2890 4665 3102 4721 Etenim
3149 4667 3218 4721 sit
3260 4666 3312 4719 in
3353 4675 3405 4722 te
3446 4667 3558 4720 hzec
3598 4666 3702 4718 ﬁxa

511 4821 539 4849 ει
578 4809 828 4881 Ballerini
876 4809 1068 4865 fratres
1114 4813 1165 4865 in
1213 4813 1587 4868 dissertatione
1639 4813 1912 4881 prtemissa
1954 4817 2018 4870 ad

441 4893 641 4938 tomum
670 4880 735 4934 111
757 4895 976 4949 operum
1006 4883 1170 4935 sancti
1192 4882 1386 4937 Leonis
1413 4880 1802 4938 admonuerunt
1833 4885 1882 4938 in
1911 4887 2020 4940 col-

438 4954 669 5009 lectione
715 4965 833 5018 quae
885 4949 1143 5005 Avellana
1208 4953 1404 5006 dicitur
1470 4964 1679 5007 servata
1727 4955 1779 5008 in
1832 4955 2019 5011 codice

440 5022 625 5094 Vatic._
660 5021 1096 5094 49_til_,_exs_ta_re
1138 5021 1208 5075 ibi
1254 5024 1552 5094 versionem
1595 5034 1830 5094 veterem
1864 5027 2020 5094 llltjllS

439 5092 678 5165 epistolae
710 5087 903 5165 Felicis
930 5091 992 5165 ad
1022 5088 1233 5144 Petrum
1248 5091 1528 5165 diversam
1560 5093 1626 5147 ab
1656 5109 1713 5147 ea
1748 5110 1863 5165 qure
1892 5087 2019 5165 legi-

441 5172 525 5231 tur
557 5162 609 5213 in
649 5160 1051 5214 collectionibus
1095 5161 1418 5231 synodorum
1446 5203 1460 5225 ,
1511 5177 1734 5231 eamque
1768 5160 2015 5219 exhiberi

439 5229 709 5291 afﬁrmant
755 5244 785 5282 a
834 5229 1208 5286 collectoribus
1251 5232 1607 5299 Epistolarum
1649 5229 2018 5290 Romanorum

439 5299 747 5372 pontiﬁcum
784 5309 912 5372 tom.
944 5300 983 5365 l,
1013 5315 1129 5370 pag.
1158 5299 1284 5372 526.
1319 5301 1467 5355 Hanc
1489 5316 1586 5370 ego
1615 5303 1700 5357 hic
1725 5319 2016 5372 repraesen-

441 5368 654 5439 tendam
683 5370 860 5439 censui
895 5368 1172 5439 tum’quod
1203 5368 1557 5425 vetustissima
1591 5374 1674 5436 sit,
1705 5368 1824 5427 sum
1857 5377 2016 5429 etiam

443 5439 582 5507 quod
612 5438 666 5491 in
709 5437 1080 5505 probatissima
1113 5441 1362 5495 Avellana
1394 5442 1625 5494 editione
1656 5443 2010 5498 contineatur.

439 5508 658 5566 Addunt
703 5509 920 5577 insuper
969 5509 1020 5561 in
1069 5510 1254 5565 eodem
1299 5511 1554 5565 Avellano
1591 5511 1773 5566 codice
1803 5526 2012 5568 exstare

440 5579 639 5649 pariter
686 5578 1018 5649 sequentium
1071 5579 1377 5635 Graecarum
1424 5581 1765 5649 epistolarum
1815 5586 2011 5638 versio-

440 5660 560 5699 nem
589 5647 851 5722 diversam
879 5647 946 5722 ab
974 5663 1034 5702 ea
1065 5664 1182 5722 quae
1210 5650 1292 5706 hic
1321 5653 1372 5705 in
1395 5647 1631 5722 conciliis
1661 5653 1867 5722 legitur.
1902 5654 2010 5708 Has

440 5729 540 5792 ego
565 5719 762 5790 pariter
791 5719 1058 5776 versiones
1106 5719 1329 5778 libenter
1359 5721 1488 5778 mihi
1521 5719 1920 5804 descripsissem
1953 5724 2004 5781 in

2170 4827 2448 4894 rzesentem
2479 4835 2629 4894 usum
2653 4834 2776 4875 cum
2805 4821 2987 4877 Romae
3019 4823 3235 4892 agebam
3257 4865 3270 4888 ,
3301 4824 3344 4876 si
3376 4839 3467 4892 per
3497 4833 3707 4894 tempus

2151 4889 2382 4943 icuisset.
2431 4890 2669 4963 -—--_lla_3c
2711 4898 2793 4944 est
2834 4894 2998 4963 tertia_
3038 4889 3260 4960 epistola
3316 4889 3507 4948 Felicis
3556 4889 3707 4963 papae

2127 4972 2282 5026 quam
2315 4973 2345 5012 e
2373 4960 2578 5027 synodo
2605 4960 2838 5014 Romana
2879 4963 2944 5015 ad
2976 4961 3186 5017 Petrum
3219 4964 3498 5018 Fullonem
3531 4960 3706 5018 trans-

2129 5027 2292 5094 misit,
2314 5045 2520 5098 quaque
2547 5046 2666 5085 eum
2693 5039 2812 5098 post
2835 5031 2984 5085 binas
3006 5034 3263 5087 salutares
3291 5035 3705 5098 admonitiones,

2129 5100 2389 5174 sententia
2417 5101 2767 5174 anathematis
2797 5111 2850 5174 et
2887 5103 3248 5174 depositionis,
3261 5104 3378 5171 jure
3408 5106 3710 5174 meritoque

2128 5170 2520 5224 condemnavit.
2563 5170 2707 5240 lianc
2735 5170 2921 5240 ordine
2953 5174 3156 5226 tertiam
3190 5173 3253 5226 ad
3301 5189 3420 5227 eum
3451 5170 3708 5240 seriptam

2127 5253 2246 5292 esse
2292 5240 2526 5293 indicant
2572 5239 2726 5306 hujus
2757 5239 2991 5307 epistolae
3023 5242 3181 5295 verba
3228 5243 3340 5296 hare
3372 5259 3438 5298 ex
3470 5239 3709 5299 editione

2126 5323 2245 5380 qua:
2267 5309 2496 5380 habetur
2523 5319 2650 5363 tom.
2684 5308 2703 5358 1
2736 5309 2902 5380 Epist.
2935 5309 3088 5365 Rom.
3120 5314 3305 5380 pontif.
3342 5329 3354 5364 :
3391 5313 3502 5364 Nec
3528 5314 3708 5365 ambu-

2123 5379 2229 5431 lare
2258 5379 2309 5430 in
2342 5381 2572 5442 veritate,
2603 5393 2689 5431 nec
2721 5379 2903 5432 nostris
2937 5379 3131 5435 duabus
3159 5385 3386 5447 epistolis
3413 5399 3591 5436 aurem
3621 5400 3710 5435 vo-

2122 5447 2262 5499 luisti
2289 5447 2698 5519 uccommodare,
2735 5464 2867 5501 nunc
2892 5449 3046 5519 igitur
3075 5467 3186 5504 sum
3219 5469 3428 5506 exorsus
3465 5456 3709 5507 adversus

2120 5526 2169 5591 te
2192 5517 2417 5591 proferre
2446 5518 2767 5591 sententiain,
2794 5517 3083 5591 etc.'Undre
3117 5531 3260 5588 patet
3289 5523 3429 5591 quod
3469 5523 3704 5576 secunda

2117 5585 2211 5656 illa
2233 5585 2515 5656 mronitoria
2544 5585 2738 5639 Felicis
2772 5602 2919 5656 papae
2946 5590 3009 5643 ad
3043 5585 3255 5646 Petrum
3285 5585 3595 5647 transmissa
3624 5594 3706 5646 in-

2119 5655 2337 5710 terierit.
2369 5655 2493 5710 Ssv.
2526 5656 2720 5714 Bttvtus.
