4096 6342
435 291 542 349 917

1639 290 1992 345 1³3915Τοιῶ
2031 291 2114 346 ΕΤ
2155 291 2483 348 DECRETA.

3576 299 3679 358 918

435 399 727 467 damnatio,
758 414 787 454 a
819 414 905 457 me
932 406 987 456 et
1015 399 1084 455 ab
1111 400 1196 457 his
1224 399 1312 472 qui
1340 400 1441 457 sub
1475 414 1558 454 me
1588 400 2003 470 eonstitnti-epi-
2035 406 2080 464 Α
2107 402 2306 469 pariter
2327 403 2634 472 abnegatts,
2673 405 2725 458 in
2771 418 2872 475 qua
2902 403 3154 474 baptizati
3186 419 3387 468 sumus.
3416 414 3470 462 et
3499 410 3677 464 credi-

433 491 676 560 scopales
700 489 865 546 sedes
889 491 1188 561 gubernare
1216 500 1530 556 noscuntur,
1560 500 1615 545 et
1639 489 1832 546 Acacio
1863 490 2002 546 Con-

431 581 916 651 stantinopolitana:
939 583 1200 664 .Ecclesiae
1231 592 1441 653 pastore
1467 627 1480 650 ,
1525 591 1580 638 et
1608 582 2003 639 venerabilibus

431 673 696 742 episcopis
726 673 840 746 ejus
865 676 966 743 juri
995 673 1247 744 subjectis
1279 684 1528 743 tanquam
1559 686 1611 731 et
1634 677 1761 746 ipsis
1785 677 2001 732 minime

431 767 888 823 consentientibus
924 767 1026 823 tuis
1054 768 1390 832 commentis,
1422 770 1498 824 sic
1525 768 1811 839 aliquando
1842 771 2004 840 siquio

430 859 550 912 dem
569 857 770 921 dixisti,
796 856 1102 914 Trinitatem
1129 869 1342 928 propter
1366 874 1461 913 nos
1483 858 1790 914 crucifixum
1819 869 1874 914 et
1898 876 2002 915 non

429 949 724 1014 Christum,
749 948 1034 1019 aliquando
1056 965 1183 1005 vero
1217 949 1571 1005 immortalem
1613 949 1858 1019 spiritum
1887 949 2000 1005 Ma-

431 1041 622 1097 nichazi
661 1048 874 1095 secutus
921 1055 1196 1106 errorem,
1239 1040 1520 1110 aliquando
1556 1048 1731 1096 autem
1775 1041 1888 1094 haec
1923 1039 2006 1094 fu-

429 1135 581 1206 giens
602 1177 616 1203 ,
661 1141 962 1187 nostrorum
994 1146 1302 1204 sermonum
1336 1132 1644 1201 pignoribus
1678 1132 2001 1202 increpatus,

429 1225 698 1282 Christum
727 1234 845 1293 post
870 1222 1226 1278 immortalem
1249 1223 1492 1292 Spiritum
1525 1223 1825 1293 passionem
1843 1225 2006 1280 susti-

429 1317 611 1372 nuisse
648 1313 826 1369 dixisti
847 1354 864 1381 ,
905 1311 1045 1369 sicut
1075 1312 1274 1367 Paulus
1302 1314 1702 1380 Samosatenus,
1735 1323 1788 1369 et
1818 1313 2008 1369 Nesto-

429 1409 540 1464 rius
571 1423 732 1464 unum
777 1405 939 1459 filium
967 1403 1265 1459 dividentes
1297 1405 1348 1458 in
1388 1404 1642 1462 dualitate
1673 1404 1922 1470 filiorum,
1951 1411 2007 1458 et

427 1517 552 1558 cum
597 1499 684 1555 hic
731 1496 928 1570 putasti
973 1511 1076 1551 non
1119 1495 1544 1562 immorandum,
1594 1496 1660 1550 ad
1706 1496 1886 1568 pejora
1915 1512 2006 1554 ve-

433 1594 581 1658 nisti,
605 1601 662 1648 ut
693 1591 894 1661 hymni,
929 1605 1061 1661 quos
1093 1589 1380 1646 Cherubim
1407 1603 1528 1644 cum
1559 1597 1794 1645 tremore
1824 1589 2003 1646 Trini-

434 1686 558 1743 tatis
585 1686 911 1741 incessanter
957 1685 1237 1747 emittunt,
1265 1681 1330 1736 ad
1359 1681 1671 1736 Trinitatem
1703 1680 2006 1753 glorifican-

2109 506 2226 546 mus
2266 501 2319 546 et
2359 494 2602 548 fatemur.
2633 494 2762 562 Quis
2791 511 2920 566 ergo
2949 512 3054 551 non
3083 492 3262 564 lugeat
3289 501 3405 553 talia
3439 502 3679 559 dicentes

2107 582 2172 638 de
2220 593 2400 637 sancta
2451 596 2504 636 et
2559 585 2845 640 inviolabili
2879 586 3142 642 Trinitate
3173 589 3196 639 ?
3228 591 3327 652 hoc
3368 591 3495 645 mihi
3527 594 3680 648 valde

2107 672 2353 728 convenit
2373 673 2619 744 allegare,
2651 686 2705 731 et
2735 678 3000 746 planctum
3024 679 3352 735 sufficienter
3382 683 3676 752 effundere,

2106 781 2224 821 cum
2255 767 2306 820 in
2340 765 2439 822 hoc
2461 766 2777 838 simplicium
2806 769 2997 824 anima:
3027 769 3532 841 ftterintcaptivatre,
3562 792 3680 844 quae

2109 867 2234 912 tunc
2283 873 2396 914 rem
2446 860 2662 930 impiam
2700 862 2846 916 velut
2899 864 3036 932 piam
3080 866 3514 935 divulgavertmt,
3547 883 3679 937 quos

2106 947 2582 1020 etiamjudicamus
2602 961 2886 1007 extraneos
2915 954 2982 1007 ab
3005 957 3299 1010 orthodoxa
3334 958 3457 1026 fide,
3497 961 3681 1016 Ecule-

2105 1039 2291 1112 siaque
2316 1042 2602 1106 catholica,
2629 1055 2679 1099 et
2700 1044 3072 1100 communione
3101 1049 3319 1117 gloriosi
3349 1051 3512 1103 nostri
3540 1053 3682 1117 prin~

2104 1131 2237 1204 cipis
2269 1134 2432 1200 Petri,
2465 1136 2553 1206 qni
2584 1138 2757 1194 claves
2807 1139 2957 1210 regni
2997 1141 3256 1194 caelorum
3287 1157 3314 1194 a
3348 1152 3530 1195 nostro
3559 1143 3678 1196 Sal-

2105 1237 2293 1282 vatore
2334 1232 2592 1300 percepit.
2638 1231 2736 1297 Qui
2780 1246 2908 1302 ergo
2939 1232 3201 1288 voluerint
3232 1249 3352 1289 esse
3380 1231 3680 1292 communi-

2105 1331 2311 1376 calores
2356 1321 2610 1388 apostoli,
2644 1322 2757 1392 ejus
2785 1337 2998 1393 quoque
3034 1321 3328 1378 doctrinam
3367 1311 3678 1395 sequantur,

2105 1406 2330 1465 dicendo
2350 1420 2403 1466 et
2422 1410 2691 1465 credendo
2707 1411 2975 1468 Christum
2999 1425 3213 1482 propter
3233 1429 3330 1468 nns
3346 1417 3678 1480 crucifixum,

2110 1517 2278 1572 neque
2307 1516 2428 1556 eum
2457 1505 2720 1574 negando,
2748 1505 2884 1559 sicut
2909 1504 3119 1572 Petrus,
3149 1506 3236 1573 qui
3266 1523 3436 1576 nuper
3459 1489 3683 1571 damna-

2110 1604 2193 1649 tus
2227 1604 2308 1648 est
2345 1610 2411 1650 eo
2442 1595 2584 1665 quod
2611 1612 2774 1666 prave
2802 1605 2855 1651 et
2886 1595 3088 1650 nefarie
3118 1597 3168 1650 in
3201 1598 3399 1667 hymno
3429 1589 3684 1676 trisagion

2110 1687 2316 1741 noviter
2354 1687 2684 1751 introduxit,
2727 1689 2814 1757 qui
2855 1687 3143 1743 crucifixus
3179 1699 3261 1744 est
3305 1701 3520 1759 propter
3560 1706 3682 1754 nos,

431 1783 552 1838 dam
585 1797 688 1835 non
721 1778 1039 1833 referantur.
1072 1777 1176 1832 Sed
1209 1784 1267 1830 ut
1297 1785 1435 1830 totus
1463 1775 1690 1846 hymnus
1719 1775 1782 1830 ad
1816 1775 2005 1830 Filium
2036 1785 2084 1845 Β
2110 1779 2338 1833 scientes
2366 1779 2487 1848 quia
2518 1795 2620 1833 non
2656 1781 2971 1836 Trinitatem
2993 1781 3300 1836 crucifixum
3334 1783 3401 1837 ab
3429 1783 3686 1853 apostolis

429 1870 724 1936 dedicatur,
744 1869 1066 1923 confirmare
1086 1866 1271 1923 volens
1293 1866 1636 1933 sententiam,
1653 1868 1796 1922 velut
1815 1883 2007 1924 cancer

432 1971 755 2034 serpentem,
780 1975 938 2030 quam
960 1954 1215 2014 adversus
1235 1959 1506 2026 simplices
1525 1958 1779 2023 extulisti,
1805 1968 1861 2016 et
1885 1959 2008 2013 hinc

434 2053 668 2108 omnium
693 2050 958 2105 haeresum
991 2048 1195 2118 laqueis
1225 2049 1584 2118 praecipitatus
1611 2065 1692 2113 es,
1724 2067 1752 2103 a
1785 2050 2008 2104 veritate

431 2141 783 2206 declinando,
814 2155 913 2195 nec
944 2140 1287 2210 praedicando
1333 2148 1548 2208 propter
1593 2153 1692 2193 nos
1736 2139 2007 2193 Christum

432 2237 750 2294 crucifixum
782 2221 1108 2304 unigenitum
1142 2233 1237 2287 Dei
1267 2231 1484 2298 Filium,
1514 2232 1600 2303 qui
1634 2241 1715 2286 est
1754 2232 1805 2286 in
1834 2230 2010 2288 medio

435 2329 608 2384 Patris
636 2337 691 2383 et
721 2327 890 2382 sancti
918 2324 1169 2395 Spiritus,
1198 2325 1289 2393 qui
1320 2322 1665 2393 gloriﬁcatur.
1698 2322 1834 2390 Quid
1865 2324 2007 2378 enim

435 2421 538 2476 hoc
558 2419 658 2474 erit
683 2415 1035 2471 damnabilius
1057 2431 1215 2485 quam
1238 2429 1357 2468 cum
1388 2429 1417 2469 a
1441 2414 1590 2468 vobis
1620 2414 1775 2468 Pater
1804 2423 1856 2468 et
1886 2413 2010 2482 Spi-

435 2513 572 2566 ritus
593 2519 808 2564 sanctus
837 2508 926 2562 fiat
956 2505 1235 2577 inglorius,
1265 2514 1318 2560 et
1343 2506 1609 2562 calumnia
1642 2506 1894 2575 seraphin
1927 2505 2012 2560 in-

438 2603 670 2666 feratur,
699 2615 856 2670 quam
902 2615 1020 2653 cum
1068 2612 1174 2652 non
1207 2595 1523 2651 Trinitatem
1564 2596 1862 2666 glorificare
1891 2612 2011 2652 cre—

437 2694 615 2762 datur,
649 2707 767 2746 cum
810 2690 993 2745 dicunt
1023 2688 1284 2753 Sanctus,
1318 2689 1573 2751 Sanctus,
1607 2687 1872 2754 Sanctus,
1921 2687 2013 2743 sed

438 2786 607 2840 solam
637 2782 965 2853 personam?
995 2780 1122 2848 Qua:
1163 2779 1445 2834 infernalis
1477 2780 1693 2833 haeresis
1725 2779 1795 2833 ita
1828 2779 2016 2832 crude-

439 2875 628 2942 deliter
661 2884 718 2929 ut
747 2889 842 2929 vos
877 2870 1230 2927 inverecunda
1264 2870 1384 2926 fuit.
1430 2870 1809 2924 Verumtamen
1843 2867 2016 2923 adhuc

442 2966 493 3020 itt
533 2967 632 3021 ista
672 2965 1035 3019 discurrentes
1075 2965 1311 3018 novitate
1355 2952 1518 3033 usque
1555 2963 1621 3016 ad
1671 2959 2014 3016 fundamenta

440 3055 891 3131 blasphemiarum
942 3053 1030 3111 Dei
1087 3055 1385 3124 pertingitis
1439 3053 1672 3118 Filium,
1722 3051 1934 3107 Patrem
1966 3061 2020 3106 et

2111 1874 2421 1939 accep'stis,
2454 1887 2626 1940 neque
2655 1873 2901 1940 Patrem,
2932 1889 3103 1942 neque
3134 1873 3389 1942 Spiritum
3419 1885 3685 1944 sanctum,

2115 1963 2210 2015 nisi
2243 1977 2458 2016 carnem
2500 1962 2731 2026 Christi,
2771 1961 2960 2017 Filinm
3007 1964 3099 2018 Dei
3131 1947 3462 2034 unigenitum
3491 1943 3683 2031 solum,

2115 2052 2272 2121 Igitur
2320 2053 2482 2120 fugite
2511 2052 2578 2104 ab
2610 2052 2768 2120 hujus
2790 2055 3164 2108 communione
3192 2055 3479 2124 sacrilega,
3503 2035 3564 2108 iet
3595 2037 3689 2109 ero

2113 2153 2293 2196 vester
2338 2143 2546 2206 socius,
2577 2155 2736 2212 atque
2777 2145 3228 2211 communicatur,
3261 2155 3314 2198 et
3360 2161 3450 2197 vos
3480 2159 3691 2214 quoque

2116 2235 2240 2299 mei,
2267 2243 2412 2303 peste
2429 2234 2612 2288 dolosa
2641 2248 2670 2288 a
2694 2243 2868 2288 vestra
2896 2237 3210 2291 rectitudine
3226 2238 3410 2306 procul
3439 2237 3687 2304 expulsa:

2114 2326 2396 2389 custodite,
2419 2324 2614 2379 Christi
2637 2326 2904 2395 discipuli,
2921 2326 3023 2381 mei
3045 2338 3221 2382 autem
3243 2327 3356 2394 filii,
3377 2329 3692 2382 traditiones

2115 2431 2245 2486 quas
2278 2430 2301 2465 a
2328 2417 2496 2469 sacris
2525 2416 2881 2472 voluminibus
2909 2405 3210 2487 accepistis.
3709 2473 3711 2476 ι

2192 2525 2209 2555 ι
2249 2505 2474 2576 Explicit
2506 2506 2728 2575 epistola
2758 2523 2907 2577 papa:
2939 2506 3132 2563 Felicis
3161 2508 3227 2563 ad
3262 2509 3475 2563 Petrum
3509 2508 3694 2584 Antio-

2117 2599 2343 2653 chenum
2373 2599 2632 2655 damnans
2662 2616 2781 2655 eum
2810 2619 2820 2669 ξ
2847 2617 2964 2671 qua:
2996 2600 3219 2670 epistola
3249 2609 3370 2655 ante
3397 2597 3696 2654 damnatio-

2119 2705 2240 2744 nem
2269 2688 2451 2743 Acacii
2484 2699 2737 2758 quantum
2759 2685 2890 2760 eius
2922 2699 3097 2746 textus
3127 2689 3699 2758 indicatcomprehen-

2119 2779 2261 2835 ditur
2277 2781 2471 2849 scripta
2499 2797 2512 2843 ;
2545 2779 2636 2835 sed
2678 2780 2800 2848 quia
2827 2796 2947 2835 cum
2977 2779 3200 2835 aliorum
3232 2781 3426 2835 litteris
3454 2781 3519 2834 ad
3544 2793 3698 2834 eum-

2121 2873 2239 2927 dem
2293 2872 2508 2926 Petrum
2534 2872 2750 2926 directis
2780 2871 2831 2924 in
2879 2870 3067 2926 Graeéo
3099 2871 3376 2926 volumine
3402 2871 3700 2939 reperimus

2122 2967 2190 3023 de
2227 2966 2414 3022 Latino
2452 2967 2752 3032 translatas,
2784 2979 2917 3036 quas
2948 2980 3086 3019 nunc
3119 2967 3311 3020 iterum
3333 2962 3400 3018 de
3431 2963 3618 3018 Grazco
3645 2963 3700 3017 in

2124 3058 2371 3114 Latinum
2420 3059 2741 3114 necessitate
2781 3057 3044 3128 compulsi
3091 3055 3472 3112 transferentes
3501 3054 3702 3132 descri-

437 3149 694 3220 Spiritum
736 3158 978 3204 sanctum
1011 3148 1272 3212 dicentes,
1303 3145 1598 3201 Sabellium
1631 3144 1931 3211 sectamini,
1965 3154 2019 3200 et
2042 3150 2089 3212 ί]
2124 3152 2325 3220 psimtts
2352 3158 2570 3220 propter
2611 3149 2987 3205 haereticorum
3019 3143 3262 3214 insidias,
3299 3157 3354 3204 et
3384 3144 3705 3218 supradictil

442 3239 808 3293 confusionem
861 3237 1148 3308 inducitis,
1201 3245 1256 3291 et
1295 3235 1572 3291 Trinitatis
1624 3235 2016 3290 confessionem

2126 3241 2365 3310 epistolis
2394 3242 2634 3310 ejusdem
2666 3256 2812 3312 papae
2839 3241 3230 3298 connectimus.
3255 3260 3272 3292 ι

1849 3370 2179 3431 EPISTOLA
2212 3377 2279 3432 ν.

1608 3477 1683 3516 ΔΟ
1723 3477 2018 3519 ΖΕΝΟΝΕΜ
2059 3481 2546 3525 ιιρειιλτοιεκ.

447 3555 666 3633 Nuntiat
691 3553 988 3633 imperatori
1013 3553 1220 3633 Petrum
1247 3551 1522 3633 Faltonem
1547 3556 1785 3624 synodali
1800 3558 2000 3633 judicio
2029 3562 2274 3615 sententia
2303 3562 2642 3633 anathemati:
2659 3563 3080 3633 condemnatum,
3102 3562 3328 3633 ideoque
3343 3562 3406 3615 ab
3432 3564 3544 3633 ejus
3567 3573 3707 3633 caut-

518 3628 758 3703 mtutione
801 3625 1156 3679 abstinendum
1197 3641 1324 3680 esse.
1373 3623 1428 3678 H
1435 3623 1630 3680 artatur
1674 3623 1902 3681 eumdem
1931 3630 2292 3698 imperatorem
2342 3639 2394 3683 ut
2437 3630 2647 3692 Petrum
2690 3632 2975 3703 depositum
3018 3623 3081 3686 ea}
3126 3623 3707 3688 Antiocltena'Ecclesia

516 3695 752 3770 expellat.

754 3796 775 3824 ο
809 3785 1208 3841 Gloriosissimo
1240 3799 1301 3839 ac
1327 3785 1670 3841 serenissimo
1710 3787 1819 3842 filio
1850 3787 2053 3844 Zenoni
2088 3792 2325 3861 Augusto
2356 3789 2505 3844 Felix
2534 3792 2813 3860 episcopus
2835 3792 2886 3845 in
2919 3791 3142 3846 Domino
3162 3793 3386 3847 salutem

521 3899 780 3956 Convenit
816 3896 1122 3953 clementia
1159 3905 1263 3951 tute
1292 3909 1471 3950 rerum
1495 3895 1745 3972 ordinem
1778 3898 2027 3954 nuntiare

453 4003 720 4066 gestarum
761 4006 857 4060 pro
894 3988 1278 4058 tranquillitate
1308 3989 1514 4058 imperii
1542 3989 1865 4062 serenitatis
1889 3998 1992 4052 tum
2012 4031 2027 4056 ,

453 4101 507 4146 et
533 4104 630 4145 oro
657 4083 918 4157 suscipias
965 4098 1177 4153 precem
1225 4096 1398 4137 meam
1440 4096 1510 4138 ac,
1545 4082 1588 4136 si
1631 4081 1746 4151 ipse
1795 4096 2031 4150 prtesens

455 4195 628 4238 essem
655 4221 670 4245 ,
723 4177 964 4248 benignis
1006 4176 1226 4230 auribus
1275 4175 1415 4240 tuis,
1458 4183 1512 4227 ut
1541 4174 2032 4229 Christianissimus

457 4271 746 4341 imperatur
775 4285 789 4334 ;
815 4277 868 4323 et
897 4280 1231 4337 nequaquam
1261 4264 1552 4320 arbitretur
1575 4265 1744 4334 pietas
1773 4273 1862 4318 tua
1884 4264 2032 4318 ilhtm

455 4377 590 4432 puro
619 4375 718 4416 nos
753 4359 914 4416 corde
950 4359 1212 4429 diligere,
1259 4357 1559 4427 quicunque
1604 4365 1656 4412 te
1686 4373 1869 4428 pacem
1910 4373 2031 4414 cum

457 4454 569 4510 Deo
599 4454 796 4508 habere
822 4466 929 4507 non
959 4450 1093 4504 vult.
1117 4449 1377 4517 Quoniam
1401 4463 1528 4502 vero
1558 4447 1696 4503 fideli
1721 4457 1899 4503 mente
1918 4463 2035 4502 cre-

458 4543 662 4607 didisti,
693 4557 793 4596 nec
821 4541 1046 4611 ambigis
1085 4549 1140 4596 et
1181 4539 1491 4609 temporalis
1527 4539 1649 4593 solii
1691 4547 2030 4608 potestatem,

461 4641 517 4689 et
555 4642 770 4688 mternte
798 4632 922 4686 vitae
949 4631 1352 4686 retributionem
1392 4644 1627 4702 superno
1653 4645 1719 4686 ex
1762 4641 2033 4686 momento

2201 3900 2384 3975 Πρέπει
2417 3909 2477 3974 τῇ
2509 3909 2574 3975 σῇ
2603 3901 2938 3976 ῑιλανθρωπίᾳ
2966 3908 3132 3958 ταῦτα
3166 3906 3196 3955 ἃ
3226 3905 3409 3976 πρέπει
3437 3910 3536 3956 τῶν
3570 3923 3710 3968 προισ-

2132 3991 2332 4060 γμὰτων
2367 3989 2676 4064 ἀπαγγεῖλαι
2707 3993 2873 4052 τάξει,
2913 3989 3045 4064 ἅπερ
3088 3995 3170 4044 καὶ
3209 3993 3387 4067 ἀφῆκεν
3417 3992 3714 4067 ἀπαγγεῖλαι

2133 4082 2203 4140 εἰς
2231 4082 2462 4152 ὠφέλειαν
2490 4088 2576 4137 τοῦ
2607 4090 2697 4142 τῆς
2735 4089 2828 4146 σῆς
2869 4082 3202 4153 pulmones-oc
3231 4084 3464 4155 κράτους·
3502 4085 3590 4136 καὶ
3623 4104 3712 4137 κα·

2133 4173 2289 4247 θὰπιρ
2319 4175 2388 4232 ὡς
2411 4174 2562 4245 ἐγγὺς
2591 4173 2890 4245 τυγχάνων,
2910 4161 3186 4247 παραβαλῶ
3204 4177 3293 4231 τήν
3317 4174 3437 4242 ἐμήν
3461 4172 3713 4244 ἱκετηρίαν

2137 4262 2370 4336 δέξασθαι
2398 4272 2510 4324 ταῖς
2541 4265 2826 4335 (ptumam
2853 4265 2991 4333 ὑμῶν
3022 4266 3227 4328 ἀκοαῖς,
3261 4267 3327 4324 ὡς
3355 4266 3716 4336 Χριστιανικῶο

2138 4377 2290 4417 τατος
2327 4355 2392 4411 ὢν
2428 4357 2696 4428 βασιλεύςο
2727 4355 2976 4428 μηδαμῶς
3003 4376 3055 4410 τε
3086 4357 3118 4413 ἡ
3145 4361 3212 4414 σή
3252 4356 3481 4410 εὐσέϐεια
3511 4353 3714 4415 διανοη-

2136 4449 2238 4506 θείη
2268 4448 2437 4523 ἔτερόν
2468 4469 2582 4502 τινα
2616 4449 2748 4518 μετά
2787 4448 3014 4520 καθαρᾶς
3050 4454 3140 4505 τῆς
3169 4443 3392 4505 διανοίας
3425 4447 3560 4516 ἡμᾶς
3589 4446 3717 4516 ἀγα-

2140 4544 2258 4610 πᾷν,
2294 4540 2419 4597 πλὴν
2442 4539 2626 4594 iniusta
2654 4543 2746 4594 τοῦ
2775 4538 3077 4608 βουλομένου
3103 4558 3162 4592 σε
3193 4539 3324 4608 μετὰ
3349 4544 3440 4593 τοῦ
3467 4542 3597 4592 Θεοῦ
3627 4535 3718 4596 ’τήν

2139 4634 2333 4706 εἰρήνην
2359 4630 2390 4686 ἔ
2387 4653 2523 4704 χειν.
2553 4631 2852 4702 Ἐπειδήπιρ
2875 4631 2930 4684 ἐκ
2952 4640 3138 4691 πιστῆς
3165 4632 3458 4705 ὡρμημένος
3481 4640 3573 4693 τῆς
3601 4629 3716 4688 δια-

461 4723 696 4796 pendere
716 4762 733 4789 ,
770 4736 866 4792 per
888 4729 1127 4775 nostram
1154 4722 1314 4775 etiam
1353 4722 1672 4790 parvitatem
1699 4721 1919 4790 dignare
1947 4737 2020 4778 su-

2137 4729 2301 4793 νοίας,
2333 4730 2418 4782 οὐκ
2445 4727 2777 4798 ἀμφισϐητεῖς
2801 4731 2891 4780 τοῦ
2917 4727 3228 4800 προσκαίρου
3252 4726 3430 4800 OPM
3457 4729 3549 4784 τήν
3576 4725 3720 4789 ἐξου-

459 4819 669 4888 scipere
692 4813 1052 4870 venerabilem
1077 4825 1143 4866 ac
1171 4811 1406 4866 divinam
1431 4811 1721 4868 beatissimi
1747 4813 1890 4868 Petri
1912 4829 2039 4867 cnn-

458 4910 774 4974 fessionem,
790 4905 1158 4976 apostolorum
1178 4903 1390 4959 scilicet
1409 4904 1688 4972 principis,
1705 4905 1792 4958 cui
1816 4913 1870 4960 et
1888 4907 2037 4976 regni

2144 4828 2278 4889 σίαν,
2306 4825 2391 4880 καὶ
2418 4831 2509 4882 τῆς
2543 4823 2743 4874 αἰωνίου
2777 4823 2908 4882 ζωῆς
2939 4824 3030 4878 τήν
3053 4818 3306 4876 ἀντίδοσιν
3330 4822 3386 4875 ἐκ
3415 4828 3507 4880 τῆς
3535 4816 3721 4874 ἄνωθεν

2142 4920 2302 4994 ῥοπῆς
2334 4915 2601 4988 ἠρτῆσθαι,
2637 4910 2724 4969 διὰ
2747 4931 2803 4968 τε
2831 4920 2922 4972 τῆς
2950 4915 3087 4983 ἡμῶν
3115 4915 3452 4988 βραχύτητος
3483 4913 3721 4978 δέξασθαι

460 5001 638 5056 claves
664 4984 698 5058 ὲ
721 4997 1004 5055 Salvatore
1033 4995 1243 5051 tradite
1267 5001 1413 5060 sunt,
1433 4994 1522 5062 qui
1544 4993 1704 5048 etiam
1723 4997 2014 5064 praeparabi

2141 4984 2451 5073 itaraEiwo'ov
2476 5011 2566 5066 τὴν
2604 5009 2829 5071 armis,
2872 5007 2958 5059 καὶ
2997 4984 3300 5077 Θεόφροιστον
3334 5004 3594 5074 ὁμολογίαν
3627 5009 3721 5058 τοῦ

460 5092 923 5150 Christianissimo
957 5088 1183 5161 imperio
1222 5094 1402 5143 vestro
1432 5085 1609 5142 locum
1658 5087 1713 5140 in
1753 5087 1892 5143 coelo
1918 5103 2038 5143 cum

461 5184 660 5239 sanctis
681 5183 919 5254 angelis;
942 5181 1137 5254 quique
1159 5177 1548 5236 immutabilem
1570 5187 1626 5234 et
1646 5179 2036 5235 immaculatum

463 5278 624 5335 fidem
674 5277 730 5332 in
757 5275 1044 5331 Dominum
1085 5285 1330 5331 nostrum
1379 5273 1564 5330 Iesum
1608 5271 1910 5339 Christum,
1944 5274 2038 5329 Dei

465 5369 654 5425 Filium
703 5367 1034 5435 unigenitum
1057 5407 1075 5434 ,
1116 5369 1318 5436 primus
1360 5379 1668 5436 exponens,
1691 5380 1720 5419 a
1753 5352 2038 5421 Salvatore

466 5459 580 5530 ipso
609 5462 793 5518 beatus
819 5468 902 5517 est
928 5459 1121 5515 dictus.
1146 5459 1275 5514 Nam
1304 5473 1427 5514 cum
1449 5460 1563 5529 ipse
1589 5459 1810 5524 dixisset
1839 5459 1904 5514 ad
1927 5459 2032 5515 Do-

467 5556 690 5619 minum,
716 5553 792 5608 'f‘u
811 5569 864 5610 es
885 5550 1115 5608 Christus
1141 5550 1311 5608 Filius
1343 5551 1437 5608 Dei
1467 5554 1562 5608 vivi
1583 5552 1952 5622 (Mali/LXVI),
1970 5553 2038 5608 ab

2143 5100 2541 5175 μακαριωτάτου-
2558 5099 2767 5175 Πέτρου,
2791 5103 2884 5153 τοῦ
2903 5099 3276 5174 πρωτοστάτην
3291 5101 3389 5149 τῶν
3405 5094 3722 5160 ἀποστόλων,
3747 5131 3750 5134 ι

2147 5187 2202 5251 ὃς
2230 5191 2314 5244 καί
2336 5193 2430 5247 τὰς
2454 5197 2546 5248 τῆς
2575 5189 2840 5262 βασιλείας
2867 5188 2996 5249 κλεῖς
3018 5187 3120 5242 ὑπὸ
3142 5191 3233 5241 τοῦ
3259 5193 3486 5260 Σωτῆρος
3514 5203 3722 5241 marem

2145 5283 2267 5347 θεὶς,
2295 5283 2699 5356 «posui-purius:
2721 5289 2784 5352 τῇ
2804 5281 3120 5357 φιλοχρίστῳ
3138 5278 3276 5344 ὑμῶν
3301 5278 3535 5349 βασιλείᾳ
3561 5283 3651 5335 τὴν
3672 5279 3722 5330 ἐν

2146 5373 2385 5444 ὑψίστοις
2413 5374 2542 5444 μετὰ
2560 5372 2776 5444 ἀγγέλων
3096 5366 3153 5430 ὃς
3173 5371 3253 5422 καὶ
3277 5373 3368 5426 τὴν
3392 5367 3723 5441 biremium:-

2145 5485 2254 5531 τω,
2287 5469 2374 5522 καὶ
2411 5467 2682 5535 ἀμώμητον
2719 5464 2892 5517 πίστιν
2926 5463 2998 5520 εἰς
3031 5461 3118 5514 τὸν
3155 5463 3339 5536 κύριον
3368 5465 3506 5528 ημῶν
3529 5462 3718 5515 Ἰησοῦν

2145 5559 2386 5633 Χριστὸν,
2404 5561 2486 5612 καὶ
2517 5561 2752 5628 μονογενῆ
2780 5559 2870 5610 τοῦ
2898 5556 3028 5606 Θεοῦ
3051 5551 3184 5618 Υἱὸν,
3209 5557 3410 5624 πρῶτος
3443 5550 3717 5620 ἐκθέμενος,

542 5727 566 5771 ι
599 5717 720 5781 Haec
758 5701 880 5780 data
917 5715 982 5780 ad
1021 5715 1290 5780 Zenonem
1320 5724 1436 5794 post
1467 5717 1726 5796 synodum
1757 5679 1908 5778 Rom.
1942 5731 2029 5774 an.
2055 5714 2161 5780 ιεε
