4096 6342
453 315 556 373 919

1799 304 2059 362 FELICIS
2094 304 2294 361 ΡΑΡιΕ
2332 306 2401 362 lll

3602 308 3708 368 920

451 429 572 499 ipso
593 441 779 485 auatre
807 427 1021 493 meruit,
1050 425 1238 482 Beatus
1259 441 1335 495 es,
1366 424 1547 480 Simon
1574 420 1680 476 Bar
1706 421 1873 487 Iona,
1901 420 2018 489 quia

2127 420 2438 495 ἐμακαρίσθη
2469 421 2721 479 ὑπἀὐτοῦ
2753 431 2844 478 τοῦ
2875 433 3118 501 Σωτῆρος.
3164 423 3402 484 Εἰπόντος
3431 423 3527 499 γάρ
3555 425 3705 480 αὐτοῦ

454 537 572 575 caro
601 532 649 575 et
675 518 880 587 sanguis
915 535 1017 571 non
1043 518 1278 572 reuelauit
1302 517 1419 595 tibi,
1445 516 1534 570 sed
1565 515 1719 569 Pater
1744 530 1905 580 meus,
1937 514 2026 583 qui

452 617 505 668 in
560 614 697 667 caelis
718 621 826 666 est:
855 621 903 666 et
926 628 1077 680 super
1100 612 1198 664 ista
1219 610 1533 680 confessione
1559 608 1821 677 aediﬁcabo
1851 606 2025 661 Ectle-

452 706 580 757 siam
608 719 790 767 meam,
822 688 881 755 et.
911 712 1069 770 porta:
1104 702 1256 772 inferi
1284 718 1383 754 non
1413 699 1755 771 pravalebunt
1781 699 2023 752 adversus

453 812 563 848 eam
589 792 855 864 (Ibidem).
884 792 1017 847 Cum
1046 807 1172 864 ergo
1200 776 1442 848 Salvator
1468 792 1659 847 dixerit
1688 790 1826 875 quod
1858 799 2025 859 porta:

450 888 605 943 inferi
633 902 740 942 non
766 888 1126 956 praevalebunt
1153 887 1408 941 adversus
1434 886 1598 951 ipsius
1622 884 1938 946 Ecclesiam,
1965 892 2024 938 ut

449 979 516 1033 ab
544 976 622 1033 ea'
658 978 822 1047 ipsius
872 978 1358 1032 denominationem
1413 976 1632 1041 tollant,
1673 990 1791 1044 quae
1831 974 2025 1028 dicitur

451 1072 697 1127 Christus
729 1070 921 1134 Jesus,
953 1080 1007 1123 et
1042 1056 1139 1123 Dei
1165 1067 1545 1137 omnipotentis
1588 1064 1786 1131 Filius;
1837 1065 2023 1120 Petrus

454 1160 840 1235 primogenitus
862 1161 1057 1216 diaboli
1081 1161 1241 1225 illius,
1266 1171 1321 1215 et
1346 1162 1431 1229 qui
1455 1168 1652 1213 sanctae
1677 1158 2022 1213 Antiochente

450 1258 708 1313 Eccle~iae
732 1255 1097 1325 indignissime
1126 1270 1185 1310 se
1205 1254 1443 1324 ingessit,
1471 1265 1812 1321 sanctamque
1842 1252 2021 1307 sedem

449 1348 790 1419 pontiﬁcatus
812 1345 998 1416 lgnatii
1026 1345 1274 1415 martyris
1305 1344 1514 1413 polluit,
1546 1344 1634 1412 qui
1666 1343 1807 1397 Petri
1836 1342 2023 1397 dextra

448 1440 733 1509 episcopus
762 1437 1040 1492 ordinatus
1068 1446 1169 1503 est,
1213 1434 1582 1504 Eustathiique
1612 1434 1932 1488 confessoris
1960 1450 2024 1489 ac

448 1529 1169 1600 praesidentis-trecentorum
1196 1526 1378 1581 decem
1404 1537 1455 1579 et
1473 1534 1599 1579 octo
1622 1526 1835 1579 Patrum
1858 1526 1947 1595 qui
1969 1527 2020 1580 in

449 1620 629 1676 Nicaea
668 1628 1059 1682 convenerunt,
1103 1631 1264 1671 ausus
1312 1627 1392 1671 est
1437 1618 1614 1671 dicere
1644 1633 1748 1671 non
1776 1628 2023 1686 oportere

450 1709 724 1765 Christum
752 1711 912 1764 etiam
943 1709 1038 1762 Dei
1073 1708 1265 1762 Filium
1294 1710 1571 1761 nominare
1610 1708 1900 1762 secundum
1933 1708 2018 1762 di-

2127 514 2250 588 πρός
2270 513 2352 564 τὸν
2374 515 2571 586 Κύριον
2588 513 2703 569 Ὀτι
2726 519 2791 569 σύ
2818 511 2866 570 εἷ
2882 516 2905 570 ό
2922 518 3141 591 Χριστὸς
3172 514 3195 568 ὃ
3218 516 3333 575 Υἱός
3354 520 3444 567 τοῦ
3464 521 3591 568 Θεοῦ
3615 521 3705 569 τοῦ

2127 608 2310 667 ζῶντος
2342 604 2521 675 (Ματθ.
2558 609 2690 677 XVI),
2723 611 2899 667 ἀκήκοε
2924 609 3048 683 παρ’
3071 610 3245 661 αὐτοῦ’
3268 606 3524 681 Μακάριος
3544 602 3605 669 εἶ,
3625 610 3707 661 Σί-

2128 717 2233 762 μων
2268 700 2365 772 Βὰρ
2399 704 2575 764 Ἰωνᾶ,
2609 698 2683 754 ὅτι
2716 701 2847 773 σάρξ
2875 702 2957 753 καί
2995 695 3122 768 αἷμα
3160 699 3242 750 οὐκ
3264 694 3558 765 ἀπεκάλυψέ
3592 717 3703 767 σοι,

2133 787 2240 843 ἀλλ’
2268 788 2293 843 ό
2322 795 2490 861 Πατήρ
2520 811 2635 861 μου,
2662 790 2686 843 ό
2714 792 2761 843 ἐν
2790 798 2899 850 τοῖς
2925 791 3148 864 οὐρανοῖς
3167 805 3180 819 ’
3212 792 3295 841 καί
3324 788 3406 842 ἐπί
3428 795 3591 861 ταυτῇ
3610 807 3706 841 σου

2125 887 2187 954 τῇ
2218 878 2454 954 ὁμολογίᾳ
2490 880 2800 952 οἰκοδομήσω
2836 902 2930 952 μου
2966 886 3055 938 τήν
3083 880 3399 940 Ἐκκλησίαν,
3438 880 3525 931 καί
3553 878 3709 933 πύλαι

2127 970 2251 1044 ᾅδου
2283 976 2338 1026 ού
2371 977 2781 1045 κατισχύσουσιν
2821 976 2978 1036 αὐτῆς
3008 972 3055 1043 (1
3066 971 3216 1043 bid.).
3238 978 3339 1026 Τοῦ
3374 966 3461 1026 οῦν
3486 980 3707 1049 Σωτῆρος

2123 1071 2404 1139 φήσαντος,
2443 1065 2519 1121 ὅτι
2559 1066 2712 1123 πύλαι
2753 1065 2877 1138 ᾅδου
2919 1069 2973 1120 ού
3006 1063 3391 1135 κατισχύσουσι
3432 1073 3524 1125 τῆς
3558 1066 3707 1119 αὐτοῦ

2123 1158 2435 1221 Ἐκκλησίας,
2467 1166 2558 1213 τοῦ
2592 1160 2765 1231 ἐξᾶραι
2799 1157 2887 1211 ἀπ’
2907 1159 3062 1216 αὐτῆς
3085 1162 3173 1215 τήν
3202 1158 3359 1209 αὐτοῦ
3395 1155 3700 1223 ἐπωνυμίαν,

2124 1254 2233 1313 ἥτις
2274 1251 2496 1325 εἴρηται,
2528 1256 2749 1328 Χριστός
2772 1258 3001 1314 Ἰησοῦς,
3042 1253 3124 1304 καί
3151 1257 3275 1305 Θεοῦ
3306 1253 3711 1322 παντοκράτορος

2123 1344 2264 1403 Υἱὸς·
2298 1345 2482 1420 Πέτρος
2505 1344 2528 1397 ό
2559 1344 2875 1418 πρωτότοκος
2899 1344 3010 1402 υίὸς
3039 1350 3127 1396 τοῦ
3152 1339 3407 1402 διαϐόλου,
3440 1339 3465 1391 ὁ
3488 1340 3710 1403 ἀναξίως

2124 1432 2438 1494 εἰσπηδήσας
2468 1444 2530 1509 τῇ
2563 1434 2862 1504 ’Δντιοχέων
2890 1432 3009 1506 ἁγίᾳ
3041 1439 3129 1487 τοῦ
3159 1438 3282 1491 Θεοῦ
3317 1430 3555 1504 ἐκκλησίᾳ
3573 1470 3588 1491 ,
3627 1431 3715 1484 καί

2124 1526 2304 1595 μιάνας
2333 1527 2417 1579 τὸν
2452 1534 2542 1597 τῆς
2579 1525 2971 1600 ἀρχιερωσύνης
2996 1523 3161 1596 θρόνον
3188 1524 3425 1593 Ἰγνατίου
3458 1528 3543 1575 τοῦ
3578 1522 3712 1596 μάρ-
3762 1536 3769 1541 ’

2123 1636 2293 1689 τυρος,
2320 1613 2372 1675 ὃς
2393 1625 2454 1687 τῇ
2476 1615 2613 1687 δεξιᾴ
2641 1618 2827 1691 Πέτρου
2850 1620 2939 1673 τήν
2961 1616 3351 1690 ἀρχιερωσύνην
3375 1611 3598 1676 ἐδέξατο,
3621 1616 3713 1667 καί

2124 1708 2405 1762 Εὐσταθίου
2432 1715 2522 1761 τοῦ
2556 1707 2884 1781 όμολογητοῦ,
2917 1709 3001 1760 καί
3030 1704 3276 1781 προέδρου
3302 1712 3400 1758 τῶν
3430 1703 3526 1761 τιη’
3554 1704 3713 1773 ἁγίων

449 1799 627 1853 vinam
640 1798 931 1854 Salvatoris
948 1799 1276 1853 sanctionem
1294 1808 1348 1853 et
1370 1799 1707 1853 traditionem
1725 1799 2018 1853 divinarum

2128 1802 2381 1871 πατέρων,
2412 1808 2509 1855 τῶν
2540 1803 2590 1855 ἐν
2617 1804 2793 1873 Νικαίᾳ
2821 1801 3197 1874 ἀθροισθέντων,
3224 1799 3379 1869 λέγειν
3408 1798 3708 1867 ἐτόλμησεν,

390 1938 393 1939 ν
449 1890 885 1960 Scripturarum,
916 1891 1240 1959 Patrumque
1278 1890 1703 1958 expositionem;
1736 1890 1829 1945 sed
1860 1906 2022 1945 unum

450 1982 519 2036 de
541 1982 803 2037 Trinitate
832 1982 1131 2052 passionem
1173 1996 1268 2049 pro
1312 1981 1471 2037 nobis
1512 1982 1790 2050 pertulisse
1822 1983 1872 2036 in
1900 1983 2023 2037 sub-

448 2077 646 2129 stantia
679 2074 925 2140 deitatis,
956 2074 1104 2142 juxta
1135 2073 1267 2140 Arii,
1308 2073 1651 2141 Apollinaris,
1678 2073 2024 2142 Eunomiique

450 2165 864 2233 blasphemiam,
896 2165 1083 2219 volens
1130 2163 1231 2217 hac
1259 2177 1390 2217 voce
1434 2177 1695 2217 evacuare
1736 2164 2023 2219 salutarem

450 2255 661 2310 Domini
687 2254 1109 2309 incarnationem
1134 2293 1149 2318 ,
1181 2252 1472 2308 secundum
1501 2267 1655 2321 quam
1698 2252 1940 2307 Christus
1971 2260 2026 2307 et

449 2349 753 2417 passionem
784 2348 966 2403 subiit.
993 2348 1195 2401 Dicitur
1221 2355 1400 2400 autem
1429 2356 1482 2400 et
1508 2361 1645 2400 unus
1674 2362 1742 2401 ex
1769 2347 1944 2413 nobis,
1968 2355 2027 2400 ut

449 2443 535 2510 qui
583 2442 799 2495 Abralue
841 2458 1009 2495 semen
1055 2441 1391 2511 apprehendit
1425 2440 1613 2510 (Hebr.
1655 2445 1720 2509 tl)
1759 2458 1774 2506 ;
1831 2457 2025 2511 augere

448 2547 659 2602 quoque
705 2534 925 2588 deorum
977 2533 1335 2603 pluralitatem
1362 2533 1570 2589 nititur.
1599 2534 1803 2602 Quippe
1832 2550 2024 2589 sensus

448 2624 566 2692 ejus
611 2634 716 2679 tres
756 2626 1044 2680 introducit
1091 2625 1242 2692 deos,
1274 2642 1437 2681 unum
1471 2637 1757 2691 mortuum,
1807 2635 1863 2683 et
1892 2628 2025 2685 duos

448 2714 710 2769 viventes.
735 2715 905 2770 Solvit
927 2716 1089 2772 etiam
1116 2717 1582 2774 consubstantialis
1603 2734 1799 2775 nomen
1821 2735 2025 2776 sacras-

448 2828 553 2883 que
591 2813 769 2881 abjicit
818 2813 1084 2884 synodos,
1122 2814 1425 2880 Nicaanam,
1483 2814 2026 2885 Constantinopolita-

446 2918 592 2969 nam,
625 2913 679 2959 et
707 2904 1199 2960 Chalcedonensem
1224 2921 1241 2971 ;
1271 2916 1505 2962 sanctam
1555 2922 1765 2977 quoque
1805 2903 2022 2979 Mariam

446 2993 725 3064 Virginem
763 3010 1098 3065 nequaquam
1155 2996 1437 3052 admittere
1483 2998 1923 3068 deprehenditur.
1966 3001 2022 3055 Si

446 3086 588 3140 enim
635 3100 739 3139 non
783 3100 851 3141 ex
905 3101 966 3140 ea
1010 3087 1339 3142 incarnatum
1372 3088 1604 3144 Verbum
1638 3090 1797 3145 homo
1824 3091 2019 3147 factum

2126 1889 2202 1945 ὅτι
2227 1892 2281 1945 ού
2305 1890 2385 1945 δεῖ
2407 1894 2487 1945 τόν
2510 1894 2749 1965 Χριστὸν,
2772 1894 2853 1944 καὶ
2878 1892 2988 1944 Υίόν
3013 1896 3099 1944 τοῦ
3130 1896 3252 1942 Θεοῦ
3276 1889 3553 1958 ὀνομάζειν,
3577 1889 3711 1943 κατὰ

2126 1987 2214 2040 τήν
2252 1984 2385 2035 θείαν
2422 1989 2511 2037 τοῦ
2541 1992 2761 2056 Σωτῆρος
2804 1983 3128 2053 νομοθεσίαν,
3161 1983 3245 2034 καὶ
3288 1984 3376 2037 τήν
3420 1986 3516 2032 τῶν
3560 1981 3708 2032 θείων

2125 2082 2335 2150 Γραφῶν
2371 2073 2677 2137 παράδοσιν,
2711 2076 2793 2127 καὶ
2832 2071 3019 2126 ἔκθεσιν
3049 2079 3146 2127 τῶν
3182 2072 3435 2146 πατέρων’
3467 2070 3584 2123 ἀλλὰ
3617 2072 3708 2123 τόν

2125 2164 2208 2219 ἕνα
2237 2173 2327 2223 τῆς
2351 2163 2565 2241 Τριάδος
2593 2166 2649 2219 τὸ
2690 2166 2843 2223 πάθος
2870 2165 2929 2219 τὸ
2958 2165 3088 2238 ύπὲρ
3126 2166 3264 2231 ήμῶν
3305 2162 3598 2231 ὑπομεῖναι,
3630 2164 3703 2221 εἰς

2125 2261 2213 2314 τήν
2234 2264 2325 2318 τῆς
2346 2254 2578 2317 θεότητος
2604 2260 2800 2321 οὐσίαν,
2823 2258 2948 2311 κατά
2971 2261 3060 2313 τήν
3080 2262 3170 2309 τοῦ
3192 2256 3403 2328 Ἀρείου,
3430 2257 3515 2306 καί
3534 2254 3702 2308 Α’πολ·

2124 2346 2345 2423 λιναρίου
2365 2387 2380 2414 ,
2412 2352 2493 2403 καί
2523 2350 2764 2418 Εύνομίου
2799 2345 3111 2421 παράδοσιν”
3157 2342 3455 2414 βουλόμενος
3492 2342 3575 2398 διά
3613 2352 3702 2403 τῆς

2126 2443 2369 2501 τοιαύτης
2390 2449 2547 2511 φωνῆς
2569 2443 2808 2499 ἀθετῆσαι
2828 2445 2921 2509 μήν
2943 2444 3030 2497 τήν
3054 2441 3294 2513 σωτήριον
3315 2437 3701 2509 ἐνανθρώπησιν,

2129 2533 2230 2585 καθ’
2260 2534 2316 2590 ἣν
2343 2532 2367 2585 ό
2393 2534 2608 2608 Χριστός
2636 2536 2720 2586 καί
2752 2534 2807 2585 τό
2834 2533 2989 2590 πάθος
3012 2530 3262 2601 ύπέμεινε.
3300 2530 3512 2597 Λέγεται
3539 2525 3591 2580 δὲ
3620 2529 3701 2579 καί

2128 2619 2196 2684 εἷς
2232 2625 2282 2687 ἐξ
2321 2626 2489 2694 ήμῶν,
2522 2627 2589 2684 ὡς
2630 2630 2716 2677 τοῦ
2759 2625 3052 2697 σπέρματος
3081 2620 3311 2695 ’Δϐραάμ
3348 2604 3702 2687 ἐπιλαϐόμενος

2124 2714 2288 2789 (Ἐϐρ.
2324 2713 2409 2782 11)·
2438 2716 2721 2779 ἐπαυξῆσαι
2746 2713 2798 2768 δὲ
2827 2717 2909 2766 καί
2935 2718 3021 2770 τήν
3051 2711 3337 2765 πολυθεΐαν.
3371 2718 3426 2762 Ὀ
3454 2711 3551 2785 γάρ
3580 2714 3699 2768 νοῦς

2124 2812 2215 2859 τοῦ
2258 2801 2406 2875 λόγου
2454 2814 2588 2878 τρεῖς
2623 2808 2779 2864 Θεούς
2814 2804 3142 2879 παρεισάγει,
3186 2803 3275 2859 ἕνα
3315 2803 3587 2864 τεθνεῶτα,
3616 2800 3699 2854 καί

2124 2894 2215 2951 δύο
2246 2901 2458 2961 ζῶντας,
2484 2897 2587 2950 λύει
2612 2896 2663 2950 δέ
2690 2900 2773 2951 καί
2792 2898 2848 2950 τό
2882 2896 3165 2965 όμοούσιον,
3189 2895 3271 2947 καί
3292 2893 3382 2952 τάς
3409 2891 3558 2960 ἁγίας
3580 2911 3702 2945 συν·

2124 2986 2269 3048 ὁδους
2297 2990 2570 3055 ἐξωθεῖται,
2600 2993 2687 3047 τήν
2716 3009 2771 3044 τε
2804 2991 2849 3039 ἓν
2879 2989 3078 3060 Νικαίᾳ,
3105 2989 3188 3040 καί
3222 2986 3269 3037 ἐν
3302 3000 3702 3037 Κωνσταντινου-

2123 3083 2289 3145 πόλει,
2332 3085 2415 3136 καὶ
2452 3088 2500 3133 εν
2538 3080 2836 3139 Χαλκηδόνι·
2873 3080 2993 3134 ἀλλά
3030 3084 3110 3134 καί
3156 3084 3240 3137 τὴν
3276 3078 3414 3147 ἁγίαν
3453 3078 3697 3151 Παρθένον

446 3184 685 3245 est,quae
709 3177 996 3232 necessitas
1024 3178 1279 3247 virginis?
1307 3190 1361 3235 et
1381 3196 1544 3248 quare
1566 3181 1631 3236 ad
1655 3197 1771 3236 eam
1799 3183 2018 3239 dixisset

2123 3177 2311 3247 Μαρίαν
2342 3181 2409 3245 μὴ
2438 3173 2848 3247 προσδεχόμενος
2879 3174 3217 3247 εὑρεθήσεταυ
3252 3174 3291 3223 εἰ
3315 3170 3408 3244 γὰρ
3433 3174 3500 3239 μή
3528 3169 3577 3230 ἐξ
3602 3168 3696 3220 αῦ-

446 3266 693 3321 Gabriel:
720 3267 870 3332 Quod
890 3283 953 3321 ea:
979 3279 1025 3321 te
1047 3278 1277 3321 nascetur
1300 3280 1552 3336 sanctum,
1578 3271 1835 3325 vocabitur
1850 3272 2019 3328 Filius

444 3356 588 3423 Dei;
630 3368 676 3411 et
705 3358 845 3411 dabit
880 3360 955 3412 illi
986 3359 1238 3413 Dominus
1269 3361 1408 3414 Deus
1447 3363 1613 3415 sedem
1662 3363 1822 3416 David
1859 3368 2019 3433 patris

444 3451 555 3519 ejus
589 3448 748 3517 (Luc.
776 3448 887 3518 tl)?
917 3450 1044 3504 Post
1084 3451 1198 3506 haec
1223 3460 1399 3507 autem
1431 3455 1607 3508 omnia
1638 3456 1797 3524 impia
1826 3467 1880 3511 et
1906 3458 2017 3513 bla-

443 3538 705 3607 sphemiae
736 3553 845 3593 sua:
876 3550 1217 3610 praesumpta,
1249 3551 1305 3596 et
1327 3538 1759 3611 depravationem
1786 3547 2016 3617 trisagiae

445 3629 861 3698 deprecationis,
892 3645 1014 3685 cum
1052 3629 1125 3685 illi
1164 3633 1361 3689 addere
1389 3635 1573 3699 voluit,
1603 3636 1704 3703 Qui
1730 3640 2016 3695 cruciﬁxus

442 3729 526 3773 est
557 3734 651 3787 pro
682 3720 856 3783 nobis,
904 3721 1069 3776 multa
1097 3722 1523 3780 lnconvenientia
1552 3726 1743 3783 elfecit.
1770 3729 2014 3784 Multum-

441 3825 546 3879 que
567 3825 597 3863 a
620 3808 771 3866 nobis
793 3819 847 3866 et
872 3812 924 3865 in
947 3809 1159 3869 Christo
1181 3814 1391 3871 dilectis
1416 3815 1671 3873 fratribus
1700 3822 1898 3875 nostris
1926 3821 2013 3890 qui

440 3901 495 3955 in
524 3900 739 3956 Oriente
769 3914 915 3971 sunt,
946 3896 999 3958 iet
1018 3919 1049 3959 a
1077 3907 1365 3963 venerabili
1388 3910 1582 3965 Acacio
1603 3920 1794 3965 vestrae
1822 3913 2014 3982 regalis

439 4001 496 4046 et
537 4007 566 4044 a
606 3983 715 4047 DEo
752 4006 945 4057 amata:
973 3996 1201 4052 civitatis
1234 3998 1632 4070 archiepiscopo
1678 4003 2012 4071 admonitus,

438 4083 679 4138 converti
704 4074 900 4174 nbluit.
920 4073 1253 4158 Qu‘apropter
1274 4104 1416 4145 nunc
1437 4102 1619 4146 sancta
1645 4093 1735 4146 Dei
1771 4093 2011 4149 Ecclesia

437 4182 694 4227 mate-.us
719 4183 771 4228 te
793 4177 1031 4246 vocibus,
1048 4188 1231 4247 utpote
1255 4180 1606 4235 excellentem
1631 4182 1795 4249 ipsius
1818 4182 2006 4251 ﬁlium,

440 4265 638 4333 alloqui
695 4281 802 4320 non
846 4276 1060 4322 cessat:
1112 4268 1156 4320 Ο
1194 4284 1224 4322 a
1254 4267 1467 4326 Christo
1495 4281 1669 4326 amate
1699 4275 2007 4343 imperator,

437 4370 571 4411 mea:
625 4356 1043 4409 venerabilitatis
1090 4359 1382 4427 vinculum,
1412 4362 1464 4415 in
1510 4377 1616 4429 quo
1644 4366 2009 4421 multitudines

390 4465 399 4471 -
437 4443 678 4497 ﬁdelium
705 4446 1263 4515 circumStringuntur,
1305 4451 1522 4505 dissolvi
1555 4468 1660 4507 non
1693 4458 2002 4523 permittas;
2035 4468 2049 4523 ζ

390 4552 393 4557 ·
435 4526 649 4587 Βοῖηἱιιί
675 4530 852 4590 autem
880 4536 1079 4593 Chrlsti
1106 4548 1161 4596 et
1190 4542 1445 4613 unigeniti
1470 4542 1590 4598 Filii
1622 4517 1717 4601 Dei
1744 4517 2004 4603 laudatio;
2035 4517 2083 4574 Β

436 4641 559 4681 nem
592 4629 886 4699 transgredi
916 4646 1021 4687 non
1048 4634 1345 4702 permittas,
1377 4644 1431 4691 et
1457 4652 1575 4706 qua:
1603 4648 1832 4694 vestram
1870 4642 2003 4696 civi--

438 4707 599 4771 tatein
619 4719 1003 4784 periclitantem
1026 4724 1282 4781 salvavit:
1306 4726 1397 4782 sed
1422 4736 1674 4798 tanquam
1696 4732 2002 4801 angelorum

437 4805 778 4862 traditionem
812 4810 1205 4879 indepravatam
1233 4829 1510 4872 conserva.
1546 4819 1760 4875 Petrum
1792 4824 2005 4878 Arianae

437 4899 827 4966 superstitionis
855 4916 1155 4972 sequacem,
1185 4907 1251 4962 ab
1273 4908 1510 4965 Ecclesia
1542 4913 1875 4969 Antiochena
1906 4932 2004 4971 ex-

436 4988 595 5057 pelle.
626 4988 740 5055 Qua
776 5004 841 5047 ex
881 5007 1040 5048 causa
1065 4994 1256 5051 Petrus
1280 4999 1463 5053 scindit
1501 5013 1683 5057 vestem
1713 5022 1876 5060 meam
1915 5010 2001 5061 de-

436 5095 587 5149 super
616 5091 899 5136 contextam
921 5084 1134 5155 (Matth.
1164 5087 1272 5153 xvt)
1296 5089 1318 5141 ?
1346 5089 1486 5144 Deus
1512 5101 1565 5145 et
1604 5092 1760 5149 Pater
1784 5099 1999 5153 manda-

436 5170 513 5224 vit
537 5173 761 5242 principi
798 5177 1159 5243 apostolorum
1188 5180 1313 5247 quid
1345 5192 1597 5238 vocarent
1626 5184 1841 5240 Filium.
1875 5188 2003 5257 Ejus

437 5262 741 5330 unigenitus
772 5265 936 5321 Filius
977 5267 1029 5321 in
1075 5269 1410 5326 confessione
1437 5272 1594 5341 primi
1642 5277 2002 5343 apostolorum

436 5350 677 5408 fundavit
696 5369 804 5421 me,
834 5367 1043 5414 sanctus
1081 5359 1308 5428 Spiritus
1330 5364 1566 5429 quotidie
1592 5373 1818 5421 testatus
1848 5369 1997 5438 mihi,

436 5442 651 5498 dicens:
685 5444 807 5499 Non
828 5449 1007 5517 judica
1036 5461 1083 5503 te
1114 5452 1244 5505 scire
1271 5453 1491 5521 aliquid,
1523 5455 1621 5508 nisi
1649 5455 1826 5511 Jesum
1848 5459 2001 5512 Chri-

438 5544 596 5602 stum,
618 5548 664 5590 et
685 5539 820 5593 hunc
844 5542 1147 5611 cruciﬁxum
1171 5545 1349 5615 (Joan.
1379 5546 1515 5616 xix).
1539 5548 1593 5603 Si
1622 5559 1801 5605 autem
1829 5551 2005 5606 inimi-

437 5624 518 5691 ci,
568 5627 844 5697 increduli,
888 5632 1249 5700 insidiatores,
1282 5638 1369 5705 qui
1394 5644 1545 5692 extra
1576 5639 1737 5694 vitem
1771 5650 1917 5705 sunt,
1948 5650 2003 5710 et
2030 5704 2034 5715 ,

436 5719 529 5783 qui
558 5722 882 5793 unigenitum
919 5724 1112 5783 Filium
1166 5723 1261 5785 Dei
1307 5736 1692 5798 mactaverunt,
1724 5730 1996 5801 lapidave-

2122 3272 2210 3322 τῆς
2238 3264 2262 3317 ό
2292 3265 2447 3337 Λόγος
2480 3266 2756 3339 σαρκωθεὶς
2781 3265 3145 3338 ἑνηνθρώπησε,
3168 3264 3246 3322 τίς
3272 3263 3425 3337 χρεία
3450 3260 3541 3319 τῆς
3565 3279 3700 3335 παρ-

2120 3357 2290 3419 θένου;
2325 3356 2408 3411 διὰ
2441 3361 2489 3410 τί
2518 3356 2569 3411 δὲ
2601 3356 2625 3410 ὁ
2655 3358 2873 3431 Γαϐριὴλ
2905 3355 3044 3427 ἔλεγε
3075 3357 3201 3430 πρὸς
3243 3357 3415 3417 αὐτήν,
3450 3356 3515 3407 Τό
3555 3353 3698 3423 γενό-

2119 3467 2261 3518 μενον
2298 3449 2351 3499 ἐκ
2389 3456 2483 3501 σοῦ
2524 3446 2684 3519 ἅγιον,
2732 3449 3031 3505 κληθήσεται
3068 3448 3179 3506 Υἱὸς
3209 3452 3369 3509 Θεοῦ,
3420 3447 3502 3497 καί
3542 3442 3693 3499 δώσει

2118 3539 2255 3607 αὐτῷ
2284 3540 2308 3591 ὀ
2346 3541 2523 3612 Κύριος
2554 3538 2577 3591 ό
2608 3539 2729 3597 Θεὸς
2759 3542 2845 3593 τόν
2883 3536 3049 3613 θρόνον
3084 3536 3235 3592 Δαϐίδ
3263 3544 3355 3591 τοῦ
3391 3539 3585 3610 πατρὸς
3612 3538 3697 3591 αὖα

2116 3636 2205 3681 τοῦ
2235 3627 2406 3694 (Λούκ.
2442 3630 2522 3695 1);
2554 3632 2663 3683 Ἐπί
2702 3635 2834 3684 πᾶσι
2872 3628 2924 3682 δὲ
2951 3631 3150 3687 τούτοις
3179 3636 3285 3687 τοῖς
3327 3628 3575 3693 ἀσεϐέσι,
3612 3631 3698 3683 καὶ

2116 3720 2428 3792 βλασφήμοις
2472 3723 2628 3774 αὐτοῦ
2660 3722 2975 3793 τολμήμασι,
3022 3724 3107 3774 καὶ
3145 3725 3233 3779 τήν
3261 3721 3523 3793 τρισάγιον
3561 3719 3697 3776 λιτήν

2114 3816 2339 3867 νοθεύσαι
2366 3814 2638 3882 βουληθείς,
2655 3812 2739 3867 διά
2762 3822 2850 3867 τοῦ
2875 3814 3090 3867 ἐνθέσθαι
3108 3814 3153 3864 ἐν
3174 3816 3324 3887 αὐτῇ,
3345 3832 3361 3863 ι
3385 3824 3439 3866 ‘0
3460 3833 3699 3881 σταυρω-

2114 3908 2212 3965 θεὶς
2234 3905 2302 3960 δι’
2324 3909 2476 3977 ἡμᾶς,
2504 3925 2522 3956 ι
2550 3910 2710 3981 μυρία
2750 3905 2916 3961 ἄτοπα
2942 3908 3234 3978 εἰργάσατο·
3274 3909 3357 3959 καί
3384 3906 3548 3959 πολλὰ
3570 3904 3697 3979 παρ’

2114 4000 2272 4066 ἡμῶν,
2305 4001 2385 4051 καὶ
2413 4006 2503 4059 τῆς
2540 3999 2590 4051 ἐν
2615 4006 2820 4073 Χριστῷ
2859 3998 3186 4070 ἁδελῲότητος
3211 4001 3349 4069 ήμῶν
3384 4019 3460 4061 τε,
3488 4001 3573 4051 καὶ
3598 4005 3699 4051 τῶν

2113 4091 2162 4142 έν
2201 4100 2261 4163 τῇ
2289 4092 2538 4164 ’Λνατολῇ,
2586 4095 2670 4145 καί
2707 4097 2797 4145 τοῦ
2842 4092 3233 4146 θεοσεϐεστάτου
3281 4091 3695 4167 ἀρχιεπισκόπου

2109 4185 2324 4234 ’Δκακίου
2369 4192 2458 4241 τῆς
2486 4182 2748 4255 παρ’ύμῶν
2778 4183 3165 4254 βασιλευομένης
3184 4225 3195 4244 ,
3241 4185 3323 4235 καὶ
3355 4182 3694 4255 φιλοχρίστου

2109 4271 2329 4333 πόλεως,
2361 4275 2699 4346 παραινεθεὶς,
2734 4274 3036 4349 ἐπιστρέψαι
3065 4275 3147 4325 οὐκ
3174 4272 3443 4330 ἠϐουλήθη·
3476 4274 3561 4324 καί
3609 4270 3694 4326 διὰ

2110 4367 2261 4415 τοῦτο
2280 4368 2364 4413 νῦν
2384 4364 2411 4419 ή
2434 4361 2554 4432 ἁγία
2574 4370 2664 4416 τοῦ
2687 4368 2811 4416 Θεοῦ
2837 4363 3089 4429 ἐκκλησία,
3114 4368 3227 4421 ταῖς
3247 4369 3510 4435 μητρικαῐς
3536 4362 3692 4419 αὐτῆς

2110 4462 2321 4523 φωναῖς,
2366 4458 2434 4513 ὡς
2470 4456 2599 4527 πρὸς
2628 4454 2713 4507 τόν
2752 4452 2935 4523 ἔξοχον
2966 4456 3120 4514 αὐτῆς
3153 4454 3259 4506 υἱόν
3304 4454 3595 4525 φθεγγομένη
3623 4454 3686 4505 ού

2108 4542 2354 4597 παύεται³
2380 4541 2449 4593 Ὦ
2472 4544 2772 4616 φιλόχριστε
2795 4544 3026 4614 βασιλεῦ,
3043 4553 3132 4605 τῆς
3155 4547 3277 4616 ἐμῆς
3297 4544 3579 4615 τιμιότητος
3601 4546 3691 4599 τόν

2111 4632 2313 4703 δεσμόν,
2347 4636 2395 4687 ἐν
2497 4638 2912 4707 περισφίῃονται
2950 4637 3013 4688 τά
3046 4635 3205 4693 πλήθη
3239 4642 3340 4690 τῶν
3372 4641 3594 4697 πιστῶν,
3618 4639 3688 4706 μή

2110 4730 2461 4798 συγχωρήσῃς
2488 4724 2800 4783 διαλυθῆναι·
2830 4731 2918 4785 τήν
2940 4734 3029 4781 τοῦ
3056 4725 3311 4781 Δεσπότου
3339 4734 3580 4798 Χριστοῦ,
3604 4730 3686 4780 καὶ

2108 4824 2402 4889 μονογενοῦς
2440 4818 2555 4871 Υίοῦ
2601 4826 2689 4872 τοῦ
2735 4825 2858 4873 Θεοῦ
2900 4819 3180 4891 ἐπωνυμίαν
3223 4824 3292 4889 μή
3328 4822 3686 4890 συγχωρήσης

2108 4909 2540 4983 παραϐιασθῆναι·
2583 4916 2671 4967 τήν
2712 4912 2971 4983 τρισάγιον
3010 4909 3290 4981 ὑμνῳδίαν,
3331 4913 3441 4973 ἥτις
3482 4914 3569 4964 καί
3594 4916 3683 4969 τήν

2107 4999 2353 5073 ὑμετέραν
2381 5000 2522 5054 πόλιν
2561 4998 2773 5054 διέσωσε
2804 5000 3205 5064 κινδυνεύουσαν,
3238 5009 3301 5063 ὡς
3330 5002 3551 5075 ἀγγῦων
3578 5023 3683 5055 πα-

2106 5093 2334 5169 ράδοσιν,
2376 5095 2631 5149 ἀνόθευτον
2662 5093 2970 5166 διαφύλαξόν.
3003 5097 3183 5170 Πέτρον
3212 5096 3294 5148 τὸν
3323 5102 3384 5169 τῇ
3411 5098 3682 5171 Ἄρειανεκῇ

2106 5187 2338 5262 θρησκείᾳ
2354 5186 2846 5247 ἐπακολουθήσαντα.
2870 5196 2959 5246 τῆς
2977 5194 3075 5241 τῶν
3099 5188 3399 5257 ’Δντιοχέων
3427 5187 3682 5247 ἐκκλησίας

2106 5279 2383 5345 ᾀπέλασον⁶
2413 5279 2546 5338 τίνος
2575 5280 2715 5332 ἕνεκα
2742 5281 2921 5352 Πέτρος
2944 5284 3033 5336 τήν
3061 5280 3181 5350 ἐμήν
3209 5281 3380 5335 πίστιν
3410 5281 3679 5341 ἀθετήσας,

2106 5372 2308 5446 ῥηγνύει
2347 5377 2437 5425 τοῦ
2495 5371 2686 5439 κόσμου
2736 5376 2823 5427 τήν
2870 5372 3104 5435 σύνεσινς
3136 5372 3270 5431 τίνος
3308 5372 3451 5425 ἔνεκα
3496 5372 3681 5443 Πέτρος

2111 5463 2307 5532 ῥηγνύει
2328 5464 2413 5514 τὸν
2436 5464 2632 5531 χιτῶνά
2654 5482 2747 5531 μου
2774 5463 2858 5515 τόν
2880 5460 3058 5517 ἄνωθεν
3080 5464 3294 5535 ύφαντόν
3320 5462 3504 5533 (Matre.
3535 5462 3643 5531 XVI)
3664 5478 3677 5525 ;
3702 5516 3709 5523 ,

2107 5560 2160 5603 Ὀ
2172 5551 2292 5611 Θεὸς
2308 5555 2390 5603 καί
2405 5556 2572 5625 Πατήρ
2591 5552 2861 5606 ἐνετείλατο
2874 5561 2944 5623 τῷ
2959 5559 3226 5629 κορυφαίῳ,
3241 5558 3291 5610 τί
3306 5554 3408 5611 δέοι
3422 5555 3679 5609 καλεῖσθαι

2106 5645 2191 5697 τόν
2234 5644 2388 5697 αὐτοῦ
2437 5643 2565 5697 Υίόν.
2601 5643 2657 5697 Ὀ
2708 5652 2971 5718 μονογενής
3011 5648 3127 5707 Υἱός
3155 5648 3205 5699 ἐν
3234 5655 3296 5719 τῇ
3325 5646 3562 5718 ὁμολογίᾳ
3588 5650 3678 5697 τιιῦ

2106 5736 2379 5806 κορυφαίου
2430 5742 2528 5787 τῶν
2576 5736 2868 5791 ἀποστόλων
2916 5737 3206 5804 ὶθιμιλίωσέ
3274 5757 3356 5795 με.
3413 5738 3480 5791 τὸ
3537 5734 3677 5805 ἅγιον
