4096 6342
815 258 901 269 --ςκ

366 280 461 338 921

365 495 564 543 vestem
586 485 815 559 dirupitf
836 488 1011 546 Porta:
1027 492 1180 561 inferi
1200 508 1301 546 non
1319 494 1661 561 prmalebunt
1685 496 1929 551 adversus

364 597 440 635 me
481 579 695 649 (Matth.
732 583 892 655 xix),
945 596 1000 641 et
1029 587 1220 642 Petrus
1251 596 1417 642 tentat
1446 604 1628 643 muros
1658 604 1807 645 meos
1834 591 1931 645 de-

363 671 577 728 moliri?
620 673 763 744 Ego,
794 675 1033 744 piissime
1060 678 1371 749 imperator,
1401 689 1453 734 te
1479 681 1547 736 de
1574 681 1802 750 imperio
1831 697 1929 737 ex-

362 764 571 834 pulsum
587 756 772 820 rursus
792 765 1087 835 introduxi,
1109 779 1164 824 et
1192 770 1453 840 malignos
1472 786 1535 826 ac
1561 771 1931 828 inobedientes

362 854 496 910 meis
537 854 734 911 divinis
776 855 1113 927 dogmatibus
1152 859 1274 915 dedi
1332 874 1427 929 pro
1478 860 1750 930 sepultura
1802 870 1927 927 tua,

361 946 609 1015 viamque
635 948 886 1017 potentiae
923 950 1107 1019 aperui
1135 960 1259 1006 ante
1285 960 1357 1018 te,
1382 952 1624 1007 inimicos
1655 960 1776 1007 tuos
1806 968 1929 1022 per-

360 1036 502 1092 cussi
527 1051 630 1091 una
660 1053 780 1092 cum
808 1038 989 1109 iniquo
1014 1056 1202 1096 eorum
1239 1042 1509 1112 dogmate,
1538 1044 1809 1113 antiquam
1838 1058 1931 1114 po-

362 1127 580 1184 tentiam
601 1130 859 1199 exquisivi
882 1132 973 1187 tibi
994 1148 1023 1187 a
1041 1133 1151 1189 Deo
1171 1135 1225 1189 in
1239 1135 1361 1190 altis
1382 1146 1660 1205 regnante,
1678 1152 1741 1194 ex
1760 1152 1865 1207 quo
1876 1147 1932 1193 et

361 1230 621 1292 regnante
646 1224 940 1292 sumpsisti.
964 1225 1189 1297 Respice
1213 1227 1279 1281 ad
1304 1227 1753 1296 praedecessorem
1783 1239 1930 1284 tuum

361 1313 655 1384 piissimum
691 1314 1067 1385 imperatorem
1098 1318 1454 1385 Marcianum,
1484 1328 1537 1375 et
1582 1319 1727 1375 illius
1770 1321 1931 1377 tidem

359 1404 586 1461 libenter
631 1408 999 1477 amplectere:
1053 1409 1356 1467 haereticam
1397 1413 1728 1483 tyrannidem
1786 1414 1931 1471 Petri

360 1516 520 1570 quam
559 1501 816 1558 citissime
839 1504 1048 1559 eradica
1069 1544 1085 1572 ,
1124 1505 1386 1560 Valentini
1415 1514 1470 1561 et
1509 1507 1818 1577 Eutychetis
1847 1508 1931 1563 di-

360 1591 622 1662 scipulum
651 1594 863 1662 expelle
886 1609 916 1648 a
944 1596 1156 1650 civitate
1191 1596 1347 1650 simul
1370 1606 1427 1651 et
1455 1597 1817 1652 ecclesiastico
1847 1613 1932 1653 re-

358 1682 576 1751 gimine,
608 1693 661 1739 et
682 1701 711 1739 a
742 1686 997 1755 dignitate
1026 1688 1353 1744 hierarchica
1377 1689 1643 1758 dejectum
1664 1705 1781 1746 esse
1808 1705 1933 1747 san-

358 1774 485 1830 cito.
516 1774 799 1847 Conspice,
827 1779 1162 1836 sanctissime
1190 1781 1263 1836 fili
1292 1791 1347 1837 et
1377 1782 1666 1851 imperator
1695 1786 1931 1841 invictis-

357 1865 525 1931 sime,
564 1868 734 1936 qualis
772 1868 825 1923 in
866 1870 1281 1928 Chalcedonensi
1324 1875 1531 1944 synodo
1556 1876 1928 1933 tindubitabilis

358 1958 598 2016 defensio
626 1960 765 2016 facta
790 1961 889 2017 fuit
910 2006 925 2030 ,
968 1973 1022 2019 ct
1048 1965 1241 2031 quibus
1269 1970 1587 2036 expugnavit
1614 1969 1927 2024 ASschinum

360 2052 548 2124 [juxta
575 2053 765 2124 Gram,
817 2073 937 2127 quze
966 2060 1199 2115 vindicta
1229 2062 1281 2116 in
1327 2063 1532 2119 hostem
1572 2074 1716 2119 tuum
1748 2065 1807 2136 ι]
1833 2083 1847 2130 ;
1876 2074 1931 2121 et

361 2143 752 2215 divulgationes
781 2148 1047 2204 haeretica)
1068 2151 1326 2207 doctrinas
1348 2154 1491 2209 Petri
1514 2156 1787 2222 expedias.
1808 2156 1931 2212 Haec

356 2233 499 2305 legat
527 2247 707 2293 sancta
735 2238 828 2293 Dei
870 2242 1248 2309 apostolica‘et
1274 2245 1533 2299 catholica
1578 2245 1840 2311 Ecclesia,
1872 2254 1931 2301 ut

355 2324 427 2378 ab
449 2325 562 2394 ipsa
584 2337 800 2398 propter
823 2332 1102 2400 praedictas
1130 2348 1318 2389 causas
1339 2336 1663 2403 depositum,
1686 2337 1751 2391 ad
1783 2352 1932 2393 com-

356 2417 664 2476 munionem
695 2437 801 2476 non
822 2424 1118 2494 suscipias:
1150 2426 1243 2480 sed
1271 2442 1366 2495 per
1384 2428 1603 2484 divinos
1629 2429 1807 2498 apices
1841 2445 1931 2485 ve-

354 2519 483 2567 strae
510 2517 815 2572 serenitatis
840 2519 908 2573 ab
930 2520 1228 2574 Antiochiae
1251 2522 1484 2577 confinio
1512 2525 1808 2593 propellite.
1826 2524 1931 2580 Pro

356 2600 475 2671 ipso
508 2614 686 2661 autem
726 2609 1032 2665 constituite
1074 2612 1245 2666 virum
1293 2613 1542 2683 operibus
1572 2616 1928 2671 sacerdotium

355 2704 658 2763 ornantetn,
681 2700 1063 2770 custodemque
1087 2702 1391 2772 diligentem
1420 2713 1617 2760 sanctae
1636 2707 1930 2761 Chalcedo-

356 2788 541 2844 nensis
591 2791 816 2860 synodi,
856 2802 911 2847 et
946 2807 1131 2848 eorum
1168 2810 1287 2863 qua:
1330 2795 1383 2850 in
1423 2812 1485 2851 ea
1530 2798 1739 2851 firmata
1782 2807 1924 2852 sunt.

356 2877 705 2948 Omnipotens
753 2884 893 2939 Deus
932 2885 1200 2941 custodiat
1252 2895 1481 2943 vestram
1532 2891 1822 2958 potentiam
1874 2892 1929 2944 in

360 2984 494 3038 pace
520 2985 752 3043 semper.

1562 289 1915 349 EPISTULA}
1953 293 2041 352 ET
2081 295 2412 365 DECRETA.

294 402 311 413 ’
366 404 505 462 runt,
518 402 722 452 vestem
748 396 893 455 illius
914 414 1018 456 non
1040 400 1335 456 diviserunt
1352 409 1405 456 et
1428 401 1616 457 Petrus
1638 403 1760 459 ﬁdei
1787 420 1921 461 mea:

2028 420 2224 483 Πνεῦμα
2247 413 2315 487 ip‘
2336 416 2554 477 ἑκάστης
2583 417 2979 497 διαμαρτύρεταί
2997 446 3098 495 μοι,
3127 427 3299 501 λέγων*

3327 442 3403 495 Μὴ
3433 436 3621 517 κρίνῃς,

2034 505 2210 563 εἰδέναι
2239 531 2309 572 τι,
2345 514 2390 563 εἰ
2416 517 2485 585 μή
2515 513 2702 572 Ἰησοῦν
2729 522 2975 593 Χριστὸν,
3008 528 3091 577 καί
3129 534 3309 583 τοῦτον
3342 531 3602 617 ἕσταυρω·
3646 560 3651 567 ‘

2033 601 2174 691 μένον
2205 601 2383 669 (Ἰωάν.
2417 605 2552 672 XII).
2598 608 2657 659 Οί
2686 610 2864 684 ἐχθροί
2897 614 3136 682 ἀπειθεῖς,
3171 620 3216 671 οἱ
3244 601 3522 691 ἐπίϐουλοιζ
3555 631 3603 686 oi

2034 689 2134 754 ἔξω
2159 700 2250 746 τοῦ
2279 694 2593 763 ἀμπελῶνος,
2628 701 2710 753 τὸν
2745 713 2982 775 μονογενῆ
3003 714 3130 760 Θεοῦ
3157 710 3266 764 Υίόν
3294 720 3601 787 σφαγιάσαν·

2032 801 2136 844 τες,
2168 786 2248 836 καί
2276 784 2701 854 λιθοϐολήσαντες,
2724 794 2807 844 καί
2828 802 2900 865 τῷ
2925 795 3054 865 ξύλῳ
3073 805 3164 851 τοῦ
3190 784 3415 876 σταυροῦ
3435 829 3600 881 προσ·

2032 880 2302 943 πήξαντες,
2335 882 2393 932 ού
2424 879 2600 936 διεῖλον
2636 886 2719 937 τὸν
2749 888 2904 941 αὐτοῦ
2936 898 3148 958 χιτῶνα·
3190 899 3271 949 καί
3297 879 3483 974 Πέτρος
3508 910 3601 967 τῆς

1978 1027 1984 1034 ,
2033 974 2257 1031 πίστεώς
2285 992 2381 1041 μου
2410 975 2496 1028 τὸν
2539 984 2740 1046 χιτῶνα
2781 976 3065 1054 διαῤῥήΞεα
3097 986 3148 1038 αἶ
3171 996 3258 1042 τοῦ
3291 988 3415 1061 ᾅδου
3444 992 3601 1053 πύλαι

2035 1064 2119 1115 οὐκ
2141 1061 2370 1133 ἴσχυσαν
2403 1068 2514 1120 κατ’
2533 1069 2654 1137 ἐμοῦ
2679 1069 2856 1138 (Ματθ.
2891 1074 3027 1144 χιε),
3052 1080 3131 1131 καί
3154 1080 3336 1156 Πέτρος
3363 1092 3601 1160 πειρᾶται

2032 1158 2089 1211 τὸ
2115 1160 2292 1228 τεῖχός
2319 1182 2419 1230 μου
2466 1164 2786 1218 καταϐαλεῖν·
2828 1168 2956 1235 ἐγὼ,
2999 1171 3327 1230 εὐσεϐέστατε
3366 1158 3599 1249 βασιλεῦ,

2035 1252 2306 1307 ὠθησθέντα
2347 1274 2405 1307 σε
2457 1261 2546 1313 τῆς
2590 1256 2849 1325 βασιλείας
2899 1262 3092 1321 ταύτης
3138 1265 3477 1342 ἐπανήγαγον,
3523 1279 3605 1329 καὶ

2035 1344 2156 1401 τοὺς
2184 1346 2451 1417 πονηρούς,
2480 1348 2557 1398 καί
2586 1348 2809 1409 ἀπειθεῖς
2837 1356 2935 1403 τῶν
2964 1353 3015 1404 ἐν
3041 1354 3151 1422 ἐμοὶ
3174 1357 3313 1411 Θείων
3343 1358 3606 1432 δογμάτων

2034 1428 2224 1485 δέδωκα
2266 1434 2377 1489 ἀντὶ
2426 1445 2586 1508 ταφῆς
2625 1458 2740 1498 σου,
2780 1437 3038 1510 δυνάμεώς
3074 1464 3123 1497 τε
3155 1443 3263 1500 ὁδὸν
3300 1428 3486 1516 ἡνέᾦξα
3515 1454 3603 1526 ζμ-

2034 1525 2249 1593 προσ-θεν
2277 1540 2393 1577 σου’
2424 1528 2543 1584 τοὺς
2570 1529 2693 1585 σούς
2729 1528 2945 1602 ἐχθρούς
2971 1533 3318 1594 καταϐέϐληκα
3351 1546 3480 1609 μετά
3506 1552 3601 1599 τοῦ

2033 1614 2271 1682 ἀθεμίτου
2308 1618 2469 1669 αὐτῶν
2496 1616 2764 1689 δόγματος.
2798 1622 2862 1673 Τὸ
2902 1624 3127 1693 ἀρχαῖον
3153 1630 3333 1702 κράτος
3363 1634 3605 1696 temna-

2035 1726 2133 1773 μην
2160 1726 2240 1759 σοι
2265 1710 2407 1781 παρὰ
2436 1714 2525 1761 τοῦ
2556 1711 2604 1761 ἐν
2631 1710 2867 1779 ὑψίστοις
2894 1715 3252 1783 βασιλεύοντος
3280 1731 3428 1789 Θεοῦ,
3460 1730 3509 1791 ἐξ
3544 1728 3604 1784 οὗ

1961 1791 2007 1850 Β
2034 1802 2116 1851 καὶ
2152 1799 2208 1850 τὸ
2242 1800 2528 1868 βασιλευειν
2566 1800 2783 1873 εἴληφας.
2834 1804 3138 1877 ’Δπόϐλεψον
3168 1816 3235 1873 εἷς
3264 1819 3350 1870 τὸν
3378 1840 3606 1893 προηγη-

2030 1885 2247 1959 σάμενόν
2289 1910 2383 1944 σου
2424 1893 2790 1949 εὐσεϐέστατον
2833 1897 3039 1969 βασιλέα
3077 1907 3377 1977 Μαρκιανόν,
3410 1915 3490 1964 καί
3519 1917 3608 1971 τὴν

2033 1979 2215 2032 ἐκείνου
2253 1984 2426 2035 πίστιν
2466 1985 2694 2053 ἀσμένως
2723 1988 2978 2051 ἀσπάζου.
3006 1996 3104 2050 Τὴν
3142 1996 3390 2065 αἱρετικὴν
3421 2003 3605 2078 Πέτρου

2032 2069 2299 2140 τυραννίδα
2334 2071 2415 2125 διὰ
2447 2075 2650 2142 τάχους
2688 2078 2972 2148 ἐκρίζωσον’
3014 2088 3106 2135 τοῦ
3149 2087 3491 2154 Οὐαλεντίνου,
3524 2096 3606 2147 καί

2033 2160 2303 2229 Efﬂuxere;
2337 2164 2558 2229 μαθητήν
2600 2164 2873 2230 άποδίωξον
2908 2180 2998 2229 τῆς
3045 2175 3381 2249 ἀκροπόλεως,
3404 2186 3488 2236 καὶ
3516 2191 3607 2243 τῆς

2034 2251 2451 2315 ἐκκλησιαστικῆςα
2465 2255 2778 2323 διοικήσεως,
2804 2260 2908 2329 ἅμα
2932 2268 3022 2316 τοῦ
3049 2264 3299 2338 ἱερατικοῦ
3321 2272 3607 2342 ἀξιώματος

2034 2348 2393 2414 κατενεχθῆναι
2433 2350 2729 2403 θεσπίσατει
2773 2355 3057 2426 Θεὼρησον,
3089 2353 3127 2409 ὦ
3155 2364 3465 2427 γνησιώτατε
3504 2367 3603 2432 υἶέ,

2035 2438 2117 2488 καὶ
2163 2437 2378 2493 ἀήττητε
2437 2439 2667 2505 βασιλεῦ,
2712 2440 2859 2496 ὁποία
2900 2452 2961 2518 τῇ
3010 2446 3055 2499 ἐν
3095 2448 3368 2507 Χαλκηδόνι
3408 2454 3606 2529 συνόδῳ

2034 2529 2478 2600 ἀναμφισϐήτητος
2507 2530 2756 2592 ἐκδίκησις
2801 2536 2990 2606 γέγονε,
3016 2541 3101 2591 καί
3130 2546 3217 2594 τοῦ
3246 2550 3337 2597 σοῦ
3366 2546 3605 2617 πολεμίου

2036 2617 2303 2679 ἐκδίκησις·
2338 2624 2423 2673 καί
2460 2631 2550 2681 τῆς
2586 2625 2840 2699 αἶρετικῆς
2885 2626 3209 2692 διδασκαλίας
3248 2636 3439 2709 Πέτρου
3488 2643 3607 2701 τούς

2036 2707 2225 2779 δήμους
2266 2712 2594 2787 ἐκλύτρωσον.
2632 2722 2807 2771 Ταῦτα
2850 2722 3124 2788 πρεσϐεύει
3152 2726 3182 2781 ἡ
3216 2724 3337 2796 ἁγία
3376 2735 3465 2781 τοῦ
3496 2732 3604 2784 θεοῦ

2001 2803 2251 2860 ,καθολικὴ
2294 2808 2376 2857 καὶ
2414 2807 2720 2866 ἀποστολική
2768 2810 3033 2875 ἐκκλησία,
3078 2815 3160 2869 ἵνα
3197 2818 3283 2869 τόν
3325 2818 3412 2869 ὐπ’
3453 2821 3606 2880 αὐτῆς

2032 2896 2379 2969 καθαιρεθέντα
2410 2896 2493 2955 διὰ
2520 2901 2610 2958 τὰς
2638 2903 2895 2973 εἰρημένας
2925 2907 3106 2969 αἰτίας,
3142 2910 3213 2965 εἷς
3242 2902 3488 2962 κοινωνίαν
3515 2918 3606 2964 τοῦ

2030 2989 2205 3041 λοιποῦ
2243 2995 2313 3058 μὴ
2342 2990 2707 3064 προσδέξησθε,
2740 2995 2860 3046 ἀλλὰ
2898 2993 2981 3049 διὰ
3009 2998 3148 3050 θείων
3178 2999 3321 3068 ὑμῶν
3348 3001 3607 3056 συλλαϐῶν

350 3068 444 3120 τῆς
488 3064 786 3134 ’Δντιοχίων
822 3069 1011 3129 πόλεως
1060 3071 1281 3145 μεθόριον
1322 3075 1549 3141 γενεσθαι
1595 3076 2042 3147 παρασκευάσητε,
2074 3080 2177 3132 ἀντ’
2210 3081 2361 3133 αὐτοῦ
2393 3079 2445 3134 δὲ
2476 3091 2801 3141 καταστῆσαι
2837 3081 2993 3159 ἄνδρα
3027 3085 3185 3163 ἔργοις
3213 3096 3300 3151 τήν
3332 3093 3608 3167 ἱερωσύνην

350 3161 658 3225 κοσμοῦντα,
690 3158 879 3226 φύλακά
915 3181 969 3213 τε
991 3163 1175 3233 ἀκριϐῆ
1205 3173 1295 3222 τῆς
1324 3166 1375 3215 ἐν
1393 3161 1662 3220 Χαλκηδόνι
1691 3164 1839 3235 ἁγίας
1862 3164 2097 3233 συνόδου,
2130 3172 2211 3223 καί
2237 3177 2334 3223 τῶν
2361 3172 2408 3223 ἐν
2440 3173 2570 3243 αὐτῇ
2598 3172 2985 3241 βεϐαιωθέντων.
3037 3188 3091 3230 '0
3121 3184 3479 3257 παντοκράτωρ
3504 3186 3607 3245 θεὸς

348 3244 645 3317 διαφυλάξοι
689 3250 746 3302 τὸ
795 3251 1033 3325 ὑμέτερον
1072 3255 1254 3326 κράτος
1282 3255 1330 3309 ἐν
1360 3258 1523 3329 εἰρήνῃ
1552 3255 1846 3318 διαπαντός.

900 3358 926 3397 δ
949 3361 1283 3418 EPISTULA
1324 3364 1408 3417 Vl.

955 3468 1023 3506 AD
1061 3470 1307 3510 ACACIOM.

357 3561 375 3592 ⁸
404 3561 647 3615 Acacium
684 3578 885 3618 munere
912 3565 1218 3648 sacerdotali
1246 3578 1292 3621 et
1320 3568 1547 3637 ﬁdelium
1577 3573 1927 3630 communione

1045 3648 1231 3703 prtvat.

426 3750 445 3778 ³
469 3745 613 3801 Felix
643 3747 923 3817 episcopus
962 3759 1160 3806 sanctae
1190 3751 1441 3807 Ecclesia:
1480 3756 1755 3810 catholica:
1786 3756 1929 3811 urbis

357 3838 562 3903 Romae,
595 3839 805 3894 Acacio.
1594 3910 1597 3913 _

427 3926 710 3982 Multarum
744 3932 1228 4001 transgressionum
1260 3936 1513 4004 reperiris
1542 3939 1837 4008 obnoxius,
1878 3947 1931 3994 et

356 4018 410 4072 in
446 4021 768 4076 venerabilis
795 4023 1004 4078 concilii
1046 4023 1244 4080 Niczeni
1286 4028 1611 4084 contumelia
1632 4044 1777 4098 διξερε
1804 4045 1927 4083 ver-

356 4115 531 4175 satus,
580 4111 874 4166 alienarum
919 4114 1012 4168 tibi
1055 4116 1444 4183 provinciarum
1479 4119 1597 4187 jura
1648 4122 1929 4176 temerarie

356 4196 654 4251 vindicasti.
688 4199 977 4257 Hmreticos
1004 4204 1206 4274 [supple
1228 4205 1300 4276 et]
1328 4222 1661 4275 pcrvasores,
1684 4220 1843 4279 atque
1863 4212 1930 4265 ab

357 4285 621 4343 haereticis
651 4291 924 4349 ordinatos
943 4336 956 4357 ,
990 4306 1044 4349 et
1072 4312 1205 4366 quos
1234 4300 1345 4367 ipse
1375 4302 1741 4367 damnaveras,
1774 4315 1930 4373 atque

357 4378 426 4432 ab
463 4382 750 4449 apostolica
779 4386 1014 4440 institisti
1046 4387 1120 4458 [id
1150 4399 1222 4443 est
1244 4430 1258 4455 ,
1293 4392 1486 4464 petisti]
1514 4394 1639 4447 sede
1666 4395 1925 4465 damnari,

359 4483 467 4523 non
498 4472 656 4525 modo
684 4478 1044 4531 communioni
1077 4487 1179 4534 tuae
1208 4482 1542 4550 recipiendos
1571 4488 1800 4552 putasti,
1836 4502 1930 4541 ve-

354 4575 475 4614 rum
498 4563 659 4615 etiam
684 4565 804 4619 aliis
828 4566 1104 4635 Ecclesiis,
1129 4574 1268 4641 quod
1298 4589 1395 4628 nec
1419 4576 1486 4629 de
1513 4576 1789 4631 catholicis
1815 4576 1929 4632 fleri

360 4790 505 4845 nodi.

426 4860 452 4898 δ
496 4860 619 4915 Haec
645 4864 875 4938 epistola
911 4866 1162 4936 synodica
1213 4879 1324 4934 est,
1349 4874 1543 4938 scripta
1596 4890 1662 4930 ex
1697 4878 1926 4931 concilio

357 4931 598 5012 Eomatto
635 4931 693 5012 it,
736 4931 1079 5012 continetque
1109 4956 1226 4994 eam
1261 4931 1610 4997 anathematis
1639 4956 1693 5000 et
1718 4947 1927 5012 deposi-

357 5002 515 5083 tionis
536 5002 1006 5084 sententiamque
1031 5018 1148 5084 post
1178 5026 1350 5084 causa:
1375 5012 1678 5080 diligentem
1706 5002 1925 5084 inquisi-

356 5073 572 5137 tionem,
592 5077 824 5130 omnium
847 5073 1062 5131 decreto
1090 5079 1192 5134 lata
1216 5090 1300 5135 est
1325 5082 1378 5135 in
1400 5073 1651 5137 Acacium
1671 5073 1929 5140 Constan-

356 5142 779 5220 tinopolitanum,
808 5163 1031 5220 quicque
1052 5150 1118 5203 ad
1138 5152 1380 5206 eumdem
1409 5151 1922 5220 Constantinopolim

356 5212 660 5265 transmissa
682 5254 695 5275 .
736 5224 790 5268 et
825 5212 891 5269 ab
928 5212 1015 5292 illo
1065 5230 1338 5284 recusata,
1373 5224 1614 5276 monachi
1645 5212 1919 5292 cujusdam

354 5294 512 5349 opera
544 5296 801 5355 sufpeusa
831 5296 909 5338 est
931 5289 994 5341 ad
1027 5292 1237 5355 pallium
1275 5294 1453 5346 Acacii
1477 5334 1489 5355 ,
1519 5294 1643 5347 dum
1676 5289 1741 5347 ad
1768 5310 1921 5349 sacra

356 5353 656 5432 peragenda
690 5365 955 5432 pergeret.
989 5353 1103 5432 Quo
1142 5360 1282 5415 facto
1312 5377 1378 5417 eo
1406 5353 1623 5419 insaniae
1658 5366 1916 5432 prorupit,

353 5427 415 5474 ut
440 5420 743 5477 Dioscoruiu
775 5420 1186 5483 Alexandrinum
1210 5432 1479 5498 imitatus,
1509 5420 1702 5490 nomen
1730 5420 1922 5490 Felicis

426 5535 445 5616 ξ
476 5538 620 5616 l_l_anc
640 5539 915 5616 epistolam
940 5541 1377 5616 citatLiberatus,
1402 5563 1519 5616 cap.
1542 5549 1627 5602 18.
1653 5548 1914 5603 Humum.

426 5607 445 5638 ³
486 5609 630 5685 llattc
661 5608 854 5685 [felicis
884 5611 933 5685 in
965 5611 1213 5685 aracium
1230 5607 1544 5671 sententiam
1575 5627 1728 5685 putat
1758 5619 1917 5673 Vale-

350 5676 465 5743 sius
491 5679 665 5733 datam
685 5679 735 5733 in
763 5680 965 5750 synodo
981 5682 1215 5737 Romana
1236 5699 1268 5737 ιι
1297 5698 1479 5745 contra
1512 5676 1787 5752 Acacium,
1818 5690 1914 5745 sed

429 4720 800 4808 thasiliscum
830 4723 1080 4795 intelligit
1124 4729 1327 4785 hostem
1358 4733 1809 4791 Chalcedonensis
1836 4753 1926 4808 sy-
1950 4740 2005 4800 D

1956 3371 2003 3434 c
2038 3382 2244 3439 poterat
2275 3375 2560 3445 prmsidere
2597 3376 2796 3442 fecisti;
2838 3366 3011 3434 autem
3064 3382 3193 3454 [lege
3229 3384 3411 3456 atque]
3447 3388 3609 3444 etiam

2032 3464 2343 3535 honoribus,
2362 3482 2611 3535 quosnon
2628 3471 2989 3537 merebantur,
3004 3474 3224 3529 auxisti.
3242 3476 3492 3532 Testatur
3509 3480 3609 3536 hoc

2030 3556 2292 3624 Joannes,
2327 3574 2482 3628 quem
2524 3575 2552 3611 a
2586 3562 2859 3617 catholicis
2890 3564 3139 3632 Apameaa
3169 3582 3272 3620 non
3304 3580 3600 3640 receptum,

2033 3652 2350 3720 pulsumque
2375 3652 2441 3705 de
2462 3653 2740 3706 Antiochia
2760 3698 2773 3719 ,
2809 3654 2982 3723 Tyriis
3009 3657 3275 3723 perfecisti
3298 3657 3484 3729 [Forte
3510 3662 3607 3734 leg.

2034 3740 2339 3810 praefecisti]
2360 3758 2372 3794 :
2391 3741 2795 3805 et‘llumerius,
2824 3754 2949 3797 tunc
2970 3744 3036 3798 de
3070 3746 3318 3801 diaconio
3344 3749 3605 3819 dejectus,

2032 3842 2191 3899 atque
2219 3832 2502 3885 Christiani
2540 3832 2770 3887 nominis
2810 3834 3163 3901 appellatione
3194 3838 3451 3906 privatus,
3492 3856 3522 3894 a
3560 3851 3610 3897 te

2031 3925 2189 3979 etiam
2220 3926 2272 3978 in
2299 3923 2613 3993 presbyterii
2634 3934 2913 3992 provectus
2934 3925 3194 3981 officium.
3231 3929 3457 3998 thuasi
3489 3932 3605 3987 haec

2032 4020 2240 4073 minora
2264 4017 2356 4072 tibi
2388 4018 2715 4083 viderentur,
2742 4019 2791 4072 in
2818 4018 2986 4087 ipsam
3008 4019 3267 4074 doctrinae
3292 4023 3603 4090 apostolica:

2032 4111 2312 4165 veritatem
2336 4125 2466 4163 ausu
2490 4110 2750 4177 superbiae
2775 4120 2875 4164 tuae
2899 4110 3025 4182 [lege
3040 4127 3198 4166 ausus
3219 4122 3334 4167 tuos
3352 4123 3405 4168 et
3423 4128 3610 4183 super-

2034 4202 2197 4273 biam]
2212 4200 2481 4258 tetendisti
2508 4221 2519 4255 :
2545 4212 2603 4256 ut
2626 4203 2835 4271 Petrus,
2854 4221 3008 4274 quem
3026 4206 3335 4261 damnatum
3358 4224 3388 4261 a
3410 4217 3608 4264 sanctae

2035 4303 2306 4355 memoria:
2329 4302 2611 4358 decessore
2624 4320 2742 4359 meo
2763 4305 2874 4372 ipse
2901 4306 3180 4370 retuleras,
3195 4306 3333 4361 sicut
3346 4315 3607 4362 testantur

2033 4406 2269 4456 annexa,
2319 4393 2457 4447 beati
2509 4395 2861 4464 evangelista.
2891 4394 3052 4448 Marci
3102 4395 3283 4451 sedem
3329 4405 3381 4451 te
3424 4398 3609 4451 conni-

2032 4493 2189 4539 vente
2219 4485 2345 4556 (lege
2365 4486 2847 4558 jubente],rursus
2878 4488 3185 4553 invaderet,
3214 4497 3267 4543 et
3298 4488 3488 4557 fugatis
3515 4504 3607 4546 or-

2036 4575 2279 4630 thodoxis
2310 4578 2575 4648 episcopis
2605 4586 2657 4631 et
2686 4577 2923 4643 clericis,
2952 4578 3031 4631 sui
3063 4577 3245 4646 procul
3273 4577 3433 4633 dubio
3459 4579 3607 4636 simi-

2034 4753 2178 4807 papae
2217 4752 2247 4791 e
2301 4737 2467 4807 sacris
2522 4734 2788 4807 diptychis
2830 4734 3072 4807 tolleret,
3113 4744 3271 4807 atque
3316 4735 3606 4794 catholicos

2033 4803 2335 4877 episcopos,
2369 4805 2674 4877 subrogatis
2708 4803 2973 4859 haereticis
2992 4813 3042 4859 et
3062 4803 3363 4875 infamibus,
3388 4807 3606 4877 sedibus

2032 4873 2141 4931 suis
2172 4877 2581 4930 exterminaret.
2608 4873 2799 4944 Verum
2839 4890 2944 4929 non
2973 4890 3133 4943 super
3162 4873 3380 4944 regnum
3413 4885 3466 4929 et
3507 4876 3609 4931 im-

2033 4948 2235 5015 perium
2260 4946 2411 5001 inniti
2437 4945 2618 5015 sedem
2643 4942 3010 5011 apostolicam,
3032 4942 3127 5000 Sed
3151 4942 3310 5014 super
3333 4944 3603 5015 Christum

2030 5013 2229 5086 Regem
2270 5032 2450 5084 regum
2481 5024 2536 5069 et
2580 5013 2862 5068 Dominum
2894 5013 3301 5079 dominantium,
3346 5014 3458 5086 ipse
3504 5027 3604 5086 _su_o

2032 5081 2243 5141 tandem
2273 5081 2525 5165 expertus
2551 5095 2632 5138 est
2652 5086 2867 5165 damno,
2885 5086 3122 5165 quando.
3138 5098 3331 5162 nomen
3372 5081 3605 5165 hominis

2032 5156 2453 5211 ambitiosissimi
2480 5162 2536 5207 et
2556 5155 3006 5221 arrogantissimi,
3036 5156 3124 5222 qui
3165 5168 3290 5207 suas
3320 5155 3485 5220 ipsius
3526 5155 3605 5206 vi—

2034 5229 2207 5281 ventis
2236 5225 2489 5302 imagines
2512 5224 2564 5276 in
2593 5223 2814 5302 ecclesia
2842 5224 3079 5302 dedicari
3107 5238 3296 5302 pa_ss_us
3324 5230 3408 5302 est
3426 5263 3439 5285 ,
3464 5237 3497 5276 e
3518 5236 3604 5276 sa-

2027 5299 2133 5349 cris
2168 5296 2357 5350 tabulis
2386 5295 2542 5362 plane
2570 5293 2825 5347 abolitum
2871 5294 2968 5347 fuit
2992 5334 3005 5353 ,
3056 5292 3121 5346 ut
3160 5292 3297 5347 infra
3342 5292 3601 5362 dicemus.

2035 5364 2166 5420 Vide
2196 5361 2429 5420 Liberat.
2462 5362 2585 5434 infr.
2617 5377 2736 5433 cap.
2771 5363 2872 5430 18;
2903 5362 3126 5434 Niceph.
3168 5363 3260 5419 lib.
3291 5377 3383 5428 vn,
3414 5376 3462 5416 c.
3496 5361 3600 5423 l7;

2026 5436 2225 5491 Baron.
2262 5452 2348 5491 an.
2380 5434 2507 5491 484.
2530 5432 2657 5489 Sav.
2688 5435 2886 5489 BINIUS.

2022 5550 2202 5604 datam
2248 5551 2409 5606 fuisse
2465 5551 2520 5605 in
2563 5550 2735 5620 prima
2782 5548 2889 5605 late
2934 5549 3122 5619 probat
3160 5545 3350 5615 Pagina
3394 5543 3461 5600 ad
3508 5557 3597 5598 an.

2024 5620 2122 5692 Ch.
2155 5620 2285 5692 £85,
2324 5622 2433 5692 n_._9
2460 5632 2513 5675 et
2543 5636 2655 5692 seq.

2097 5691 2116 5723 ⁸
2154 5690 2312 5748 Forte
2343 5690 2632 5747 Himerius.
2663 5690 2929 5748 Ηλιωωιι.
