4096 6342
452 5401 466 5489 ξ

449 5528 469 5565 τ.

574 303 682 360 92?)

1865 305 2124 364 πίλοις
2161 306 2362 365 ΡΔΡᾸΞ
2402 307 2468 364 lli

3705 324 3815 384 92!

454 456 469 466 ι
546 419 627 479 les
644 421 945 488 ordinaret;
978 421 1235 490 pulsoque
1259 432 1326 474 eo
1348 418 1439 488 qui
1465 417 1575 473 illic
1603 418 1776 474 fuerat
1805 421 2118 489 regulariter
2143 424 2197 486 Α
2228 421 2481 477 Ecclesiae
2535 421 2813 479 catholicae
2856 426 3003 482 urbis
3048 428 3233 484 Romae
3264 431 3577 502 subscripsi.
3613 404 3810 495 Data‘v

546 514 892 578 constitutus,
932 511 1196 580 captivam
1235 519 1443 565 teneret
1478 510 1794 567 Ecclesiam.
1826 510 1991 581 Cujus
2025 512 2119 567 tibi

547 606 680 661 adeo
707 613 853 675 grata
884 618 1111 673 persona
1136 612 1253 671 est,
1283 614 1337 659 et
1361 603 1589 658 ministri
1616 604 1733 672 ejus
1752 606 1953 673 accepti
1983 605 2121 675 [lege

546 696 897 750 ministerium
926 695 1043 763 ejus
1067 693 1406 765 acceptum],
1432 704 1486 749 ut
1511 696 1790 765 episcopos
1814 704 1867 750 et
1893 696 2119 751 clericos

547 789 808 859 plurimos
835 788 1196 854 orthodoxos,
1229 802 1371 843 nunc
1399 788 1528 860 [lege
1570 787 1715 859 tunc]
1745 788 2122 843 Constantino-

542 884 706 954 polim
737 884 1046 947 venientes,
1080 880 1344 952 detegaris
1375 880 1611 951 afﬂigere
1633 925 1648 949 ,
1686 888 1741 935 et
1768 880 2122 949 apocrisarios

474 968 479 973 ’
542 974 661 1043 ejus
706 974 1029 1041 confovere,
1073 980 1234 1043 atque
1277 971 1817 1027 anathematizantem
1875 972 2121 1027 eumdem

546 1068 760 1122 Petrum
785 1066 1235 1123 Chalcedonensis
1258 1066 1471 1122 decreta
1501 1065 1731 1129 concilii,
1756 1074 1810 1119 et
1834 1064 2121 1120 violantem

544 1165 743 1211 sanctae
775 1156 1044 1212 memoriae
1077 1156 1340 1211 Timothei
1370 1156 1698 1226 sepulturam
1720 1196 1736 1224 ,
1768 1155 1906 1212 sicut
1931 1157 1997 1211 ad
2026 1172 2123 1211 nos

545 1249 804 1305 certiores
848 1265 988 1305 nunc
1017 1265 1225 1320 quoque
1267 1251 1436 1305 nuntii
1476 1250 1813 1319 detulerunt,
1851 1249 2125 1320 per/Misc-

544 1354 669 1393 num
705 1350 757 1395 et
789 1340 1015 1395 Vitalem
1058 1340 1350 1415 credideris
1379 1340 1512 1413 [lege
1542 1338 1825 1412 crederes]
1864 1355 2124 1398 excusan-

543 1431 668 1486 dum
701 1450 712 1484 :
744 1447 843 1486 nec
877 1447 999 1487 eum
1032 1433 1247 1487 laudare
1277 1434 1502 1489 desieris
1537 1434 1680 1505 [lege
1706 1435 2037 1507 desineres],
2071 1445 2125 1491 et

543 1523 723 1579 multis
748 1521 937 1579 efferre
970 1525 1277 1593 praeconiis,
1311 1526 1382 1580 ita
1412 1537 1467 1581 ut
1491 1526 1887 1583 damnationem
1919 1528 2114 1598 ipsius,

543 1629 702 1685 quam
728 1626 851 1670 ante
880 1616 1169 1682 retuleras,
1200 1632 1381 1672 veram
1408 1634 1515 1673 non
1545 1619 1708 1675 fuisse
1732 1620 1951 1689 jactaris
1982 1620 2124 1692 [lege

543 1705 823 1777 jactares].
867 1706 1094 1763 Tantum
1132 1717 1309 1763 autem
1342 1724 1649 1778 perseveras
1678 1711 1731 1766 in
1763 1712 1996 1767 hominis
2023 1713 2121 1768 de-

2222 512 2429 567 calend.
2464 514 2682 583 Augusti
2702 514 3040 584 (an.'Christi
3066 517 3217 589 484),
3246 520 3509 578 Ve'nantio
3542 526 3660 581 viro
3687 529 3797 584 cla-

2222 601 2436 657 rissimo
2462 604 2699 660 consule.
2748 604 2919 660 Simul
2956 607 3025 662 67
3055 610 3279 681 episcopi
3312 613 3501 684 absque
3523 630 3660 687 papa
3688 618 3813 674 sub-

2220 693 2552 762 scripserunt.

2734 800 2761 828 ⁸
2800 791 3126 849 EPISTOLA
3171 794 3284 851 VII.

2653 896 2721 934 AD
2763 896 3047 938 υιηνιιιιεοε
3088 899 3382 943 EPISCOPOS.

2225 973 2417 1031 Statuit
2447 976 2701 1049 quomodo
2726 979 2812 1049 qui
2840 978 3147 1049 rebaptizati
3167 990 3285 1036 sunt
3309 984 3379 1037 ad
3420 983 3702 1042 Ecclesium
3724 1006 3815 1044 ca-

2650 1047 2891 1101 tholicam
2924 1047 3129 1105 admitti
3158 1052 3393 1109 debeant.

2226 1159 2244 1190 ⁸
2273 1156 2322 1211 1.
2367 1157 2725 1229 Rebaptizatus
2766 1175 2855 1228 per
2884 1162 3230 1230 paenitentiam
3261 1165 3557 1236 recipiatur.

2228 1248 2311 1303 II.
2354 1249 2673 1322 Epist-aptis,
2706 1254 3002 1323 presbyter,
3042 1255 3323 1321 diaconus,
3366 1258 3411 1311 si
3466 1258 3815 1331 rebaptizatus

2295 1342 2465 1409 fuerit,
2495 1342 2678 1396 laicmn
2698 1344 3102 1398 communium
3128 1345 3348 1416 accipiat
3380 1348 3434 1401 in
3462 1359 3696 1408 mortem.

2226 1429 2345 1487 III.
2371 1431 2619 1502 Clericus,
2650 1434 2953 1501 monachus,
2979 1436 3154 1506 puella
3183 1436 3296 1501 Dei,
3313 1438 3495 1506 laicus,
3521 1442 3569 1496 si
3588 1443 3817 1515 rebapti-

2298 1533 2440 1578 zatus
2463 1526 2646 1595 fuerit,
2673 1524 2877 1580 Nicami
2905 1525 3107 1581 concilii
3128 1528 3374 1583 sententia
3404 1540 3589 1587 teneat.
3714 1540 3719 1543 ’

2227 1614 2253 1667 I
2272 1613 2335 1671 V.
2377 1615 2667 1673 Etatiores
2692 1627 2907 1685 utroque
2930 1633 3056 1672 sexu
3094 1636 3187 1688 per
3222 1636 3405 1676 ntanus
3428 1624 3816 1693 impositionens

2298 1716 2575 1764 transeant.

544 1794 786 1851 fensione
816 1798 1070 1865 perversi,
1104 1806 1160 1851 ut
1190 1799 1455 1867 quondam
1485 1801 1787 1870 episcopos,
1826 1817 1967 1858 nunc
1994 1816 2120 1858 vero
2151 1793 2201 1856 Β
2235 1798 2297 1854 ν.
2334 1802 2434 1866 Qui
2462 1801 2808 1871 rebaptizatur
2835 1804 2992 1873 fuerit
3018 1805 3073 1857 in
3102 1805 3238 1860 clero
3270 1822 3371 1861 non
3400 1809 3703 1880 recipiatur.

543 1887 747 1943 honore
780 1897 833 1943 et
866 1891 1240 1945 communione
1278 1892 1548 1961 privatos,
1579 1894 1804 1950 Vitalem
1835 1908 1996 1967 atque
2026 1898 2121 1953 bli-

543 1995 765 2050 senum,
804 1996 938 2052 quos
974 1981 1041 2037 ad
1068 1983 1185 2052 ejus
1225 1986 1595 2054 expulsionem
1630 1990 1934 2055 specialiter
1961 1992 2120 2048 mise-

545 2088 748 2141 ramus,
776 2074 1002 2129 sublatis
1030 2074 1248 2141 chartis,
1279 2078 1535 2132 custodiae
1567 2094 1753 2148 passus
1780 2081 1944 2137 lueris
1972 2098 2121 2139 man-

542 2165 746 2235 cipari;
779 2174 831 2220 et
858 2165 925 2219 ad
963 2167 1361 2235 processionem
1398 2184 1517 2237 quae
1557 2169 1651 2225 tibi
1685 2185 1807 2227 cum
1854 2174 2119 2230 luereticis

543 2258 792 2321 habetur,
824 2258 1019 2313 exinde
1048 2259 1363 2329 productos,
1399 2263 1537 2317 sicut
1565 2277 1749 2319 eorum
1788 2266 2119 2334 professione

544 2347 675 2420 [lege
699 2346 1138 2417 professionibus]
1172 2350 1494 2419 patefactum
1521 2362 1623 2418 est,
1654 2354 1720 2410 ad
1748 2355 2117 2413 haereticorum

544 2447 796 2507 tuamque
814 2440 1266 2509 communionem,
1286 2451 1614 2512 contempta,
1642 2461 1760 2515 quae
1778 2448 1861 2502 vel
1879 2449 2114 2518 gentium

540 2530 658 2599 jure
687 2532 887 2585 servari
915 2522 1124 2597 debuit,
1154 2534 1436 2603 legatione,
1472 2540 1794 2604 pertraxeris
1813 2579 1828 2602 ,
1860 2541 2117 2609 praemiis-

541 2636 645 2689 que
670 2621 995 2690 corruperis,
1021 2628 1076 2676 et
1096 2621 1149 2677 in
1168 2623 1441 2679 ‘ltcsionem
1472 2625 1612 2681 beati
1643 2627 1785 2682 Petri
1815 2631 2059 2698 apostoli,
2085 2648 2112 2686 a

540 2711 692 2781 cujus
727 2710 856 2768 sede
895 2711 1119 2781 profecti
1167 2714 1405 2781 fuerant,
1450 2731 1556 2772 non
1594 2717 1766 2772 solum
1812 2720 2114 2777 inefﬁcaces

540 2800 716 2859 redire
745 2802 954 2869 feceris,
986 2804 1078 2859 sed
1110 2806 1273 2861 etiam
1302 2806 1698 2878 impugnatores
1728 2813 1963 2867 omnium
1996 2831 2113 2884 quae

539 2894 747 2952 fuerant
781 2895 1062 2965 mandata,
1095 2900 1431 2955 monstraris.
1463 2901 1517 2955 In
1552 2917 1774 2972 quorum
1800 2903 2112 2975 deceptione

539 2994 684 3041 tuam
724 2987 1015 3058 nequitiam
1048 2990 1357 3058 prodidisti,
1389 3000 1443 3047 et
1462 2993 1527 3047 ad
1555 2993 1793 3064 libeljum
1822 2996 1961 3067 [lege
1988 3014 2018 3054 a
2050 2999 2113 3053 li-

537 3078 701 3151 bello]
736 3078 911 3165 fratris
939 3088 995 3135 et
1029 3083 1334 3152 coepiscopi
1375 3085 1479 3140 mei
1519 3085 1760 3155 Joannis,
1791 3092 1879 3159 qui
1913 3100 1963 3146 te
1989 3106 2110 3161 gra-

2234 1890 2331 1945 Vl.
2362 1888 2695 1947 Paenitentem
2735 1895 2950 1949 alterius
2994 1895 3264 1967 episcopus
3300 1914 3403 1953 non
3443 1900 3676 1956 absolvat
3725 1921 3815 1958 nec

2293 1983 2531 2053 accipiat.

2296 2074 2665 2130 Dilectissimis
2692 2076 2748 2129 in
2788 2076 3002 2132 Christo
3046 2079 3172 2134 Jesu
3201 2078 3458 2136 fratribus
3488 2121 3503 2147 ,
3538 2084 3813 2140 universis

2220 2166 2487 2237 episcopis
2511 2169 2533 2200 ³
2563 2182 2660 2236 per
2685 2166 2928 2229 diversas
2963 2170 3263 2240 provincias
3285 2173 3587 2231 constitutis
3615 2175 3659 2229 ³.

2291 2259 2528 2326 Qualiter
2557 2260 2608 2314 in
2630 2259 2899 2316 Africanis
2918 2264 3225 2332 regionibus
3253 2267 3447 2321 astutia
3477 2266 3675 2323 diaboli
3702 2283 3809 2325 saa-

2219 2349 2373 2405 vierit
2400 2350 2451 2404 in
2479 2351 2728 2420 populum
2758 2351 3115 2408 Christianum
3135 2395 3149 2420 ,
3180 2363 3337 2426 atque
3365 2357 3416 2411 id
3441 2358 3494 2413 in
3520 2359 3805 2429 multiplici

2218 2441 2533 2511 deceptione
2572 2435 2905 2514 pro‘ruperit,
2945 2455 2999 2499 ut
3052 2461 3159 2502 non
3199 2448 3361 2505 modo
3402 2449 3591 2521 vulgus
3619 2452 3805 2509 incau-

2218 2540 2352 2598 tum,
2383 2534 2475 2589 sed
2503 2535 2647 2604 ipsos
2667 2549 2879 2605 quoque
2901 2538 2953 2591 in
2973 2539 3159 2594 mortis
3190 2540 3452 2610 profunda
3476 2543 3804 2603 demerserit

2215 2622 2521 2678 sacerdotes
2543 2665 2557 2687 ,
2587 2625 2763 2680 nullus
2794 2641 2898 2681 non
2925 2628 3072 2683 orbis
3102 2631 3327 2699 gemuit,
3362 2633 3506 2687 nulla
3534 2644 3676 2691 terra
3707 2650 3803 2694 ne-

2215 2713 2386 2767 scivit.
2438 2712 2594 2770 Uniie
2623 2716 2677 2770 in
2723 2719 2872 2787 gravi
2921 2717 3054 2790 [lege
3077 2721 3292 2794 grandi]
3342 2738 3571 2781 maerore
3602 2728 3799 2799 positi,

2215 2802 2553 2861 dissimulare
2582 2820 2687 2860 non
2712 2820 2999 2875 possumus
3022 2800 3362 2880 pe‘reuntium
3391 2822 3551 2884 atque
3579 2831 3608 2871 a
3639 2817 3803 2875 nobis

2176 2936 2179 2939 ι
2214 2893 2593 2963 exigendam
2616 2896 2907 2954 discrimen
2935 2900 3255 2957 animarum.
3285 2903 3621 2977 Quapropter
3651 2924 3801 2964 com-

2217 2994 2402 3054 petens
2425 2987 2727 3045 adhibenda
2762 3000 2847 3046 est
2875 2992 3071 3048 talibus
3112 2996 3373 3052 medicina
3407 2998 3542 3071 [lege
3562 2998 3801 3076 medela]

2214 3080 2521 3137 vulneribus
2548 3122 2566 3149 ,
2595 3098 2665 3139 ne
2697 3085 2981 3141 immatura
3010 3089 3235 3143 curandi
3258 3090 3477 3145 facilitas
3510 3094 3801 3151 mortifera

541 3171 773 3228 vissimis
812 3173 1202 3242 objectionihus
1242 3176 1502 3245 impetivit
1521 3218 1539 3245 ,
1574 3178 1628 3233 in
1662 3182 1951 3249 apostolica
1987 3184 2113 3239 sede
2134 3169 2187 3232 Ε
2214 3175 2387 3244 captis
2414 3185 2565 3244 Deae
2591 3176 2727 3232 nihil
2749 3180 2941 3249 ρτοείι,
2984 3181 3080 3236 sed
3123 3183 3333 3252 segnius
3362 3182 3384 3215 ⁵
3412 3192 3581 3239 tracta
3607 3189 3799 3256 perni-

536 3264 827 3320 secundum
858 3278 1090 3319 canones
1116 3268 1443 3335 respondere
1470 3269 1749 3334 difﬁdens,
1784 3274 1991 3342 objecta
2022 3276 2108 3328 ﬁr-

540 3354 716 3407 masti.
747 3352 977 3407 Felicem
1008 3369 1218 3423 quoque
1247 3356 1582 3413 defensorem
1615 3360 1977 3418 ﬁdelissimum
2016 3380 2112 3419 no-

537 3441 641 3509 bis,
670 3443 985 3497 necessitate
1004 3443 1231 3501 faciente
1254 3447 1425 3502 serius
1447 3448 1807 3519 subsecutum,
1835 3453 2107 3525 indignum

539 3534 642 3587 tuis
673 3534 925 3588 ccnsuisti
965 3534 1151 3590 oculis.
1195 3536 1298 3593 Eos
1332 3553 1543 3611 quoque
1573 3549 1747 3597 tecum
1790 3543 1989 3600 litteris
2008 3548 2109 3613 tuis

536 3623 933 3680 communicare
974 3634 1195 3681 testatus
1242 3644 1332 3695 es,
1376 3645 1510 3699 quos
1555 3641 1761 3689 constat
1809 3634 2108 3693 haereticos.

537 3714 675 3783 Quid
703 3715 843 3771 enim
873 3726 996 3770 sunt
1022 3716 1185 3785 aliud,
1209 3720 1295 3788 qui
1321 3729 1440 3790 post
1461 3722 1662 3778 obitum
1689 3734 1888 3779 sanctae
1910 3741 2111 3781 memo-

538 3809 631 3863 rias
659 3808 924 3865 Timothei
956 3812 1022 3864 ad
1054 3812 1348 3868 Ecclesiam
1390 3816 1488 3870 sub
1532 3817 1688 3872 Petro
1726 3819 1983 3886 redeunt,
2028 3822 2111 3876 vel

537 3902 627 3972 qui
652 3916 710 3957 se
738 3917 803 3957 ex
834 3903 1108 3958 catholicis
1132 3904 1305 3960 eidem
1333 3906 1682 3975 tradiderunt,
1714 3911 1812 3966 uisi
1841 3912 1979 3982 quod
2014 3914 2111 3968 Pc-

536 4001 649 4052 trus
676 3995 742 4051 ab
772 3995 1019 4052 universa
1056 3998 1292 4054 Ecclesia
1317 4041 1330 4065 ,
1363 4010 1519 4070 atque
1557 4017 1586 4056 a
1629 4012 1680 4058 te
1709 4006 1876 4060 fuerat
1896 4006 2106 4077 judica~

536 4086 654 4141 tus?
687 4086 833 4142 Habe
861 4103 988 4159 ergo
1018 4104 1138 4143 cum
1168 4088 1277 4155 his,
1308 4106 1440 4160 quos
1478 4093 1700 4150 libenter
1729 4098 2064 4167 amplecteris
2091 4141 2104 4163 ,

535 4176 833 4245 portionem
872 4193 934 4230 ex
972 4179 1233 4232 sententia
1266 4182 1545 4249 praesenti,
1578 4198 1733 4251 quam
1764 4201 1857 4253 per
1885 4197 1986 4241 tum
2015 4188 2109 4242 tibi

534 4264 825 4321 direximus
858 4266 1110 4321 Ecclesia:
1143 4268 1477 4324 defensorem
1505 4288 1516 4323 :
1546 4274 1859 4331 sacerdotali
1884 4277 2108 4348 honore,

534 4366 588 4411 et
618 4358 995 4413 communione
1024 4360 1284 4415 catholica
1307 4406 1320 4429 ,
1355 4378 1451 4417 nec
1484 4379 1589 4418 non
1620 4368 1777 4422 etiam
1810 4385 1839 4422 a
1880 4371 2111 4427 ﬁdelium

2216 3269 2326 3324 cies
2348 3308 2363 3333 ,
2390 3279 2539 3326 reatu
2585 3286 2691 3331 non
2742 3274 2994 3344 legitimae
3012 3278 3305 3334 curationis
3330 3279 3565 3336 involvat
3590 3285 3798 3353 pariter

2214 3363 2423 3417 saucios
2452 3372 2507 3419 et
2544 3366 2842 3423 medentes.
3179 3395 3183 3400 “

2284 3453 2547 3523 Imprimis
2597 3458 2773 3529 itaque
2823 3461 3093 3518 venientis
3135 3464 3202 3518 ad
3240 3479 3338 3521 vos
3388 3474 3443 3521 et
3493 3470 3792 3527 remedium

2216 3546 2552 3616 postulantis,
2585 3551 2814 3608 sollicite
2838 3552 3168 3612 discutienda
3194 3565 3277 3613 est
3306 3558 3571 3626 professio
3588 3570 3647 3616 et
3665 3574 3797 3632 pcr-

2215 3654 2345 3693 sona
2388 3640 2627 3711 decepti,
2678 3652 2737 3698 ut
2765 3645 2975 3701 medela
3000 3648 3171 3716 possit
3194 3662 3495 3719 congruens
3524 3651 3793 3708 exhiberi.

2215 3732 2281 3787 Et
2302 3732 2390 3801 qui
2434 3732 2802 3791 satisfacturos
2832 3737 2944 3793 Deo
2966 3753 3063 3808 per
3092 3740 3461 3807 paenitentiam
3478 3781 3495 3809 ,
3522 3756 3580 3800 se
3600 3744 3797 3815 rebap-

2214 3824 2683 3895 tizatumlegitime
2704 3828 2962 3895 doluerit;
2994 3839 3171 3886 utruut
3200 3832 3265 3890 ad
3298 3832 3399 3889 hoc
3427 3834 3632 3892 facinus
3658 3850 3795 3893 con-

2214 3916 2441 3972 currerit
2476 3916 2606 3988 [lege
2634 3921 2951 3988 cucurrerit,
2974 3921 3052 3976 uel
3077 3922 3410 3995 occurrerit],
3437 3940 3508 3980 an
3535 3927 3796 3996 impulsus

2213 4009 2538 4076 accesserit,
2572 4011 2877 4080 requiratur
2906 4029 2921 4067 :
2954 4014 3133 4069 sciens
3160 4017 3298 4086 quod
3321 4033 3377 4072 se
3396 4018 3621 4089 decipiat
3647 4022 3754 4089 ipse
3775 4063 3792 4086 ,

2210 4100 2297 4166 qui
2342 4098 2477 4170 fallit
2520 4099 2577 4171 (I
2607 4100 2750 4156 Petr.
2793 4102 2847 4176 ν)
2872 4144 2889 4172 ,
2916 4104 3154 4176 nihilque
3182 4121 3277 4176 per
3300 4117 3535 4164 nostram
3568 4109 3793 4167 facilita-

2212 4198 2320 4246 tem
2353 4194 2628 4249 tribunalis
2659 4196 2857 4253 excelsi
2882 4198 3084 4266 judicio
3112 4199 3374 4270 derogari.
3403 4201 3489 4255 cui
3534 4202 3625 4256 illa
3668 4212 3793 4258 sunt

2213 4292 2323 4338 rata
2344 4284 2474 4357 [lege
2494 4283 2684 4355 recta],
2702 4302 2820 4357 qua:
2848 4290 2955 4358 pia,
2988 4306 3107 4360 quae
3136 4307 3285 4358 vera,
3316 4308 3434 4363 quae
3460 4294 3605 4363 justa
3628 4304 3785 4363 sunt;

2218 4386 2271 4432 et
2298 4377 2453 4432 aliter
2479 4380 2832 4446 necessitatis,
2858 4383 3015 4440 aliter
3036 4385 3310 4441 tractanda
3337 4392 3419 4441 est
3444 4386 3578 4440 ratio
3602 4386 3797 4442 volnus

536 4461 759 4500 numero
787 4456 1093 4517 segregatus
1114 4488 1129 4511 ,
1168 4450 1430 4505 sublatum
1475 4454 1567 4508 tibi
1611 4472 1805 4512 nomen
1836 4469 1889 4514 ct
1916 4476 2107 4518 munus
2132 4471 2184 4532 ι)
2210 4472 2354 4525 tatis.
2390 4471 2631 4528 Deterior
2654 4483 2739 4530 est
2756 4484 2934 4531 autem
2955 4491 3115 4533 causa
3146 4479 3311 4545 illius,
3341 4479 3431 4548 qui
3452 4478 3586 4534 forte
3614 4479 3794 4547 pretio

535 4535 817 4591 ministerii
844 4538 1186 4595 sacerdotalis
1216 4556 1472 4613 agnosce,
1512 4548 1679 4603 sancti
1710 4548 1936 4620 Spiritus
1964 4554 2106 4623 judi-

532 4626 618 4684 cio
644 4636 697 4682 et
721 4631 1008 4698 apostolica
1038 4632 1237 4704 [supple
1264 4651 1358 4705 per
1383 4638 1512 4709 nos]
1543 4642 1859 4698 anetoritate
1887 4645 2105 4702 damna-

532 4726 640 4787 tus,
668 4736 1039 4795 nunquamque
1064 4725 1196 4799 [lege
1226 4743 1324 4787 nec
1346 4730 1452 4798 jam
1476 4733 1728 4804 unquam]
1752 4735 2104 4799 anathemati:

535 4808 761 4866 vinculis
805 4815 1101 4871 eluendus.
1142 4818 1336 4875 Caelius
1382 4821 1529 4877 Felix
1577 4824 1856 4896 episcopus
1904 4839 2103 4887 sancta:

603 5022 641 5059 ιη
666 5013 793 5091 ﬂag:
818 5024 900 5091 est
929 5018 1017 5091 illa
1052 5020 1303 5089 synodica
1331 5036 1453 5091 quae
1495 5039 1562 5079 ex
1591 5028 1817 5085 concilio
1852 5030 2092 5086 Romano

526 5098 597 5172 ut
613 5087 714 5172 sub
743 5087 920 5172 gelice
940 5087 1114 5172 missa_
1129 5098 1210 5172 est
1234 5091 1300 5147 ad
1326 5087 1606 5172 universos
1626 5099 1927 5168 episcopos,
1951 5116 2094 5172 quat-

525 5169 635 5233 qu_e
655 5156 1053 5233 diutiusﬁotuaa
1082 5159 1319 5233 detenta,
1342 5156 1772 5233 consignata'est
1809 5156 1933 5225 nota
1964 5156 2093 5226 con-

526 5224 695 5281 sulari
743 5229 868 5285 anni
914 5228 1042 5296 488,
1088 5245 1194 5298 quo
1245 5224 1313 5286 inv
1352 5224 1582 5290 Africam
1619 5224 1931 5296 transmissa
1967 5224 2087 5297 fuit.

606 5389 621 5419 ¹
659 5389 1071 5465 ΤίιιιιῇΑνθῑετθθ
1119 5393 1275 5462 hujus
1322 5397 1561 5465 epistola:
1608 5414 1674 5455 ex
1725 5410 1919 5459 vetust.
1979 5403 2101 5460 cod.

527 5458 725 5541 Lucen.
760 5461 863 5517 490
894 5480 905 5514 :
939 5476 1002 5516 ex
1033 5458 1256 5533 epistola
1298 5458 1490 5523 Felicis
1516 5483 1665 5541 papa:
1694 5473 1761 5527 ad
1791 5458 2102 5529 SiCilienses

528 5545 827 5603 episc0pos.

600 5603 622 5687 ξ
661 5599 716 5687 in
739 5602 1116 5687 cod._.l_u_stelli,
1148 5607 1511 5687 per_Sicilianz.
1547 5682 1576 5687 _
1674 5684 1685 5687 Α
1838 5666 1845 5667 ,

603 5671 622 5751 ξ
664 5671 788 5751 [λψρ.
820 5673 965 5729 addit
996 5671 1433 5751 Felix'episcopus
1456 5682 1509 5735 in
1538 5682 1754 5741 Domino
1786 5686 2023 5747 salutem.

602 5742 623 5776 ⁴
666 5742 904 5809 Dionys..
936 5750 1175 5807 tractata."
1199 5742 1464 5831 iisunum.
1902 5790 1907 5791 ί

2211 4563 2533 4623 sollicitatus
2559 4576 2641 4623 est
2667 4576 2725 4624 ut
2749 4570 2969 4638 periret.
3005 4571 3143 4628 Nihil
3167 4573 3310 4628 enim
3356 4573 3677 4627 intentatum
3700 4589 3797 4629 re-

2214 4654 2402 4727 linquit
2432 4658 2677 4715 inimicus
2697 4700 2711 4727 ,
2741 4661 2827 4716 cui
2849 4678 2917 4718 ne
2945 4664 3011 4719 de
3034 4678 3125 4719 sua
3152 4664 3310 4720 liccat
3331 4664 3566 4734 gaudere
3600 4674 3791 4735 captu-

2209 4762 2306 4811 ra,
2357 4752 2771 4807 succurrendum
2826 4764 2909 4810 est
2960 4755 3212 4822 irretitis;
3273 4763 3327 4811 et
3378 4755 3787 4812 contendendus

2210 4834 2343 4908 llege
2375 4841 2733 4897 conterendus
2767 4843 2870 4916 est]
2900 4847 3143 4902 venantis
3168 4846 3425 4916 laqueus,
3446 4847 3466 4877 ⁵
3495 4845 3790 4903 infucatum

2200 5034 2724 5119 Lec.tajin_consessn
2751 5044 2989 5119 Patrum,
3010 5040 3295 5119 sententia
3336 5048 3653 5119 eorumdem
3680 5064 3778 5119 ap-

2203 5108 2423 5176 probata
2439 5110 2575 5189 fuit:
2595 5128 2731 5189 quas
2753 5108 3158 5189 constitutiones
3180 5117 3469 5189 synodales
3491 5108 3791 5185 contineat,

2203 5181 2509 5235 summatim
2535 5181 2668 5236 infra
2694 5184 2745 5238 in
2764 5184 2904 5241 notis
2926 5181 3249 5260 prasallega'ti
3270 5188 3487 5244 concilii
3512 5181 3791 5246 recensui;

2284 5407 2305 5438 ⁵
2342 5406 2475 5482 Cod.
2521 5405 2646 5461 Luc.
2696 5407 2770 5462 sic
2796 5409 2912 5482 ista
2935 5410 3104 5482 legit:
3145 5422 3193 5467 et
3235 5413 3573 5467 conterenda“
3610 5422 3682 5470 est
3710 5430 3783 5469 ve-

2209 5480 2379 5554 nantis
2410 5478 2639 5545 laqueus,
2688 5488 2742 5531 ut
2788 5478 3073 5554 infucatum
3102 5481 3550 5554 lamentationibus
3586 5484 3788 5554 lapsum

2206 5547 2403 5623 (prima
2446 5560 2640 5623 naeuus
2678 5547 3236 5623 posueratjlaqueum,
3278 5553 3375 5609 sed
3421 5554 3590 5608 altera
3634 5547 3788 5623 atque

2206 5616 2701 5703 antiquaemendat
2736 5618 2971 5703 lapsum)
3023 5616 3126 5675 tam
3151 5624 3371 5703 justitiae
3414 5616 3785 5692 moderatione,

2204 5695 2335 5751 etc,
2364 5687 2433 5743 ad
2455 5687 2659 5745 caulam
2686 5687 2841 5769 quam
2865 5687 3166 5763 reliquerat,
3190 5700 3293 5757 etc.
3767 5687 3779 5692 ⁷
3830 5718 3835 5723 ·
