4096 6342
348 311 462 389 res

1537 310 1890 369 EPISTOLAE
1931 316 2020 370 ET
2062 316 2395 379 DECRETA.

346 423 755 481 Ianteutantibus
782 432 885 479 tam
924 424 1142 494 iustitiae
1182 424 1543 480 moderatione
1572 441 1733 495 quam
1767 443 1918 484 com-
1945 440 1990 494 Α
2021 434 2229 490 dientes
2256 439 2396 504 sint;
2443 448 2644 510 septem
2690 452 2867 499 autem
2908 446 3061 502 annis
3091 450 3404 521 subiaceant
3444 452 3586 511 inter

346 516 628 588 puuctione
648 516 857 585 pietatis
873 517 973 573 ad‘
1000 517 1177 573 aulam
1194 531 1353 585 quam
1372 516 1699 587 reliquerant
1726 520 1797 574 sit
1824 535 1914 575 re-

342 625 581 683 gressus.
612 609 722 669 Nec
748 610 945 680 pudeat
988 610 1212 668 forsitan
1265 620 1357 666 aut
1393 612 1567 682 pigeat
1605 613 1821 669 indictis
1846 614 1920 682 ie

343 702 604 773 iuniorum
633 702 1037 772 gemituumque
1058 702 1389 773 temporibus
1420 702 1658 769 obedire,
1686 712 1778 757 aut
1800 703 1918 757 aliis

344 795 692 853 observantia
719 795 1028 853 salubrioris
1046 796 1418 859 obtemperare
1437 797 1727 866 praeceptis
1749 812 1763 849 :
1791 798 1915 867 quia

347 888 635 945 humilibus
661 888 817 943 datur
837 890 1033 959 gratia,
1064 902 1167 941 non
1191 889 1451 957 superbis.
1477 888 1559 943 Sit
1584 902 1713 958 ergo
1745 890 1914 943 ruinae

310 982 315 987 ’
342 996 455 1037 suae
475 979 661 1045 dolore
680 987 979 1049 prostratus
1001 980 1242 1049 quisquis
1268 980 1318 1033 in
1346 980 1560 1035 Christo
1583 980 1697 1034 fieri
1722 982 1917 1050 quierit

344 1082 554 1131 erectus
580 1113 594 1139 ,
631 1081 685 1127 et
703 1086 802 1142 per
841 1074 860 1102 '
893 1071 1259 1142 dispositionis
1288 1080 1483 1126 nostra:
1513 1071 1868 1127 ministerium
1897 1113 1912 1137 ,

343 1167 486 1239 quod
514 1174 745 1223 vestram
784 1165 935 1234 sequi
974 1165 1225 1219 convenit
1261 1165 1535 1219 caritatem
1558 1204 1571 1228 ,
1615 1178 1715 1218 nec
1756 1163 1915 1219 alicui

346 1260 427 1318 fas
464 1270 549 1316 est
573 1258 713 1317 velle
742 1258 825 1314 vel
851 1271 1007 1326 posse
1046 1258 1419 1313 transcendere
1449 1272 1634 1313 causas
1662 1258 1798 1326 eius,
1826 1257 1917 1327 qui

344 1360 528 1411 contra
580 1350 927 1420 apostolicam
974 1349 1267 1404 doctrinam
1296 1390 1312 1417 ,
1365 1349 1433 1403 ad
1478 1348 1812 1403 iterationem
1856 1361 1917 1401 se

342 1443 675 1514 baptismatis
721 1441 879 1497 nimis
930 1440 1214 1496 infaustam
1266 1440 1504 1505 dedidit;
1538 1442 1623 1495 vel
1681 1440 1795 1509 eius
1824 1439 1915 1508 qui

343 1534 611 1605 aliquibus
649 1532 979 1603 argumentis
1013 1532 1373 1589 excusandum
1424 1532 1616 1587 callide
1637 1531 1913 1600 p.0prium

345 1624 609 1696 putaverit
634 1637 753 1680 esse
775 1637 1124 1691 consensum,
1158 1624 1475 1679 sacerdotali
1508 1624 1707 1693 vigore,
1738 1631 1791 1677 et
1815 1622 1916 1675 ltu—

345 1719 600 1774 Itanitate
632 1724 938 1781 tractemus,
964 1724 1020 1769 ut
1048 1716 1101 1770 in
1130 1718 1209 1770 eis
1240 1715 1389 1779 fides,
1420 1730 1538 1784 qua:
1564 1716 1663 1769 nisi
1685 1724 1769 1770 est
1785 1730 1909 1781 una,

346 1810 455 1879 iam
490 1810 632 1867 nulla
662 1820 776 1877 est,
805 1813 1070 1882 adiutorio
1101 1814 1307 1867 Domini
1342 1814 1566 1882 iudicis,
1591 1813 1657 1866 ad
1686 1812 1913 1867 salutem

344 1901 460 1958 sine
485 1912 681 1958 nostra
709 1902 730 1935 ³
760 1905 1089 1973 operationis
1112 1903 1407 1960 offensione
1436 1914 1714 1974 reparetur
1748 1922 1758 1955 :
1792 1905 1914 1975 quia

345 2006 466 2047 cum
501 1994 795 2061 peccatoris
835 2010 863 2047 a
896 1995 1050 2051 nobis
1076 1995 1371 2051 satisfactio
1408 1996 1735 2065 protrahitur
1759 2037 1772 2059 ,
1807 2009 1913 2049 non

347 2093 543 2153 praeter
588 2085 797 2140 laudem
840 2097 1074 2141 nostram
1104 2096 1265 2157 atque
1309 2087 1545 2141 laetitiam
1574 2127 1588 2151 ,
1620 2100 1773 2140 mens
1802 2085 1916 2153 eius

345 2175 410 2230 ad
436 2177 643 2231 veniam
673 2178 943 2248 purgatior
974 2179 1267 2234 invenitur.
1301 2179 1365 2233 Et
1385 2178 1506 2233 ideo
1530 2175 1913 2242 memineritis,

346 2266 482 2322 hanc
506 2282 666 2337 super
693 2267 777 2325 bis
822 2283 918 2324 nos
949 2271 1145 2326 habere
1196 2271 1516 2327 sententiam
1545 2312 1558 2333 ,
1606 2280 1665 2323 ut
1704 2277 1913 2325 servata

347 2358 663 2413 discretione
685 2360 1016 2427 peccantium
1046 2402 1061 2426 ,
1094 2374 1197 2415 non
1227 2361 1413 2416 eadem
1439 2360 1616 2415 cuncti
1638 2362 1726 2429 qui
1778 2361 1914 2431 lapsi

344 2457 491 2514 sunt,
515 2449 664 2505 lance
691 2462 1006 2520 pensentur:
1036 2455 1286 2525 quoniam
1310 2454 1525 2523 maioris
1548 2457 1915 2524 casdgationis

349 2539 372 2571 ’⁵
402 2538 693 2609 exigendus
742 2551 823 2597 est
865 2558 1022 2598 usura
1065 2544 1318 2615 [usuras],
1347 2545 1431 2599 cui
1480 2544 1671 2599 domus
1711 2547 1916 2601 Domini

348 2631 636 2685 commissa
668 2630 826 2686 fuerit
852 2632 1148 2703 disciplina.
1784 2682 1785 2687 η

419 2721 482 2783 Ut
503 2736 631 2792 ergo
660 2722 726 2777 ab
750 2723 1005 2780 Ecclesiae
1033 2726 1426 2781 summitatibus
1456 2726 1791 2793 inchoemus,
1820 2743 1915 2783 eos

345 2825 478 2881 quos
498 2812 801 2883 episcopos,
834 2815 1197 2886 presbyteros,
1221 2818 1308 2871 vel
1330 2817 1586 2872 diaconos
1608 2817 1770 2872 fuisse
1791 2833 1917 2874 con-

344 2902 566 2970 stiterit,
595 2914 649 2958 et
678 2917 771 2957 seu
803 2913 1049 2973 optantes
1080 2906 1325 2973 forsitan,
1356 2923 1449 2962 seu
1472 2918 1684 2963 coactos
1720 2910 1915 2964 lavacri

344 2990 487 3046 illius
509 2993 648 3048 unici
675 2994 1030 3064 saiutarisque
1056 2997 1310 3055 claruerit
1340 3000 1530 3055 fecisse
1552 3000 1833 3069 iacturam,
1863 3010 1918 3054 et

342 3084 639 3152 Christum,
665 3102 825 3157 quem
854 3104 961 3147 non
987 3091 1161 3147 solum
1186 3094 1329 3147 dono
1356 3095 1792 3163 regenerationis,
1825 3112 1914 3150 vc-

2019 526 2334 595 pmnitentes
2362 532 2601 589 manibus
2627 537 2983 607 sacerdotum,
3030 540 3237 597 duobus
3274 554 3454 601 autem
3482 561 3583 613 an-

2018 617 2101 671 nis
2131 617 2428 675 oblationes
2456 624 2627 679 modis
2656 629 2901 686 omnibus
2933 647 3039 687 non
3081 633 3323 690 sinantur
3368 638 3583 706 offerre,

2018 708 2110 763 sed
2144 714 2507 769 tantummodo
2538 716 2557 747 τ
2590 719 2932 800 smcuiaribus
2958 723 3111 795 [Lege
3141 714 3585 800 popularibusiin
3614 708 3629 721 κ

2018 803 2255 857 oratione
2282 804 2570 860 socientur.
2600 808 2705 862 Nec
2731 812 3083 869 confundatur
3116 816 3225 871 Deo
3250 818 3406 873 'colla
3453 820 3583 877 sub-

2018 892 2248 958 mittere,
2288 895 2380 963 qui
2425 910 2529 949 non
2554 911 2671 950 eum
2699 899 2873 954 timuit
2898 902 3179 972 abnegare.
3229 906 3381 973 Quod
3421 909 3487 979 si,
3530 916 3588 965 ut

1984 980 2141 1051 ‘pote
2166 985 2442 1052 mortales,
2491 986 2627 1040 intra
2660 997 2829 1044 metas
2872 993 3169 1064 praescripti
3200 998 3456 1065 temporis
3479 1012 3589 1071 cte-

2019 1078 2157 1145 pcrit
2183 1080 2306 1132 vita:
2334 1078 2452 1132 linis
2477 1096 2692 1151 urgere,
2716 1086 3134 1141 subveniendum
3165 1090 3586 1161 estimploranti,
3622 1080 3632 1119 ί

2018 1176 2071 1223 et
2099 1184 2191 1223 seu
2226 1170 2291 1224 ab
2320 1172 2571 1239 episcopo
2592 1174 2679 1241 qui
2716 1176 3075 1243 pmnitentiam
3107 1179 3347 1248 dederit,
3399 1198 3494 1239 seu
3522 1185 3589 1238 ab

2018 1260 2138 1321 alio,
2170 1261 2257 1327 qui
2283 1271 2457 1315 tamen
2488 1263 2663 1316 datam
2688 1280 2806 1319 esse
2844 1268 3182 1337 probaverit,
3220 1282 3311 1327 aut
3346 1273 3589 1329 similiter

2018 1368 2048 1405 a
2087 1353 2399 1424 presbytero
2447 1356 2697 1410 viaticum
2744 1357 2957 1413 abeunti
3008 1363 3072 1415 de
3111 1362 3311 1419 saeculo
3358 1378 3464 1420 non
3497 1380 3591 1423 ne-

2018 1453 2188 1513 getur.

2087 1538 2265 1594 Pueris
2294 1550 2467 1595 autem
2499 1542 2687 1611 quibus
2710 1546 2848 1613 quod
2880 1544 3089 1600 adhuc8
3113 1546 3411 1617 impuberes
3437 1549 3590 1621 [Lege

2020 1626 2328 1697 imberbes],
2360 1644 2388 1681 a
2420 1630 2698 1697 pubertate
2727 1632 3045 1688 vocabulum
3088 1644 3187 1701 est,
3236 1651 3331 1692 seu
3357 1637 3587 1704 clericis,

2018 1719 2131 1773 sive
2159 1720 2327 1783 laicis,
2352 1731 2441 1775 aut
2471 1723 2630 1775 etiam
2664 1724 2927 1780 Similibus
2954 1727 3141 1794 puellis
3161 1772 3175 1795 ,
3213 1729 3405 1798 quibus
3435 1731 3588 1799 igno-

1945 1794 1992 1855 Β
2021 1812 2187 1864 rantia
2214 1811 2530 1881 sumagatur
2555 1814 2745 1880 aetatis,
2792 1815 3100 1885 aliquandiu
3138 1794 3244 1872 sub
3283 1794 3592 1875 manusim-

2019 1900 2282 1969 positionc
2334 1900 2594 1967 detentis,
2646 1902 2918 1958 reddenda
2966 1907 3271 1963 communio
3320 1919 3438 1973 est;
3497 1924 3594 1966 nec
3652 1918 3659 1923 '

2018 2004 2203 2044 eorum
2233 1993 2588 2058 exspectanda
2623 1994 2931 2061 poenitentia
2964 2012 3096 2066 quos
3136 1999 3331 2069 excipit
3372 2015 3399 2054 a
3435 2014 3592 2055 coer-

2019 2081 2214 2133 citione
2240 2095 2482 2135 censura.
2519 2081 2667 2146 Quod
2706 2093 2783 2137 est
2816 2099 2844 2136 a
2885 2085 3036 2139 nobis
3078 2088 3293 2153 provide
3337 2090 3592 2144 constitu-

2019 2179 2151 2235 tum,
2183 2186 2250 2225 ne
2280 2170 2329 2223 hi
2358 2171 2547 2239 quibus
2594 2172 2644 2223 in
2691 2174 2884 2226 terreni
2922 2174 3041 2229 labe
3083 2178 3310 2246 contagii
3349 2178 3462 2247 plus
3491 2181 3589 2234 mi-

2018 2274 2184 2314 nusve
2216 2268 2377 2313 restat
2401 2259 2464 2313 ad
2495 2260 2676 2326 vitam,
2704 2261 2824 2314 dum
2850 2262 3085 2318 adhucin
3112 2266 3416 2333 poenitentia
3439 2276 3582 2333 sunt,

2017 2350 2316 2419 pmnitenda
2347 2354 2367 2383 ν
2393 2351 2723 2405 committant
2755 2350 2973 2423 [Supple
3005 2353 3179 2427 forte].
3212 2356 3359 2420 Quod
3387 2356 3429 2410 si
3464 2365 3587 2412 ante

2023 2440 2337 2509 prtefinitum
2396 2443 2718 2509 pmnitentire
2765 2453 2971 2513 tempus
3002 2446 3044 2476 ¹⁰
3088 2448 3394 2516 desperatus
3442 2448 3595 2520 [Lege

2025 2532 2329 2602 despectus]
2357 2546 2381 2584 a
2406 2533 2647 2601 medicis,
2690 2545 2779 2587 ant
2802 2537 3133 2592 evidentibus
3168 2542 3351 2595 mortis
3380 2556 3595 2609 pressus

2021 2622 2250 2689 indiciis,
2291 2635 2506 2694 recepta
2531 2627 2806 2695 quisquam
2835 2632 3227 2686 communionis
3257 2634 3424 2702 gratia
3467 2646 3595 2690 con-

2020 2717 2270 2781 valescit;
2299 2704 2574 2771 servemus
2602 2718 2654 2771 in
2685 2734 2749 2773 eo
2778 2720 2919 2788 quod
2958 2720 3157 2777 Nicmni
3183 2728 3417 2779 canones
3444 2725 3590 2781 ordi-

2023 2820 2285 2865 naverunt
2306 2853 2320 2877 ,
2355 2822 2409 2865 ut
2439 2812 2699 2869 habeatur
2728 2814 2866 2868 inter
2894 2830 2987 2871 eos
3013 2818 3098 2885 qui
3128 2818 3179 2871 in
3211 2814 3451 2875 oratione
3482 2822 3593 2876 sola

2020 2894 2432 2967 communicant,
2462 2904 2632 2958 donec
2656 2905 2937 2973 impleatur
2963 2910 3188 2976 spatium
3223 2912 3479 2979 temporis
3509 2914 3593 2969 ei-

2020 2992 2139 3046 dem
2190 2993 2566 3061 prmstitutum.
2613 2994 2722 3049 Nec
2767 2996 3182 3053 catechumenos
3222 3011 3457 3069 nostros,
3504 3003 3594 3066 qui

2020 3083 2120 3136 sub
2147 3083 2235 3135 tali
2262 3083 2594 3151 professione
2621 3086 2872 3154 baptizati
2909 3097 3055 3154 sunt,
3102 3093 3594 3161 praetermittimus:

342 3189 463 3229 rum
494 3176 655 3230 etiam
686 3179 854 3246 gratia
886 3185 1123 3249 percepti
1152 3182 1373 3237 honoris
1401 3183 1702 3253 induerant,
1739 3187 1917 3241 exuis-

2026 3175 2147 3241 quia
2181 3188 2283 3227 non
2311 3184 2391 3229 est
2426 3188 2584 3229 causa
2614 3176 2890 3232 dissimilis
2928 3158 3281 3247 (sicutiidem
3309 3184 3478 3238 sancti
3518 3200 3594 3239 ca-

339 3276 429 3328 se,
462 3278 582 3317 cum
612 3275 816 3320 constet
851 3269 1118 3324 neminem
1163 3271 1228 3325 ad
1268 3272 1558 3327 secundam
1606 3273 1918 3329 tinetionem

341 3352 532 3408 venire
554 3356 810 3431 potuisse,
832 3352 931 3411 nisi
958 3372 1015 3412 se
1043 3360 1213 3427 palam
1238 3360 1597 3416 Christianum
1625 3366 1914 3431 negaverit,

343 3450 400 3499 et
428 3428 702 3512 professus
724 3445 883 3501 hiet-it
907 3461 965 3501 se
994 3462 1115 3504 esse
1138 3465 1424 3521 paganum.
1465 3452 1616 3518 Quod
1662 3428 1781 3507 cum
1825 3470 1917 3524 εει

346 3532 599 3588 neraliter
625 3535 693 3587 sit
720 3535 771 3589 in
803 3538 1052 3597 omnibus
1096 3542 1501 3609 exsecrandum,
1547 3545 1711 3599 multo
1751 3546 1919 3617 magis

347 3628 400 3681 in
430 3628 718 3695 episcopis,
755 3631 1101 3700 presbyteris,
1148 3634 1460 3690 diaconibus
1496 3637 1674 3690 auditu
1722 3640 1910 3693 saltem

347 3721 599 3788 dictuque
628 3720 882 3788 probatur
910 3723 1253 3779 horrendum.
1281 3727 1384 3783 Sed
1412 3729 1533 3798 quia
1573 3729 1709 3783 idem
1738 3730 1917 3783 Domi-

349 3824 447 3865 nus
472 3817 629 3879 atque
652 3811 895 3866 Salvator
918 3814 1364 3870 clementissimus
1415 3827 1515 3879 est,
1559 3828 1613 3872 et
1655 3820 1917 3897 neminem

348 3902 461 3955 vult
488 3901 686 3970 perire,
712 3916 881 3972 usque
912 3905 975 3957 ad
1005 3905 1179 3958 exitus
1208 3908 1288 3959 sui
1324 3908 1487 3971 diem,
1524 3910 1574 3963 in
1608 3911 1917 3978 poenitentia

348 3993 412 4063 (si
445 3993 781 4063 resipiscunt)
823 3994 1006 4063 iacere
1046 3997 1358 4061 conveniet;
1408 4012 1504 4053 nec
1540 4001 1770 4055 orationi
1814 4018 1917 4057 non

347 4082 508 4141 modo
539 4083 798 4150 fidelium,
827 4085 924 4141 sed
955 4101 1023 4140 ne
1064 4088 1569 4143 eatecbumenornm
1600 4092 1919 4146 omnimodis

348 4173 624 4237 interesse,
653 4176 845 4243 quibus
870 4178 1174 4232 communio
1202 4180 1222 4209 ⁸
1252 4179 1385 4234 laica
1423 4190 1622 4235 tantum
1670 4182 1721 4235 in
1749 4193 1919 4241 morte

353 4264 374 4293 °
408 4264 673 4320 reddenda
702 4276 803 4322 est.
835 4268 1001 4333 Quam
1030 4285 1143 4325 rem
1176 4270 1479 4342 diligentius
1508 4274 1785 4343 explorare
1833 4277 1916 4331 vel

344 4352 523 4411 facere
552 4358 911 4426 probatissimi
939 4360 1231 4417 sacerdotis
1261 4377 1388 4417 cura
1413 4364 1645 4419 debebit.

416 4444 720 4502 Declerieis
747 4457 925 4505 autem
974 4460 1030 4505 et
1076 4454 1370 4519 monachis,
1432 4464 1523 4508 aut
1577 4456 1766 4525 puellis
1798 4457 1910 4521 Dei,

344 4541 436 4587 aut
461 4536 841 4603 saecularibus,
891 4541 1096 4607 servari
1135 4544 1472 4612 praecipimus
1500 4545 1639 4600 hunc
1671 4554 1911 4602 tenorem
1939 4519 1989 4578 ι)

347 4635 511 4689 quem
533 4621 746 4677 Nicmna
776 4627 1010 4694 synodus
1048 4630 1188 4686 circa
1217 4646 1312 4688 eos
1362 4634 1450 4701 qui
1504 4636 1635 4703 lapsi
1674 4644 1799 4691 sunt
1834 4636 1917 4691 vel

344 4711 548 4769 fuerint
586 4714 907 4769 servandum
952 4731 1076 4773 esse
1103 4722 1413 4785 constituit;
1480 4733 1535 4776 ut
1581 4726 1785 4781 scilicet
1828 4729 1918 4796 qui

347 4800 491 4855 nulla
521 4801 862 4870 necessitate,
892 4805 1088 4859 nullius
1112 4808 1190 4862 rei
1217 4809 1405 4863 timore
1436 4820 1528 4864 aut
1554 4814 1811 4882 periculo,
1858 4832 1917 4871 se

346 4898 406 4945 ut
431 4890 829 4960 rebaptizentur
848 4890 1116 4951 haereticis
1156 4895 1316 4965 impie
1352 4897 1707 4967 dediderunt;
1747 4904 1795 4957 si
1834 4912 1914 4958 ta-

347 4994 473 5043 men
495 4995 589 5039 eos
612 4997 683 5043 ex
712 4984 874 5041 corde
918 4986 1195 5056 praeniteat,
1244 4988 1412 5045 tribus
1457 4994 1608 5048 amis
1648 4993 1786 5048 inter
1824 5010 1917 5049 au-

423 5222 439 5254 ¹
476 5221 634 5278 Forte
662 5236 881 5278 cautam.
911 5226 1169 5284 Hannunv.

422 5292 447 5367 ξ
477 5291 718 5367 Dionys,
743 5293 1149 5364 dispensationis.
1177 5298 1347 5355 Hann.
1364 5300 1519 5355 —ita
1541 5311 1594 5358 et
1616 5300 1746 5359 Cod.
1769 5304 1899 5362 Luc.

420 5358 445 5431 ξ
475 5358 786 5431 Cod.'Luc.,
821 5358 1208 5431 properationis.

422 5427 444 5460 ⁸
476 5430 624 5511 ltaet
647 5427 945 5513 eod.L'uc.';
991 5437 1082 5489 sed
1132 5441 1343 5513 antiqua
1387 5457 1573 5499 manus
1610 5444 1896 5505 emendat:

264 5522 267 5527 ί
346 5507 420 5552 est
456 5503 700 5569 exigenda
724 5516 903 5555 usura.

256 5584 267 5678 ἐ

422 5569 445 5599 ⁸
471 5570 603 5623 Cod.
630 5570 780 5635 Luc.,
814 5572 951 5625 laici.

421 5638 443 5675 ⁵
474 5637 614 5695 Idem
642 5640 780 5703 c0d.,
816 5640 1143 5693 redhibeuaa.

423 5710 442 5751 ν
478 5707 618 5772 idem
649 5709 790 5777 cod.,
822 5711 1164 5787 popularibus.

2026 3279 2192 3318 nones
2221 3264 2646 3336 ordinaverunt)
2690 3267 2808 3336 eius
2844 3269 2936 3338 qui
2977 3270 3215 3339 quolibet
3256 3273 3413 3328 modo
3442 3276 3595 3330 Chri-

2028 3363 2189 3419 stum,
2218 3369 2373 3421 quem
2403 3355 2569 3411 semel
2602 3356 2902 3424 confessus,
2930 3357 3218 3429 abiurarit;
3249 3362 3417 3417 tribus
3443 3362 3595 3419 mnis

2028 3443 2167 3498 inter
2194 3443 2469 3497 audientes
2497 3443 2622 3510 sint,
2656 3454 2709 3498 et
2738 3454 2921 3515 postea
2957 3462 3076 3502 cum
3114 3448 3513 3507 catechumenis
3545 3453 3586 3482 ¹¹

2027 3552 2121 3606 per
2176 3551 2362 3590 manus
2430 3536 2823 3605 impositionetn
2856 3539 3264 3595 communionis
3318 3542 3593 3597 catholica:

2025 3627 2247 3697 gratiam
2282 3630 2605 3696 percepturi,
2657 3630 2896 3699 exceptis
2933 3644 3061 3685 sane
3093 3633 3457 3688 tantummodo
3482 3633 3595 3701 epio

2027 3718 2218 3786 scopis,
2248 3718 2574 3787 presbyteris
2613 3728 2664 3771 et
2707 3718 3041 3790 diaconibus,
3073 3736 3204 3790 quos
3247 3724 3363 3777 solo
3410 3725 3595 3780 mortis

2022 3823 2130 3862 suat
2164 3819 2399 3875 tempore
2427 3808 2848 3861 reconciliandos
2877 3824 2995 3863 esse
3038 3810 3147 3876 iam
3194 3811 3445 3865 diximus.
3481 3812 3593 3867 Cre-

2025 3912 2187 3965 teros,
2212 3904 2260 3956 id
2292 3911 2393 3965 est,
2420 3918 2511 3958 seu
2538 3903 2789 3967 clericos,
2816 3904 2930 3959 sive
2954 3905 3264 3969 monachos,
3295 3920 3389 3960 seu
3408 3905 3591 3972 laicos,

2025 3994 2300 4063 utriusque
2325 4006 2484 4049 sexus
2508 4009 2782 4062 personas,
2806 4008 2939 4063 quos
2963 3996 3004 4026 ¹¹
3037 3995 3301 4049 violentiae
3340 3997 3592 4064 periculis

2024 4095 2237 4141 coactos
2274 4087 2607 4141 iterationem
2648 4088 2982 4155 baptismatis
3012 4086 3238 4143 subiisse
3266 4090 3588 4160 constiterit,

2022 4178 2105 4232 vel
2147 4178 2232 4245 qui
2280 4177 2455 4246 aliquo
2493 4185 2815 4241 commento.
2846 4175 2888 4207 "
2921 4176 3073 4245 cuius
3101 4165 3161 4233 se
3198 4178 3447 4234 facinoris
3478 4182 3591 4249 pia-

2021 4273 2142 4328 culo
2168 4272 2397 4327 dixerint
2428 4285 2531 4328 non
2562 4270 2755 4337 teneri,
2786 4270 2870 4327 bis
2908 4270 3275 4339 ptenitentiam
3307 4286 3401 4340 per
3431 4274 3590 4329 trien-

2023 4362 2167 4417 nium
2188 4364 2381 4418 durare
2401 4363 2760 4428 decrevimus,
2791 4370 2844 4416 et
2874 4376 2968 4431 per
2988 4376 3175 4416 manus
3202 4362 3591 4431 impositiouem

2020 4456 2085 4513 ad
2113 4457 2419 4510 societatem
2449 4456 2612 4526 recipi
2642 4468 2735 4510 eos
2756 4455 3093 4513 sacramenti.

2098 4547 2190 4604 illo
2218 4564 2311 4617 per
2338 4549 2513 4604 omnia
2543 4549 2832 4613 custodito,
2857 4562 2924 4602 ne
2960 4561 3029 4602 ex
3060 4547 3139 4601 eis
3167 4561 3397 4616 unquam
3421 4547 3511 4617 qui
3540 4548 3592 4603 in

2024 4643 2262 4711 qualibet
2293 4650 2451 4695 aetate
2490 4640 2615 4694 alibi
2645 4655 2803 4710 quam
2845 4641 2897 4692 in
2928 4638 3165 4693 Ecclesia
3202 4639 3461 4693 catholica
3505 4650 3591 4695 aut

2022 4732 2296 4801 baptizati,
2321 4740 2408 4785 aut
2440 4731 2747 4785 rebaoti2ati
2776 4738 2919 4795 sunt,
2953 4728 3017 4783 ad
3047 4729 3458 4785 ecclesiasticam
3490 4731 3591 4785 mi-

2021 4820 2185 4875 litiam
2220 4833 2438 4890 prorsus
2482 4834 2587 4874 non
2632 4820 3005 4887 permittantur
3056 4820 3336 4876 accedere.
3387 4821 3590 4886 Quibus

2019 4911 2149 4964 satis
2178 4924 2299 4965 esse
2325 4909 2519 4963 debeat
2546 4909 2686 4977 quod
2709 4910 2759 4963 in
2780 4909 3163 4963 catholicorum
3201 4922 3426 4963 numero
3455 4917 3582 4962 sunt

2020 5000 2222 5068 recepti
2254 4999 2540 5068 :quoniam
2567 4999 2634 5053 de
2662 5013 2759 5055 suo
2788 4999 2975 5056 ordine
3002 5008 3054 5057 et
3100 4999 3470 5054 communione
3498 4998 3583 5052 vi-

2082 5240 2103 5271 ⁸
2141 5240 2285 5295 idem
2312 5240 2453 5303 cod.,
2486 5242 2746 5298 imberbes.

2083 5312 2102 5380 τέ
2142 5310 2288 5380 Idem
2318 5312 2438 5366 cod.
2470 5313 2613 5365 addit
2644 5316 2795 5380 forte.

2086 5379 2128 5408 ¹⁰
2167 5379 2309 5435 Idem
2337 5381 2481 5444 cod.,
2506 5384 2791 5449 despectus.

2086 5450 2122 5478 “
2164 5448 2288 5503 Post
2321 5448 2682 5505 calce/iumenta
2712 5454 2789 5506 sic
2822 5452 2948 5521 legit
2968 5452 3089 5507 cod.
3124 5449 3379 5509 lucensis
3412 5471 3423 5504 :
3466 5469 3580 5520 per-

2011 5519 2275 5592 mittuntur
2306 5537 2452 5573 orare
2481 5536 2567 5587 per
2596 5539 2775 5575 "ianus
2800 5519 3173 5592 mpositionem
3210 5524 3579 5579 communionis

2012 5590 2227 5659 gratiam
2248 5592 2550 5659 percepturi.

2083 5658 2124 5731 Ϊξ
2162 5658 2292 5731 Cod.
2325 5658 2474 5725 ιω,
2508 5663 2741 5716 violentia
2768 5672 2813 5717 et
2842 5663 3097 5731 periculis.

2085 5727 2126 5758 ¹³
2168 5726 2309 5793 Idem
2335 5731 2475 5797 cod.,
2506 5734 2674 5800 hujus.
