4096 6342
528 377 630 435 9‘27

1897 372 2152 431 FELICIS
2196 374 2397 433 ΡΑΡΑΞ
2439 379 2503 434 Ill

2376 198 2401 207 ..-

2998 333 3127 346 ⁴σητγ.
3216 329 3385 348 μφιμλνθ

3590 340 3604 349 ’
3679 382 3782 440 ass

529 493 741 548 debitur
768 491 910 545 ferre
932 487 1188 558 judicium
1218 490 1458 558 quisquis
1500 490 1602 545 hoc
1641 491 1914 546 violavertt
1956 493 1969 521 ¹
2014 491 2098 544 in-
2124 494 2181 553 Α
2205 499 2289 547 tor
2315 493 2574 548 Ecclesiae
2601 495 2902 563 praecipuus
2927 507 3237 565 appareres.
3272 495 3643 565 Quapropter;
3678 498 3782 553 [τε-

527 588 783 649 stitutum,
808 582 888 637 vel
917 582 1007 650 qui
1039 596 1142 634 non
1168 584 1455 639 removerit
1493 598 1614 637 eum
1644 598 1800 652 quem
1830 598 1894 637 ex
1921 584 1999 638 eis
2026 583 2094 638 ad

528 675 882 733 ministerium
904 672 1153 728 clericalo
1175 671 1480 741 Obrepsisse
1501 674 1830 741 cognoverit.

595 760 899 819 Curandum
929 777 1058 818 vero
1084 764 1339 830 maxime,
1372 773 1426 816 et
1451 765 1594 818 omni
1619 764 1822 818 cautela
1868 772 1951 817 est
1980 778 2101 831 pro-

526 855 828 921 videndum,
853 870 921 911 ne
943 858 1061 925 quis
1086 855 1306 912 fratrum
1324 856 1867 925 coepiscoporumque
1890 864 2102 910 nostro-

526 961 667 1011 rum,
703 954 794 1000 aut
840 948 1001 1001 etiam
1042 949 1507 1017 presbyterorum,
1554 948 1604 1001 in
1645 948 1863 1002 alterius
1887 948 2102 1002 civitate

526 1038 614 1092 vel
635 1038 853 1093 dimcesi
884 1039 1249 1107 pcenitentem,
1291 1038 1376 1094 vel
1410 1038 1509 1092 sub
1552 1054 1712 1094 manu
1749 1040 1978 1106 positum
2020 1053 2104 1094 sa-

526 1129 779 1193 cerdotis,
803 1138 896 1184 aut
925 1145 1045 1184 eum
1073 1131 1162 1197 qui
1191 1129 1593 1185 reconciliatum
1636 1145 1694 1185 se
1721 1146 1844 1186 esse
1883 1132 2100 1192 dixerit,

527 1221 645 1276 sine
672 1221 909 1290 episcopi
938 1222 1021 1275 vel
1054 1221 1352 1291 presbyteri
1394 1222 1698 1276 testimonio
1738 1232 1790 1276 et
1830 1222 2041 1287 litteris,
2078 1226 2098 1255 ²

527 1314 593 1369 ad
620 1314 772 1383 cujus
798 1314 1028 1382 pertinet
1056 1313 1382 1382 parochiam,
1414 1315 1691 1384 presbyter
1711 1323 1800 1368 aut
1826 1314 2105 1382 episcopus

529 1402 661 1476 [lege
685 1413 737 1459 et
759 1405 972 1471 litteris,
1004 1414 1094 1458 aut
1120 1405 1171 1458 in
1203 1405 1456 1472 parochia
1485 1405 1762 1476 presbyter
1789 1414 1877 1458 aut
1901 1407 2104 1474 episco-

529 1495 648 1565 pus]
678 1496 729 1548 in
752 1495 965 1550 civitate
989 1496 1263 1564 suspiciat.
1298 1496 1319 1525 ⁸
1348 1495 1497 1562 Quod
1521 1496 1565 1549 si
1600 1497 1775 1563 aliqua
1807 1496 2107 1550 dissimula-

531 1588 677 1641 tione
707 1588 1011 1657 negligitur,
1039 1588 1188 1655 culpa
1214 1587 1383 1656 tangit
1406 1589 1565 1641 etiam
1593 1587 1800 1642 clerum
1833 1587 1961 1658 [lege
1998 1588 2106 1641 cle—

531 1673 724 1744 ricum]
783 1676 870 1743 qui
915 1677 968 1729 in
1014 1676 1144 1730 locis
1183 1677 1234 1729 in
1276 1677 1468 1745 quibus
1514 1676 1615 1731 hoc
1653 1678 1825 1729 minus
1864 1685 2105 1729 curatum

532 1768 694 1823 fuerit
716 1776 1095 1823 commoratur.
1127 1769 1218 1822 llis
1257 1773 1435 1837 itaque
1470 1770 1571 1824 rite
1620 1769 1908 1837 dispositis,
1955 1780 2008 1824 et
2038 1768 2106 1823 ad

2205 598 2286 644 ter
2313 591 2617 656 carissime,
2666 605 2787 645 cum
2830 591 2897 645 ad
2944 592 3267 660 provinciam
3299 606 3652 660 commearet,
3697 612 3781 653 se-

2203 683 2433 752 duloque
2489 684 2806 752 deposceret
2860 692 3070 739 nostras
3114 684 3181 738 ad
3245 685 3589 742 dilectionem
3637 697 3780 745 tuam
3810 670 3828 705 λ

2202 775 2408 841 litteras
2437 776 2715 841 destinari,
2742 785 3017 845 gratanter
3032 776 3336 841 annuimus,
3368 779 3456 846 qui
3485 781 3782 848 etnignum

2206 867 2315 921 Deo
2360 881 2609 921 sermone
2655 866 2937 935 complecti
2991 880 3310 933 cuperemus
3362 871 3684 933 antistitem,
3731 880 3787 927 et

2206 974 2299 1025 per
2325 974 2445 1013 eum
2471 958 2703 1013 maxime
2729 959 2989 1013 vellemus
3019 958 3070 1013 id
3093 958 3228 1025 fieri,
3262 959 3417 1027 cujus
3441 960 3597 1014 nobis
3614 961 3785 1021 fuerat

2206 1050 2451 1105 laudibus
2477 1050 2769 1105 intimatus.
2795 1050 3047 1116 Quamvis
3072 1065 3201 1120 ergo
3229 1052 3428 1106 sanctis
3444 1052 3700 1121 operibus
3719 1070 3783 1110 ex

2207 1143 2350 1197 omni
2382 1150 2533 1211 parte
2569 1141 2878 1210 praedictam
2910 1142 3300 1195 fraternitatem
3342 1149 3489 1197 tuam
3529 1142 3619 1198 vir
3652 1158 3783 1215 pra-

2208 1232 2345 1288 fatus
2375 1234 2686 1299 astruxerit,
2733 1234 3065 1304 multumque
3105 1233 3314 1288 fiduciae
3333 1234 3402 1289 de
3432 1243 3521 1289 tua
3552 1235 3784 1292 benevo-

2207 1325 2370 1379 lentia
2395 1325 2509 1391 jam’
2529 1332 2756 1392 teneret,
2779 1335 2954 1379 tamen
2981 1340 3192 1393 (equum
3213 1334 3297 1380 est
3320 1333 3378 1380 ut
3400 1327 3545 1396 quod
3571 1327 3786 1383 deside-

2210 1416 2360 1471 rabat
2409 1430 2735 1484 magnopere
2775 1424 3162 1486 consequatur;
3214 1415 3478 1484 quatenus
3535 1418 3629 1487 qui
3678 1419 3784 1474 tuis

2210 1508 2339 1563 olim
2366 1517 2548 1577 gratus
2580 1516 2663 1562 est
2691 1507 2883 1562 animis
2904 1548 2918 1571 ,
2957 1508 3411 1577 contemplatione
3456 1508 3630 1564 nostri
3673 1510 3788 1565 red-

2211 1598 2364 1652 datur
2405 1599 2698 1665 acceptior,
2753 1598 3019 1665 simulque
3075 1607 3314 1665 materna
3358 1606 3415 1652 et
3467 1598 3791 1656 sacerdotali

2210 1687 2575 1742 consolatione
2600 1686 2868 1749 foveatur,
2898 1686 3453 1754 peregrinationisque
3479 1687 3791 1755 praesidium

2212 1779 2463 1847 pastorali
2494 1778 2691 1845 pietate
2711 1777 2967 1845 reperiat,
2997 1784 3054 1831 ut
3082 1785 3275 1832 vestrm
3298 1775 3575 1848 dignitatis
3600 1778 3792 1839 aﬂectu

532 1860 893 1914 Ecclesiarum
921 1872 1218 1915 vesn-arum
1249 1860 1493 1913 notitiam
1520 1869 1698 1913 nostra
1722 1859 2108 1914 deliberatione
2137 1874 2186 1934 Β
2212 1878 2467 1939 appareat
2493 1869 2632 1937 apud
2673 1869 3037 1925 sinceritatem
3075 1878 3243 1936 tuam,
3290 1879 3530 1925 nostrum
3580 1887 3793 1942 quoque

532 1951 776 2022 perlatis,
810 1966 997 2021 parere
1016 1966 1112 2007 vos
1138 1951 1388 2007 convenit
1414 1951 1541 2023 [lege
1567 1951 1916 2022 convenerat]
1943 1969 1953 2002 :
1991 1951 2109 2021 qui-

533 2043 655 2109 bus,
698 2042 822 2100 licet
860 2043 927 2097 ad
968 2044 1268 2097 animarum
1312 2042 1702 2111 reparationem
1747 2042 1881 2095 nihil
1921 2042 2109 2096 deesse

534 2133 801 2200 videatur,
834 2142 1007 2188 tamen
1036 2134 1184 2188 sicui
1224 2132 1346 2187 novi
1381 2133 1604 2201 aliquid,
1633 2140 1684 2186 et
1714 2132 1854 2200 quod
1886 2141 2108 2201 praeter-

532 2222 613 2278 ire
643 2236 741 2276 nos
771 2222 973 2291 potuit,
1006 2221 1167 2276 fuerit
1194 2221 1520 2285 revelatum,
1572 2222 1862 2276 secundum
1896 2221 2108 2276 beatum

535 2313 840 2380 apostolum
885 2313 1140 2378 Paulum,
1196 2322 1386 2366 tacente
1435 2312 1633 2380 priore,
1691 2310 1919 2366 fideliter
1966 2310 2110 2382 [lege

534 2405 794 2478 fidenter]
841 2407 1111 2461 insinuet:
1147 2406 1269 2475 quia
1312 2405 1537 2475 Spiritus
1578 2414 1816 2471 sanctus,
1866 2405 1951 2457 ubi
1980 2405 2108 2470 vult,

534 2498 716 2567 spirat,
778 2497 1014 2551 maxime
1049 2512 1170 2551 cum
1208 2510 1301 2550 sua
1340 2511 1500 2550 causa
1535 2504 1828 2560 tractatur;
1881 2510 1980 2550 nec
2012 2509 2110 2549 nos

536 2588 733 2657 pigebit
758 2586 963 2652 audire,
997 2595 1049 2640 et
1074 2587 1117 2641 si
1148 2600 1267 2655 qua:
1297 2594 1420 2640 sunt
1449 2586 1665 2651 omissa,
1711 2601 1815 2641 non
1854 2599 2112 2655 arrogan-

536 2683 619 2730 ter
643 2676 897 2739 abnuere,
928 2676 1021 2731 sed
1052 2675 1442 2743 rationabiliter
1463 2676 1733 2731 ordinare.
1765 2677 1907 2731 Deus
1928 2687 2109 2731 custo-

536 2765 647 2821 diat
672 2755 790 2833 vos“,
820 2767 1155 2823 dilectissimi
1182 2767 1391 2823 fratres.
1427 2768 1555 2821 Data
1587 2768 1760 2822 idibus
1793 2768 1966 2822 Martii
2000 2768 2109 2837 (an.

534 2855 736 2912 Christi
764 2856 927 2952 488),.
956 2857 1217 2928 Dynamio
1245 2867 1298 2912 et
1325 2856 1347 2887 ⁸
1375 2856 1619 2947 ξὶριιίἀὶο
1645 2858 1773 2913 viris
1800 2857 2114 2914 clarissimis

538 2951 870 3008 consulibus.

1070 3083 1400 3140 EPISTOLA
1442 3083 1577 3139 VIII.

891 3194 968 3235 an
1006 3193 1301 3233 zasoueu
1332 3178 1354 3209 ⁸
1391 3189 1762 3231 artscoruu

975 3271 1333 3325 Terentianum
1353 3268 1699 3324 commendat.

610 3384 963 3442 Dilectissimo
992 3384 1142 3439 fratri
1170 3383 1393 3448 Zenoni,
1426 3382 1573 3435 Felix
1596 3381 1899 3449 episcopus.

611 3477 776 3532 Filius
799 3490 949 3530 meus
973 3475 1053 3528 vir
1083 3474 1412 3527 clarissimus
1434 3474 1786 3527 Terentianus
1816 3472 1881 3525 ad
1909 3470 2112 3524 Italiam

538 3569 743 3627 dudum
786 3567 1027 3632 veniens,
1079 3565 1392 3621 dilectionis
1428 3576 1532 3619 tua:
1576 3563 1863 3633 singularis
1914 3562 2115 3616 exstitit

538 3651 888 3733 pradicator,’
914 3663 1178 3731 talemque
1206 3670 1257 3717 te
1285 3674 1404 3717 esse
1429 3660 1683 3731 vulgavit,
1717 3661 1805 3729 qui
1827 3661 1897 3713 ita
1917 3659 2115 3714 Christi

537 3753 705 3824 gratia
736 3753 1083 3819 redundares,
1120 3761 1178 3807 ut
1199 3752 1339 3808 inter
1363 3752 1547 3809 mundi
1578 3751 1819 3807 turbines
1847 3753 2115 3823 guberna-

610 3932 629 3964 ⁸
664 3930 796 3986 Cod.
823 3931 973 3997 Luc.,
997 3933 1300 3987 antistitum.

611 4004 633 4033 ³
674 4002 819 4057 Idem
846 4002 991 4057 cod..
1024 4004 1190 4056 autin
1230 4002 1526 4057 parochiam
1557 3999 1836 4057 presbuter.
1881 4006 1972 4052 aut
2008 3998 2088 4057 cpi

612 4016 633 4033 ³
674 4016 819 4084 luem
846 4016 991 4085 cod..
1024 4016 1111 4056 aut
1136 4020 1190 4085 nt
1230 4016 1526 4084 parochiam
1557 4016 1836 4071 presoyter.
1881 4016 1972 4052 aut
2008 4016 2069 4068 ep

538 4088 725 4150 scapus
752 4090 806 4126 tn
833 4082 1035 4150 etvttate
1059 4083 1319 4150 suscipiat.
1421 4142 1451 4150 η
1512 4141 1525 4150 ⁸
1624 4143 1634 4150 _
1682 4140 1709 4150 Δ.
1938 4139 1948 4150 _
1996 4096 2024 4150 '_

608 4139 637 4173 ³’
671 4140 814 4197 Idem
843 4142 994 4209 cod.,
1026 4143 1163 4212 quod
1192 4139 1366 4208 aliqua
1398 4140 1807 4195 dissimulatione
1832 4139 2115 4210 neglectum

537 4212 741 4280 culpam
766 4214 923 4281 tangit
954 4214 1107 4265 etiam
1133 4212 1452 4266 clericorum.

609 4279 632 4311 ‘
662 4279 901 4351 Dionysi,
934 4281 1135 4351 Sibilio.
1160 4281 1507 4351 manuum—
1532 4279 1663 4335 Cod.
1689 4279 1841 4346 Luc.,
1870 4279 2109 4335 Simidio.

606 4352 630 4383 ⁵
668 4349 967 4404 Οοά.’]ιιει.
995 4349 1142 4402 addit
1172 4350 1494 4418 Spalensem.

607 4420 631 4449 ⁸
670 4419 905 4486 Epistola
933 4418 1176 4485 quaedam
1211 4419 1403 4471 Felicis
1423 4418 1489 4471 ad
1516 4420 1804 4472 Caesarium
1829 4419 2112 4474 Arelaten-

537 4500 651 4541 sem
681 4494 853 4539 exstat
884 4488 1019 4552 apud
1053 4488 1245 4540 Baron.
1288 4501 1429 4539 anno
1460 4488 1667 4540 Domini
1717 4489 1843 4549 488.
1884 4505 2030 4542 ηιιηι.
2056 4491 2108 4553 7,

537 4554 638 4609 sub
664 4554 841 4610 Felice
870 4555 954 4609 lll.
990 4555 1137 4611 Hanc
1163 4571 1193 4610 a
1218 4556 1394 4611 Felice
1420 4556 1487 4609 IV
1521 4557 1774 4624 scriptam
1814 4556 1975 4612 fuisse
2014 4559 2111 4611 Ba-

540 4624 723 4695 ronius
748 4625 800 4680 in
827 4625 1117 4693 appendice
1145 4634 1276 4681 tom.
1305 4627 1354 4681 X
1383 4627 1714 4695 recognovit,
1742 4640 1807 4680 eo
1834 4627 1953 4693 ipso
1971 4628 2112 4695 quod

2214 1979 2319 2016 non
2344 1962 2617 2016 minimum
2650 1962 2928 2017 salutantis
2968 1960 3202 2016 valuisse
3243 1962 3589 2033 colloquium.
3648 1964 3791 2021 Deus

2214 2061 2265 2110 te
2287 2053 2605 2109 incolumem
2632 2052 2921 2117 custodiat,
2955 2050 3121 2107 frater
3135 2051 3431 2108 carissime.

2963 2166 3047 2236 (⁵)

2536 2277 2849 2333 MONITUM
2887 2276 3177 2332 PHILIPPI
3214 2277 3463 2332 LABBEI

2607 2408 2657 2445 IN
2698 2406 3007 2454 SEQUENTEI
3046 2406 3400 2445 BREVICULUM.

2286 2514 2441 2565 Anno
2476 2510 2633 2571 l63l,
2665 2523 2825 2577 opera
2856 2516 2910 2560 et
2936 2508 3111 2561 studio
3140 2508 3204 2561 Il.
3227 2508 3286 2562 P.
3311 2507 3493 2563 Jacobi
3521 2502 3793 2563 Sirmondi

2216 2589 2306 2654 ’Ξᾳῦ
2336 2582 2477 2654 ἁγίας
2508 2577 3022 2654 pvnpneprodiirin
3043 2578 3239 2654 lucem
3287 2578 3555 2654 appendix
3594 2578 3792 2633 codicis

2217 2648 2570 2706 Theodosiani
2601 2648 2752 2703 novis
2783 2648 3250 2701 constitutionibus
3280 2648 3622 2709 cumulatior.
3672 2663 3791 2703 cum

2216 2723 2454 2789 epistolis
2478 2721 2679 2789 aliquot
2708 2728 2951 2789 veterum
2991 2718 3361 2781 conciliorum,
3404 2733 3535 2786 quas
3575 2728 3722 2772 tomo
3749 2717 3793 2771 II

2217 2788 2389 2859 apag.
2424 2790 2562 2845 1194
2588 2790 2652 2843 ad
2686 2788 2824 2847 1186
2838 2788 3209 2859 exhibuimus,
3240 2802 3446 2859 necnon
3473 2789 3632 2859 trium
3660 2803 3793 2859 pon-

2221 2856 2416 2916 tiﬁcum
2445 2860 2805 2912 Romanorum
2834 2858 3031 2912 Felicis
3060 2856 3127 2911 Ill
3182 2856 3303 2927 (cui
3329 2857 3591 2925 praemisit
3619 2858 3795 2912 brevi-

2222 2934 2397 2986 culum
2426 2929 2940 2999 Eutychianistarum
2974 2929 3087 2999 sive
3114 2938 3265 2997 gesta
3289 2928 3358 2983 de
3390 2927 3796 2999 nomineAcacii

2218 3018 2337 3056 cum
2366 2998 2540 3055 edicto
2563 2999 2841 3054 sententiae
2883 2998 3120 3064 ejusdem
3152 3000 3343 3064 papae),
3393 2998 3588 3052 Gelasii
3630 3007 3792 3061 atque

2220 3073 2417 3140 Vigilii.
2461 3071 2568 3124 Nos
2608 3085 2674 3123 ne
2717 3068 2844 3140 quid
2888 3068 3028 3121 desit
3068 3069 3409 3140 amplissimae
3452 3066 3579 3121 huic
3605 3068 3799 3140 colle-

2220 3136 2382 3197 ctioni
2431 3152 2648 3202 nostrae,
2698 3137 2885 3191 eadem
2934 3138 3111 3191 omnia
3171 3140 3225 3191 in
3274 3137 3512 3205 Luparea
3556 3136 3800 3191 editione

2222 3212 2601 3281 praetermissa,
2654 3208 2895 3281 felicibus
2942 3208 3213 3281 auspiciis,
3256 3208 3367 3262 suis
3403 3222 3630 3277 quaeque
3667 3206 3798 3262 locis

2222 3277 2443 3346 inserta,
2474 3297 2571 3350 pro
2595 3293 2743 3333 more
2772 3277 3175 3332 collocabimus.

2258 3415 2277 3445 τ
2310 3409 2733 3468 BREVICULUS
2764 3410 2784 3441 ο
2813 3409 2986 3465 HIST.
3024 3394 3740 3466 eurvcuumisranuu.

2945 3521 3085 3588 Sive,

2636 3650 2796 3691 GESTA
2837 3650 2902 3687 DE
2943 3648 3139 3688 NOMINE
3181 3648 3373 3687 ACACII.

2296 3764 2350 3803 ιιι
2378 3762 2534 3803 causa
2566 3748 2687 3803 ﬁdei
2709 3747 3046 3814 Christianae,
3078 3745 3162 3801 cui
3193 3745 3260 3800 ab
3299 3744 3520 3800 exordio
3549 3744 3628 3798 sui
3658 3758 3796 3831 nun-

2217 3930 2422 3982 ratione
2444 3940 2543 3992 qua
2580 3926 2788 3991 Avitus,
2838 3926 3133 3992 Pomcrtus,
3176 3935 3229 3979 et
3268 3926 3570 3981 Honoratus
3610 3927 3795 3981 Massi-

2216 3998 2403 4063 lensis,
2438 3997 2608 4050 eidem
2642 3998 2790 4064 operi
2822 3996 3188 4051 fraudulenter
3207 3998 3293 4051 vel
3324 3998 3512 4051 saltem
3543 3998 3797 4063 ignoran-

2217 4077 2301 4123 ter
2328 4068 2509 4121 inserti
2543 4066 2705 4120 fuisse
2727 4067 3031 4120 scribuntur
3064 4068 3132 4119 al)
3161 4067 3421 4131 Honorio,
3462 4070 3513 4120 in
3557 4068 3795 4136 catalogo

2217 4137 2284 4191 de
2313 4137 2438 4191 viris
2481 4136 2794 4190 illustribus.
2845 4137 2977 4191 Vide
3028 4137 3376 4192 Possevinum
3429 4136 3483 4189 in
3526 4138 3796 4205 Apparatu

2220 4220 2389 4267 sacro,
2426 4207 2589 4260 verbo
2623 4206 2937 4260 Gennadius.
2979 4207 3104 4262 Sav.
3136 4206 3334 4261 BINIUS.

2298 4278 2316 4308 ⁷
2360 4276 2687 4331 Narrationis
2708 4275 2864 4344 hujus
2892 4284 2999 4329 tres
3024 4286 3146 4329 sunt
3173 4276 3455 4341 editiones,
3488 4290 3552 4329 ac
3573 4274 3798 4341 singulae

2218 4362 2342 4401 suos
2393 4347 2603 4400 codices
2666 4360 2798 4400 mss.
2849 4346 3139 4399 vindicant.
3209 4346 3580 4399 Brevissimam
3644 4344 3798 4399 dedit

2216 4416 2605 4482 Quesnellnsin
2636 4415 2769 4470 Cod.
2809 4428 3072 4469 canonum
3114 4416 3372 4470 Ecclesiae
3419 4415 3692 4478 Romanae,
3738 4423 3798 4469 et

2214 4485 2399 4554 incipit.
2424 4487 2490 4537 ab
2526 4486 2633 4539 illis
2660 4484 2836 4539 verbis
2875 4485 3085 4554 quidam
3135 4484 3453 4551 Timotheus,
3495 4500 3557 4538 ac
3592 4482 3799 4540 desinit

2216 4553 2328 4609 fere
2354 4570 2473 4608 cum
2502 4554 2608 4608 illis
2632 4572 2645 4608 :
2680 4555 2869 4607 miserit
2894 4553 3138 4608 Ecclesia:
3157 4554 3450 4621 praevidere.
3476 4555 3795 4622 Quanquam

2216 4626 2357 4679 enim
2392 4633 2509 4692 post
2539 4624 2653 4678 haec
2681 4625 2889 4693 longius
2927 4624 3198 4693 aliquanto
3227 4626 3484 4688 excurrit,
3534 4623 3668 4677 nihil
3716 4630 3795 4676 ta-

538 4693 920 4765 Arausicanum
954 4712 989 4750 ιι
1014 4697 1222 4759 aliaque
1244 4699 1393 4765 plura
1425 4693 1672 4761 con—cilia,
1710 4696 1901 4764 quibus
1931 4693 2109 4751 Czesa-
2136 4704 2191 4764 D
2219 4709 2341 4748 men
2365 4695 2676 4765 historicum
2709 4695 2874 4748 addit.
2902 4695 3138 4765 Alteram
3172 4694 3223 4748 in
3248 4694 3352 4765 fine
3377 4696 3503 4750 etin
3532 4693 3797 4765 principio

492 4821 505 4827 ,
538 4763 651 4818 rius
678 4764 1001 4835 Arelatensis
1018 4763 1265 4835 praesedit
1285 4769 1368 4823 vel
1392 4767 1651 4830 interfuit,
1678 4767 1829 4834 longe
1854 4768 2109 4835 posthaec

541 4841 785 4906 tempora
815 4834 992 4889 habita
1020 4834 1195 4891 fuisse
1230 4837 1637 4906 recognoverit;
1680 4837 1923 4906 quodque
1966 4836 2107 4890 idem

539 4901 803 4974 Cesarius
826 4919 1021 4974 annum
1048 4906 1252 4960 Domini
1276 4901 1381 4961 55$
1409 4907 1643 4974 attigerit
1666 4901 1882 4971 ;quem.
1910 4908 1955 4960 si
1980 4917 2113 4961 lem-

537 4985 672 5043 pore
689 4973 882 5029 Felicis
896 4972 961 5028 lll
976 4975 1305 5045 Arelatensis
1322 4972 1605 5044 episcopus
1617 4975 1824 5036 fuisset,
1849 4979 2114 5045 attingere

538 5058 643 5113 non
667 5045 945 5112 potuisset.
976 5044 1165 5098 Obstat
1187 5045 1309 5099 huic
1332 5047 1611 5099 sententiae
1641 5046 1782 5113 quod
1804 5044 2113 5101 Gennadius

540 5112 608 5167 de
637 5114 996 5184 Scriptoribus
1019 5116 1396 5170 ecclesiasticis
1427 5130 1545 5183 cap.
1576 5112 1839 5184 86'hujus
1869 5118 2111 5182 Ctesarii,

539 5185 781 5268 datasque
802 5185 868 5238 ad
896 5199 1016 5266 eum
1046 5185 1287 5268 epistola:
1331 5185 1521 5268 librum
1554 5186 1670 5254 ejus
1713 5186 1778 5268 de
1808 5188 1975 5268 gratia
2002 5202 2111 5268 ap:

540 5251 824 5323 probantis,
840 5254 1164 5308 meminerit.
1198 5254 1348 5319 Quod
1389 5255 1505 5309 ﬁeri
1547 5251 1651 5310 non
1685 5251 1942 5323 potuisset
1971 5256 2013 5311 si
2044 5256 2113 5311 ad
2146 5268 2147 5271 ‘

539 5320 734 5392 Felicis
761 5322 827 5375 IV
851 5330 1091 5391 tempora
1114 5325 1479 5392 episcopatum
1513 5320 1875 5381 Arelatensem
1914 5327 2112 5381 tenuis-

540 5399 640 5464 set.
676 5391 771 5464 _Ea
801 5392 941 5464 enim
971 5408 1090 5464 qua:
1123 5391 1431 5449 Gennadius
1453 5395 1521 5451 de
1551 5396 1917 5464 Scriptoribus
1940 5397 2113 5451 eccle-

541 5461 770 5516 siasticis
799 5462 1033 5529 scripsit,
1067 5464 1259 5518 Celasii
1292 5465 1559 5531 pontificis
1590 5461 1834 5521 censurae
1861 5467 2109 5531 subjecit,

540 5540 599 5605 t_tt
620 5541 830 5605 constat
850 5547 916 5587 ex
945 5532 1183 5601 ejusdem
1220 5533 1341 5589 libri
1370 5549 1488 5602 cap.
1523 5535 1590 5590 99
1619 5544 1673 5589 et
1705 5537 1827 5599 III),
1870 5537 2111 5605 adeoque

542 5601 731 5675 Felicis
755 5601 1090 5675 IV.essegnon
1120 5613 1294 5671 potest
1319 5619 1378 5659 ea
1408 5601 1652 5674 epistola,
1675 5607 1825 5673 cujus
1856 5601 2107 5675 praedicto

542 5670 682 5724 libro
710 5672 776 5726 ad
809 5669 1075 5727 Gelasium
1105 5669 1268 5728 misso
1296 5669 1618 5729 mentionem
1644 5669 1791 5730 facit.
1812 5669 1990 5730 Nodns
2010 5677 2109 5730 iste

544 5739 773 5814 difficilis
793 5751 894 5814 est,
920 5742 1021 5797 nisi
1047 5744 1304 5809 dicamus,
1328 5747 1469 5814 quod
1509 5746 1583 5799 ait
1627 5745 1908 5799 Suffridius
1938 5746 2106 5807 Petri,

546 5806 836 5869 Caesarium
856 5811 1204 5872 Gennadiano
1226 5806 1393 5873 codici
1435 5816 1692 5873 insertum
1732 5816 1895 5872 fuisse
1918 5806 2107 5873 eadem

2217 4767 2508 4818 auctiorem
2543 4764 2625 4819 hic
2653 4765 2921 4819 cernimus
2947 4780 3011 4819 ex
3034 4764 3322 4819 Sirmondo
3359 4762 3562 4818 datam.
3616 4762 3794 4815 Tertia

2218 4832 2376 4888 habet
2401 4835 2451 4888 in
2480 4834 2582 4888 fine
2604 4835 3019 4889 additamentum
3052 4850 3209 4903 supra
3258 4835 3574 4903 secundum.
3620 4832 3794 4903 Porro

2216 4904 2354 4969 quod
2384 4906 2455 4957 ait
2476 4904 2666 4971 Pagius
2697 4914 2969 4959 auctorem
2998 4902 3155 4971 hujus
3176 4903 3421 4972 opusculi
3450 4919 3516 4958 ex
3548 4902 3797 4956 Liberata

2214 4976 2487 5039 accepisse
2512 4975 2645 5028 falso
2678 4974 2956 5028 revincunt
2984 4973 3264 5036 Ballerini,
3301 4974 3393 5043 qui
3434 4974 3574 5043 hanc
3608 4986 3796 5026 narra-

2218 5043 2415 5099 tionem
2450 5053 2604 5108 prout
2644 5045 2784 5098 edita
2830 5054 2913 5098 est
2953 5059 2981 5096 a
3023 5042 3341 5108 Sirmondo,
3390 5042 3532 5098 nacti
3566 5051 3693 5096 sunt
3740 5043 3792 5094 in

2216 5114 2335 5167 cod.
2362 5113 2527 5184 Vatic.
2554 5114 2768 5183 Reginae
2792 5115 2953 5179 I977,
2981 5129 3139 5184 quem
3171 5113 3422 5168 Liberato
3451 5111 3797 5168 vetustiorem

2217 5196 2336 5235 eSse
2374 5183 2622 5251 probant.
2659 5184 2845 5237 Mnasr.

2292 5254 2313 5283 ⁸
2340 5252 2593 5308 Ediderat
2611 5253 2926 5308 Sirmondus
2951 5268 3068 5307 cum
3094 5253 3387 5322 appendice
3407 5251 3611 5308 codicis
3624 5251 3800 5307 Theo-

2218 5323 2449 5393 dosiani.
2491 5328 2693 5377 Auctor
2736 5322 2944 5393 Valesio
2983 5324 3047 5376 ad
3090 5324 3378 5393 Evagrium
3418 5322 3635 5393 videtur
3681 5336 3800 5393 esse

2218 5392 2461 5447 Gelasius
2489 5408 2650 5460 papa;
2682 5391 2775 5447 sed
2799 5392 3174 5447 Tillemontius
3212 5391 3346 5447 tom.
3385 5392 3527 5456 XVI,
3571 5408 3625 5457 p.
3674 5391 3797 5456 659,

2220 5463 2468 5515 observat
2488 5462 2873 5516 accuratiorem
2888 5477 3007 5517 esse
3025 5463 3077 5516 in
3106 5462 3329 5519 historia
3350 5460 3618 5517 narranda
3642 5476 3799 5529 quam

2219 5532 2461 5586 Gelasius
2508 5546 2627 5586 esse
2657 5534 2854 5601 ,solet;
2902 5542 2956 5586 et
3003 5532 3195 5602 Pagius
3232 5533 3297 5586 ad
3346 5548 3435 5586 an.
3474 5531 3604 5598 496,
3646 5531 3798 5602 n._4,

2217 5602 2372 5656 docet
2418 5599 2844 5667 priorem'hujus
2891 5602 3061 5665 libelli
3083 5599 3312 5670 partem
3345 5602 3571 5656 totidem
3623 5599 3796 5670 verbis

2218 5686 2338 5727 esse
2360 5680 2673 5740 excerptam
2696 5688 2727 5728 e
2760 5672 3031 5734 Liberato,
3078 5669 3168 5741 qui
3198 5673 3298 5729 sub
3326 5672 3639 5741 Iustiniano,
3660 5669 3797 5741 seri-

2217 5742 2341 5811 psit,
2377 5739 2724 5812 posteriorem
2755 5757 2882 5801 vero
2910 5758 2976 5799 ex
2996 5739 3197 5803 Gelasii
3211 5742 3491 5802 collectam
3517 5739 3795 5810 Epistolis.

2644 5845 2797 5889 Ανέί

2638 5912 2643 5917 .
2692 5893 2731 5919 δ’
2756 5896 2807 5921 ιχς

2548 5896 2621 5926 μὶ.-
