  <div class='ocr_page' id='page_1' title='image "/cluster/home/n/w/nwhite01/storage/ocr_20150623/58/hvd.32044073505240/526.png"; bbox 0 0 4096 6342; ppageno 0'>
   <div class='ocr_carea' id='block_1_1' title="bbox 316 5215 327 5242">
    <p class='ocr_par' dir='ltr' id='par_1_1' title="bbox 316 5215 327 5242">
     <span class='ocr_line' id='line_1_1' title="bbox 316 5215 327 5242; baseline 0 0"><span class='ocrx_word' id='word_1_1' title='bbox 316 5215 327 5242; x_wconf 69' lang='lat' dir='ltr'><strong>i</strong></span> 
     </span>
    </p>
   </div>
   <div class='ocr_carea' id='block_1_2' title="bbox 283 405 387 465">
    <p class='ocr_par' dir='ltr' id='par_1_2' title="bbox 283 405 387 465">
     <span class='ocr_line' id='line_1_2' title="bbox 283 405 387 465; baseline 0 0"><span class='ocrx_word' id='word_1_2' title='bbox 283 405 387 465; x_wconf 79' lang='lat'><strong>929</strong></span> 
     </span>
    </p>
   </div>
   <div class='ocr_carea' id='block_1_3' title="bbox 284 504 1939 597">
    <p class='ocr_par' dir='ltr' id='par_1_3' title="bbox 284 504 1939 597">
     <span class='ocr_line' id='line_1_3' title="bbox 284 504 1939 597; baseline -0.013 -18"><span class='ocrx_word' id='word_1_3' title='bbox 284 534 442 597; x_wconf 87' lang='lat' dir='ltr'><strong>quam</strong></span> <span class='ocrx_word' id='word_1_4' title='bbox 466 514 702 576; x_wconf 75' lang='lat' dir='ltr'><strong>defuisse</strong></span> <span class='ocrx_word' id='word_1_5' title='bbox 722 522 1014 588; x_wconf 70' lang='lat' dir='ltr'><strong>probantur</strong></span> <span class='ocrx_word' id='word_1_6' title='bbox 1037 511 1271 576; x_wconf 87' lang='lat' dir='ltr'><strong>inimici,</strong></span> <span class='ocrx_word' id='word_1_7' title='bbox 1301 516 1486 564; x_wconf 90' lang='lat' dir='ltr'><strong>nostro</strong></span> <span class='ocrx_word' id='word_1_8' title='bbox 1513 507 1729 577; x_wconf 84' lang='lat' dir='ltr'><strong>quidem</strong></span> <span class='ocrx_word' id='word_1_9' title='bbox 1756 518 1859 560; x_wconf 66' lang='lat' dir='ltr'><strong>sze-</strong></span> <span class='ocrx_word' id='word_1_10' title='bbox 1882 504 1939 565; x_wconf 81' lang='grc' dir='ltr'><strong>Α</strong></span> 
     </span>
    </p>
   </div>
   <div class='ocr_carea' id='block_1_4' title="bbox 284 596 1866 681">
    <p class='ocr_par' dir='ltr' id='par_1_4' title="bbox 284 596 1866 681">
     <span class='ocr_line' id='line_1_4' title="bbox 284 596 1866 681; baseline -0.014 -9"><span class='ocrx_word' id='word_1_11' title='bbox 284 596 425 681; x_wconf 87' lang='lat' dir='ltr'><strong>culo,</strong></span> <span class='ocrx_word' id='word_1_12' title='bbox 444 611 539 668; x_wconf 92' lang='lat' dir='ltr'><strong>sed</strong></span> <span class='ocrx_word' id='word_1_13' title='bbox 568 609 856 666; x_wconf 89' lang='lat' dir='ltr'><strong>intervallo</strong></span> <span class='ocrx_word' id='word_1_14' title='bbox 878 618 1200 676; x_wconf 75' lang='lat' dir='ltr'><strong>temporum,</strong></span> <span class='ocrx_word' id='word_1_15' title='bbox 1217 602 1494 657; x_wconf 87' lang='lat' dir='ltr'><strong>Nestorius</strong></span> <span class='ocrx_word' id='word_1_16' title='bbox 1517 609 1572 655; x_wconf 91' lang='lat' dir='ltr'><strong>et</strong></span> <span class='ocrx_word' id='word_1_17' title='bbox 1588 596 1866 668; x_wconf 83' lang='lat' dir='ltr'><strong>Eutyches</strong></span> 
     </span>
    </p>
   </div>
   <div class='ocr_carea' id='block_1_5' title="bbox 236 690 1866 773">
    <p class='ocr_par' dir='ltr' id='par_1_5' title="bbox 236 690 1866 773">
     <span class='ocr_line' id='line_1_5' title="bbox 236 690 1866 773; baseline -0.012 -11"><span class='ocrx_word' id='word_1_18' title='bbox 236 752 247 755; x_wconf 91' lang='lat'><strong>-</strong></span> <span class='ocrx_word' id='word_1_19' title='bbox 285 723 391 763; x_wconf 89' lang='lat' dir='ltr'><strong>non</strong></span> <span class='ocrx_word' id='word_1_20' title='bbox 430 718 571 759; x_wconf 90' lang='lat' dir='ltr'><strong>nova</strong></span> <span class='ocrx_word' id='word_1_21' title='bbox 618 703 865 773; x_wconf 77' lang='lat' dir='ltr'><strong>dogmata</strong></span> <span class='ocrx_word' id='word_1_22' title='bbox 913 714 1024 755; x_wconf 65' lang='lat' dir='ltr'><strong>suae</strong></span> <span class='ocrx_word' id='word_1_23' title='bbox 1070 696 1469 768; x_wconf 90' lang='lat' dir='ltr'><strong>perversitatis,</strong></span> <span class='ocrx_word' id='word_1_24' title='bbox 1500 691 1605 747; x_wconf 81' lang='lat' dir='ltr'><strong>&#39;sed</strong></span> <span class='ocrx_word' id='word_1_25' title='bbox 1650 690 1866 746; x_wconf 86' lang='lat' dir='ltr'><strong>nomina</strong></span> 
     </span>
    </p>
   </div>
   <div class='ocr_carea' id='block_1_6' title="bbox 287 783 1870 870">
    <p class='ocr_par' dir='ltr' id='par_1_6' title="bbox 287 783 1870 870">
     <span class='ocr_line' id='line_1_6' title="bbox 287 783 1870 870; baseline -0.013 -15"><span class='ocrx_word' id='word_1_26' title='bbox 287 799 666 870; x_wconf 89' lang='lat' dir='ltr'><strong>prodiderunt.</strong></span> <span class='ocrx_word' id='word_1_27' title='bbox 713 795 844 849; x_wconf 88' lang='lat' dir='ltr'><strong>Nam</strong></span> <span class='ocrx_word' id='word_1_28' title='bbox 884 791 1167 870; x_wconf 84' lang='lat' dir='ltr'><strong>Nestorius</strong></span> <span class='ocrx_word' id='word_1_29' title='bbox 1206 797 1329 844; x_wconf 92' lang='lat' dir='ltr'><strong>ante</strong></span> <span class='ocrx_word' id='word_1_30' title='bbox 1385 783 1767 856; x_wconf 83' lang='lat' dir='ltr'><strong>quinquaginta</strong></span> <span class='ocrx_word' id='word_1_31' title='bbox 1817 788 1870 835; x_wconf 89' lang='lat' dir='ltr'><strong>et</strong></span> 
     </span>
    </p>
   </div>
   <div class='ocr_carea' id='block_1_7' title="bbox 287 868 1867 953">
    <p class='ocr_par' dir='ltr' id='par_1_7' title="bbox 287 868 1867 953">
     <span class='ocr_line' id='line_1_7' title="bbox 287 868 1867 953; baseline -0.015 -5"><span class='ocrx_word' id='word_1_32' title='bbox 287 904 407 948; x_wconf 90' lang='lat' dir='ltr'><strong>octo</strong></span> <span class='ocrx_word' id='word_1_33' title='bbox 435 892 549 945; x_wconf 89' lang='lat' dir='ltr'><strong>fere</strong></span> <span class='ocrx_word' id='word_1_34' title='bbox 577 902 768 953; x_wconf 92' lang='lat' dir='ltr'><strong>annos,</strong></span> <span class='ocrx_word' id='word_1_35' title='bbox 795 868 1009 940; x_wconf 83' lang='lat' dir='ltr'><strong>Pliotini</strong></span> <span class='ocrx_word' id='word_1_36' title='bbox 1036 892 1089 939; x_wconf 91' lang='lat' dir='ltr'><strong>et</strong></span> <span class='ocrx_word' id='word_1_37' title='bbox 1110 881 1256 935; x_wconf 88' lang='lat' dir='ltr'><strong>Pauli</strong></span> <span class='ocrx_word' id='word_1_38' title='bbox 1288 876 1623 935; x_wconf 89' lang='lat' dir='ltr'><strong>Samosateni</strong></span> <span class='ocrx_word' id='word_1_39' title='bbox 1655 880 1867 928; x_wconf 89' lang='lat' dir='ltr'><strong>secutus</strong></span> 
     </span>
    </p>
   </div>
   <div class='ocr_carea' id='block_1_8' title="bbox 288 965 1864 1047">
    <p class='ocr_par' dir='ltr' id='par_1_8' title="bbox 288 965 1864 1047">
     <span class='ocr_line' id='line_1_8' title="bbox 288 965 1864 1047; baseline -0.014 -7"><span class='ocrx_word' id='word_1_40' title='bbox 288 997 557 1047; x_wconf 89' lang='lat' dir='ltr'><strong>errorem,</strong></span> <span class='ocrx_word' id='word_1_41' title='bbox 576 979 830 1035; x_wconf 90' lang='lat' dir='ltr'><strong>Oasitano</strong></span> <span class='ocrx_word' id='word_1_42' title='bbox 860 985 886 1015; x_wconf 70' lang='grc' dir='ltr'>ι</span> <span class='ocrx_word' id='word_1_43' title='bbox 916 976 1107 1032; x_wconf 83' lang='lat' dir='ltr'><strong>exsilio</strong></span> <span class='ocrx_word' id='word_1_44' title='bbox 1130 970 1594 1040; x_wconf 84' lang='lat' dir='ltr'><strong>meruitrelegari,</strong></span> <span class='ocrx_word' id='word_1_45' title='bbox 1614 965 1864 1033; x_wconf 90' lang='lat' dir='ltr'><strong>dicendo,</strong></span> 
     </span>
    </p>
   </div>
   <div class='ocr_carea' id='block_1_9' title="bbox 290 1056 1866 1131">
    <p class='ocr_par' dir='ltr' id='par_1_9' title="bbox 290 1056 1866 1131">
     <span class='ocr_line' id='line_1_9' title="bbox 290 1056 1866 1131; baseline -0.016 0"><span class='ocrx_word' id='word_1_46' title='bbox 290 1077 428 1131; x_wconf 81' lang='lat' dir='ltr'><strong>sicut</strong></span> <span class='ocrx_word' id='word_1_47' title='bbox 453 1073 522 1129; x_wconf 91' lang='lat' dir='ltr'><strong>ab</strong></span> <span class='ocrx_word' id='word_1_48' title='bbox 543 1069 852 1125; x_wconf 85' lang='lat' dir='ltr'><strong>auctoribus</strong></span> <span class='ocrx_word' id='word_1_49' title='bbox 875 1068 985 1121; x_wconf 86' lang='lat' dir='ltr'><strong>suis</strong></span> <span class='ocrx_word' id='word_1_50' title='bbox 1014 1065 1218 1126; x_wconf 86' lang='lat' dir='ltr'><strong>didicit,</strong></span> <span class='ocrx_word' id='word_1_51' title='bbox 1266 1062 1537 1117; x_wconf 84' lang='lat' dir='ltr'><strong>Christum</strong></span> <span class='ocrx_word' id='word_1_52' title='bbox 1582 1056 1866 1111; x_wconf 90' lang='lat' dir='ltr'><strong>Dominum</strong></span> 
     </span>
    </p>
   </div>
   <div class='ocr_carea' id='block_1_10' title="bbox 292 1146 1870 1222">
    <p class='ocr_par' dir='ltr' id='par_1_10' title="bbox 292 1146 1870 1222">
     <span class='ocr_line' id='line_1_10' title="bbox 292 1146 1870 1222; baseline -0.016 -1"><span class='ocrx_word' id='word_1_53' title='bbox 292 1174 534 1222; x_wconf 89' lang='lat' dir='ltr'><strong>nostrum</strong></span> <span class='ocrx_word' id='word_1_54' title='bbox 591 1162 859 1217; x_wconf 86' lang='lat' dir='ltr'><strong>hominem</strong></span> <span class='ocrx_word' id='word_1_55' title='bbox 899 1155 1265 1212; x_wconf 85' lang='lat' dir='ltr'><strong>tantummodo</strong></span> <span class='ocrx_word' id='word_1_56' title='bbox 1310 1153 1378 1207; x_wconf 92' lang='lat' dir='ltr'><strong>de</strong></span> <span class='ocrx_word' id='word_1_57' title='bbox 1428 1150 1645 1219; x_wconf 78' lang='lat' dir='ltr'><strong>Virgine</strong></span> <span class='ocrx_word' id='word_1_58' title='bbox 1705 1146 1870 1199; x_wconf 87' lang='lat' dir='ltr'><strong>Maria</strong></span> 
     </span>
    </p>
   </div>
   <div class='ocr_carea' id='block_1_11' title="bbox 1485 375 2353 457">
    <p class='ocr_par' dir='ltr' id='par_1_11' title="bbox 1485 375 2353 457">
     <span class='ocr_line' id='line_1_11' title="bbox 1485 375 2353 457; baseline -0.014 -10"><span class='ocrx_word' id='word_1_59' title='bbox 1485 375 1841 449; x_wconf 60' lang='lat' dir='ltr'><strong>spissum</strong></span> <span class='ocrx_word' id='word_1_60' title='bbox 1880 386 1973 457; x_wconf 17' lang='lat' dir='ltr'><strong>ET,</strong></span> <span class='ocrx_word' id='word_1_61' title='bbox 2010 375 2353 442; x_wconf 83' lang='lat' dir='ltr'><strong>DECRETA.</strong></span> 
     </span>
    </p>
   </div>
   <div class='ocr_carea' id='block_1_12' title="bbox 1961 468 3551 559">
    <p class='ocr_par' dir='ltr' id='par_1_12' title="bbox 1961 468 3551 559">
     <span class='ocr_line' id='line_1_12' title="bbox 1961 468 3551 559; baseline -0.02 -2"><span class='ocrx_word' id='word_1_62' title='bbox 1961 514 2083 558; x_wconf 88' lang='lat' dir='ltr'><strong>esse</strong></span> <span class='ocrx_word' id='word_1_63' title='bbox 2107 511 2291 553; x_wconf 84' lang='lat' dir='ltr'><strong>veram</strong></span> <span class='ocrx_word' id='word_1_64' title='bbox 2321 492 2501 559; x_wconf 89' lang='lat' dir='ltr'><strong>ﬁdem,</strong></span> <span class='ocrx_word' id='word_1_65' title='bbox 2535 490 2673 545; x_wconf 89' lang='lat' dir='ltr'><strong>hanc</strong></span> <span class='ocrx_word' id='word_1_66' title='bbox 2706 480 3084 542; x_wconf 80' lang='lat' dir='ltr'><strong>orthodoxam.</strong></span> <span class='ocrx_word' id='word_1_67' title='bbox 3120 468 3381 547; x_wconf 85' lang='lat' dir='ltr'><strong>Dejicitur</strong></span> <span class='ocrx_word' id='word_1_68' title='bbox 3420 487 3551 529; x_wconf 89' lang='lat' dir='ltr'><strong>con-</strong></span> 
     </span>
    </p>
   </div>
   <div class='ocr_carea' id='block_1_13' title="bbox 1971 565 3552 647">
    <p class='ocr_par' dir='ltr' id='par_1_13' title="bbox 1971 565 3552 647">
     <span class='ocr_line' id='line_1_13' title="bbox 1971 565 3552 647; baseline -0.018 0"><span class='ocrx_word' id='word_1_69' title='bbox 1971 588 2358 647; x_wconf 88' lang='lat' dir='ltr'><strong>tradicentibus</strong></span> <span class='ocrx_word' id='word_1_70' title='bbox 2387 584 2600 640; x_wconf 90' lang='lat' dir='ltr'><strong>vicariis</strong></span> <span class='ocrx_word' id='word_1_71' title='bbox 2623 578 2876 636; x_wconf 78' lang='lat' dir='ltr'><strong>Romanis</strong></span> <span class='ocrx_word' id='word_1_72' title='bbox 2891 574 3200 637; x_wconf 85' lang='lat' dir='ltr'><strong>Flavianus,</strong></span> <span class='ocrx_word' id='word_1_73' title='bbox 3232 578 3258 607; x_wconf 75' lang='grc' dir='ltr'><strong>ο</strong></span> <span class='ocrx_word' id='word_1_74' title='bbox 3286 576 3339 623; x_wconf 84' lang='lat' dir='ltr'><strong>et</strong></span> <span class='ocrx_word' id='word_1_75' title='bbox 3358 565 3552 635; x_wconf 88' lang='lat' dir='ltr'><strong>recipi-</strong></span> 
     </span>
    </p>
   </div>
   <div class='ocr_carea' id='block_1_14' title="bbox 1973 659 3552 750">
    <p class='ocr_par' dir='ltr' id='par_1_14' title="bbox 1973 659 3552 750">
     <span class='ocr_line' id='line_1_14' title="bbox 1973 659 3552 750; baseline -0.016 -12"><span class='ocrx_word' id='word_1_76' title='bbox 1973 693 2058 738; x_wconf 91' lang='lat' dir='ltr'><strong>tur</strong></span> <span class='ocrx_word' id='word_1_77' title='bbox 2087 678 2377 750; x_wconf 88' lang='lat' dir='ltr'><strong>Eutyches.</strong></span> <span class='ocrx_word' id='word_1_78' title='bbox 2429 675 2719 729; x_wconf 86' lang='lat' dir='ltr'><strong>Damnatur</strong></span> <span class='ocrx_word' id='word_1_79' title='bbox 2760 669 2921 724; x_wconf 91' lang='lat' dir='ltr'><strong>etiam</strong></span> <span class='ocrx_word' id='word_1_80' title='bbox 2968 662 3233 720; x_wconf 84' lang='lat' dir='ltr'><strong>Eusebius</strong></span> <span class='ocrx_word' id='word_1_81' title='bbox 3270 659 3552 731; x_wconf 88' lang='lat' dir='ltr'><strong>episcopus</strong></span> 
     </span>
    </p>
   </div>
   <div class='ocr_carea' id='block_1_15' title="bbox 1974 752 3550 839">
    <p class='ocr_par' dir='ltr' id='par_1_15' title="bbox 1974 752 3550 839">
     <span class='ocr_line' id='line_1_15' title="bbox 1974 752 3550 839; baseline -0.017 -9"><span class='ocrx_word' id='word_1_82' title='bbox 1974 783 2258 829; x_wconf 86' lang='lat' dir='ltr'><strong>accusator</strong></span> <span class='ocrx_word' id='word_1_83' title='bbox 2287 767 2528 839; x_wconf 83' lang='lat' dir='ltr'><strong>ejusdem</strong></span> <span class='ocrx_word' id='word_1_84' title='bbox 2560 761 2877 835; x_wconf 87' lang='lat' dir='ltr'><strong>presbyteri,</strong></span> <span class='ocrx_word' id='word_1_85' title='bbox 2911 767 3160 827; x_wconf 84' lang='lat' dir='ltr'><strong>tanquam</strong></span> <span class='ocrx_word' id='word_1_86' title='bbox 3181 752 3550 816; x_wconf 85' lang='lat' dir='ltr'><strong>Nestorianus,</strong></span> 
     </span>
    </p>
   </div>
   <div class='ocr_carea' id='block_1_16' title="bbox 1972 845 3555 936">
    <p class='ocr_par' dir='ltr' id='par_1_16' title="bbox 1972 845 3555 936">
     <span class='ocr_line' id='line_1_16' title="bbox 1972 845 3555 936; baseline -0.017 -14"><span class='ocrx_word' id='word_1_87' title='bbox 1972 868 2065 936; x_wconf 90' lang='lat' dir='ltr'><strong>qui</strong></span> <span class='ocrx_word' id='word_1_88' title='bbox 2092 874 2239 929; x_wconf 89' lang='lat' dir='ltr'><strong>ante,</strong></span> <span class='ocrx_word' id='word_1_89' title='bbox 2268 862 2396 917; x_wconf 93' lang='lat' dir='ltr'><strong>dum</strong></span> <span class='ocrx_word' id='word_1_90' title='bbox 2425 859 2599 914; x_wconf 88' lang='lat' dir='ltr'><strong>adhuc</strong></span> <span class='ocrx_word' id='word_1_91' title='bbox 2625 863 2768 911; x_wconf 89' lang='lat' dir='ltr'><strong>esset</strong></span> <span class='ocrx_word' id='word_1_92' title='bbox 2794 853 2985 915; x_wconf 88' lang='lat' dir='ltr'><strong>laicus,</strong></span> <span class='ocrx_word' id='word_1_93' title='bbox 3025 845 3255 903; x_wconf 87' lang='lat' dir='ltr'><strong>Nestorii</strong></span> <span class='ocrx_word' id='word_1_94' title='bbox 3278 845 3447 899; x_wconf 91' lang='lat' dir='ltr'><strong>fuerat</strong></span> <span class='ocrx_word' id='word_1_95' title='bbox 3465 856 3555 896; x_wconf 87' lang='lat' dir='ltr'><strong>ac-</strong></span> 
     </span>
    </p>
   </div>
   <div class='ocr_carea' id='block_1_17' title="bbox 1973 932 3556 1011">
    <p class='ocr_par' dir='ltr' id='par_1_17' title="bbox 1973 932 3556 1011">
     <span class='ocr_line' id='line_1_17' title="bbox 1973 932 3556 1011; baseline -0.017 0"><span class='ocrx_word' id='word_1_96' title='bbox 1973 932 2212 1011; x_wconf 78' lang='lat' dir='ltr'><strong>cusator.</strong></span> <span class='ocrx_word' id='word_1_97' title='bbox 2246 954 2319 1007; x_wconf 92' lang='lat' dir='ltr'><strong>lta</strong></span> <span class='ocrx_word' id='word_1_98' title='bbox 2347 951 2490 1007; x_wconf 90' lang='lat' dir='ltr'><strong>enim</strong></span> <span class='ocrx_word' id='word_1_99' title='bbox 2517 947 2647 1002; x_wconf 87' lang='lat' dir='ltr'><strong>nihil</strong></span> <span class='ocrx_word' id='word_1_100' title='bbox 2687 944 2869 999; x_wconf 91' lang='lat' dir='ltr'><strong>volunt</strong></span> <span class='ocrx_word' id='word_1_101' title='bbox 2912 940 2996 995; x_wconf 89' lang='lat' dir='ltr'><strong>isti</strong></span> <span class='ocrx_word' id='word_1_102' title='bbox 3030 933 3447 1007; x_wconf 73' lang='lat' dir='ltr'><strong>Eutychianista:</strong></span> <span class='ocrx_word' id='word_1_103' title='bbox 3474 932 3556 1007; x_wconf 84' lang='lat' dir='ltr'><strong>in-</strong></span> 
     </span>
    </p>
   </div>
   <div class='ocr_carea' id='block_1_18' title="bbox 1976 1022 3554 1111">
    <p class='ocr_par' dir='ltr' id='par_1_18' title="bbox 1976 1022 3554 1111">
     <span class='ocr_line' id='line_1_18' title="bbox 1976 1022 3554 1111; baseline -0.018 -9"><span class='ocrx_word' id='word_1_104' title='bbox 1976 1055 2057 1102; x_wconf 87' lang='lat' dir='ltr'><strong>ter</strong></span> <span class='ocrx_word' id='word_1_105' title='bbox 2078 1061 2136 1100; x_wconf 91' lang='lat' dir='ltr'><strong>se</strong></span> <span class='ocrx_word' id='word_1_106' title='bbox 2157 1059 2278 1100; x_wconf 87' lang='lat' dir='ltr'><strong>esse</strong></span> <span class='ocrx_word' id='word_1_107' title='bbox 2305 1052 2463 1111; x_wconf 90' lang='lat' dir='ltr'><strong>atque</strong></span> <span class='ocrx_word' id='word_1_108' title='bbox 2488 1036 2817 1101; x_wconf 83' lang='lat' dir='ltr'><strong>Nestorium,</strong></span> <span class='ocrx_word' id='word_1_109' title='bbox 2861 1040 2922 1085; x_wconf 88' lang='lat' dir='ltr'><strong>ut</strong></span> <span class='ocrx_word' id='word_1_110' title='bbox 2963 1029 3264 1099; x_wconf 87' lang='lat' dir='ltr'><strong>quicunque</strong></span> <span class='ocrx_word' id='word_1_111' title='bbox 3293 1022 3430 1093; x_wconf 89' lang='lat' dir='ltr'><strong>apud</strong></span> <span class='ocrx_word' id='word_1_112' title='bbox 3459 1034 3554 1076; x_wconf 88' lang='lat' dir='ltr'><strong>eos</strong></span> 
     </span>
    </p>
   </div>
   <div class='ocr_carea' id='block_1_19' title="bbox 1966 1112 3559 1206">
    <p class='ocr_par' dir='ltr' id='par_1_19' title="bbox 1966 1112 3559 1206">
     <span class='ocr_line' id='line_1_19' title="bbox 1966 1112 3559 1206; baseline -0.016 -14"><span class='ocrx_word' id='word_1_113' title='bbox 1966 1134 2377 1206; x_wconf 83' lang='lat' dir='ltr'><strong>Eutychianista</strong></span> <span class='ocrx_word' id='word_1_114' title='bbox 2406 1146 2512 1185; x_wconf 92' lang='lat' dir='ltr'><strong>non</strong></span> <span class='ocrx_word' id='word_1_115' title='bbox 2538 1128 2725 1191; x_wconf 84' lang='lat' dir='ltr'><strong>fuerit,</strong></span> <span class='ocrx_word' id='word_1_116' title='bbox 2754 1120 3101 1178; x_wconf 83' lang='lat' dir='ltr'><strong>Nestorianus</strong></span> <span class='ocrx_word' id='word_1_117' title='bbox 3119 1129 3341 1188; x_wconf 80' lang='lat' dir='ltr'><strong>prorsus</strong></span> <span class='ocrx_word' id='word_1_118' title='bbox 3361 1112 3559 1168; x_wconf 79' lang='lat' dir='ltr'><strong>habea-</strong></span> 
     </span>
    </p>
   </div>
   <div class='ocr_carea' id='block_1_20' title="bbox 292 1205 3550 1324">
    <p class='ocr_par' dir='ltr' id='par_1_20' title="bbox 292 1205 3550 1324">
     <span class='ocr_line' id='line_1_20' title="bbox 292 1205 3550 1324; baseline -0.016 -13"><span class='ocrx_word' id='word_1_119' title='bbox 292 1269 413 1311; x_wconf 89' lang='lat' dir='ltr'><strong>esse</strong></span> <span class='ocrx_word' id='word_1_120' title='bbox 441 1252 801 1324; x_wconf 76' lang='lat' dir='ltr'><strong>progenitum.</strong></span> <span class='ocrx_word' id='word_1_121' title='bbox 830 1248 1031 1304; x_wconf 86' lang='lat' dir='ltr'><strong>Contra</strong></span> <span class='ocrx_word' id='word_1_122' title='bbox 1052 1260 1208 1316; x_wconf 92' lang='lat' dir='ltr'><strong>quem</strong></span> <span class='ocrx_word' id='word_1_123' title='bbox 1243 1242 1530 1313; x_wconf 79' lang='lat' dir='ltr'><strong>Eutyciies,</strong></span> <span class='ocrx_word' id='word_1_124' title='bbox 1562 1248 1682 1309; x_wconf 88' lang='lat' dir='ltr'><strong>post</strong></span> <span class='ocrx_word' id='word_1_125' title='bbox 1702 1248 1873 1289; x_wconf 87' lang='lat' dir='ltr'><strong>annos</strong></span> <span class='ocrx_word' id='word_1_126' title='bbox 1974 1236 2062 1282; x_wconf 90' lang='lat' dir='ltr'><strong>tur</strong></span> <span class='ocrx_word' id='word_1_127' title='bbox 2095 1242 2253 1282; x_wconf 93' lang='lat' dir='ltr'><strong>:cum</strong></span> <span class='ocrx_word' id='word_1_128' title='bbox 2287 1224 2528 1279; x_wconf 83' lang='lat' dir='ltr'><strong>doctrina</strong></span> <span class='ocrx_word' id='word_1_129' title='bbox 2568 1217 2827 1274; x_wconf 91' lang='lat' dir='ltr'><strong>catholica</strong></span> <span class='ocrx_word' id='word_1_130' title='bbox 2869 1214 3015 1268; x_wconf 88' lang='lat' dir='ltr'><strong>uniat</strong></span> <span class='ocrx_word' id='word_1_131' title='bbox 3056 1214 3189 1266; x_wconf 89' lang='lat' dir='ltr'><strong>duas</strong></span> <span class='ocrx_word' id='word_1_132' title='bbox 3225 1216 3444 1263; x_wconf 90' lang='lat' dir='ltr'><strong>naturas</strong></span> <span class='ocrx_word' id='word_1_133' title='bbox 3496 1205 3550 1260; x_wconf 89' lang='lat' dir='ltr'><strong>in</strong></span> 
     </span>
     <span class='ocr_line' id='line_1_21' title="bbox 1987 1297 3531 1324; baseline -0.014 22"><span class='ocrx_word' id='word_1_134' title='bbox 1987 1320 2032 1324; x_wconf 72' lang='lat'>“</span> <span class='ocrx_word' id='word_1_135' title='bbox 2086 1320 2097 1324; x_wconf 82' lang='grc'><strong>-</strong></span> <span class='ocrx_word' id='word_1_136' title='bbox 2374 1316 2405 1324; x_wconf 87' lang='grc'><strong>··</strong></span> <span class='ocrx_word' id='word_1_137' title='bbox 2448 1314 2496 1324; x_wconf 89' lang='grc'><strong>··</strong></span> <span class='ocrx_word' id='word_1_138' title='bbox 2544 1323 2547 1324; x_wconf 55' lang='grc' dir='ltr'><em>ν</em></span> <span class='ocrx_word' id='word_1_139' title='bbox 2613 1313 2625 1324; x_wconf 85' lang='lat'><strong>-</strong></span> <span class='ocrx_word' id='word_1_140' title='bbox 2704 1318 2715 1324; x_wconf 67' lang='grc' dir='ltr'><strong><em>ι</em></strong></span> <span class='ocrx_word' id='word_1_141' title='bbox 2749 1308 2793 1324; x_wconf 73' lang='grc' dir='ltr'><strong>ιν</strong></span> <span class='ocrx_word' id='word_1_142' title='bbox 2839 1306 3021 1324; x_wconf 18' lang='lat' dir='ltr'><strong>ius.--</strong></span> <span class='ocrx_word' id='word_1_143' title='bbox 3047 1304 3171 1324; x_wconf 63' lang='lat'><strong>1---2.</strong></span> <span class='ocrx_word' id='word_1_144' title='bbox 3227 1300 3293 1324; x_wconf 63' lang='lat' dir='ltr'><strong>In.</strong></span> <span class='ocrx_word' id='word_1_145' title='bbox 3324 1298 3408 1324; x_wconf 56' lang='grc' dir='ltr'><strong>ξμς</strong></span> <span class='ocrx_word' id='word_1_146' title='bbox 3444 1297 3531 1324; x_wconf 71' lang='grc' dir='ltr'><strong>-..ξ</strong></span> 
     </span>
    </p>
   </div>
   <div class='ocr_carea' id='block_1_21' title="bbox 292 1326 1873 1417">
    <p class='ocr_par' dir='ltr' id='par_1_21' title="bbox 292 1326 1873 1417">
     <span class='ocr_line' id='line_1_22' title="bbox 292 1326 1873 1417; baseline -0.016 -13"><span class='ocrx_word' id='word_1_147' title='bbox 292 1362 399 1405; x_wconf 84' lang='lat' dir='ltr'><strong>non</strong></span> <span class='ocrx_word' id='word_1_148' title='bbox 429 1346 710 1417; x_wconf 91' lang='lat' dir='ltr'><strong>plurimos,</strong></span> <span class='ocrx_word' id='word_1_149' title='bbox 744 1340 1016 1396; x_wconf 67' lang='lat' dir='ltr'><strong>aestimans</strong></span> <span class='ocrx_word' id='word_1_150' title='bbox 1044 1335 1660 1405; x_wconf 88' lang='lat' dir='ltr'><strong>disputandum,rectum</strong></span> <span class='ocrx_word' id='word_1_151' title='bbox 1690 1326 1873 1383; x_wconf 88' lang='lat' dir='ltr'><strong>trami-</strong></span> 
     </span>
    </p>
   </div>
   <div class='ocr_carea' id='block_1_22' title="bbox 296 1420 1875 1496">
    <p class='ocr_par' dir='ltr' id='par_1_22' title="bbox 296 1420 1875 1496">
     <span class='ocr_line' id='line_1_23' title="bbox 296 1420 1875 1496; baseline -0.015 -2"><span class='ocrx_word' id='word_1_152' title='bbox 296 1447 402 1495; x_wconf 87' lang='lat' dir='ltr'><strong>tem</strong></span> <span class='ocrx_word' id='word_1_153' title='bbox 435 1446 618 1491; x_wconf 88' lang='lat' dir='ltr'><strong>tenere</strong></span> <span class='ocrx_word' id='word_1_154' title='bbox 650 1432 917 1496; x_wconf 88' lang='lat' dir='ltr'><strong>nesciens,</strong></span> <span class='ocrx_word' id='word_1_155' title='bbox 952 1428 1203 1492; x_wconf 78' lang='lat' dir='ltr'><strong>ofl‘endit;</strong></span> <span class='ocrx_word' id='word_1_156' title='bbox 1240 1436 1293 1480; x_wconf 91' lang='lat' dir='ltr'><strong>et</strong></span> <span class='ocrx_word' id='word_1_157' title='bbox 1333 1425 1383 1477; x_wconf 81' lang='lat' dir='ltr'><strong>in</strong></span> <span class='ocrx_word' id='word_1_158' title='bbox 1428 1420 1750 1491; x_wconf 85' lang='lat' dir='ltr'><strong>Apollinaris</strong></span> <span class='ocrx_word' id='word_1_159' title='bbox 1791 1428 1875 1472; x_wconf 89' lang='lat' dir='ltr'><strong>est</strong></span> 
     </span>
    </p>
   </div>
   <div class='ocr_carea' id='block_1_23' title="bbox 295 1510 1875 1598">
    <p class='ocr_par' dir='ltr' id='par_1_23' title="bbox 295 1510 1875 1598">
     <span class='ocr_line' id='line_1_24' title="bbox 295 1510 1875 1598; baseline -0.015 -13"><span class='ocrx_word' id='word_1_160' title='bbox 295 1539 485 1598; x_wconf 86' lang='lat' dir='ltr'><strong>raptus</strong></span> <span class='ocrx_word' id='word_1_161' title='bbox 510 1525 794 1587; x_wconf 89' lang='lat' dir='ltr'><strong>insaniam,</strong></span> <span class='ocrx_word' id='word_1_162' title='bbox 821 1524 872 1576; x_wconf 90' lang='lat' dir='ltr'><strong>in</strong></span> <span class='ocrx_word' id='word_1_163' title='bbox 902 1524 1017 1575; x_wconf 63' lang='lat' dir='ltr'><strong>haec</strong></span> <span class='ocrx_word' id='word_1_164' title='bbox 1064 1518 1224 1573; x_wconf 88' lang='lat' dir='ltr'><strong>verba</strong></span> <span class='ocrx_word' id='word_1_165' title='bbox 1261 1528 1647 1585; x_wconf 88' lang='lat' dir='ltr'><strong>prorumpens,</strong></span> <span class='ocrx_word' id='word_1_166' title='bbox 1684 1510 1875 1580; x_wconf 81' lang='lat' dir='ltr'><strong>quibus</strong></span> 
     </span>
    </p>
   </div>
   <div class='ocr_carea' id='block_1_24' title="bbox 297 1604 1879 1678">
    <p class='ocr_par' dir='ltr' id='par_1_24' title="bbox 297 1604 1879 1678">
     <span class='ocr_line' id='line_1_25' title="bbox 297 1604 1879 1678; baseline -0.016 0"><span class='ocrx_word' id='word_1_167' title='bbox 297 1628 570 1678; x_wconf 85' lang='lat' dir='ltr'><strong>assereret</strong></span> <span class='ocrx_word' id='word_1_168' title='bbox 603 1617 873 1672; x_wconf 88' lang='lat' dir='ltr'><strong>Christum</strong></span> <span class='ocrx_word' id='word_1_169' title='bbox 900 1627 1085 1668; x_wconf 89' lang='lat' dir='ltr'><strong>verum</strong></span> <span class='ocrx_word' id='word_1_170' title='bbox 1115 1608 1385 1663; x_wconf 88' lang='lat' dir='ltr'><strong>hominem</strong></span> <span class='ocrx_word' id='word_1_171' title='bbox 1409 1621 1513 1659; x_wconf 89' lang='lat' dir='ltr'><strong>non</strong></span> <span class='ocrx_word' id='word_1_172' title='bbox 1543 1604 1733 1667; x_wconf 89' lang='lat' dir='ltr'><strong>fuisse,</strong></span> <span class='ocrx_word' id='word_1_173' title='bbox 1778 1615 1879 1654; x_wconf 90' lang='lat' dir='ltr'><strong>nec</strong></span> 
     </span>
    </p>
   </div>
   <div class='ocr_carea' id='block_1_25' title="bbox 297 1696 1880 1770">
    <p class='ocr_par' dir='ltr' id='par_1_25' title="bbox 297 1696 1880 1770">
     <span class='ocr_line' id='line_1_26' title="bbox 297 1696 1880 1770; baseline -0.016 -1"><span class='ocrx_word' id='word_1_174' title='bbox 297 1716 355 1770; x_wconf 90' lang='lat' dir='ltr'><strong>in</strong></span> <span class='ocrx_word' id='word_1_175' title='bbox 382 1728 447 1768; x_wconf 92' lang='lat' dir='ltr'><strong>eo</strong></span> <span class='ocrx_word' id='word_1_176' title='bbox 479 1713 610 1766; x_wconf 90' lang='lat' dir='ltr'><strong>duas</strong></span> <span class='ocrx_word' id='word_1_177' title='bbox 636 1718 853 1765; x_wconf 87' lang='lat' dir='ltr'><strong>naturas</strong></span> <span class='ocrx_word' id='word_1_178' title='bbox 882 1720 1003 1761; x_wconf 88' lang='lat' dir='ltr'><strong>esse</strong></span> <span class='ocrx_word' id='word_1_179' title='bbox 1049 1700 1344 1757; x_wconf 89' lang='lat' dir='ltr'><strong>credendas</strong></span> <span class='ocrx_word' id='word_1_180' title='bbox 1365 1740 1381 1764; x_wconf 93' lang='lat'><strong>,</strong></span> <span class='ocrx_word' id='word_1_181' title='bbox 1416 1696 1508 1751; x_wconf 90' lang='lat' dir='ltr'><strong>sed</strong></span> <span class='ocrx_word' id='word_1_182' title='bbox 1552 1709 1709 1748; x_wconf 89' lang='lat' dir='ltr'><strong>unam</strong></span> <span class='ocrx_word' id='word_1_183' title='bbox 1763 1701 1880 1745; x_wconf 91' lang='lat' dir='ltr'><strong>tan-</strong></span> 
     </span>
    </p>
   </div>
   <div class='ocr_carea' id='block_1_26' title="bbox 297 1783 1877 1863">
    <p class='ocr_par' dir='ltr' id='par_1_26' title="bbox 297 1783 1877 1863">
     <span class='ocr_line' id='line_1_27' title="bbox 297 1783 1877 1863; baseline -0.016 -3"><span class='ocrx_word' id='word_1_184' title='bbox 297 1802 575 1859; x_wconf 89' lang='lat' dir='ltr'><strong>tummodo</strong></span> <span class='ocrx_word' id='word_1_185' title='bbox 604 1800 702 1855; x_wconf 89' lang='lat' dir='ltr'><strong>Dei</strong></span> <span class='ocrx_word' id='word_1_186' title='bbox 733 1798 916 1863; x_wconf 84' lang='lat' dir='ltr'><strong>Verbi,</strong></span> <span class='ocrx_word' id='word_1_187' title='bbox 945 1802 1312 1850; x_wconf 85' lang='lat' dir='ltr'><strong>verumtamen</strong></span> <span class='ocrx_word' id='word_1_188' title='bbox 1335 1791 1687 1844; x_wconf 90' lang='lat' dir='ltr'><strong>incarnatam.</strong></span> <span class='ocrx_word' id='word_1_189' title='bbox 1706 1783 1877 1851; x_wconf 82' lang='lat' dir='ltr'><strong>Quam</strong></span> 
     </span>
    </p>
   </div>
   <div class='ocr_carea' id='block_1_27' title="bbox 301 1871 1963 1970">
    <p class='ocr_par' dir='ltr' id='par_1_27' title="bbox 301 1871 1963 1970">
     <span class='ocr_line' id='line_1_28' title="bbox 301 1871 1963 1970; baseline -0.014 -15"><span class='ocrx_word' id='word_1_190' title='bbox 301 1898 518 1970; x_wconf 88' lang='lat' dir='ltr'><strong>quidem</strong></span> <span class='ocrx_word' id='word_1_191' title='bbox 545 1910 650 1950; x_wconf 90' lang='lat' dir='ltr'><strong>non</strong></span> <span class='ocrx_word' id='word_1_192' title='bbox 678 1908 799 1950; x_wconf 92' lang='lat' dir='ltr'><strong>esse</strong></span> <span class='ocrx_word' id='word_1_193' title='bbox 826 1890 1061 1946; x_wconf 89' lang='lat' dir='ltr'><strong>hominis</strong></span> <span class='ocrx_word' id='word_1_194' title='bbox 1094 1884 1382 1956; x_wconf 88' lang='lat' dir='ltr'><strong>perhibuit,</strong></span> <span class='ocrx_word' id='word_1_195' title='bbox 1425 1880 1519 1936; x_wconf 90' lang='lat' dir='ltr'><strong>sed</strong></span> <span class='ocrx_word' id='word_1_196' title='bbox 1556 1880 1838 1933; x_wconf 87' lang='lat' dir='ltr'><strong>humanam</strong></span> <span class='ocrx_word' id='word_1_197' title='bbox 1859 1914 1874 1937; x_wconf 87' lang='lat'><strong>,</strong></span> <span class='ocrx_word' id='word_1_198' title='bbox 1912 1871 1963 1931; x_wconf 87' lang='lat' dir='ltr'><strong>B</strong></span> 
     </span>
    </p>
   </div>
   <div class='ocr_carea' id='block_1_28' title="bbox 300 1971 1878 2055">
    <p class='ocr_par' dir='ltr' id='par_1_28' title="bbox 300 1971 1878 2055">
     <span class='ocr_line' id='line_1_29' title="bbox 300 1971 1878 2055; baseline -0.018 -7"><span class='ocrx_word' id='word_1_199' title='bbox 300 2005 363 2048; x_wconf 90' lang='lat' dir='ltr'><strong>ut</strong></span> <span class='ocrx_word' id='word_1_200' title='bbox 381 1988 674 2047; x_wconf 87' lang='lat' dir='ltr'><strong>similitudo</strong></span> <span class='ocrx_word' id='word_1_201' title='bbox 700 1985 868 2055; x_wconf 86' lang='lat' dir='ltr'><strong>magis</strong></span> <span class='ocrx_word' id='word_1_202' title='bbox 903 1981 1117 2037; x_wconf 87' lang='lat' dir='ltr'><strong>humani</strong></span> <span class='ocrx_word' id='word_1_203' title='bbox 1149 1976 1387 2046; x_wconf 89' lang='lat' dir='ltr'><strong>corporis</strong></span> <span class='ocrx_word' id='word_1_204' title='bbox 1435 1986 1591 2042; x_wconf 85' lang='lat' dir='ltr'><strong>quam</strong></span> <span class='ocrx_word' id='word_1_205' title='bbox 1622 1971 1732 2039; x_wconf 90' lang='lat' dir='ltr'><strong>ipsa</strong></span> <span class='ocrx_word' id='word_1_206' title='bbox 1780 1983 1878 2021; x_wconf 87' lang='lat' dir='ltr'><strong>ve-</strong></span> 
     </span>
    </p>
   </div>
   <div class='ocr_carea' id='block_1_29' title="bbox 302 2061 1883 2138">
    <p class='ocr_par' dir='ltr' id='par_1_29' title="bbox 302 2061 1883 2138">
     <span class='ocr_line' id='line_1_30' title="bbox 302 2061 1883 2138; baseline -0.017 0"><span class='ocrx_word' id='word_1_207' title='bbox 302 2085 435 2138; x_wconf 84' lang='lat' dir='ltr'><strong>ritas</strong></span> <span class='ocrx_word' id='word_1_208' title='bbox 457 2079 789 2136; x_wconf 87' lang='lat' dir='ltr'><strong>suaderetur.</strong></span> <span class='ocrx_word' id='word_1_209' title='bbox 818 2076 949 2130; x_wconf 86' lang='lat' dir='ltr'><strong>Cum</strong></span> <span class='ocrx_word' id='word_1_210' title='bbox 992 2071 1250 2127; x_wconf 81' lang='lat' dir='ltr'><strong>catholica</strong></span> <span class='ocrx_word' id='word_1_211' title='bbox 1299 2067 1431 2120; x_wconf 89' lang='lat' dir='ltr'><strong>ﬁdes</strong></span> <span class='ocrx_word' id='word_1_212' title='bbox 1472 2078 1656 2117; x_wconf 89' lang='lat' dir='ltr'><strong>verum</strong></span> <span class='ocrx_word' id='word_1_213' title='bbox 1710 2061 1883 2113; x_wconf 88' lang='lat' dir='ltr'><strong>Deum</strong></span> 
     </span>
    </p>
   </div>
   <div class='ocr_carea' id='block_1_30' title="bbox 303 2152 1884 2242">
    <p class='ocr_par' dir='ltr' id='par_1_30' title="bbox 303 2152 1884 2242">
     <span class='ocr_line' id='line_1_31' title="bbox 303 2152 1884 2242; baseline -0.017 -12"><span class='ocrx_word' id='word_1_214' title='bbox 303 2187 600 2242; x_wconf 88' lang='lat' dir='ltr'><strong>verumque</strong></span> <span class='ocrx_word' id='word_1_215' title='bbox 631 2169 902 2225; x_wconf 87' lang='lat' dir='ltr'><strong>hominem</strong></span> <span class='ocrx_word' id='word_1_216' title='bbox 932 2164 1202 2221; x_wconf 89' lang='lat' dir='ltr'><strong>Christum</strong></span> <span class='ocrx_word' id='word_1_217' title='bbox 1238 2159 1329 2213; x_wconf 90' lang='lat' dir='ltr'><strong>Dei</strong></span> <span class='ocrx_word' id='word_1_218' title='bbox 1359 2157 1547 2211; x_wconf 88' lang='lat' dir='ltr'><strong>Filium</strong></span> <span class='ocrx_word' id='word_1_219' title='bbox 1571 2168 1690 2209; x_wconf 90' lang='lat' dir='ltr'><strong>esse</strong></span> <span class='ocrx_word' id='word_1_220' title='bbox 1718 2152 1884 2205; x_wconf 88' lang='lat' dir='ltr'><strong>fatea-</strong></span> 
     </span>
    </p>
   </div>
   <div class='ocr_carea' id='block_1_31' title="bbox 304 2249 1887 2333">
    <p class='ocr_par' dir='ltr' id='par_1_31' title="bbox 304 2249 1887 2333">
     <span class='ocr_line' id='line_1_32' title="bbox 304 2249 1887 2333; baseline -0.018 -10"><span class='ocrx_word' id='word_1_221' title='bbox 304 2277 415 2333; x_wconf 88' lang='lat' dir='ltr'><strong>tur,</strong></span> <span class='ocrx_word' id='word_1_222' title='bbox 443 2280 552 2320; x_wconf 91' lang='lat' dir='ltr'><strong>non</strong></span> <span class='ocrx_word' id='word_1_223' title='bbox 583 2263 738 2319; x_wconf 93' lang='lat' dir='ltr'><strong>unius</strong></span> <span class='ocrx_word' id='word_1_224' title='bbox 765 2268 995 2326; x_wconf 60' lang='lat' dir='ltr'><strong>natura},</strong></span> <span class='ocrx_word' id='word_1_225' title='bbox 1015 2255 1110 2311; x_wconf 88' lang='lat' dir='ltr'><strong>sed</strong></span> <span class='ocrx_word' id='word_1_226' title='bbox 1134 2253 1289 2307; x_wconf 90' lang='lat' dir='ltr'><strong>unius</strong></span> <span class='ocrx_word' id='word_1_227' title='bbox 1310 2249 1557 2305; x_wconf 82' lang='lat' dir='ltr'><strong>essentiae</strong></span> <span class='ocrx_word' id='word_1_228' title='bbox 1579 2256 1737 2313; x_wconf 90' lang='lat' dir='ltr'><strong>atque</strong></span> <span class='ocrx_word' id='word_1_229' title='bbox 1764 2258 1887 2312; x_wconf 84' lang='lat' dir='ltr'><strong>per-</strong></span> 
     </span>
    </p>
   </div>
   <div class='ocr_carea' id='block_1_32' title="bbox 306 2338 1887 2423">
    <p class='ocr_par' dir='ltr' id='par_1_32' title="bbox 306 2338 1887 2423">
     <span class='ocr_line' id='line_1_33' title="bbox 306 2338 1887 2423; baseline -0.018 -9"><span class='ocrx_word' id='word_1_230' title='bbox 306 2372 475 2414; x_wconf 63' lang='lat' dir='ltr'><strong>sonae.</strong></span> <span class='ocrx_word' id='word_1_231' title='bbox 507 2356 640 2411; x_wconf 84' lang='lat' dir='ltr'><strong>Cum</strong></span> <span class='ocrx_word' id='word_1_232' title='bbox 672 2367 799 2423; x_wconf 84' lang='lat' dir='ltr'><strong>ergo</strong></span> <span class='ocrx_word' id='word_1_233' title='bbox 841 2347 1135 2419; x_wconf 84' lang='lat' dir='ltr'><strong>Eutychem</strong></span> <span class='ocrx_word' id='word_1_234' title='bbox 1181 2344 1370 2405; x_wconf 87' lang='lat' dir='ltr'><strong>istum,</strong></span> <span class='ocrx_word' id='word_1_235' title='bbox 1412 2338 1784 2408; x_wconf 80' lang='lat' dir='ltr'><strong>presbyterum</strong></span> <span class='ocrx_word' id='word_1_236' title='bbox 1833 2342 1887 2387; x_wconf 90' lang='lat' dir='ltr'><strong>et</strong></span> 
     </span>
    </p>
   </div>
   <div class='ocr_carea' id='block_1_33' title="bbox 306 2428 1887 2510">
    <p class='ocr_par' dir='ltr' id='par_1_33' title="bbox 306 2428 1887 2510">
     <span class='ocr_line' id='line_1_34' title="bbox 306 2428 1887 2510; baseline -0.017 -3"><span class='ocrx_word' id='word_1_237' title='bbox 306 2451 558 2506; x_wconf 86' lang='lat' dir='ltr'><strong>abbatem</strong></span> <span class='ocrx_word' id='word_1_238' title='bbox 587 2440 1193 2510; x_wconf 64' lang='lat' dir='ltr'><strong>Constantinopolitanae</strong></span> <span class='ocrx_word' id='word_1_239' title='bbox 1221 2435 1472 2497; x_wconf 85' lang='lat' dir='ltr'><strong>civitatis,</strong></span> <span class='ocrx_word' id='word_1_240' title='bbox 1504 2430 1766 2486; x_wconf 85' lang='lat' dir='ltr'><strong>Eusebius</strong></span> <span class='ocrx_word' id='word_1_241' title='bbox 1783 2428 1887 2481; x_wconf 91' lang='lat' dir='ltr'><strong>Do-</strong></span> 
     </span>
    </p>
   </div>
   <div class='ocr_carea' id='block_1_34' title="bbox 308 2520 1890 2612">
    <p class='ocr_par' dir='ltr' id='par_1_34' title="bbox 308 2520 1890 2612">
     <span class='ocr_line' id='line_1_35' title="bbox 308 2520 1890 2612; baseline -0.016 -15"><span class='ocrx_word' id='word_1_242' title='bbox 308 2542 569 2612; x_wconf 86' lang='lat' dir='ltr'><strong>rylitanus</strong></span> <span class='ocrx_word' id='word_1_243' title='bbox 589 2538 871 2607; x_wconf 89' lang='lat' dir='ltr'><strong>episcopus</strong></span> <span class='ocrx_word' id='word_1_244' title='bbox 898 2533 1124 2588; x_wconf 89' lang='lat' dir='ltr'><strong>suadere</strong></span> <span class='ocrx_word' id='word_1_245' title='bbox 1152 2528 1277 2583; x_wconf 89' lang='lat' dir='ltr'><strong>talia</strong></span> <span class='ocrx_word' id='word_1_246' title='bbox 1307 2524 1600 2595; x_wconf 90' lang='lat' dir='ltr'><strong>reperisset</strong></span> <span class='ocrx_word' id='word_1_247' title='bbox 1622 2562 1638 2588; x_wconf 93' lang='lat'><strong>,</strong></span> <span class='ocrx_word' id='word_1_248' title='bbox 1668 2522 1783 2577; x_wconf 91' lang='lat' dir='ltr'><strong>zelo</strong></span> <span class='ocrx_word' id='word_1_249' title='bbox 1829 2520 1890 2572; x_wconf 85' lang='lat' dir='ltr'><strong>ﬁ-</strong></span> 
     </span>
    </p>
   </div>
   <div class='ocr_carea' id='block_1_35' title="bbox 310 2612 1894 2703">
    <p class='ocr_par' dir='ltr' id='par_1_35' title="bbox 310 2612 1894 2703">
     <span class='ocr_line' id='line_1_36' title="bbox 310 2612 1894 2703; baseline -0.015 -14"><span class='ocrx_word' id='word_1_250' title='bbox 310 2634 420 2703; x_wconf 90' lang='lat' dir='ltr'><strong>dei,</strong></span> <span class='ocrx_word' id='word_1_251' title='bbox 462 2646 620 2702; x_wconf 87' lang='lat' dir='ltr'><strong>quam</strong></span> <span class='ocrx_word' id='word_1_252' title='bbox 666 2630 823 2686; x_wconf 88' lang='lat' dir='ltr'><strong>etiam</strong></span> <span class='ocrx_word' id='word_1_253' title='bbox 864 2642 984 2682; x_wconf 89' lang='lat' dir='ltr'><strong>cum</strong></span> <span class='ocrx_word' id='word_1_254' title='bbox 1026 2640 1189 2695; x_wconf 88' lang='lat' dir='ltr'><strong>agens</strong></span> <span class='ocrx_word' id='word_1_255' title='bbox 1221 2624 1273 2675; x_wconf 91' lang='lat' dir='ltr'><strong>in</strong></span> <span class='ocrx_word' id='word_1_256' title='bbox 1303 2618 1465 2703; x_wconf 76' lang='lat' dir='ltr'><strong>rebus</strong></span> <span class='ocrx_word' id='word_1_257' title='bbox 1486 2625 1631 2672; x_wconf 87' lang='lat' dir='ltr'><strong>esset</strong></span> <span class='ocrx_word' id='word_1_258' title='bbox 1656 2612 1894 2670; x_wconf 87' lang='lat' dir='ltr'><strong>ostendit</strong></span> 
     </span>
    </p>
   </div>
   <div class='ocr_carea' id='block_1_36' title="bbox 311 2696 1894 2796">
    <p class='ocr_par' dir='ltr' id='par_1_36' title="bbox 311 2696 1894 2796">
     <span class='ocr_line' id='line_1_37' title="bbox 311 2696 1894 2796; baseline -0.015 -15"><span class='ocrx_word' id='word_1_259' title='bbox 311 2726 451 2796; x_wconf 89' lang='lat' dir='ltr'><strong>(ipse</strong></span> <span class='ocrx_word' id='word_1_260' title='bbox 474 2725 616 2780; x_wconf 90' lang='lat' dir='ltr'><strong>enim</strong></span> <span class='ocrx_word' id='word_1_261' title='bbox 645 2721 950 2777; x_wconf 85' lang='lat' dir='ltr'><strong>Nestorium</strong></span> <span class='ocrx_word' id='word_1_262' title='bbox 980 2731 1191 2787; x_wconf 90' lang='lat' dir='ltr'><strong>quoque</strong></span> <span class='ocrx_word' id='word_1_263' title='bbox 1221 2714 1273 2768; x_wconf 89' lang='lat' dir='ltr'><strong>in</strong></span> <span class='ocrx_word' id='word_1_264' title='bbox 1312 2696 1556 2781; x_wconf 79' lang='lat' dir='ltr'><strong>tempore</strong></span> <span class='ocrx_word' id='word_1_265' title='bbox 1601 2704 1894 2777; x_wconf 84' lang='lat' dir='ltr'><strong>reprehen-</strong></span> 
     </span>
    </p>
   </div>
   <div class='ocr_carea' id='block_1_37' title="bbox 312 2799 1895 2877">
    <p class='ocr_par' dir='ltr' id='par_1_37' title="bbox 312 2799 1895 2877">
     <span class='ocr_line' id='line_1_38' title="bbox 312 2799 1895 2877; baseline -0.015 -4"><span class='ocrx_word' id='word_1_266' title='bbox 312 2817 392 2872; x_wconf 89' lang='lat' dir='ltr'><strong>dit</strong></span> <span class='ocrx_word' id='word_1_267' title='bbox 429 2816 485 2870; x_wconf 88' lang='lat' dir='ltr'><strong>in</strong></span> <span class='ocrx_word' id='word_1_268' title='bbox 517 2815 741 2870; x_wconf 88' lang='lat' dir='ltr'><strong>ecclesia</strong></span> <span class='ocrx_word' id='word_1_269' title='bbox 771 2826 858 2868; x_wconf 87' lang='lat' dir='ltr'><strong>res</strong></span> <span class='ocrx_word' id='word_1_270' title='bbox 896 2811 1183 2877; x_wconf 85' lang='lat' dir='ltr'><strong>sacrilegas</strong></span> <span class='ocrx_word' id='word_1_271' title='bbox 1219 2801 1671 2876; x_wconf 70' lang='lat' dir='ltr'><strong>praedicantem),</strong></span> <span class='ocrx_word' id='word_1_272' title='bbox 1705 2799 1895 2853; x_wconf 89' lang='lat' dir='ltr'><strong>detulit</strong></span> 
     </span>
    </p>
   </div>
   <div class='ocr_carea' id='block_1_38' title="bbox 317 2890 1893 2973">
    <p class='ocr_par' dir='ltr' id='par_1_38' title="bbox 317 2890 1893 2973">
     <span class='ocr_line' id='line_1_39' title="bbox 317 2890 1893 2973; baseline -0.014 -12"><span class='ocrx_word' id='word_1_273' title='bbox 317 2907 385 2961; x_wconf 87' lang='lat' dir='ltr'><strong>ad</strong></span> <span class='ocrx_word' id='word_1_274' title='bbox 410 2906 720 2961; x_wconf 83' lang='lat' dir='ltr'><strong>Flavianum</strong></span> <span class='ocrx_word' id='word_1_275' title='bbox 749 2902 1085 2973; x_wconf 86' lang='lat' dir='ltr'><strong>episcopum,</strong></span> <span class='ocrx_word' id='word_1_276' title='bbox 1116 2907 1170 2953; x_wconf 92' lang='lat' dir='ltr'><strong>et</strong></span> <span class='ocrx_word' id='word_1_277' title='bbox 1196 2897 1260 2951; x_wconf 90' lang='lat' dir='ltr'><strong>ad</strong></span> <span class='ocrx_word' id='word_1_278' title='bbox 1281 2895 1536 2965; x_wconf 90' lang='lat' dir='ltr'><strong>judicium</strong></span> <span class='ocrx_word' id='word_1_279' title='bbox 1565 2890 1893 2961; x_wconf 82' lang='lat' dir='ltr'><strong>provocavit.</strong></span> 
     </span>
    </p>
   </div>
   <div class='ocr_carea' id='block_1_39' title="bbox 320 2978 1898 3059">
    <p class='ocr_par' dir='ltr' id='par_1_39' title="bbox 320 2978 1898 3059">
     <span class='ocr_line' id='line_1_40' title="bbox 320 2978 1898 3059; baseline -0.015 -7"><span class='ocrx_word' id='word_1_280' title='bbox 320 2997 469 3053; x_wconf 88' lang='lat' dir='ltr'><strong>Dicta</strong></span> <span class='ocrx_word' id='word_1_281' title='bbox 502 3010 663 3052; x_wconf 88' lang='lat' dir='ltr'><strong>causa</strong></span> <span class='ocrx_word' id='word_1_282' title='bbox 699 3003 800 3049; x_wconf 91' lang='lat' dir='ltr'><strong>est.</strong></span> <span class='ocrx_word' id='word_1_283' title='bbox 843 2991 975 3050; x_wconf 87' lang='lat' dir='ltr'><strong>Cum</strong></span> <span class='ocrx_word' id='word_1_284' title='bbox 1011 2998 1190 3059; x_wconf 89' lang='lat' dir='ltr'><strong>partes</strong></span> <span class='ocrx_word' id='word_1_285' title='bbox 1220 3000 1343 3040; x_wconf 88' lang='lat' dir='ltr'><strong>suas</strong></span> <span class='ocrx_word' id='word_1_286' title='bbox 1394 2982 1663 3052; x_wconf 84' lang='lat' dir='ltr'><strong>Eutyches</strong></span> <span class='ocrx_word' id='word_1_287' title='bbox 1692 2978 1898 3031; x_wconf 85' lang='lat' dir='ltr'><strong>videret</strong></span> 
     </span>
    </p>
   </div>
   <div class='ocr_carea' id='block_1_40' title="bbox 320 3068 1898 3157">
    <p class='ocr_par' dir='ltr' id='par_1_40' title="bbox 320 3068 1898 3157">
     <span class='ocr_line' id='line_1_41' title="bbox 320 3068 1898 3157; baseline -0.015 -14"><span class='ocrx_word' id='word_1_288' title='bbox 320 3088 529 3157; x_wconf 70' lang='lat' dir='ltr'><strong>urgeri,</strong></span> <span class='ocrx_word' id='word_1_289' title='bbox 549 3102 644 3156; x_wconf 88' lang='lat' dir='ltr'><strong>per</strong></span> <span class='ocrx_word' id='word_1_290' title='bbox 661 3082 1052 3155; x_wconf 89' lang='lat' dir='ltr'><strong>Chrysaphium</strong></span> <span class='ocrx_word' id='word_1_291' title='bbox 1076 3078 1367 3147; x_wconf 86' lang='lat' dir='ltr'><strong>spatarium</strong></span> <span class='ocrx_word' id='word_1_292' title='bbox 1396 3070 1685 3127; x_wconf 90' lang='lat' dir='ltr'><strong>Theodosii</strong></span> <span class='ocrx_word' id='word_1_293' title='bbox 1714 3068 1898 3137; x_wconf 82' lang='lat' dir='ltr'><strong>praesi—</strong></span> 
     </span>
    </p>
   </div>
   <div class='ocr_carea' id='block_1_41' title="bbox 317 3158 1900 3253">
    <p class='ocr_par' dir='ltr' id='par_1_41' title="bbox 317 3158 1900 3253">
     <span class='ocr_line' id='line_1_42' title="bbox 317 3158 1900 3253; baseline -0.015 -21"><span class='ocrx_word' id='word_1_294' title='bbox 317 3175 466 3231; x_wconf 84' lang='lat' dir='ltr'><strong>dium</strong></span> <span class='ocrx_word' id='word_1_295' title='bbox 490 3175 747 3253; x_wconf 80' lang='lat' dir='ltr'><strong>principis</strong></span> <span class='ocrx_word' id='word_1_296' title='bbox 772 3171 1044 3240; x_wconf 81' lang='lat' dir='ltr'><strong>expetivit.</strong></span> <span class='ocrx_word' id='word_1_297' title='bbox 1093 3166 1257 3235; x_wconf 87' lang='lat' dir='ltr'><strong>Cujus</strong></span> <span class='ocrx_word' id='word_1_298' title='bbox 1294 3171 1561 3233; x_wconf 66' lang='lat' dir='ltr'><strong>praecepto</strong></span> <span class='ocrx_word' id='word_1_299' title='bbox 1593 3158 1900 3213; x_wconf 83' lang='lat' dir='ltr'><strong>Florentius</strong></span> 
     </span>
    </p>
   </div>
   <div class='ocr_carea' id='block_1_42' title="bbox 321 3236 1978 3330">
    <p class='ocr_par' dir='ltr' id='par_1_42' title="bbox 321 3236 1978 3330">
     <span class='ocr_line' id='line_1_43' title="bbox 321 3236 1978 3330; baseline -0.011 -9"><span class='ocrx_word' id='word_1_300' title='bbox 321 3269 404 3322; x_wconf 86' lang='lat' dir='ltr'><strong>vir</strong></span> <span class='ocrx_word' id='word_1_301' title='bbox 432 3248 678 3330; x_wconf 76' lang='lat' dir='ltr'><strong>illustris,</strong></span> <span class='ocrx_word' id='word_1_302' title='bbox 707 3263 1017 3328; x_wconf 80' lang='lat' dir='ltr'><strong>exconsule,</strong></span> <span class='ocrx_word' id='word_1_303' title='bbox 1053 3256 1375 3314; x_wconf 85' lang='lat' dir='ltr'><strong>discussioni</strong></span> <span class='ocrx_word' id='word_1_304' title='bbox 1419 3253 1676 3323; x_wconf 83' lang='lat' dir='ltr'><strong>Eutychis</strong></span> <span class='ocrx_word' id='word_1_305' title='bbox 1710 3251 1901 3305; x_wconf 85' lang='lat' dir='ltr'><strong>abesse</strong></span> <span class='ocrx_word' id='word_1_306' title='bbox 1929 3236 1978 3301; x_wconf 88' lang='lat' dir='ltr'><strong>C</strong></span> 
     </span>
    </p>
   </div>
   <div class='ocr_carea' id='block_1_43' title="bbox 319 3343 1903 3428">
    <p class='ocr_par' dir='ltr' id='par_1_43' title="bbox 319 3343 1903 3428">
     <span class='ocr_line' id='line_1_44' title="bbox 319 3343 1903 3428; baseline -0.015 -12"><span class='ocrx_word' id='word_1_307' title='bbox 319 3374 427 3417; x_wconf 88' lang='lat' dir='ltr'><strong>non</strong></span> <span class='ocrx_word' id='word_1_308' title='bbox 454 3357 645 3428; x_wconf 91' lang='lat' dir='ltr'><strong>potuit,</strong></span> <span class='ocrx_word' id='word_1_309' title='bbox 669 3365 719 3411; x_wconf 91' lang='lat' dir='ltr'><strong>et</strong></span> <span class='ocrx_word' id='word_1_310' title='bbox 756 3356 867 3425; x_wconf 93' lang='lat' dir='ltr'><strong>jam</strong></span> <span class='ocrx_word' id='word_1_311' title='bbox 903 3354 957 3408; x_wconf 91' lang='lat' dir='ltr'><strong>in</strong></span> <span class='ocrx_word' id='word_1_312' title='bbox 1007 3349 1294 3421; x_wconf 66' lang='lat' dir='ltr'><strong>praesentia</strong></span> <span class='ocrx_word' id='word_1_313' title='bbox 1343 3347 1511 3415; x_wconf 87' lang='lat' dir='ltr'><strong>ipsius</strong></span> <span class='ocrx_word' id='word_1_314' title='bbox 1568 3343 1903 3398; x_wconf 89' lang='lat' dir='ltr'><strong>convincitur</strong></span> 
     </span>
    </p>
   </div>
   <div class='ocr_carea' id='block_1_44' title="bbox 320 3437 1906 3519">
    <p class='ocr_par' dir='ltr' id='par_1_44' title="bbox 320 3437 1906 3519">
     <span class='ocr_line' id='line_1_45' title="bbox 320 3437 1906 3519; baseline -0.014 -12"><span class='ocrx_word' id='word_1_315' title='bbox 320 3448 595 3519; x_wconf 84' lang='lat' dir='ltr'><strong>Eutycbes</strong></span> <span class='ocrx_word' id='word_1_316' title='bbox 622 3457 782 3514; x_wconf 87' lang='lat' dir='ltr'><strong>atque</strong></span> <span class='ocrx_word' id='word_1_317' title='bbox 810 3446 1112 3499; x_wconf 88' lang='lat' dir='ltr'><strong>damnatur.</strong></span> <span class='ocrx_word' id='word_1_318' title='bbox 1156 3438 1456 3494; x_wconf 84' lang='lat' dir='ltr'><strong>Oﬁ&#39;enditur</strong></span> <span class='ocrx_word' id='word_1_319' title='bbox 1486 3437 1801 3505; x_wconf 89' lang='lat' dir='ltr'><strong>imperator,</strong></span> <span class='ocrx_word' id='word_1_320' title='bbox 1850 3440 1906 3485; x_wconf 85' lang='lat' dir='ltr'><strong>et</strong></span> 
     </span>
    </p>
   </div>
   <div class='ocr_carea' id='block_1_45' title="bbox 324 3522 1905 3608">
    <p class='ocr_par' dir='ltr' id='par_1_45' title="bbox 324 3522 1905 3608">
     <span class='ocr_line' id='line_1_46' title="bbox 324 3522 1905 3608; baseline -0.015 -11"><span class='ocrx_word' id='word_1_321' title='bbox 324 3540 377 3597; x_wconf 92' lang='lat' dir='ltr'><strong>in</strong></span> <span class='ocrx_word' id='word_1_322' title='bbox 423 3537 693 3608; x_wconf 87' lang='lat' dir='ltr'><strong>Ephesina</strong></span> <span class='ocrx_word' id='word_1_323' title='bbox 726 3535 945 3590; x_wconf 87' lang='lat' dir='ltr'><strong>civitate</strong></span> <span class='ocrx_word' id='word_1_324' title='bbox 989 3529 1209 3587; x_wconf 85' lang='lat' dir='ltr'><strong>mandat</strong></span> <span class='ocrx_word' id='word_1_325' title='bbox 1260 3526 1522 3600; x_wconf 90' lang='lat' dir='ltr'><strong>synodum</strong></span> <span class='ocrx_word' id='word_1_326' title='bbox 1572 3522 1905 3594; x_wconf 84' lang='lat' dir='ltr'><strong>congregari.</strong></span> 
     </span>
    </p>
   </div>
   <div class='ocr_carea' id='block_1_46' title="bbox 329 3614 1908 3698">
    <p class='ocr_par' dir='ltr' id='par_1_46' title="bbox 329 3614 1908 3698">
     <span class='ocr_line' id='line_1_47' title="bbox 329 3614 1908 3698; baseline -0.013 -10"><span class='ocrx_word' id='word_1_327' title='bbox 329 3634 541 3689; x_wconf 79' lang='lat' dir='ltr'><strong>Adsunt</strong></span> <span class='ocrx_word' id='word_1_328' title='bbox 568 3630 681 3685; x_wconf 92' lang='lat' dir='ltr'><strong>fere</strong></span> <span class='ocrx_word' id='word_1_329' title='bbox 703 3643 866 3684; x_wconf 75' lang='lat' dir='ltr'><strong>cccu</strong></span> <span class='ocrx_word' id='word_1_330' title='bbox 898 3623 1043 3698; x_wconf 67' lang='lat' dir='ltr'><strong>[exn]</strong></span> <span class='ocrx_word' id='word_1_331' title='bbox 1085 3621 1349 3693; x_wconf 89' lang='lat' dir='ltr'><strong>episcopi,</strong></span> <span class='ocrx_word' id='word_1_332' title='bbox 1409 3619 1735 3689; x_wconf 87' lang='lat' dir='ltr'><strong>principibus</strong></span> <span class='ocrx_word' id='word_1_333' title='bbox 1782 3614 1908 3669; x_wconf 84' lang='lat' dir='ltr'><strong>Dio-</strong></span> 
     </span>
    </p>
   </div>
   <div class='ocr_carea' id='block_1_47' title="bbox 327 3711 1907 3789">
    <p class='ocr_par' dir='ltr' id='par_1_47' title="bbox 327 3711 1907 3789">
     <span class='ocr_line' id='line_1_48' title="bbox 327 3711 1907 3789; baseline -0.012 -8"><span class='ocrx_word' id='word_1_334' title='bbox 327 3739 483 3783; x_wconf 88' lang='lat' dir='ltr'><strong>scoro</strong></span> <span class='ocrx_word' id='word_1_335' title='bbox 508 3721 873 3779; x_wconf 80' lang='lat' dir='ltr'><strong>Alexandrino</strong></span> <span class='ocrx_word' id='word_1_336' title='bbox 898 3720 1172 3789; x_wconf 90' lang='lat' dir='ltr'><strong>episcopo,</strong></span> <span class='ocrx_word' id='word_1_337' title='bbox 1196 3714 1440 3770; x_wconf 87' lang='lat' dir='ltr'><strong>Juvenali</strong></span> <span class='ocrx_word' id='word_1_338' title='bbox 1464 3711 1907 3780; x_wconf 85' lang='lat' dir='ltr'><strong>Hierosolymita-</strong></span> 
     </span>
    </p>
   </div>
   <div class='ocr_carea' id='block_1_48' title="bbox 329 3799 1911 3884">
    <p class='ocr_par' dir='ltr' id='par_1_48' title="bbox 329 3799 1911 3884">
     <span class='ocr_line' id='line_1_49' title="bbox 329 3799 1911 3884; baseline -0.014 -11"><span class='ocrx_word' id='word_1_339' title='bbox 329 3834 423 3884; x_wconf 89' lang='lat' dir='ltr'><strong>no,</strong></span> <span class='ocrx_word' id='word_1_340' title='bbox 451 3815 731 3871; x_wconf 85' lang='lat' dir='ltr'><strong>Thalassio</strong></span> <span class='ocrx_word' id='word_1_341' title='bbox 754 3808 1096 3873; x_wconf 63' lang='lat' dir='ltr'><strong>Caesariensi,</strong></span> <span class='ocrx_word' id='word_1_342' title='bbox 1131 3804 1409 3862; x_wconf 76' lang='lat' dir='ltr'><strong>Eustathio</strong></span> <span class='ocrx_word' id='word_1_343' title='bbox 1440 3802 1720 3871; x_wconf 87' lang='lat' dir='ltr'><strong>Berytensi</strong></span> <span class='ocrx_word' id='word_1_344' title='bbox 1746 3842 1759 3865; x_wconf 96' lang='lat'><strong>,</strong></span> <span class='ocrx_word' id='word_1_345' title='bbox 1804 3799 1911 3852; x_wconf 87' lang='lat' dir='ltr'><strong>Eu-</strong></span> 
     </span>
    </p>
   </div>
   <div class='ocr_carea' id='block_1_49' title="bbox 330 3890 1911 3977">
    <p class='ocr_par' dir='ltr' id='par_1_49' title="bbox 330 3890 1911 3977">
     <span class='ocr_line' id='line_1_50' title="bbox 330 3890 1911 3977; baseline -0.015 -12"><span class='ocrx_word' id='word_1_346' title='bbox 330 3909 481 3965; x_wconf 88' lang='lat' dir='ltr'><strong>sebio</strong></span> <span class='ocrx_word' id='word_1_347' title='bbox 501 3906 849 3977; x_wconf 87' lang='lat' dir='ltr'><strong>Ancyritano,</strong></span> <span class='ocrx_word' id='word_1_348' title='bbox 880 3900 1075 3957; x_wconf 88' lang='lat' dir='ltr'><strong>Basilio</strong></span> <span class='ocrx_word' id='word_1_349' title='bbox 1104 3893 1724 3953; x_wconf 86' lang='lat' dir='ltr'><strong>lsauriae.lnterfuerunt</strong></span> <span class='ocrx_word' id='word_1_350' title='bbox 1752 3890 1911 3944; x_wconf 90' lang='lat' dir='ltr'><strong>etiam</strong></span> 
     </span>
    </p>
   </div>
   <div class='ocr_carea' id='block_1_50' title="bbox 331 3982 1915 4070">
    <p class='ocr_par' dir='ltr' id='par_1_50' title="bbox 331 3982 1915 4070">
     <span class='ocr_line' id='line_1_51' title="bbox 331 3982 1915 4070; baseline -0.015 -11"><span class='ocrx_word' id='word_1_351' title='bbox 331 4001 513 4059; x_wconf 90' lang='lat' dir='ltr'><strong>vicarii</strong></span> <span class='ocrx_word' id='word_1_352' title='bbox 539 4001 606 4055; x_wconf 89' lang='lat' dir='ltr'><strong>ab</strong></span> <span class='ocrx_word' id='word_1_353' title='bbox 635 3996 930 4070; x_wconf 85' lang='lat' dir='ltr'><strong>apostolica</strong></span> <span class='ocrx_word' id='word_1_354' title='bbox 951 3992 1078 4049; x_wconf 90' lang='lat' dir='ltr'><strong>sede</strong></span> <span class='ocrx_word' id='word_1_355' title='bbox 1106 3989 1319 4053; x_wconf 86' lang='lat' dir='ltr'><strong>directi,</strong></span> <span class='ocrx_word' id='word_1_356' title='bbox 1366 3986 1541 4042; x_wconf 84' lang='lat' dir='ltr'><strong>Julius</strong></span> <span class='ocrx_word' id='word_1_357' title='bbox 1585 3982 1915 4038; x_wconf 85' lang='lat' dir='ltr'><strong>Puteolanus</strong></span> 
     </span>
    </p>
   </div>
   <div class='ocr_carea' id='block_1_51' title="bbox 333 4074 1916 4166">
    <p class='ocr_par' dir='ltr' id='par_1_51' title="bbox 333 4074 1916 4166">
     <span class='ocr_line' id='line_1_52' title="bbox 333 4074 1916 4166; baseline -0.016 -15"><span class='ocrx_word' id='word_1_358' title='bbox 333 4094 650 4166; x_wconf 87' lang='lat' dir='ltr'><strong>episcopus,</strong></span> <span class='ocrx_word' id='word_1_359' title='bbox 709 4091 919 4146; x_wconf 86' lang='lat' dir='ltr'><strong>Hilarus</strong></span> <span class='ocrx_word' id='word_1_360' title='bbox 974 4083 1416 4149; x_wconf 85' lang='lat' dir='ltr'><strong>archidiaconus,</strong></span> <span class='ocrx_word' id='word_1_361' title='bbox 1467 4077 1590 4147; x_wconf 90' lang='lat' dir='ltr'><strong>quia</strong></span> <span class='ocrx_word' id='word_1_362' title='bbox 1638 4074 1916 4145; x_wconf 85' lang='lat' dir='ltr'><strong>presbyter</strong></span> 
     </span>
    </p>
   </div>
   <div class='ocr_carea' id='block_1_52' title="bbox 334 4164 1921 4243">
    <p class='ocr_par' dir='ltr' id='par_1_52' title="bbox 334 4164 1921 4243">
     <span class='ocr_line' id='line_1_53' title="bbox 334 4164 1921 4243; baseline -0.016 -1"><span class='ocrx_word' id='word_1_363' title='bbox 334 4164 629 4241; x_wconf 29' lang='lat' dir='ltr'><strong>lt&#39;Renatus</strong></span> <span class='ocrx_word' id='word_1_364' title='bbox 648 4184 703 4238; x_wconf 92' lang='lat' dir='ltr'><strong>in</strong></span> <span class='ocrx_word' id='word_1_365' title='bbox 733 4181 864 4236; x_wconf 88' lang='lat' dir='ltr'><strong>Delo</strong></span> <span class='ocrx_word' id='word_1_366' title='bbox 894 4177 1061 4233; x_wconf 89' lang='lat' dir='ltr'><strong>insula</strong></span> <span class='ocrx_word' id='word_1_367' title='bbox 1087 4183 1260 4230; x_wconf 92' lang='lat' dir='ltr'><strong>morte</strong></span> <span class='ocrx_word' id='word_1_368' title='bbox 1286 4180 1590 4243; x_wconf 60' lang='lat' dir='ltr'><strong>praventus</strong></span> <span class='ocrx_word' id='word_1_369' title='bbox 1612 4176 1713 4223; x_wconf 91' lang='lat' dir='ltr'><strong>est.</strong></span> <span class='ocrx_word' id='word_1_370' title='bbox 1737 4164 1921 4219; x_wconf 81' lang='lat' dir='ltr'><strong>Adfuit</strong></span> 
     </span>
    </p>
   </div>
   <div class='ocr_carea' id='block_1_53' title="bbox 338 4257 1917 4337">
    <p class='ocr_par' dir='ltr' id='par_1_53' title="bbox 338 4257 1917 4337">
     <span class='ocr_line' id='line_1_54' title="bbox 338 4257 1917 4337; baseline -0.015 -2"><span class='ocrx_word' id='word_1_371' title='bbox 338 4279 498 4335; x_wconf 90' lang='lat' dir='ltr'><strong>etiam</strong></span> <span class='ocrx_word' id='word_1_372' title='bbox 531 4276 787 4332; x_wconf 87' lang='lat' dir='ltr'><strong>Dulcitius</strong></span> <span class='ocrx_word' id='word_1_373' title='bbox 814 4271 1074 4328; x_wconf 91' lang='lat' dir='ltr'><strong>notarius.</strong></span> <span class='ocrx_word' id='word_1_374' title='bbox 1103 4269 1161 4323; x_wconf 88' lang='lat' dir='ltr'><strong>ln</strong></span> <span class='ocrx_word' id='word_1_375' title='bbox 1191 4282 1296 4337; x_wconf 88' lang='lat' dir='ltr'><strong>quo</strong></span> <span class='ocrx_word' id='word_1_376' title='bbox 1326 4272 1631 4320; x_wconf 73' lang='lat' dir='ltr'><strong>conventu“</strong></span> <span class='ocrx_word' id='word_1_377' title='bbox 1664 4257 1917 4328; x_wconf 89' lang='lat' dir='ltr'><strong>repudia-</strong></span> 
     </span>
    </p>
   </div>
   <div class='ocr_carea' id='block_1_54' title="bbox 341 4351 1921 4440">
    <p class='ocr_par' dir='ltr' id='par_1_54' title="bbox 341 4351 1921 4440">
     <span class='ocr_line' id='line_1_55' title="bbox 341 4351 1921 4440; baseline -0.016 -11"><span class='ocrx_word' id='word_1_378' title='bbox 341 4380 497 4428; x_wconf 89' lang='lat' dir='ltr'><strong>taest</strong></span> <span class='ocrx_word' id='word_1_379' title='bbox 517 4368 741 4440; x_wconf 90' lang='lat' dir='ltr'><strong>epistola</strong></span> <span class='ocrx_word' id='word_1_380' title='bbox 771 4380 924 4436; x_wconf 74' lang='lat' dir='ltr'><strong>papae</strong></span> <span class='ocrx_word' id='word_1_381' title='bbox 952 4361 1147 4419; x_wconf 86' lang='lat' dir='ltr'><strong>Leonis</strong></span> <span class='ocrx_word' id='word_1_382' title='bbox 1200 4357 1497 4429; x_wconf 86' lang='lat' dir='ltr'><strong>dogmatica</strong></span> <span class='ocrx_word' id='word_1_383' title='bbox 1546 4352 1613 4407; x_wconf 89' lang='lat' dir='ltr'><strong>ad</strong></span> <span class='ocrx_word' id='word_1_384' title='bbox 1657 4351 1921 4422; x_wconf 83' lang='lat' dir='ltr'><strong>synodum</strong></span> 
     </span>
    </p>
   </div>
   <div class='ocr_carea' id='block_1_55' title="bbox 340 4445 1923 4531">
    <p class='ocr_par' dir='ltr' id='par_1_55' title="bbox 340 4445 1923 4531">
     <span class='ocr_line' id='line_1_56' title="bbox 340 4445 1923 4531; baseline -0.015 -11"><span class='ocrx_word' id='word_1_385' title='bbox 340 4463 762 4531; x_wconf 83' lang='lat' dir='ltr'><strong>Flavianumque</strong></span> <span class='ocrx_word' id='word_1_386' title='bbox 780 4459 1006 4522; x_wconf 89' lang='lat' dir='ltr'><strong>directa,</strong></span> <span class='ocrx_word' id='word_1_387' title='bbox 1039 4463 1095 4511; x_wconf 87' lang='lat' dir='ltr'><strong>et</strong></span> <span class='ocrx_word' id='word_1_388' title='bbox 1118 4453 1330 4523; x_wconf 87' lang='lat' dir='ltr'><strong>penitus</strong></span> <span class='ocrx_word' id='word_1_389' title='bbox 1354 4464 1463 4506; x_wconf 91' lang='lat' dir='ltr'><strong>non</strong></span> <span class='ocrx_word' id='word_1_390' title='bbox 1490 4445 1817 4518; x_wconf 83' lang='lat' dir='ltr'><strong>permittitur</strong></span> <span class='ocrx_word' id='word_1_391' title='bbox 1838 4457 1923 4498; x_wconf 87' lang='lat' dir='ltr'><strong>re-</strong></span> 
     </span>
    </p>
   </div>
   <div class='ocr_carea' id='block_1_56' title="bbox 343 4534 1923 4614">
    <p class='ocr_par' dir='ltr' id='par_1_56' title="bbox 343 4534 1923 4614">
     <span class='ocr_line' id='line_1_57' title="bbox 343 4534 1923 4614; baseline -0.016 -1"><span class='ocrx_word' id='word_1_392' title='bbox 343 4556 575 4613; x_wconf 89' lang='lat' dir='ltr'><strong>censeri.</strong></span> <span class='ocrx_word' id='word_1_393' title='bbox 596 4554 731 4607; x_wconf 86' lang='lat' dir='ltr'><strong>Tota</strong></span> <span class='ocrx_word' id='word_1_394' title='bbox 754 4552 864 4614; x_wconf 84' lang='lat' dir='ltr'><strong>die.</strong></span> <span class='ocrx_word' id='word_1_395' title='bbox 895 4551 949 4605; x_wconf 91' lang='lat' dir='ltr'><strong>id</strong></span> <span class='ocrx_word' id='word_1_396' title='bbox 978 4558 1059 4605; x_wconf 90' lang='lat' dir='ltr'><strong>est</strong></span> <span class='ocrx_word' id='word_1_397' title='bbox 1084 4565 1136 4602; x_wconf 79' lang='lat' dir='ltr'><strong>vi</strong></span> <span class='ocrx_word' id='word_1_398' title='bbox 1167 4547 1285 4602; x_wconf 91' lang='lat' dir='ltr'><strong>idus</strong></span> <span class='ocrx_word' id='word_1_399' title='bbox 1316 4541 1562 4612; x_wconf 86' lang='lat' dir='ltr'><strong>Augusti,</strong></span> <span class='ocrx_word' id='word_1_400' title='bbox 1610 4538 1739 4593; x_wconf 88' lang='lat' dir='ltr'><strong>nihil</strong></span> <span class='ocrx_word' id='word_1_401' title='bbox 1779 4534 1923 4591; x_wconf 84' lang='lat' dir='ltr'><strong>aliud</strong></span> 
     </span>
    </p>
   </div>
   <div class='ocr_carea' id='block_1_57' title="bbox 347 4609 2005 4714">
    <p class='ocr_par' dir='ltr' id='par_1_57' title="bbox 347 4609 2005 4714">
     <span class='ocr_line' id='line_1_58' title="bbox 347 4609 2005 4714; baseline -0.013 -9"><span class='ocrx_word' id='word_1_402' title='bbox 347 4609 453 4705; x_wconf 65' lang='lat' dir='ltr'><strong>nisi</strong></span> <span class='ocrx_word' id='word_1_403' title='bbox 482 4644 746 4714; x_wconf 91' lang='lat' dir='ltr'><strong>quondam</strong></span> <span class='ocrx_word' id='word_1_404' title='bbox 772 4609 1000 4698; x_wconf 76' lang='lat' dir='ltr'><strong>Nestorii</strong></span> <span class='ocrx_word' id='word_1_405' title='bbox 1028 4639 1298 4704; x_wconf 89' lang='lat' dir='ltr'><strong>damnati,</strong></span> <span class='ocrx_word' id='word_1_406' title='bbox 1332 4638 1381 4691; x_wconf 90' lang='lat' dir='ltr'><strong>id</strong></span> <span class='ocrx_word' id='word_1_407' title='bbox 1406 4609 1493 4691; x_wconf 78' lang='lat' dir='ltr'><strong>est</strong></span> <span class='ocrx_word' id='word_1_408' title='bbox 1519 4633 1713 4703; x_wconf 85' lang='lat' dir='ltr'><strong>prioris</strong></span> <span class='ocrx_word' id='word_1_409' title='bbox 1739 4630 1919 4700; x_wconf 88' lang='lat' dir='ltr'><strong>Ephe-</strong></span> <span class='ocrx_word' id='word_1_410' title='bbox 1949 4609 2005 4670; x_wconf 72' lang='grc' dir='ltr'><strong>Β</strong></span> 
     </span>
    </p>
   </div>
   <div class='ocr_carea' id='block_1_58' title="bbox 349 4721 1920 4808">
    <p class='ocr_par' dir='ltr' id='par_1_58' title="bbox 349 4721 1920 4808">
     <span class='ocr_line' id='line_1_59' title="bbox 349 4721 1920 4808; baseline -0.014 -12"><span class='ocrx_word' id='word_1_411' title='bbox 349 4740 482 4797; x_wconf 79' lang='lat' dir='ltr'><strong>sinas</strong></span> <span class='ocrx_word' id='word_1_412' title='bbox 511 4735 700 4808; x_wconf 87' lang='lat' dir='ltr'><strong>synodi</strong></span> <span class='ocrx_word' id='word_1_413' title='bbox 726 4742 871 4804; x_wconf 87' lang='lat' dir='ltr'><strong>gesta</strong></span> <span class='ocrx_word' id='word_1_414' title='bbox 891 4732 1218 4800; x_wconf 88' lang='lat' dir='ltr'><strong>releguntur.</strong></span> <span class='ocrx_word' id='word_1_415' title='bbox 1243 4726 1414 4783; x_wconf 88' lang='lat' dir='ltr'><strong>Simul</strong></span> <span class='ocrx_word' id='word_1_416' title='bbox 1438 4725 1596 4781; x_wconf 91' lang='lat' dir='ltr'><strong>etiam</strong></span> <span class='ocrx_word' id='word_1_417' title='bbox 1619 4721 1920 4789; x_wconf 90' lang='lat' dir='ltr'><strong>discutitur,</strong></span> 
     </span>
    </p>
   </div>
   <div class='ocr_carea' id='block_1_59' title="bbox 350 4814 1965 4889">
    <p class='ocr_par' dir='ltr' id='par_1_59' title="bbox 350 4814 1965 4889">
     <span class='ocr_line' id='line_1_60' title="bbox 350 4814 1965 4889; baseline -0.016 -2"><span class='ocrx_word' id='word_1_418' title='bbox 350 4830 507 4888; x_wconf 89' lang='lat' dir='ltr'><strong>lectis</strong></span> <span class='ocrx_word' id='word_1_419' title='bbox 532 4826 780 4883; x_wconf 89' lang='lat' dir='ltr'><strong>omnibus</strong></span> <span class='ocrx_word' id='word_1_420' title='bbox 803 4821 1027 4887; x_wconf 89' lang='lat' dir='ltr'><strong>chartis,</strong></span> <span class='ocrx_word' id='word_1_421' title='bbox 1056 4818 1313 4889; x_wconf 89' lang='lat' dir='ltr'><strong>judicium</strong></span> <span class='ocrx_word' id='word_1_422' title='bbox 1350 4816 1419 4870; x_wconf 88' lang='lat' dir='ltr'><strong>de</strong></span> <span class='ocrx_word' id='word_1_423' title='bbox 1458 4814 1696 4884; x_wconf 87' lang='lat' dir='ltr'><strong>Eutyche</strong></span> <span class='ocrx_word' id='word_1_424' title='bbox 1728 4820 1927 4868; x_wconf 71' lang='lat' dir='ltr'><strong>sancta:</strong></span> <span class='ocrx_word' id='word_1_425' title='bbox 1964 4858 1965 4861; x_wconf 44' lang='grc' dir='ltr'><strong>η</strong></span> 
     </span>
    </p>
   </div>
   <div class='ocr_carea' id='block_1_60' title="bbox 354 4900 1925 4979">
    <p class='ocr_par' dir='ltr' id='par_1_60' title="bbox 354 4900 1925 4979">
     <span class='ocr_line' id='line_1_61' title="bbox 354 4900 1925 4979; baseline -0.015 1"><span class='ocrx_word' id='word_1_426' title='bbox 354 4919 627 4979; x_wconf 75' lang='lat' dir='ltr'><strong>memoria:</strong></span> <span class='ocrx_word' id='word_1_427' title='bbox 653 4914 909 4972; x_wconf 86' lang='lat' dir='ltr'><strong>Flaviani.</strong></span> <span class='ocrx_word' id='word_1_428' title='bbox 939 4913 1145 4967; x_wconf 90' lang='lat' dir='ltr'><strong>Interea</strong></span> <span class='ocrx_word' id='word_1_429' title='bbox 1172 4922 1294 4963; x_wconf 92' lang='lat' dir='ltr'><strong>cum</strong></span> <span class='ocrx_word' id='word_1_430' title='bbox 1326 4906 1585 4975; x_wconf 88' lang='lat' dir='ltr'><strong>Eutychis</strong></span> <span class='ocrx_word' id='word_1_431' title='bbox 1615 4900 1642 4940; x_wconf 74' lang='grc' dir='ltr'>ἀ</span> <span class='ocrx_word' id='word_1_432' title='bbox 1674 4904 1925 4972; x_wconf 64' lang='grc' dir='ltr'><strong>ιιιαεριιθο</strong></span> 
     </span>
    </p>
   </div>
   <div class='ocr_carea' id='block_1_61' title="bbox 354 4992 1931 5081">
    <p class='ocr_par' dir='ltr' id='par_1_61' title="bbox 354 4992 1931 5081">
     <span class='ocr_line' id='line_1_62' title="bbox 354 4992 1931 5081; baseline -0.015 -10"><span class='ocrx_word' id='word_1_433' title='bbox 354 5012 478 5071; x_wconf 61' lang='lat' dir='ltr'><strong>mia:</strong></span> <span class='ocrx_word' id='word_1_434' title='bbox 502 5010 889 5081; x_wconf 84' lang='lat' dir='ltr'><strong>relegerentur,</strong></span> <span class='ocrx_word' id='word_1_435' title='bbox 918 5003 986 5059; x_wconf 91' lang='lat' dir='ltr'><strong>ab</strong></span> <span class='ocrx_word' id='word_1_436' title='bbox 1011 4999 1259 5057; x_wconf 90' lang='lat' dir='ltr'><strong>omnibus</strong></span> <span class='ocrx_word' id='word_1_437' title='bbox 1285 4996 1635 5051; x_wconf 87' lang='lat' dir='ltr'><strong>acclamatum</strong></span> <span class='ocrx_word' id='word_1_438' title='bbox 1662 5002 1746 5048; x_wconf 91' lang='lat' dir='ltr'><strong>est</strong></span> <span class='ocrx_word' id='word_1_439' title='bbox 1792 4992 1931 5048; x_wconf 90' lang='lat' dir='ltr'><strong>hanc</strong></span> 
     </span>
    </p>
   </div>
   <div class='ocr_carea' id='block_1_62' title="bbox 359 5197 1931 5345">
    <p class='ocr_par' dir='ltr' id='par_1_62' title="bbox 359 5197 1931 5345">
     <span class='ocr_line' id='line_1_63' title="bbox 359 5197 1931 5345; baseline -0.015 -72"><span class='ocrx_word' id='word_1_440' title='bbox 359 5224 465 5345; x_wconf 55' lang='lat'><strong>‘3;</strong></span> <span class='ocrx_word' id='word_1_441' title='bbox 478 5214 668 5271; x_wconf 87' lang='lat' dir='ltr'><strong>Petrus</strong></span> <span class='ocrx_word' id='word_1_442' title='bbox 694 5212 749 5267; x_wconf 92' lang='lat' dir='ltr'><strong>in</strong></span> <span class='ocrx_word' id='word_1_443' title='bbox 787 5207 1037 5266; x_wconf 87' lang='lat' dir='ltr'><strong>Oasitana</strong></span> <span class='ocrx_word' id='word_1_444' title='bbox 1094 5199 1382 5260; x_wconf 88' lang='lat' dir='ltr'><strong>solitudine</strong></span> <span class='ocrx_word' id='word_1_445' title='bbox 1433 5197 1747 5267; x_wconf 90' lang='lat' dir='ltr'><strong>deportatus</strong></span> <span class='ocrx_word' id='word_1_446' title='bbox 1789 5207 1931 5250; x_wconf 89' lang='lat' dir='ltr'><strong>anno</strong></span> 
     </span>
    </p>
   </div>
   <div class='ocr_carea' id='block_1_63' title="bbox 366 5418 1253 5501">
    <p class='ocr_par' dir='ltr' id='par_1_63' title="bbox 366 5418 1253 5501">
     <span class='ocr_line' id='line_1_64' title="bbox 366 5418 1253 5501; baseline -0.018 -17"><span class='ocrx_word' id='word_1_447' title='bbox 366 5438 485 5501; x_wconf 88' lang='lat' dir='ltr'><strong>post</strong></span> <span class='ocrx_word' id='word_1_448' title='bbox 499 5426 763 5501; x_wconf 76' lang='lat' dir='ltr'><strong>synodum</strong></span> <span class='ocrx_word' id='word_1_449' title='bbox 784 5418 890 5501; x_wconf 67' lang='lat' dir='ltr'><strong>sed</strong></span> <span class='ocrx_word' id='word_1_450' title='bbox 908 5419 973 5472; x_wconf 85' lang='lat' dir='ltr'><strong>ad</strong></span> <span class='ocrx_word' id='word_1_451' title='bbox 996 5418 1253 5501; x_wconf 57' lang='lat' dir='ltr'><strong>Hilarum.</strong></span> 
     </span>
    </p>
   </div>
   <div class='ocr_carea' id='block_1_64' title="bbox 440 5480 1784 5561">
    <p class='ocr_par' dir='ltr' id='par_1_64' title="bbox 440 5480 1784 5561">
     <span class='ocr_line' id='line_1_65' title="bbox 440 5480 1784 5561; baseline -0.016 -9"><span class='ocrx_word' id='word_1_452' title='bbox 440 5480 746 5561; x_wconf 15' lang='lat' dir='ltr'><strong>sisuscepta</strong></span> <span class='ocrx_word' id='word_1_453' title='bbox 768 5489 991 5561; x_wconf 83' lang='lat' dir='ltr'><strong>quidem</strong></span> <span class='ocrx_word' id='word_1_454' title='bbox 1011 5502 1040 5542; x_wconf 95' lang='lat' dir='ltr'><strong>a</strong></span> <span class='ocrx_word' id='word_1_455' title='bbox 1070 5487 1345 5561; x_wconf 76' lang='lat' dir='ltr'><strong>Dioscorp,</strong></span> <span class='ocrx_word' id='word_1_456' title='bbox 1376 5481 1470 5561; x_wconf 82' lang='lat' dir='ltr'><strong>sed</strong></span> <span class='ocrx_word' id='word_1_457' title='bbox 1493 5496 1597 5561; x_wconf 80' lang='lat' dir='ltr'><strong>non</strong></span> <span class='ocrx_word' id='word_1_458' title='bbox 1627 5480 1784 5561; x_wconf 79' lang='lat' dir='ltr'><strong>lecta.</strong></span> 
     </span>
    </p>
   </div>
   <div class='ocr_carea' id='block_1_65' title="bbox 434 5551 1906 5626">
    <p class='ocr_par' dir='ltr' id='par_1_65' title="bbox 434 5551 1906 5626">
     <span class='ocr_line' id='line_1_66' title="bbox 434 5551 1906 5626; baseline -0.016 -3"><span class='ocrx_word' id='word_1_459' title='bbox 434 5569 461 5605; x_wconf 73' lang='grc' dir='ltr'>α</span> <span class='ocrx_word' id='word_1_460' title='bbox 495 5551 725 5624; x_wconf 81' lang='lat' dir='ltr'><strong>Subdola</strong></span> <span class='ocrx_word' id='word_1_461' title='bbox 753 5551 895 5617; x_wconf 77' lang='lat' dir='ltr'><strong>enim</strong></span> <span class='ocrx_word' id='word_1_462' title='bbox 924 5559 1150 5626; x_wconf 88' lang='lat' dir='ltr'><strong>fuitejus</strong></span> <span class='ocrx_word' id='word_1_463' title='bbox 1181 5555 1442 5625; x_wconf 80' lang='lat' dir='ltr'><strong>professio</strong></span> <span class='ocrx_word' id='word_1_464' title='bbox 1462 5563 1518 5609; x_wconf 88' lang='lat' dir='ltr'><strong>et</strong></span> <span class='ocrx_word' id='word_1_465' title='bbox 1540 5551 1789 5606; x_wconf 62' lang='lat' dir='ltr'><strong>haeresim</strong></span> <span class='ocrx_word' id='word_1_466' title='bbox 1820 5557 1906 5601; x_wconf 50' lang='lat' dir='ltr'><strong>ta.</strong></span> 
     </span>
    </p>
   </div>
   <div class='ocr_carea' id='block_1_66' title="bbox 367 5636 787 5705">
    <p class='ocr_par' dir='ltr' id='par_1_66' title="bbox 367 5636 787 5705">
     <span class='ocr_line' id='line_1_67' title="bbox 367 5636 787 5705; baseline -0.029 -8"><span class='ocrx_word' id='word_1_467' title='bbox 367 5639 537 5697; x_wconf 89' lang='lat' dir='ltr'><strong>cendo</strong></span> <span class='ocrx_word' id='word_1_468' title='bbox 557 5636 787 5705; x_wconf 77' lang='lat' dir='ltr'><strong>tegebat.</strong></span> 
     </span>
    </p>
   </div>
   <div class='ocr_carea' id='block_1_67' title="bbox 442 5698 1239 5771">
    <p class='ocr_par' dir='ltr' id='par_1_67' title="bbox 442 5698 1239 5771">
     <span class='ocr_line' id='line_1_68' title="bbox 442 5698 1239 5771; baseline -0.016 -7"><span class='ocrx_word' id='word_1_469' title='bbox 442 5721 463 5749; x_wconf 74' lang='grc' dir='ltr'><strong><em>ο</em></strong></span> <span class='ocrx_word' id='word_1_470' title='bbox 497 5698 651 5763; x_wconf 75' lang='lat' dir='ltr'><strong>Anno</strong></span> <span class='ocrx_word' id='word_1_471' title='bbox 679 5702 805 5771; x_wconf 73' lang='lat' dir='ltr'><strong>M9,</strong></span> <span class='ocrx_word' id='word_1_472' title='bbox 828 5701 913 5756; x_wconf 92' lang='lat' dir='ltr'><strong>die</strong></span> <span class='ocrx_word' id='word_1_473' title='bbox 932 5700 969 5754; x_wconf 71' lang='lat'><strong>2</strong></span> <span class='ocrx_word' id='word_1_474' title='bbox 994 5698 1239 5771; x_wconf 81' lang='lat' dir='ltr'><strong>Augusti.</strong></span> 
     </span>
    </p>
   </div>
   <div class='ocr_carea' id='block_1_68' title="bbox 445 5765 1424 5832">
    <p class='ocr_par' dir='ltr' id='par_1_68' title="bbox 445 5765 1424 5832">
     <span class='ocr_line' id='line_1_69' title="bbox 445 5765 1424 5832; baseline -0.012 1"><span class='ocrx_word' id='word_1_475' title='bbox 445 5780 462 5820; x_wconf 76' lang='grc' dir='ltr'><em>τ</em></span> <span class='ocrx_word' id='word_1_476' title='bbox 494 5779 625 5832; x_wconf 80' lang='lat' dir='ltr'><strong>Vide</strong></span> <span class='ocrx_word' id='word_1_477' title='bbox 643 5765 840 5830; x_wconf 81' lang='lat' dir='ltr'><strong>Chron.</strong></span> <span class='ocrx_word' id='word_1_478' title='bbox 871 5765 1161 5828; x_wconf 83' lang='lat' dir='ltr'><strong>Marcellini</strong></span> <span class='ocrx_word' id='word_1_479' title='bbox 1190 5765 1424 5826; x_wconf 88' lang='lat' dir='ltr'><strong>comitis.</strong></span> 
     </span>
    </p>
   </div>
   <div class='ocr_carea' id='block_1_69' title="bbox 442 5842 902 5917">
    <p class='ocr_par' dir='ltr' id='par_1_69' title="bbox 442 5842 902 5917">
     <span class='ocr_line' id='line_1_70' title="bbox 442 5842 902 5917; baseline -0.035 2"><span class='ocrx_word' id='word_1_480' title='bbox 442 5861 468 5906; x_wconf 71' lang='grc'>⁸</span> <span class='ocrx_word' id='word_1_481' title='bbox 491 5850 560 5917; x_wconf 73' lang='grc'><strong>18</strong></span> <span class='ocrx_word' id='word_1_482' title='bbox 583 5846 747 5917; x_wconf 71' lang='lat' dir='ltr'><strong>Febr,</strong></span> <span class='ocrx_word' id='word_1_483' title='bbox 774 5842 902 5909; x_wconf 67' lang='grc' dir='ltr'><strong>ΗΟ.</strong></span> 
     </span>
    </p>
   </div>
   <div class='ocr_carea' id='block_1_70' title="bbox 432 5326 1986 5419">
    <p class='ocr_par' dir='ltr' id='par_1_70' title="bbox 432 5326 1986 5419">
     <span class='ocr_line' id='line_1_71' title="bbox 432 5326 1986 5419; baseline -0.015 -7"><span class='ocrx_word' id='word_1_484' title='bbox 432 5326 565 5411; x_wconf 63' lang='grc' dir='ltr'><strong>ἷἈι]</strong></span> <span class='ocrx_word' id='word_1_485' title='bbox 595 5368 718 5409; x_wconf 90' lang='lat' dir='ltr'><strong>eum</strong></span> <span class='ocrx_word' id='word_1_486' title='bbox 742 5352 919 5419; x_wconf 88' lang='lat' dir='ltr'><strong>itaque</strong></span> <span class='ocrx_word' id='word_1_487' title='bbox 944 5345 1223 5419; x_wconf 75' lang='lat' dir='ltr'><strong>nondedit</strong></span> <span class='ocrx_word' id='word_1_488' title='bbox 1254 5341 1533 5414; x_wconf 89' lang='lat' dir='ltr'><strong>epistolam</strong></span> <span class='ocrx_word' id='word_1_489' title='bbox 1559 5337 1932 5393; x_wconf 86' lang='lat' dir='ltr'><strong>Theodoretus</strong></span> <span class='ocrx_word' id='word_1_490' title='bbox 1980 5327 1986 5332; x_wconf 74' lang='grc'><em>’</em></span> 
     </span>
    </p>
   </div>
   <div class='ocr_carea' id='block_1_71' title="bbox 1976 1297 3560 1384">
    <p class='ocr_par' dir='ltr' id='par_1_71' title="bbox 1976 1297 3560 1384">
     <span class='ocr_line' id='line_1_72' title="bbox 1976 1297 3560 1384; baseline -0.016 -9"><span class='ocrx_word' id='word_1_491' title='bbox 1976 1320 2207 1384; x_wconf 91' lang='lat' dir='ltr'><strong>Christo,</strong></span> <span class='ocrx_word' id='word_1_492' title='bbox 2226 1333 2333 1373; x_wconf 93' lang='lat' dir='ltr'><strong>non</strong></span> <span class='ocrx_word' id='word_1_493' title='bbox 2354 1314 2557 1371; x_wconf 87' lang='lat' dir='ltr'><strong>dividat</strong></span> <span class='ocrx_word' id='word_1_494' title='bbox 2582 1313 2722 1367; x_wconf 86' lang='lat' dir='ltr'><strong>sicut</strong></span> <span class='ocrx_word' id='word_1_495' title='bbox 2749 1306 3025 1363; x_wconf 85' lang='lat' dir='ltr'><strong>Nestorius</strong></span> <span class='ocrx_word' id='word_1_496' title='bbox 3046 1304 3195 1360; x_wconf 88' lang='lat' dir='ltr'><strong>fecit.</strong></span> <span class='ocrx_word' id='word_1_497' title='bbox 3226 1300 3296 1356; x_wconf 86' lang='lat' dir='ltr'><strong>Et</strong></span> <span class='ocrx_word' id='word_1_498' title='bbox 3324 1298 3412 1355; x_wconf 89' lang='lat' dir='ltr'><strong>isti</strong></span> <span class='ocrx_word' id='word_1_499' title='bbox 3441 1297 3560 1368; x_wconf 86' lang='lat' dir='ltr'><strong>qui-</strong></span> 
     </span>
    </p>
   </div>
   <div class='ocr_carea' id='block_1_72' title="bbox 1978 1385 3561 1480">
    <p class='ocr_par' dir='ltr' id='par_1_72' title="bbox 1978 1385 3561 1480">
     <span class='ocr_line' id='line_1_73' title="bbox 1978 1385 3561 1480; baseline -0.016 -13"><span class='ocrx_word' id='word_1_500' title='bbox 1978 1411 2099 1466; x_wconf 89' lang='lat' dir='ltr'><strong>dem</strong></span> <span class='ocrx_word' id='word_1_501' title='bbox 2126 1404 2464 1480; x_wconf 86' lang='lat' dir='ltr'><strong>reperiuntur</strong></span> <span class='ocrx_word' id='word_1_502' title='bbox 2491 1401 2760 1458; x_wconf 87' lang='lat' dir='ltr'><strong>deteriora</strong></span> <span class='ocrx_word' id='word_1_503' title='bbox 2786 1398 3011 1469; x_wconf 83' lang='lat' dir='ltr'><strong>garrire.</strong></span> <span class='ocrx_word' id='word_1_504' title='bbox 3040 1394 3172 1449; x_wconf 82' lang='lat' dir='ltr'><strong>Nam</strong></span> <span class='ocrx_word' id='word_1_505' title='bbox 3212 1385 3561 1446; x_wconf 88' lang='lat' dir='ltr'><strong>ﬁdentissime</strong></span> 
     </span>
    </p>
   </div>
   <div class='ocr_carea' id='block_1_73' title="bbox 1984 1483 3563 1565">
    <p class='ocr_par' dir='ltr' id='par_1_73' title="bbox 1984 1483 3563 1565">
     <span class='ocr_line' id='line_1_74' title="bbox 1984 1483 3563 1565; baseline -0.014 -10"><span class='ocrx_word' id='word_1_506' title='bbox 1984 1500 2168 1555; x_wconf 79' lang='lat' dir='ltr'><strong>dicunt</strong></span> <span class='ocrx_word' id='word_1_507' title='bbox 2192 1514 2304 1554; x_wconf 90' lang='lat' dir='ltr'><strong>rem</strong></span> <span class='ocrx_word' id='word_1_508' title='bbox 2336 1499 2595 1565; x_wconf 87' lang='lat' dir='ltr'><strong>ineptam,</strong></span> <span class='ocrx_word' id='word_1_509' title='bbox 2650 1506 2764 1546; x_wconf 91' lang='lat' dir='ltr'><strong>rem</strong></span> <span class='ocrx_word' id='word_1_510' title='bbox 2809 1489 2969 1545; x_wconf 91' lang='lat' dir='ltr'><strong>etiam</strong></span> <span class='ocrx_word' id='word_1_511' title='bbox 3019 1483 3228 1541; x_wconf 88' lang='lat' dir='ltr'><strong>stolidis</strong></span> <span class='ocrx_word' id='word_1_512' title='bbox 3270 1493 3563 1538; x_wconf 80' lang='lat' dir='ltr'><strong>exsecran-</strong></span> 
     </span>
    </p>
   </div>
   <div class='ocr_carea' id='block_1_74' title="bbox 1982 1568 3562 1657">
    <p class='ocr_par' dir='ltr' id='par_1_74' title="bbox 1982 1568 3562 1657">
     <span class='ocr_line' id='line_1_75' title="bbox 1982 1568 3562 1657; baseline -0.014 -12"><span class='ocrx_word' id='word_1_513' title='bbox 1982 1591 2127 1657; x_wconf 91' lang='lat' dir='ltr'><strong>dam,</strong></span> <span class='ocrx_word' id='word_1_514' title='bbox 2155 1600 2281 1644; x_wconf 90' lang='lat' dir='ltr'><strong>ante</strong></span> <span class='ocrx_word' id='word_1_515' title='bbox 2302 1588 2621 1651; x_wconf 89' lang='lat' dir='ltr'><strong>unitionem,</strong></span> <span class='ocrx_word' id='word_1_516' title='bbox 2648 1583 2703 1637; x_wconf 89' lang='lat' dir='ltr'><strong>id</strong></span> <span class='ocrx_word' id='word_1_517' title='bbox 2733 1590 2816 1637; x_wconf 88' lang='lat' dir='ltr'><strong>est</strong></span> <span class='ocrx_word' id='word_1_518' title='bbox 2836 1576 3280 1642; x_wconf 89' lang='lat' dir='ltr'><strong>incarnationem,</strong></span> <span class='ocrx_word' id='word_1_519' title='bbox 3303 1572 3439 1628; x_wconf 89' lang='lat' dir='ltr'><strong>duas</strong></span> <span class='ocrx_word' id='word_1_520' title='bbox 3459 1568 3562 1624; x_wconf 91' lang='lat' dir='ltr'><strong>dici</strong></span> 
     </span>
    </p>
   </div>
   <div class='ocr_carea' id='block_1_75' title="bbox 1984 1664 3564 1746">
    <p class='ocr_par' dir='ltr' id='par_1_75' title="bbox 1984 1664 3564 1746">
     <span class='ocr_line' id='line_1_76' title="bbox 1984 1664 3564 1746; baseline -0.012 -11"><span class='ocrx_word' id='word_1_521' title='bbox 1984 1682 2182 1737; x_wconf 89' lang='lat' dir='ltr'><strong>debere</strong></span> <span class='ocrx_word' id='word_1_522' title='bbox 2210 1689 2460 1743; x_wconf 92' lang='lat' dir='ltr'><strong>naturas;</strong></span> <span class='ocrx_word' id='word_1_523' title='bbox 2494 1684 2615 1746; x_wconf 91' lang='lat' dir='ltr'><strong>post</strong></span> <span class='ocrx_word' id='word_1_524' title='bbox 2640 1688 2771 1730; x_wconf 90' lang='lat' dir='ltr'><strong>vero</strong></span> <span class='ocrx_word' id='word_1_525' title='bbox 2811 1685 2972 1727; x_wconf 93' lang='lat' dir='ltr'><strong>unam</strong></span> <span class='ocrx_word' id='word_1_526' title='bbox 3021 1666 3117 1723; x_wconf 89' lang='lat' dir='ltr'><strong>Dei</strong></span> <span class='ocrx_word' id='word_1_527' title='bbox 3155 1664 3317 1721; x_wconf 83' lang='lat' dir='ltr'><strong>Verbi</strong></span> <span class='ocrx_word' id='word_1_528' title='bbox 3362 1670 3564 1718; x_wconf 90' lang='lat' dir='ltr'><strong>tantum</strong></span> 
     </span>
    </p>
   </div>
   <div class='ocr_carea' id='block_1_76' title="bbox 1986 1753 3564 1832">
    <p class='ocr_par' dir='ltr' id='par_1_76' title="bbox 1986 1753 3564 1832">
     <span class='ocr_line' id='line_1_77' title="bbox 1986 1753 3564 1832; baseline -0.015 -4"><span class='ocrx_word' id='word_1_529' title='bbox 1986 1774 2317 1828; x_wconf 91' lang='lat' dir='ltr'><strong>incarnatam</strong></span> <span class='ocrx_word' id='word_1_530' title='bbox 2351 1789 2363 1821; x_wconf 89' lang='lat'>:</span> <span class='ocrx_word' id='word_1_531' title='bbox 2398 1778 2456 1823; x_wconf 92' lang='lat' dir='ltr'><strong>ut</strong></span> <span class='ocrx_word' id='word_1_532' title='bbox 2482 1767 2527 1823; x_wconf 91' lang='lat' dir='ltr'><strong>si</strong></span> <span class='ocrx_word' id='word_1_533' title='bbox 2555 1767 2799 1821; x_wconf 89' lang='lat' dir='ltr'><strong>dicamus</strong></span> <span class='ocrx_word' id='word_1_534' title='bbox 2826 1760 3026 1832; x_wconf 91' lang='lat' dir='ltr'><strong>aliquid</strong></span> <span class='ocrx_word' id='word_1_535' title='bbox 3048 1765 3341 1821; x_wconf 89' lang='lat' dir='ltr'><strong>cereatum,</strong></span> <span class='ocrx_word' id='word_1_536' title='bbox 3361 1762 3453 1808; x_wconf 84' lang='lat' dir='ltr'><strong>aut</strong></span> <span class='ocrx_word' id='word_1_537' title='bbox 3481 1753 3564 1821; x_wconf 91' lang='lat' dir='ltr'><strong>pi-</strong></span> 
     </span>
    </p>
   </div>
   <div class='ocr_carea' id='block_1_77' title="bbox 1988 1842 3570 1929">
    <p class='ocr_par' dir='ltr' id='par_1_77' title="bbox 1988 1842 3570 1929">
     <span class='ocr_line' id='line_1_78' title="bbox 1988 1842 3570 1929; baseline -0.015 -9"><span class='ocrx_word' id='word_1_538' title='bbox 1988 1872 2187 1928; x_wconf 89' lang='lat' dir='ltr'><strong>catum,</strong></span> <span class='ocrx_word' id='word_1_539' title='bbox 2222 1871 2316 1915; x_wconf 91' lang='lat' dir='ltr'><strong>aut</strong></span> <span class='ocrx_word' id='word_1_540' title='bbox 2344 1868 2645 1929; x_wconf 85' lang='lat' dir='ltr'><strong>stagnatum</strong></span> <span class='ocrx_word' id='word_1_541' title='bbox 2669 1855 2799 1927; x_wconf 84' lang='lat' dir='ltr'><strong>[lege</strong></span> <span class='ocrx_word' id='word_1_542' title='bbox 2821 1846 3153 1919; x_wconf 88' lang='lat' dir='ltr'><strong>stannatum]</strong></span> <span class='ocrx_word' id='word_1_543' title='bbox 3175 1888 3192 1915; x_wconf 92' lang='lat'><strong>,</strong></span> <span class='ocrx_word' id='word_1_544' title='bbox 3214 1856 3307 1902; x_wconf 90' lang='lat' dir='ltr'><strong>aut</strong></span> <span class='ocrx_word' id='word_1_545' title='bbox 3332 1842 3570 1915; x_wconf 89' lang='lat' dir='ltr'><strong>quolibet</strong></span> 
     </span>
    </p>
   </div>
   <div class='ocr_carea' id='block_1_78' title="bbox 1987 1937 3570 2025">
    <p class='ocr_par' dir='ltr' id='par_1_78' title="bbox 1987 1937 3570 2025">
     <span class='ocr_line' id='line_1_79' title="bbox 1987 1937 3570 2025; baseline -0.013 -16"><span class='ocrx_word' id='word_1_546' title='bbox 1987 1958 2092 2011; x_wconf 89' lang='lat' dir='ltr'><strong>alio</strong></span> <span class='ocrx_word' id='word_1_547' title='bbox 2122 1969 2318 2025; x_wconf 85' lang='lat' dir='ltr'><strong>genere</strong></span> <span class='ocrx_word' id='word_1_548' title='bbox 2344 1953 2662 2007; x_wconf 90' lang='lat' dir='ltr'><strong>coloratum.</strong></span> <span class='ocrx_word' id='word_1_549' title='bbox 2701 1948 2818 2003; x_wconf 81' lang='lat' dir='ltr'><strong>Jam</strong></span> <span class='ocrx_word' id='word_1_550' title='bbox 2850 1960 2982 2000; x_wconf 86' lang='lat' dir='ltr'><strong>vero</strong></span> <span class='ocrx_word' id='word_1_551' title='bbox 3019 1949 3141 2011; x_wconf 88' lang='lat' dir='ltr'><strong>post</strong></span> <span class='ocrx_word' id='word_1_552' title='bbox 3165 1940 3307 1995; x_wconf 90' lang='lat' dir='ltr'><strong>diem</strong></span> <span class='ocrx_word' id='word_1_553' title='bbox 3352 1937 3570 1993; x_wconf 87' lang='lat' dir='ltr'><strong>tertium</strong></span> 
     </span>
    </p>
   </div>
   <div class='ocr_carea' id='block_1_79' title="bbox 1989 2030 3563 2117">
    <p class='ocr_par' dir='ltr' id='par_1_79' title="bbox 1989 2030 3563 2117">
     <span class='ocr_line' id='line_1_80' title="bbox 1989 2030 3563 2117; baseline -0.012 -17"><span class='ocrx_word' id='word_1_554' title='bbox 1989 2046 2174 2117; x_wconf 88' lang='lat' dir='ltr'><strong>synodi</strong></span> <span class='ocrx_word' id='word_1_555' title='bbox 2207 2044 2593 2115; x_wconf 22' lang='lat' dir='ltr'><strong>quaJdejectus</strong></span> <span class='ocrx_word' id='word_1_556' title='bbox 2614 2049 2697 2095; x_wconf 87' lang='lat' dir='ltr'><strong>est</strong></span> <span class='ocrx_word' id='word_1_557' title='bbox 2728 2045 2931 2094; x_wconf 77' lang='lat' dir='ltr'><strong>sanctae</strong></span> <span class='ocrx_word' id='word_1_558' title='bbox 2951 2032 3226 2089; x_wconf 68' lang='lat' dir='ltr'><strong>memoriae</strong></span> <span class='ocrx_word' id='word_1_559' title='bbox 3250 2030 3563 2093; x_wconf 86' lang='lat' dir='ltr'><strong>Flavianus,</strong></span> 
     </span>
    </p>
   </div>
   <div class='ocr_carea' id='block_1_80' title="bbox 1990 2124 3606 2206">
    <p class='ocr_par' dir='ltr' id='par_1_80' title="bbox 1990 2124 3606 2206">
     <span class='ocr_line' id='line_1_81' title="bbox 1990 2124 3606 2206; baseline -0.012 -13"><span class='ocrx_word' id='word_1_560' title='bbox 1990 2138 2240 2206; x_wconf 87' lang='lat' dir='ltr'><strong>dejicitur</strong></span> <span class='ocrx_word' id='word_1_561' title='bbox 2285 2138 2444 2191; x_wconf 86' lang='lat' dir='ltr'><strong>etiam</strong></span> <span class='ocrx_word' id='word_1_562' title='bbox 2480 2147 2532 2190; x_wconf 88' lang='lat' dir='ltr'><strong>et</strong></span> <span class='ocrx_word' id='word_1_563' title='bbox 2574 2134 2802 2187; x_wconf 91' lang='lat' dir='ltr'><strong>domnus</strong></span> <span class='ocrx_word' id='word_1_564' title='bbox 2845 2127 3231 2184; x_wconf 90' lang='lat' dir='ltr'><strong>Antiochenus.</strong></span> <span class='ocrx_word' id='word_1_565' title='bbox 3281 2124 3606 2178; x_wconf 82' lang='lat' dir='ltr'><strong>Dioscorus-</strong></span> 
     </span>
    </p>
   </div>
   <div class='ocr_carea' id='block_1_81' title="bbox 1990 2213 3575 2299">
    <p class='ocr_par' dir='ltr' id='par_1_81' title="bbox 1990 2213 3575 2299">
     <span class='ocr_line' id='line_1_82' title="bbox 1990 2213 3575 2299; baseline -0.012 -15"><span class='ocrx_word' id='word_1_566' title='bbox 1990 2238 2215 2299; x_wconf 89' lang='lat' dir='ltr'><strong>repente</strong></span> <span class='ocrx_word' id='word_1_567' title='bbox 2237 2227 2501 2290; x_wconf 89' lang='lat' dir='ltr'><strong>discessit,</strong></span> <span class='ocrx_word' id='word_1_568' title='bbox 2535 2225 2850 2291; x_wconf 88' lang='lat' dir='ltr'><strong>solutusque</strong></span> <span class='ocrx_word' id='word_1_569' title='bbox 2886 2225 3182 2276; x_wconf 89' lang='lat' dir='ltr'><strong>conventus</strong></span> <span class='ocrx_word' id='word_1_570' title='bbox 3213 2223 3316 2270; x_wconf 91' lang='lat' dir='ltr'><strong>est.</strong></span> <span class='ocrx_word' id='word_1_571' title='bbox 3352 2213 3575 2267; x_wconf 84' lang='lat' dir='ltr'><strong>Ducitur</strong></span> 
     </span>
    </p>
   </div>
   <div class='ocr_carea' id='block_1_82' title="bbox 1992 2303 3575 2381">
    <p class='ocr_par' dir='ltr' id='par_1_82' title="bbox 1992 2303 3575 2381">
     <span class='ocr_line' id='line_1_83' title="bbox 1992 2303 3575 2381; baseline -0.012 -5"><span class='ocrx_word' id='word_1_572' title='bbox 1992 2324 2047 2376; x_wconf 88' lang='lat' dir='ltr'><strong>in</strong></span> <span class='ocrx_word' id='word_1_573' title='bbox 2076 2321 2322 2376; x_wconf 82' lang='lat' dir='ltr'><strong>exsilium</strong></span> <span class='ocrx_word' id='word_1_574' title='bbox 2353 2317 2370 2356; x_wconf 72' lang='grc' dir='ltr'>ί</span> <span class='ocrx_word' id='word_1_575' title='bbox 2408 2318 2689 2372; x_wconf 84' lang='lat' dir='ltr'><strong>Flavianus</strong></span> <span class='ocrx_word' id='word_1_576' title='bbox 2714 2313 2853 2381; x_wconf 91' lang='lat' dir='ltr'><strong>apud</strong></span> <span class='ocrx_word' id='word_1_577' title='bbox 2882 2310 3107 2380; x_wconf 84' lang='lat' dir='ltr'><strong>Epipam</strong></span> <span class='ocrx_word' id='word_1_578' title='bbox 3132 2347 3149 2374; x_wconf 93' lang='lat'><strong>,</strong></span> <span class='ocrx_word' id='word_1_579' title='bbox 3189 2321 3306 2376; x_wconf 70' lang='lat' dir='ltr'><strong>quae</strong></span> <span class='ocrx_word' id='word_1_580' title='bbox 3334 2314 3417 2361; x_wconf 92' lang='lat' dir='ltr'><strong>est</strong></span> <span class='ocrx_word' id='word_1_581' title='bbox 3443 2303 3575 2360; x_wconf 91' lang='lat' dir='ltr'><strong>civi-</strong></span> 
     </span>
    </p>
   </div>
   <div class='ocr_carea' id='block_1_83' title="bbox 1995 2397 3576 2483">
    <p class='ocr_par' dir='ltr' id='par_1_83' title="bbox 1995 2397 3576 2483">
     <span class='ocr_line' id='line_1_84' title="bbox 1995 2397 3576 2483; baseline -0.011 -15"><span class='ocrx_word' id='word_1_582' title='bbox 1995 2424 2078 2468; x_wconf 90' lang='lat' dir='ltr'><strong>tas</strong></span> <span class='ocrx_word' id='word_1_583' title='bbox 2105 2412 2305 2483; x_wconf 69' lang='lat' dir='ltr'><strong>Lydirc,</strong></span> <span class='ocrx_word' id='word_1_584' title='bbox 2339 2425 2435 2466; x_wconf 90' lang='lat' dir='ltr'><strong>seu</strong></span> <span class='ocrx_word' id='word_1_585' title='bbox 2456 2406 2893 2479; x_wconf 88' lang='lat' dir='ltr'><strong>superveniente,</strong></span> <span class='ocrx_word' id='word_1_586' title='bbox 2921 2418 3016 2458; x_wconf 91' lang='lat' dir='ltr'><strong>seu</strong></span> <span class='ocrx_word' id='word_1_587' title='bbox 3040 2403 3244 2471; x_wconf 86' lang='lat' dir='ltr'><strong>ingesta</strong></span> <span class='ocrx_word' id='word_1_588' title='bbox 3274 2405 3446 2453; x_wconf 89' lang='lat' dir='ltr'><strong>morte</strong></span> <span class='ocrx_word' id='word_1_589' title='bbox 3483 2397 3576 2452; x_wconf 93' lang='lat' dir='ltr'><strong>de-</strong></span> 
     </span>
    </p>
   </div>
   <div class='ocr_carea' id='block_1_84' title="bbox 1996 2488 3578 2566">
    <p class='ocr_par' dir='ltr' id='par_1_84' title="bbox 1996 2488 3578 2566">
     <span class='ocr_line' id='line_1_85' title="bbox 1996 2488 3578 2566; baseline -0.009 -9"><span class='ocrx_word' id='word_1_590' title='bbox 1996 2503 2213 2558; x_wconf 86' lang='lat' dir='ltr'><strong>functus</strong></span> <span class='ocrx_word' id='word_1_591' title='bbox 2245 2512 2269 2549; x_wconf 77' lang='lat'><strong>8</strong></span> <span class='ocrx_word' id='word_1_592' title='bbox 2301 2511 2403 2556; x_wconf 90' lang='lat' dir='ltr'><strong>est.</strong></span> <span class='ocrx_word' id='word_1_593' title='bbox 2434 2500 2583 2554; x_wconf 92' lang='lat' dir='ltr'><strong>Tunc</strong></span> <span class='ocrx_word' id='word_1_594' title='bbox 2614 2494 2867 2566; x_wconf 89' lang='lat' dir='ltr'><strong>temporis</strong></span> <span class='ocrx_word' id='word_1_595' title='bbox 2894 2491 3173 2547; x_wconf 82' lang='lat' dir='ltr'><strong>Anatolius</strong></span> <span class='ocrx_word' id='word_1_596' title='bbox 3214 2488 3427 2560; x_wconf 88' lang='lat' dir='ltr'><strong>quidam</strong></span> <span class='ocrx_word' id='word_1_597' title='bbox 3456 2501 3578 2557; x_wconf 85' lang='lat' dir='ltr'><strong>pre-</strong></span> 
     </span>
    </p>
   </div>
   <div class='ocr_carea' id='block_1_85' title="bbox 1998 2580 3578 2667">
    <p class='ocr_par' dir='ltr' id='par_1_85' title="bbox 1998 2580 3578 2667">
     <span class='ocr_line' id='line_1_86' title="bbox 1998 2580 3578 2667; baseline -0.012 -17"><span class='ocrx_word' id='word_1_598' title='bbox 1998 2596 2183 2667; x_wconf 87' lang='lat' dir='ltr'><strong>sbyter</strong></span> <span class='ocrx_word' id='word_1_599' title='bbox 2202 2591 2599 2647; x_wconf 80' lang='lat' dir='ltr'><strong>Alexandrinus</strong></span> <span class='ocrx_word' id='word_1_600' title='bbox 2641 2587 2781 2658; x_wconf 91' lang='lat' dir='ltr'><strong>apud</strong></span> <span class='ocrx_word' id='word_1_601' title='bbox 2832 2580 3355 2652; x_wconf 88' lang='lat' dir='ltr'><strong>Constantinopolim</strong></span> <span class='ocrx_word' id='word_1_602' title='bbox 3402 2592 3578 2634; x_wconf 86' lang='lat' dir='ltr'><strong>mora-</strong></span> 
     </span>
    </p>
   </div>
   <div class='ocr_carea' id='block_1_86' title="bbox 1998 2672 3580 2748">
    <p class='ocr_par' dir='ltr' id='par_1_86' title="bbox 1998 2672 3580 2748">
     <span class='ocr_line' id='line_1_87' title="bbox 1998 2672 3580 2748; baseline -0.011 -5"><span class='ocrx_word' id='word_1_603' title='bbox 1998 2689 2177 2744; x_wconf 87' lang='lat' dir='ltr'><strong>batur.</strong></span> <span class='ocrx_word' id='word_1_604' title='bbox 2205 2687 2329 2742; x_wconf 73' lang='lat' dir='ltr'><strong>Hmc</strong></span> <span class='ocrx_word' id='word_1_605' title='bbox 2358 2686 2499 2741; x_wconf 92' lang='lat' dir='ltr'><strong>enim</strong></span> <span class='ocrx_word' id='word_1_606' title='bbox 2528 2680 2857 2739; x_wconf 89' lang='lat' dir='ltr'><strong>consuetudo</strong></span> <span class='ocrx_word' id='word_1_607' title='bbox 2899 2676 3170 2748; x_wconf 68' lang='lat' dir='ltr'><strong>praedictis</strong></span> <span class='ocrx_word' id='word_1_608' title='bbox 3196 2684 3280 2730; x_wconf 88' lang='lat' dir='ltr'><strong>est</strong></span> <span class='ocrx_word' id='word_1_609' title='bbox 3305 2682 3364 2728; x_wconf 90' lang='lat' dir='ltr'><strong>ut</strong></span> <span class='ocrx_word' id='word_1_610' title='bbox 3387 2672 3455 2727; x_wconf 89' lang='lat' dir='ltr'><strong>ad</strong></span> <span class='ocrx_word' id='word_1_611' title='bbox 3484 2686 3580 2726; x_wconf 83' lang='lat' dir='ltr'><strong>co-</strong></span> 
     </span>
    </p>
   </div>
   <div class='ocr_carea' id='block_1_87' title="bbox 2004 2764 3581 2841">
    <p class='ocr_par' dir='ltr' id='par_1_87' title="bbox 2004 2764 3581 2841">
     <span class='ocr_line' id='line_1_88' title="bbox 2004 2764 3581 2841; baseline -0.013 -5"><span class='ocrx_word' id='word_1_612' title='bbox 2004 2782 2246 2835; x_wconf 90' lang='lat' dir='ltr'><strong>mitatum</strong></span> <span class='ocrx_word' id='word_1_613' title='bbox 2280 2780 2482 2833; x_wconf 87' lang='lat' dir='ltr'><strong>vicibus</strong></span> <span class='ocrx_word' id='word_1_614' title='bbox 2512 2776 2689 2832; x_wconf 88' lang='lat' dir='ltr'><strong>clerici</strong></span> <span class='ocrx_word' id='word_1_615' title='bbox 2718 2772 3032 2841; x_wconf 83' lang='lat' dir='ltr'><strong>dirigantur,</strong></span> <span class='ocrx_word' id='word_1_616' title='bbox 3058 2784 3124 2822; x_wconf 90' lang='lat' dir='ltr'><strong>nc</strong></span> <span class='ocrx_word' id='word_1_617' title='bbox 3144 2766 3270 2837; x_wconf 91' lang='lat' dir='ltr'><strong>quid</strong></span> <span class='ocrx_word' id='word_1_618' title='bbox 3304 2764 3439 2819; x_wconf 90' lang='lat' dir='ltr'><strong>forte</strong></span> <span class='ocrx_word' id='word_1_619' title='bbox 3458 2776 3581 2817; x_wconf 82' lang='lat' dir='ltr'><strong>cau-</strong></span> 
     </span>
    </p>
   </div>
   <div class='ocr_carea' id='block_1_88' title="bbox 2002 2853 3583 2933">
    <p class='ocr_par' dir='ltr' id='par_1_88' title="bbox 2002 2853 3583 2933">
     <span class='ocr_line' id='line_1_89' title="bbox 2002 2853 3583 2933; baseline -0.013 -5"><span class='ocrx_word' id='word_1_620' title='bbox 2002 2888 2078 2928; x_wconf 70' lang='lat' dir='ltr'><strong>sae</strong></span> <span class='ocrx_word' id='word_1_621' title='bbox 2103 2874 2188 2926; x_wconf 90' lang='lat' dir='ltr'><strong>vel</strong></span> <span class='ocrx_word' id='word_1_622' title='bbox 2217 2868 2553 2925; x_wconf 87' lang='lat' dir='ltr'><strong>necessitatis</strong></span> <span class='ocrx_word' id='word_1_623' title='bbox 2595 2872 2850 2933; x_wconf 82' lang='lat' dir='ltr'><strong>emergat.</strong></span> <span class='ocrx_word' id='word_1_624' title='bbox 2882 2860 2968 2914; x_wconf 84' lang='lat' dir='ltr'><strong>Fit</strong></span> <span class='ocrx_word' id='word_1_625' title='bbox 3008 2873 3135 2928; x_wconf 86' lang='lat' dir='ltr'><strong>ergo</strong></span> <span class='ocrx_word' id='word_1_626' title='bbox 3177 2857 3279 2911; x_wconf 90' lang='lat' dir='ltr'><strong>iste</strong></span> <span class='ocrx_word' id='word_1_627' title='bbox 3302 2853 3583 2909; x_wconf 87' lang='lat' dir='ltr'><strong>Anatolius</strong></span> 
     </span>
    </p>
   </div>
   <div class='ocr_carea' id='block_1_89' title="bbox 2004 2945 3584 3031">
    <p class='ocr_par' dir='ltr' id='par_1_89' title="bbox 2004 2945 3584 3031">
     <span class='ocr_line' id='line_1_90' title="bbox 2004 2945 3584 3031; baseline -0.011 -13"><span class='ocrx_word' id='word_1_628' title='bbox 2004 2963 2475 3031; x_wconf 88' lang='lat' dir='ltr'><strong>Constantinopoli</strong></span> <span class='ocrx_word' id='word_1_629' title='bbox 2507 2961 2810 3028; x_wconf 89' lang='lat' dir='ltr'><strong>episcopus,</strong></span> <span class='ocrx_word' id='word_1_630' title='bbox 2848 2956 3009 3009; x_wconf 91' lang='lat' dir='ltr'><strong>homo</strong></span> <span class='ocrx_word' id='word_1_631' title='bbox 3046 2950 3273 3021; x_wconf 89' lang='lat' dir='ltr'><strong>partium</strong></span> <span class='ocrx_word' id='word_1_632' title='bbox 3320 2945 3584 3002; x_wconf 89' lang='lat' dir='ltr'><strong>Dioscori.</strong></span> 
     </span>
    </p>
   </div>
   <div class='ocr_carea' id='block_1_90' title="bbox 2006 3035 3585 3124">
    <p class='ocr_par' dir='ltr' id='par_1_90' title="bbox 2006 3035 3585 3124">
     <span class='ocr_line' id='line_1_91' title="bbox 2006 3035 3585 3124; baseline -0.014 -13"><span class='ocrx_word' id='word_1_633' title='bbox 2006 3057 2269 3124; x_wconf 85' lang='lat' dir='ltr'><strong>Excmpto</strong></span> <span class='ocrx_word' id='word_1_634' title='bbox 2287 3068 2426 3108; x_wconf 90' lang='lat' dir='ltr'><strong>anno</strong></span> <span class='ocrx_word' id='word_1_635' title='bbox 2448 3052 2673 3105; x_wconf 89' lang='lat' dir='ltr'><strong>moritur</strong></span> <span class='ocrx_word' id='word_1_636' title='bbox 2693 3046 3022 3102; x_wconf 89' lang='lat' dir='ltr'><strong>Theodosius</strong></span> <span class='ocrx_word' id='word_1_637' title='bbox 3038 3041 3065 3080; x_wconf 69' lang='grc' dir='ltr'><strong>ιλ</strong></span> <span class='ocrx_word' id='word_1_638' title='bbox 3079 3043 3390 3112; x_wconf 89' lang='lat' dir='ltr'><strong>imperator,</strong></span> <span class='ocrx_word' id='word_1_639' title='bbox 3411 3035 3585 3107; x_wconf 81' lang='lat' dir='ltr'><strong>Chry-</strong></span> 
     </span>
    </p>
   </div>
   <div class='ocr_carea' id='block_1_91' title="bbox 2004 3126 3568 3216">
    <p class='ocr_par' dir='ltr' id='par_1_91' title="bbox 2004 3126 3568 3216">
     <span class='ocr_line' id='line_1_92' title="bbox 2004 3126 3568 3216; baseline -0.015 -14"><span class='ocrx_word' id='word_1_640' title='bbox 2004 3147 2222 3216; x_wconf 88' lang='lat' dir='ltr'><strong>saphius</strong></span> <span class='ocrx_word' id='word_1_641' title='bbox 2252 3145 2467 3214; x_wconf 91' lang='lat' dir='ltr'><strong>punitur</strong></span> <span class='ocrx_word' id='word_1_642' title='bbox 2504 3141 2543 3207; x_wconf 68' lang='lat' dir='ltr'><strong>i,</strong></span> <span class='ocrx_word' id='word_1_643' title='bbox 2579 3140 2873 3195; x_wconf 83' lang='lat' dir='ltr'><strong>Marcianus</strong></span> <span class='ocrx_word' id='word_1_644' title='bbox 2905 3135 3075 3189; x_wconf 80' lang='lat' dir='ltr'><strong>factus</strong></span> <span class='ocrx_word' id='word_1_645' title='bbox 3117 3140 3199 3186; x_wconf 91' lang='lat' dir='ltr'><strong>est</strong></span> <span class='ocrx_word' id='word_1_646' title='bbox 3239 3130 3488 3199; x_wconf 84' lang='lat' dir='ltr'><strong>princeps</strong></span> <span class='ocrx_word' id='word_1_647' title='bbox 3520 3126 3568 3179; x_wconf 84' lang='lat' dir='ltr'><strong>i.</strong></span> 
     </span>
    </p>
   </div>
   <div class='ocr_carea' id='block_1_92' title="bbox 2010 3215 3589 3303">
    <p class='ocr_par' dir='ltr' id='par_1_92' title="bbox 2010 3215 3589 3303">
     <span class='ocr_line' id='line_1_93' title="bbox 2010 3215 3589 3303; baseline -0.016 -9"><span class='ocrx_word' id='word_1_648' title='bbox 2010 3215 2213 3293; x_wconf 65' lang='lat' dir='ltr'><strong>Lai-sam</strong></span> <span class='ocrx_word' id='word_1_649' title='bbox 2242 3236 2399 3290; x_wconf 87' lang='lat' dir='ltr'><strong>ﬁdem</strong></span> <span class='ocrx_word' id='word_1_650' title='bbox 2443 3240 2677 3303; x_wconf 73' lang='lat' dir='ltr'><strong>gravnter</strong></span> <span class='ocrx_word' id='word_1_651' title='bbox 2715 3228 2892 3281; x_wconf 84' lang='lat' dir='ltr'><strong>ferens</strong></span> <span class='ocrx_word' id='word_1_652' title='bbox 2928 3223 3110 3278; x_wconf 87' lang='lat' dir='ltr'><strong>indicit</strong></span> <span class='ocrx_word' id='word_1_653' title='bbox 3155 3218 3418 3291; x_wconf 88' lang='lat' dir='ltr'><strong>synodum</strong></span> <span class='ocrx_word' id='word_1_654' title='bbox 3437 3215 3589 3287; x_wconf 55' lang='lat' dir='ltr'><strong>iapud</strong></span> 
     </span>
    </p>
   </div>
   <div class='ocr_carea' id='block_1_93' title="bbox 2012 3307 3589 3392">
    <p class='ocr_par' dir='ltr' id='par_1_93' title="bbox 2012 3307 3589 3392">
     <span class='ocr_line' id='line_1_94' title="bbox 2012 3307 3589 3392; baseline -0.015 -9"><span class='ocrx_word' id='word_1_655' title='bbox 2012 3328 2266 3390; x_wconf 70' lang='lat' dir='ltr'><strong>Nicazam,</strong></span> <span class='ocrx_word' id='word_1_656' title='bbox 2301 3326 2354 3378; x_wconf 90' lang='lat' dir='ltr'><strong>in</strong></span> <span class='ocrx_word' id='word_1_657' title='bbox 2398 3337 2503 3392; x_wconf 92' lang='lat' dir='ltr'><strong>qua</strong></span> <span class='ocrx_word' id='word_1_658' title='bbox 2532 3330 2587 3375; x_wconf 90' lang='lat' dir='ltr'><strong>et</strong></span> <span class='ocrx_word' id='word_1_659' title='bbox 2612 3319 2727 3388; x_wconf 91' lang='lat' dir='ltr'><strong>ipse</strong></span> <span class='ocrx_word' id='word_1_660' title='bbox 2761 3325 2818 3372; x_wconf 89' lang='lat' dir='ltr'><strong>et</strong></span> <span class='ocrx_word' id='word_1_661' title='bbox 2852 3313 3131 3370; x_wconf 88' lang='lat' dir='ltr'><strong>Pulcheria</strong></span> <span class='ocrx_word' id='word_1_662' title='bbox 3174 3309 3199 3346; x_wconf 65' lang='grc' dir='ltr'><strong>ιί</strong></span> <span class='ocrx_word' id='word_1_663' title='bbox 3250 3307 3480 3373; x_wconf 85' lang='lat' dir='ltr'><strong>resedit,</strong></span> <span class='ocrx_word' id='word_1_664' title='bbox 3533 3315 3589 3361; x_wconf 88' lang='lat' dir='ltr'><strong>et</strong></span> 
     </span>
    </p>
   </div>
   <div class='ocr_carea' id='block_1_94' title="bbox 2013 3396 3589 3475">
    <p class='ocr_par' dir='ltr' id='par_1_94' title="bbox 2013 3396 3589 3475">
     <span class='ocr_line' id='line_1_95' title="bbox 2013 3396 3589 3475; baseline -0.015 -3"><span class='ocrx_word' id='word_1_665' title='bbox 2013 3416 2190 3473; x_wconf 89' lang='lat' dir='ltr'><strong>omnis</strong></span> <span class='ocrx_word' id='word_1_666' title='bbox 2219 3429 2341 3470; x_wconf 90' lang='lat' dir='ltr'><strong>cum</strong></span> <span class='ocrx_word' id='word_1_667' title='bbox 2365 3427 2431 3468; x_wconf 92' lang='lat' dir='ltr'><strong>eo</strong></span> <span class='ocrx_word' id='word_1_668' title='bbox 2460 3418 2678 3465; x_wconf 90' lang='lat' dir='ltr'><strong>senatus</strong></span> <span class='ocrx_word' id='word_1_669' title='bbox 2704 3416 2756 3461; x_wconf 92' lang='lat' dir='ltr'><strong>et</strong></span> <span class='ocrx_word' id='word_1_670' title='bbox 2786 3412 3098 3475; x_wconf 90' lang='lat' dir='ltr'><strong>potestates.</strong></span> <span class='ocrx_word' id='word_1_671' title='bbox 3131 3401 3299 3468; x_wconf 84' lang='lat' dir='ltr'><strong>Quam</strong></span> <span class='ocrx_word' id='word_1_672' title='bbox 3329 3396 3589 3470; x_wconf 85' lang='lat' dir='ltr'><strong>synodum</strong></span> 
     </span>
    </p>
   </div>
   <div class='ocr_carea' id='block_1_95' title="bbox 2016 3488 3594 3579">
    <p class='ocr_par' dir='ltr' id='par_1_95' title="bbox 2016 3488 3594 3579">
     <span class='ocr_line' id='line_1_96' title="bbox 2016 3488 3594 3579; baseline -0.015 -15"><span class='ocrx_word' id='word_1_673' title='bbox 2016 3518 2201 3579; x_wconf 90' lang='lat' dir='ltr'><strong>postea</strong></span> <span class='ocrx_word' id='word_1_674' title='bbox 2226 3502 2500 3559; x_wconf 88' lang='lat' dir='ltr'><strong>transtulit</strong></span> <span class='ocrx_word' id='word_1_675' title='bbox 2519 3497 2854 3557; x_wconf 89' lang='lat' dir='ltr'><strong>Chalcedona</strong></span> <span class='ocrx_word' id='word_1_676' title='bbox 2876 3501 3095 3566; x_wconf 90' lang='lat' dir='ltr'><strong>propter</strong></span> <span class='ocrx_word' id='word_1_677' title='bbox 3125 3490 3305 3562; x_wconf 87' lang='lat' dir='ltr'><strong>palatii</strong></span> <span class='ocrx_word' id='word_1_678' title='bbox 3335 3488 3594 3544; x_wconf 74' lang='lat' dir='ltr'><strong>vicinita-</strong></span> 
     </span>
    </p>
   </div>
   <div class='ocr_carea' id='block_1_96' title="bbox 2017 3582 3595 3663">
    <p class='ocr_par' dir='ltr' id='par_1_96' title="bbox 2017 3582 3595 3663">
     <span class='ocr_line' id='line_1_97' title="bbox 2017 3582 3595 3663; baseline -0.014 -7"><span class='ocrx_word' id='word_1_679' title='bbox 2017 3609 2154 3656; x_wconf 91' lang='lat' dir='ltr'><strong>tem.</strong></span> <span class='ocrx_word' id='word_1_680' title='bbox 2179 3597 2517 3654; x_wconf 89' lang='lat' dir='ltr'><strong>Conveniunt</strong></span> <span class='ocrx_word' id='word_1_681' title='bbox 2534 3590 2806 3663; x_wconf 87' lang='lat' dir='ltr'><strong>quingenti</strong></span> <span class='ocrx_word' id='word_1_682' title='bbox 2837 3586 2982 3661; x_wconf 77' lang='lat'><strong>[630]</strong></span> <span class='ocrx_word' id='word_1_683' title='bbox 3001 3596 3057 3642; x_wconf 91' lang='lat' dir='ltr'><strong>et</strong></span> <span class='ocrx_word' id='word_1_684' title='bbox 3084 3586 3223 3641; x_wconf 86' lang='lat' dir='ltr'><strong>ultra</strong></span> <span class='ocrx_word' id='word_1_685' title='bbox 3248 3582 3484 3653; x_wconf 89' lang='lat' dir='ltr'><strong>episcopi</strong></span> <span class='ocrx_word' id='word_1_686' title='bbox 3514 3590 3595 3635; x_wconf 79' lang='lat' dir='ltr'><strong>to-</strong></span> 
     </span>
    </p>
   </div>
   <div class='ocr_carea' id='block_1_97' title="bbox 2016 3671 3593 3753">
    <p class='ocr_par' dir='ltr' id='par_1_97' title="bbox 2016 3671 3593 3753">
     <span class='ocr_line' id='line_1_98' title="bbox 2016 3671 3593 3753; baseline -0.014 -6"><span class='ocrx_word' id='word_1_687' title='bbox 2016 3693 2122 3747; x_wconf 83' lang='lat' dir='ltr'><strong>tius</strong></span> <span class='ocrx_word' id='word_1_688' title='bbox 2152 3690 2385 3745; x_wconf 89' lang='lat' dir='ltr'><strong>Orientis</strong></span> <span class='ocrx_word' id='word_1_689' title='bbox 2412 3696 2467 3740; x_wconf 93' lang='lat' dir='ltr'><strong>et</strong></span> <span class='ocrx_word' id='word_1_690' title='bbox 2488 3683 2737 3753; x_wconf 65' lang='lat' dir='ltr'><strong>Egypti;</strong></span> <span class='ocrx_word' id='word_1_691' title='bbox 2769 3680 3059 3734; x_wconf 88' lang='lat' dir='ltr'><strong>Dioscorus</strong></span> <span class='ocrx_word' id='word_1_692' title='bbox 3085 3676 3366 3731; x_wconf 75' lang='lat' dir='ltr'><strong>exhibetur</strong></span> <span class='ocrx_word' id='word_1_693' title='bbox 3395 3679 3454 3727; x_wconf 91' lang='lat' dir='ltr'><strong>ut</strong></span> <span class='ocrx_word' id='word_1_694' title='bbox 3468 3671 3593 3727; x_wconf 85' lang='lat' dir='ltr'><strong>facti</strong></span> 
     </span>
    </p>
   </div>
   <div class='ocr_carea' id='block_1_98' title="bbox 2018 3763 3590 3843">
    <p class='ocr_par' dir='ltr' id='par_1_98' title="bbox 2018 3763 3590 3843">
     <span class='ocr_line' id='line_1_99' title="bbox 2018 3763 3590 3843; baseline -0.014 -5"><span class='ocrx_word' id='word_1_695' title='bbox 2018 3785 2101 3838; x_wconf 87' lang='lat' dir='ltr'><strong>sui</strong></span> <span class='ocrx_word' id='word_1_696' title='bbox 2129 3797 2289 3836; x_wconf 89' lang='lat' dir='ltr'><strong>causa</strong></span> <span class='ocrx_word' id='word_1_697' title='bbox 2316 3780 2371 3832; x_wconf 91' lang='lat' dir='ltr'><strong>in</strong></span> <span class='ocrx_word' id='word_1_698' title='bbox 2395 3775 2625 3832; x_wconf 90' lang='lat' dir='ltr'><strong>concilio</strong></span> <span class='ocrx_word' id='word_1_699' title='bbox 2655 3772 2825 3843; x_wconf 88' lang='lat' dir='ltr'><strong>possit</strong></span> <span class='ocrx_word' id='word_1_700' title='bbox 2852 3782 3112 3825; x_wconf 87' lang='lat' dir='ltr'><strong>asserere.</strong></span> <span class='ocrx_word' id='word_1_701' title='bbox 3147 3764 3391 3820; x_wconf 87' lang='lat' dir='ltr'><strong>Interfuit</strong></span> <span class='ocrx_word' id='word_1_702' title='bbox 3427 3763 3590 3819; x_wconf 91' lang='lat' dir='ltr'><strong>etiam</strong></span> 
     </span>
    </p>
   </div>
   <div class='ocr_carea' id='block_1_99' title="bbox 2020 3859 3599 3943">
    <p class='ocr_par' dir='ltr' id='par_1_99' title="bbox 2020 3859 3599 3943">
     <span class='ocr_line' id='line_1_100' title="bbox 2020 3859 3599 3943; baseline -0.013 -14"><span class='ocrx_word' id='word_1_703' title='bbox 2020 3877 2314 3943; x_wconf 85' lang='lat' dir='ltr'><strong>imperator</strong></span> <span class='ocrx_word' id='word_1_704' title='bbox 2354 3871 2469 3938; x_wconf 89' lang='lat' dir='ltr'><strong>ipse</strong></span> <span class='ocrx_word' id='word_1_705' title='bbox 2510 3864 2829 3929; x_wconf 88' lang='lat' dir='ltr'><strong>conventui;</strong></span> <span class='ocrx_word' id='word_1_706' title='bbox 2869 3859 3109 3915; x_wconf 88' lang='lat' dir='ltr'><strong>interfuit</strong></span> <span class='ocrx_word' id='word_1_707' title='bbox 3158 3867 3213 3911; x_wconf 89' lang='lat' dir='ltr'><strong>et</strong></span> <span class='ocrx_word' id='word_1_708' title='bbox 3262 3866 3513 3922; x_wconf 88' lang='lat' dir='ltr'><strong>senatus,</strong></span> <span class='ocrx_word' id='word_1_709' title='bbox 3545 3861 3599 3909; x_wconf 86' lang='lat' dir='ltr'><strong>et</strong></span> 
     </span>
    </p>
   </div>
   <div class='ocr_carea' id='block_1_100' title="bbox 2022 3944 3599 4033">
    <p class='ocr_par' dir='ltr' id='par_1_100' title="bbox 2022 3944 3599 4033">
     <span class='ocr_line' id='line_1_101' title="bbox 2022 3944 3599 4033; baseline -0.013 -12"><span class='ocrx_word' id='word_1_710' title='bbox 2022 3980 2212 4022; x_wconf 89' lang='lat' dir='ltr'><strong>omnes</strong></span> <span class='ocrx_word' id='word_1_711' title='bbox 2238 3963 2469 4033; x_wconf 88' lang='lat' dir='ltr'><strong>judices,</strong></span> <span class='ocrx_word' id='word_1_712' title='bbox 2497 3968 2550 4013; x_wconf 91' lang='lat' dir='ltr'><strong>et</strong></span> <span class='ocrx_word' id='word_1_713' title='bbox 2570 3970 2758 4012; x_wconf 91' lang='lat' dir='ltr'><strong>omnes</strong></span> <span class='ocrx_word' id='word_1_714' title='bbox 2779 3953 2964 4008; x_wconf 85' lang='lat' dir='ltr'><strong>aulicae</strong></span> <span class='ocrx_word' id='word_1_715' title='bbox 2994 3957 3306 4020; x_wconf 89' lang='lat' dir='ltr'><strong>potestates.</strong></span> <span class='ocrx_word' id='word_1_716' title='bbox 3337 3944 3599 4001; x_wconf 87' lang='lat' dir='ltr'><strong>Eusebius</strong></span> 
     </span>
    </p>
   </div>
   <div class='ocr_carea' id='block_1_101' title="bbox 2024 4035 3600 4125">
    <p class='ocr_par' dir='ltr' id='par_1_101' title="bbox 2024 4035 3600 4125">
     <span class='ocr_line' id='line_1_102' title="bbox 2024 4035 3600 4125; baseline -0.013 -13"><span class='ocrx_word' id='word_1_717' title='bbox 2024 4059 2114 4113; x_wconf 91' lang='lat' dir='ltr'><strong>ille</strong></span> <span class='ocrx_word' id='word_1_718' title='bbox 2140 4057 2480 4125; x_wconf 88' lang='lat' dir='ltr'><strong>Dorylitanus</strong></span> <span class='ocrx_word' id='word_1_719' title='bbox 2504 4050 2786 4118; x_wconf 90' lang='lat' dir='ltr'><strong>episcopus</strong></span> <span class='ocrx_word' id='word_1_720' title='bbox 2810 4045 2903 4115; x_wconf 92' lang='lat' dir='ltr'><strong>qui</strong></span> <span class='ocrx_word' id='word_1_721' title='bbox 2929 4052 3053 4098; x_wconf 92' lang='lat' dir='ltr'><strong>ante</strong></span> <span class='ocrx_word' id='word_1_722' title='bbox 3086 4055 3285 4096; x_wconf 88' lang='lat' dir='ltr'><strong>annum</strong></span> <span class='ocrx_word' id='word_1_723' title='bbox 3314 4038 3382 4094; x_wconf 90' lang='lat' dir='ltr'><strong>de</strong></span> <span class='ocrx_word' id='word_1_724' title='bbox 3411 4035 3600 4092; x_wconf 79' lang='lat' dir='ltr'><strong>exsilio</strong></span> 
     </span>
    </p>
   </div>
   <div class='ocr_carea' id='block_1_102' title="bbox 2023 4129 3599 4219">
    <p class='ocr_par' dir='ltr' id='par_1_102' title="bbox 2023 4129 3599 4219">
     <span class='ocr_line' id='line_1_103' title="bbox 2023 4129 3599 4219; baseline -0.013 -18"><span class='ocrx_word' id='word_1_725' title='bbox 2023 4148 2230 4219; x_wconf 90' lang='lat' dir='ltr'><strong>fugiens</strong></span> <span class='ocrx_word' id='word_1_726' title='bbox 2261 4147 2484 4200; x_wconf 85' lang='lat' dir='ltr'><strong>Romam</strong></span> <span class='ocrx_word' id='word_1_727' title='bbox 2511 4138 2955 4203; x_wconf 57' lang='lat' dir='ltr'><strong>venerat,,etiam</strong></span> <span class='ocrx_word' id='word_1_728' title='bbox 2984 4145 3040 4191; x_wconf 93' lang='lat' dir='ltr'><strong>et</strong></span> <span class='ocrx_word' id='word_1_729' title='bbox 3061 4129 3483 4188; x_wconf 84' lang='lat' dir='ltr'><strong>Chalcedonensi</strong></span> <span class='ocrx_word' id='word_1_730' title='bbox 3504 4143 3599 4199; x_wconf 84' lang='lat' dir='ltr'><strong>sy-</strong></span> 
     </span>
    </p>
   </div>
   <div class='ocr_carea' id='block_1_103' title="bbox 2026 4223 3595 4303">
    <p class='ocr_par' dir='ltr' id='par_1_103' title="bbox 2026 4223 3595 4303">
     <span class='ocr_line' id='line_1_104' title="bbox 2026 4223 3595 4303; baseline -0.013 -9"><span class='ocrx_word' id='word_1_731' title='bbox 2026 4240 2169 4294; x_wconf 92' lang='lat' dir='ltr'><strong>nodo</strong></span> <span class='ocrx_word' id='word_1_732' title='bbox 2199 4240 2457 4293; x_wconf 84' lang='lat' dir='ltr'><strong>interesse</strong></span> <span class='ocrx_word' id='word_1_733' title='bbox 2478 4230 2802 4303; x_wconf 87' lang='lat' dir='ltr'><strong>properavit.</strong></span> <span class='ocrx_word' id='word_1_734' title='bbox 2835 4230 3067 4282; x_wconf 85' lang='lat' dir='ltr'><strong>Accusat</strong></span> <span class='ocrx_word' id='word_1_735' title='bbox 3096 4225 3211 4293; x_wconf 90' lang='lat' dir='ltr'><strong>ipse</strong></span> <span class='ocrx_word' id='word_1_736' title='bbox 3242 4223 3555 4277; x_wconf 88' lang='lat' dir='ltr'><strong>Dioscorum</strong></span> <span class='ocrx_word' id='word_1_737' title='bbox 3579 4260 3595 4286; x_wconf 89' lang='lat'><strong>,</strong></span> 
     </span>
    </p>
   </div>
   <div class='ocr_carea' id='block_1_104' title="bbox 2026 4313 3601 4390">
    <p class='ocr_par' dir='ltr' id='par_1_104' title="bbox 2026 4313 3601 4390">
     <span class='ocr_line' id='line_1_105' title="bbox 2026 4313 3601 4390; baseline -0.013 -4"><span class='ocrx_word' id='word_1_738' title='bbox 2026 4340 2081 4386; x_wconf 91' lang='lat' dir='ltr'><strong>et</strong></span> <span class='ocrx_word' id='word_1_739' title='bbox 2110 4331 2201 4383; x_wconf 90' lang='lat' dir='ltr'><strong>alii</strong></span> <span class='ocrx_word' id='word_1_740' title='bbox 2226 4324 2594 4384; x_wconf 85' lang='lat' dir='ltr'><strong>Alexandrini.</strong></span> <span class='ocrx_word' id='word_1_741' title='bbox 2627 4321 2766 4390; x_wconf 80' lang='lat' dir='ltr'><strong>Quid</strong></span> <span class='ocrx_word' id='word_1_742' title='bbox 2792 4319 3000 4375; x_wconf 88' lang='lat' dir='ltr'><strong>multa?</strong></span> <span class='ocrx_word' id='word_1_743' title='bbox 3050 4317 3341 4371; x_wconf 88' lang='lat' dir='ltr'><strong>Damnatur</strong></span> <span class='ocrx_word' id='word_1_744' title='bbox 3380 4313 3601 4368; x_wconf 79' lang='lat' dir='ltr'><strong>Diosco-</strong></span> 
     </span>
    </p>
   </div>
   <div class='ocr_carea' id='block_1_105' title="bbox 2026 4403 3605 4489">
    <p class='ocr_par' dir='ltr' id='par_1_105' title="bbox 2026 4403 3605 4489">
     <span class='ocr_line' id='line_1_106' title="bbox 2026 4403 3605 4489; baseline -0.013 -10"><span class='ocrx_word' id='word_1_745' title='bbox 2026 4438 2141 4489; x_wconf 88' lang='lat' dir='ltr'><strong>rus,</strong></span> <span class='ocrx_word' id='word_1_746' title='bbox 2170 4431 2370 4477; x_wconf 77' lang='lat' dir='ltr'><strong>sancta:</strong></span> <span class='ocrx_word' id='word_1_747' title='bbox 2396 4415 2668 4474; x_wconf 76' lang='lat' dir='ltr'><strong>memorize</strong></span> <span class='ocrx_word' id='word_1_748' title='bbox 2694 4412 2933 4468; x_wconf 84' lang='lat' dir='ltr'><strong>Flaviani</strong></span> <span class='ocrx_word' id='word_1_749' title='bbox 2960 4408 2979 4446; x_wconf 78' lang='grc' dir='ltr'><strong>ι</strong></span> <span class='ocrx_word' id='word_1_750' title='bbox 3000 4422 3195 4477; x_wconf 89' lang='lat' dir='ltr'><strong>corpus</strong></span> <span class='ocrx_word' id='word_1_751' title='bbox 3216 4403 3605 4462; x_wconf 83' lang='lat' dir='ltr'><strong>ofﬁciosissime</strong></span> 
     </span>
    </p>
   </div>
   <div class='ocr_carea' id='block_1_106' title="bbox 2028 4494 3605 4580">
    <p class='ocr_par' dir='ltr' id='par_1_106' title="bbox 2028 4494 3605 4580">
     <span class='ocr_line' id='line_1_107' title="bbox 2028 4494 3605 4580; baseline -0.015 -8"><span class='ocrx_word' id='word_1_752' title='bbox 2028 4510 2554 4580; x_wconf 88' lang='lat' dir='ltr'><strong>Constantinopolim</strong></span> <span class='ocrx_word' id='word_1_753' title='bbox 2580 4514 2904 4576; x_wconf 88' lang='lat' dir='ltr'><strong>reportatur,</strong></span> <span class='ocrx_word' id='word_1_754' title='bbox 2920 4499 3058 4570; x_wconf 88' lang='lat' dir='ltr'><strong>apud</strong></span> <span class='ocrx_word' id='word_1_755' title='bbox 3077 4496 3456 4571; x_wconf 79' lang='lat' dir='ltr'><strong>Alexandriam</strong></span> <span class='ocrx_word' id='word_1_756' title='bbox 3477 4494 3605 4550; x_wconf 88' lang='lat' dir='ltr'><strong>Pro-</strong></span> 
     </span>
    </p>
   </div>
   <div class='ocr_carea' id='block_1_107' title="bbox 2030 4585 3607 4666">
    <p class='ocr_par' dir='ltr' id='par_1_107' title="bbox 2030 4585 3607 4666">
     <span class='ocr_line' id='line_1_108' title="bbox 2030 4585 3607 4666; baseline -0.016 -2"><span class='ocrx_word' id='word_1_757' title='bbox 2030 4610 2195 4666; x_wconf 86' lang='lat' dir='ltr'><strong>terius</strong></span> <span class='ocrx_word' id='word_1_758' title='bbox 2241 4602 2534 4660; x_wconf 89' lang='lat' dir='ltr'><strong>catholicus</strong></span> <span class='ocrx_word' id='word_1_759' title='bbox 2582 4599 2641 4651; x_wconf 88' lang='lat' dir='ltr'><strong>lit</strong></span> <span class='ocrx_word' id='word_1_760' title='bbox 2691 4592 2961 4650; x_wconf 89' lang='lat' dir='ltr'><strong>sacerdos.</strong></span> <span class='ocrx_word' id='word_1_761' title='bbox 3016 4590 3242 4657; x_wconf 84' lang='lat' dir='ltr'><strong>Quidam</strong></span> <span class='ocrx_word' id='word_1_762' title='bbox 3292 4585 3607 4642; x_wconf 91' lang='lat' dir='ltr'><strong>Timotheus</strong></span> 
     </span>
    </p>
   </div>
   <div class='ocr_carea' id='block_1_108' title="bbox 2033 4678 3607 4767">
    <p class='ocr_par' dir='ltr' id='par_1_108' title="bbox 2033 4678 3607 4767">
     <span class='ocr_line' id='line_1_109' title="bbox 2033 4678 3607 4767; baseline -0.018 -8"><span class='ocrx_word' id='word_1_763' title='bbox 2033 4714 2070 4740; x_wconf 75' lang='grc' dir='ltr'>ω</span> <span class='ocrx_word' id='word_1_764' title='bbox 2094 4702 2181 4757; x_wconf 90' lang='lat' dir='ltr'><strong>cui</strong></span> <span class='ocrx_word' id='word_1_765' title='bbox 2210 4710 2507 4767; x_wconf 87' lang='lat' dir='ltr'><strong>cognomen</strong></span> <span class='ocrx_word' id='word_1_766' title='bbox 2536 4698 2652 4745; x_wconf 88' lang='lat' dir='ltr'><strong>erat</strong></span> <span class='ocrx_word' id='word_1_767' title='bbox 2683 4686 2936 4748; x_wconf 66' lang='lat' dir='ltr'><strong>IElurus,</strong></span> <span class='ocrx_word' id='word_1_768' title='bbox 2977 4681 3284 4750; x_wconf 86' lang='lat' dir='ltr'><strong>presbyter;</strong></span> <span class='ocrx_word' id='word_1_769' title='bbox 3326 4686 3381 4733; x_wconf 91' lang='lat' dir='ltr'><strong>et</strong></span> <span class='ocrx_word' id='word_1_770' title='bbox 3417 4678 3607 4733; x_wconf 85' lang='lat' dir='ltr'><strong>Petrus</strong></span> 
     </span>
    </p>
   </div>
   <div class='ocr_carea' id='block_1_109' title="bbox 2032 4768 3607 4854">
    <p class='ocr_par' dir='ltr' id='par_1_109' title="bbox 2032 4768 3607 4854">
     <span class='ocr_line' id='line_1_110' title="bbox 2032 4768 3607 4854; baseline -0.02 -4"><span class='ocrx_word' id='word_1_771' title='bbox 2032 4804 2060 4831; x_wconf 80' lang='grc' dir='ltr'><strong>ιι</strong></span> <span class='ocrx_word' id='word_1_772' title='bbox 2090 4794 2367 4851; x_wconf 89' lang='lat' dir='ltr'><strong>diaconus,</strong></span> <span class='ocrx_word' id='word_1_773' title='bbox 2400 4783 2488 4854; x_wconf 93' lang='lat' dir='ltr'><strong>qui</strong></span> <span class='ocrx_word' id='word_1_774' title='bbox 2526 4780 2892 4849; x_wconf 59' lang='lat' dir='ltr'><strong>episcopatum</strong></span> <span class='ocrx_word' id='word_1_775' title='bbox 2932 4786 3073 4828; x_wconf 92' lang='lat' dir='ltr'><strong>nunc</strong></span> <span class='ocrx_word' id='word_1_776' title='bbox 3109 4768 3484 4827; x_wconf 71' lang='lat' dir='ltr'><strong>Alexandrinae</strong></span> <span class='ocrx_word' id='word_1_777' title='bbox 3513 4781 3607 4821; x_wconf 81' lang='lat' dir='ltr'><strong>oe-</strong></span> 
     </span>
    </p>
   </div>
   <div class='ocr_carea' id='block_1_110' title="bbox 2034 4859 3608 4956">
    <p class='ocr_par' dir='ltr' id='par_1_110' title="bbox 2034 4859 3608 4956">
     <span class='ocr_line' id='line_1_111' title="bbox 2034 4859 3608 4956; baseline -0.019 -13"><span class='ocrx_word' id='word_1_778' title='bbox 2034 4883 2247 4956; x_wconf 87' lang='lat' dir='ltr'><strong>cupavit</strong></span> <span class='ocrx_word' id='word_1_779' title='bbox 2269 4874 2549 4940; x_wconf 70' lang='lat' dir='ltr'><strong>Ecclesiae,</strong></span> <span class='ocrx_word' id='word_1_780' title='bbox 2578 4868 2815 4925; x_wconf 82' lang='lat' dir='ltr'><strong>Dioscori</strong></span> <span class='ocrx_word' id='word_1_781' title='bbox 2847 4873 3159 4931; x_wconf 88' lang='lat' dir='ltr'><strong>sectatores,</strong></span> <span class='ocrx_word' id='word_1_782' title='bbox 3183 4877 3243 4918; x_wconf 88' lang='lat' dir='ltr'><strong>se</strong></span> <span class='ocrx_word' id='word_1_783' title='bbox 3281 4862 3349 4917; x_wconf 88' lang='lat' dir='ltr'><strong>ab</strong></span> <span class='ocrx_word' id='word_1_784' title='bbox 3372 4859 3608 4916; x_wconf 85' lang='lat' dir='ltr'><strong>Ecclesia</strong></span> 
     </span>
    </p>
   </div>
   <div class='ocr_carea' id='block_1_111' title="bbox 2037 4952 3608 5036">
    <p class='ocr_par' dir='ltr' id='par_1_111' title="bbox 2037 4952 3608 5036">
     <span class='ocr_line' id='line_1_112' title="bbox 2037 4952 3608 5036; baseline -0.02 0"><span class='ocrx_word' id='word_1_785' title='bbox 2037 4952 2396 5036; x_wconf 79' lang='lat' dir='ltr'><strong>Alexandrina</strong></span> <span class='ocrx_word' id='word_1_786' title='bbox 2421 4971 2756 5034; x_wconf 86' lang='lat' dir='ltr'><strong>separarum.</strong></span> <span class='ocrx_word' id='word_1_787' title='bbox 2779 4958 2925 5026; x_wconf 88' lang='lat' dir='ltr'><strong>Quos</strong></span> <span class='ocrx_word' id='word_1_788' title='bbox 2951 4971 3072 5013; x_wconf 90' lang='lat' dir='ltr'><strong>cum</strong></span> <span class='ocrx_word' id='word_1_789' title='bbox 3100 4954 3373 5011; x_wconf 90' lang='lat' dir='ltr'><strong>Proterius</strong></span> <span class='ocrx_word' id='word_1_790' title='bbox 3401 4952 3608 5022; x_wconf 84' lang='lat' dir='ltr'><strong>episco-</strong></span> 
     </span>
    </p>
   </div>
   <div class='ocr_carea' id='block_1_112' title="bbox 2110 5172 2641 5239">
    <p class='ocr_par' dir='ltr' id='par_1_112' title="bbox 2110 5172 2641 5239">
     <span class='ocr_line' id='line_1_113' title="bbox 2110 5172 2641 5239; baseline -0.024 1"><span class='ocrx_word' id='word_1_791' title='bbox 2110 5184 2138 5223; x_wconf 71' lang='grc'><strong>⁸³</strong></span> <span class='ocrx_word' id='word_1_792' title='bbox 2160 5183 2283 5239; x_wconf 83' lang='lat' dir='ltr'><strong>Julii</strong></span> <span class='ocrx_word' id='word_1_793' title='bbox 2302 5180 2374 5234; x_wconf 71' lang='lat'><strong>28</strong></span> <span class='ocrx_word' id='word_1_794' title='bbox 2402 5190 2490 5232; x_wconf 91' lang='lat' dir='ltr'><strong>an.</strong></span> <span class='ocrx_word' id='word_1_795' title='bbox 2512 5172 2641 5229; x_wconf 80' lang='grc'><strong>450.</strong></span> 
     </span>
    </p>
   </div>
   <div class='ocr_carea' id='block_1_113' title="bbox 2118 5238 2902 5320">
    <p class='ocr_par' dir='ltr' id='par_1_113' title="bbox 2118 5238 2902 5320">
     <span class='ocr_line' id='line_1_114' title="bbox 2118 5238 2902 5320; baseline -0.023 -10"><span class='ocrx_word' id='word_1_796' title='bbox 2118 5254 2135 5292; x_wconf 74' lang='grc' dir='ltr'><strong>ί</strong></span> <span class='ocrx_word' id='word_1_797' title='bbox 2167 5238 2246 5308; x_wconf 80' lang='lat' dir='ltr'><strong>Ad</strong></span> <span class='ocrx_word' id='word_1_798' title='bbox 2279 5258 2482 5320; x_wconf 75' lang='lat' dir='ltr'><strong>portam</strong></span> <span class='ocrx_word' id='word_1_799' title='bbox 2509 5238 2902 5320; x_wconf 75' lang='lat' dir='ltr'><strong>Melanthiadis.</strong></span> 
     </span>
    </p>
   </div>
   <div class='ocr_carea' id='block_1_114' title="bbox 2114 5297 3601 5386">
    <p class='ocr_par' dir='ltr' id='par_1_114' title="bbox 2114 5297 3601 5386">
     <span class='ocr_line' id='line_1_115' title="bbox 2114 5297 3601 5386; baseline -0.017 -11"><span class='ocrx_word' id='word_1_800' title='bbox 2114 5324 2128 5375; x_wconf 83' lang='lat' dir='ltr'><strong>i</strong></span> <span class='ocrx_word' id='word_1_801' title='bbox 2162 5297 2256 5377; x_wconf 66' lang='lat' dir='ltr'><strong>iii;</strong></span> <span class='ocrx_word' id='word_1_802' title='bbox 2282 5297 2364 5374; x_wconf 55' lang='grc' dir='ltr'><strong>ξεί</strong></span> <span class='ocrx_word' id='word_1_803' title='bbox 2381 5297 2623 5386; x_wconf 71' lang='lat' dir='ltr'><strong>Augusti,</strong></span> <span class='ocrx_word' id='word_1_804' title='bbox 2648 5319 2771 5386; x_wconf 83' lang='lat' dir='ltr'><strong>ante</strong></span> <span class='ocrx_word' id='word_1_805' title='bbox 2800 5311 2867 5365; x_wconf 69' lang='grc'><strong>14</strong></span> <span class='ocrx_word' id='word_1_806' title='bbox 2904 5304 3043 5381; x_wconf 79' lang='lat' dir='ltr'><strong>diem</strong></span> <span class='ocrx_word' id='word_1_807' title='bbox 3090 5300 3330 5372; x_wconf 84' lang='lat' dir='ltr'><strong>ejusdem</strong></span> <span class='ocrx_word' id='word_1_808' title='bbox 3381 5297 3601 5354; x_wconf 84' lang='lat' dir='ltr'><strong>mensis.</strong></span> 
     </span>
    </p>
   </div>
   <div class='ocr_carea' id='block_1_115' title="bbox 2110 5384 2920 5452">
    <p class='ocr_par' dir='ltr' id='par_1_115' title="bbox 2110 5384 2920 5452">
     <span class='ocr_line' id='line_1_116' title="bbox 2110 5384 2920 5452; baseline -0.02 -3"><span class='ocrx_word' id='word_1_809' title='bbox 2110 5395 2135 5433; x_wconf 77' lang='grc' dir='ltr'><strong>¹ί</strong></span> <span class='ocrx_word' id='word_1_810' title='bbox 2161 5395 2373 5448; x_wconf 82' lang='lat' dir='ltr'><strong>Falsm‘n</strong></span> <span class='ocrx_word' id='word_1_811' title='bbox 2407 5384 2545 5443; x_wconf 46' lang='lat' dir='ltr'><strong>ut&#39;ex</strong></span> <span class='ocrx_word' id='word_1_812' title='bbox 2575 5387 2707 5441; x_wconf 88' lang='lat' dir='ltr'><strong>actis</strong></span> <span class='ocrx_word' id='word_1_813' title='bbox 2733 5384 2920 5452; x_wconf 91' lang='lat' dir='ltr'><strong>liquet.</strong></span> 
     </span>
    </p>
   </div>
   <div class='ocr_carea' id='block_1_116' title="bbox 2114 5437 3609 5533">
    <p class='ocr_par' dir='ltr' id='par_1_116' title="bbox 2114 5437 3609 5533">
     <span class='ocr_line' id='line_1_117' title="bbox 2114 5437 3609 5533; baseline -0.021 -13"><span class='ocrx_word' id='word_1_814' title='bbox 2114 5464 2133 5505; x_wconf 79' lang='grc' dir='ltr'><strong>ι</strong></span> <span class='ocrx_word' id='word_1_815' title='bbox 2411 5437 2760 5513; x_wconf 54' lang='grc' dir='ltr'><strong>Ἠιᾷἧεῖἐῆηἰ</strong></span> <span class='ocrx_word' id='word_1_816' title='bbox 2782 5437 3042 5533; x_wconf 57' lang='lat' dir='ltr'><strong>i50,ante</strong></span> <span class='ocrx_word' id='word_1_817' title='bbox 3065 5437 3609 5533; x_wconf 51' lang='lat' dir='ltr'><strong>damnationemgilp-</strong></span> 
     </span>
    </p>
   </div>
   <div class='ocr_carea' id='block_1_117' title="bbox 2042 5507 3607 5603">
    <p class='ocr_par' dir='ltr' id='par_1_117' title="bbox 2042 5507 3607 5603">
     <span class='ocr_line' id='line_1_118' title="bbox 2042 5507 3607 5603; baseline -0.02 -11"><span class='ocrx_word' id='word_1_818' title='bbox 2042 5507 2747 5603; x_wconf 38' lang='lat' dir='ltr'><strong>scoririfu-zewtaiitum‘anno</strong></span> <span class='ocrx_word' id='word_1_819' title='bbox 2778 5507 3023 5590; x_wconf 84' lang='lat' dir='ltr'><strong>sequenti</strong></span> <span class='ocrx_word' id='word_1_820' title='bbox 3053 5531 3174 5572; x_wconf 92' lang='lat' dir='ltr'><strong>cum</strong></span> <span class='ocrx_word' id='word_1_821' title='bbox 3205 5511 3433 5570; x_wconf 89' lang='lat' dir='ltr'><strong>Proterii</strong></span> <span class='ocrx_word' id='word_1_822' title='bbox 3458 5507 3607 5564; x_wconf 89' lang='lat' dir='ltr'><strong>ordi—</strong></span> 
     </span>
    </p>
   </div>
   <div class='ocr_carea' id='block_1_118' title="bbox 2046 5608 2279 5664">
    <p class='ocr_par' dir='ltr' id='par_1_118' title="bbox 2046 5608 2279 5664">
     <span class='ocr_line' id='line_1_119' title="bbox 2046 5608 2279 5664; baseline -0.03 0"><span class='ocrx_word' id='word_1_823' title='bbox 2046 5608 2279 5664; x_wconf 77' lang='lat' dir='ltr'><strong>naﬁone.</strong></span> 
     </span>
    </p>
   </div>
   <div class='ocr_carea' id='block_1_119' title="bbox 2112 5666 2897 5738">
    <p class='ocr_par' dir='ltr' id='par_1_119' title="bbox 2112 5666 2897 5738">
     <span class='ocr_line' id='line_1_120' title="bbox 2112 5666 2897 5738; baseline -0.017 -7"><span class='ocrx_word' id='word_1_824' title='bbox 2112 5678 2151 5700; x_wconf 82' lang='lat'><strong>&quot;</strong></span> <span class='ocrx_word' id='word_1_825' title='bbox 2184 5677 2304 5730; x_wconf 52' lang='lat' dir='ltr'><strong>Haec</strong></span> <span class='ocrx_word' id='word_1_826' title='bbox 2326 5673 2625 5734; x_wconf 87' lang='lat' dir='ltr'><strong>Liberatus,</strong></span> <span class='ocrx_word' id='word_1_827' title='bbox 2652 5684 2772 5738; x_wconf 91' lang='lat' dir='ltr'><strong>cap.</strong></span> <span class='ocrx_word' id='word_1_828' title='bbox 2806 5666 2897 5721; x_wconf 79' lang='grc'><strong>15.</strong></span> 
     </span>
    </p>
   </div>
   <div class='ocr_carea' id='block_1_120' title="bbox 2117 5732 3210 5818">
    <p class='ocr_par' dir='ltr' id='par_1_120' title="bbox 2117 5732 3210 5818">
     <span class='ocr_line' id='line_1_121' title="bbox 2117 5732 3210 5818; baseline -0.014 -13"><span class='ocrx_word' id='word_1_829' title='bbox 2117 5759 2145 5787; x_wconf 76' lang='grc' dir='ltr'>ιι</span> <span class='ocrx_word' id='word_1_830' title='bbox 2175 5748 2393 5818; x_wconf 78' lang='lat' dir='ltr'><strong>Mongus</strong></span> <span class='ocrx_word' id='word_1_831' title='bbox 2415 5760 2507 5800; x_wconf 90' lang='lat' dir='ltr'><strong>seu</strong></span> <span class='ocrx_word' id='word_1_832' title='bbox 2539 5732 2775 5813; x_wconf 63' lang='lat' dir='ltr'><strong>Moggu&#39;s,</strong></span> <span class='ocrx_word' id='word_1_833' title='bbox 2807 5739 2858 5794; x_wconf 91' lang='lat' dir='ltr'><strong>id</strong></span> <span class='ocrx_word' id='word_1_834' title='bbox 2886 5742 2970 5793; x_wconf 89' lang='lat' dir='ltr'><strong>est</strong></span> <span class='ocrx_word' id='word_1_835' title='bbox 2993 5732 3210 5791; x_wconf 64' lang='lat' dir='ltr'><strong>bimul-</strong></span> 
     </span>
    </p>
   </div>
   <div class='ocr_carea' id='block_1_121' title="bbox 3435 334 3647 421">
    <p class='ocr_par' dir='ltr' id='par_1_121' title="bbox 3435 334 3647 421">
     <span class='ocr_line' id='line_1_122' title="bbox 3435 334 3647 421; baseline 0 -2"><span class='ocrx_word' id='word_1_836' title='bbox 3435 334 3647 421; x_wconf 55' lang='lat'><strong>930&#39;</strong></span> 
     </span>
    </p>
   </div>
  </div>
