4096 6342
284 356 390 414 953

1486 351 1841 410 EPISTOLE
1880 352 1967 410 ET
2009 351 2349 409 DECRETA.

3430 355 3529 417 954

282 480 313 519 a
333 462 513 518 Leone
537 469 665 515 tune
694 460 934 532 principe
964 461 1030 516 ad
1076 462 1384 518 Oasitanum
1433 463 1679 518 exsilium
1735 478 1855 520 esse
1884 466 1932 527 Α
1959 464 2143 520 clesia.
2172 465 2245 517 Ila
2276 463 2423 519 Felix
2453 478 2583 534 papa
2608 466 2871 537 episcopis
2908 481 3002 538 per
3036 467 3323 540 [Egyplum
3344 515 3357 537 ,
3390 472 3531 531 The-

281 559 561 615 directum.
596 556 673 611 De
700 568 809 627 quo
838 557 1045 626 lapsum
1074 554 1591 624 Constantinopolim
1615 558 1857 623 rediisse,

281 663 346 705 ac
362 630 574 702 dedisse
605 645 785 712 ﬁdem,
815 647 957 716 quod
986 648 1159 704 nullas
1197 648 1421 705 ulterius
1461 647 1641 702 turbas
1686 647 1860 703 facere

280 751 500 809 prorsus
528 735 767 791 auderet.
797 734 903 790 Sed
926 736 1063 791 sicut
1090 737 1335 805 superius
1363 736 1560 791 dictum
1592 747 1709 805 est,
1756 738 1859 792 Bu-

282 822 443 884 silisci
478 825 805 895 temporibus
846 840 875 877 a
917 825 1197 882 Timotheo
1236 834 1262 863 ι
1308 826 1398 881 illo
1445 827 1723 894 damnato,
1770 827 1860 896 qui

282 918 796 986 Constantinopolim
826 925 1065 983 venerat,
1103 917 1168 972 ad
1195 916 1531 973 Antiochiam
1574 918 1858 972 remissum

279 1010 469 1074 fuisse,
497 1020 556 1065 ut
578 1010 769 1066 iterum
798 1006 902 1063 illic
928 1009 1292 1078 episcopatum
1311 1017 1536 1065 teneret.
1552 1010 1666 1074 Quo
1698 1008 1856 1074 facto,

278 1104 423 1158 idem
444 1103 635 1156 Petrus
662 1100 921 1156 Joannem
944 1100 1227 1170 quemdam
1252 1098 1641 1170 presbyterum,
1660 1099 1726 1155 de
1752 1114 1857 1168 quo

280 1194 532 1250 Acacium
555 1192 787 1246 diximus
819 1190 1085 1256 retulisse,
1110 1190 1324 1245 ordinat
1342 1190 1631 1261 Apamenis
1658 1190 1857 1259 episco-

280 1298 446 1353 pum;
470 1281 715 1352 aquibus
741 1295 849 1337 non
889 1290 1135 1349 receptus
1188 1282 1335 1337 venit
1374 1280 1712 1336 Antiochiam
1737 1320 1752 1345 ,
1802 1290 1857 1337 et

279 1371 495 1428 Petrum
526 1373 862 1440 episcopatus
882 1371 963 1426 sui
988 1370 1135 1439 pellit
1151 1380 1428 1427 auctorem
1448 1380 1501 1428 et
1525 1371 1728 1427 invadit
1742 1370 1857 1440 ejus

279 1466 597 1525 Ecclesium.
625 1464 771 1533 Quos
796 1464 986 1519 iterum
1016 1462 1296 1521 damnatos
1323 1462 1453 1519 dicit
1483 1463 1732 1527 Aeacius,
1759 1476 1853 1531 pe-

282 1568 403 1620 tens
431 1558 501 1613 ab
527 1557 819 1629 apostolica
845 1556 995 1623 sede,
1021 1564 1081 1612 ut
1108 1557 1151 1613 si
1182 1556 1323 1612 forte
1347 1556 1414 1611 ad
1440 1570 1560 1612 eam
1601 1554 1857 1626 confuge-

278 1658 425 1715 rent,
445 1663 543 1710 nec
570 1649 689 1707 visu
715 1648 906 1717 dignos
929 1647 1182 1712 haberet;
1211 1656 1267 1703 et
1294 1648 1340 1705 si
1370 1649 1480 1717 jam
1508 1648 1738 1717 aliquam
1767 1646 1852 1703 in-

278 1738 601 1811 dulgentiam
650 1738 873 1795 forsitan
916 1738 1311 1808 impetrassent,
1367 1737 1568 1813 irritam
1597 1752 1717 1795 esse
1760 1738 1851 1794 de-

1963 553 2194 618 baidem,
2226 553 2446 622 tibyam
2485 564 2539 609 et
2574 556 2899 628 Pentapolim
2928 560 3226 616 constitutis
3250 574 3367 634 post
3394 565 3529 632 alia;

1964 642 2155 698 Petrus
2184 657 2337 710 vero,
2367 644 2455 714 qui
2492 660 2550 701 se
2575 648 2643 703 ab
2689 648 2945 706 Ecclesiae
2987 654 3188 709 unitate
3228 656 3327 710 sub
3361 656 3532 714 beata:

1961 733 2347 788 recordationis
2374 734 2617 793 Proterio
2641 741 2997 808 separavit,et
3024 744 3074 797 in
3109 752 3334 800 mortem
3358 746 3526 817 ipsius

1960 822 2241 890 parricidas
2258 822 2541 880 Timotheo
2566 826 2630 879 ad
2656 830 3053 900 persequendos
3074 847 3131 887 se
3150 833 3327 902 junxit
3350 837 3532 891 ortho-

1961 912 2154 979 doxos,
2182 915 2326 970 nulla
2355 918 2483 971 tanti
2509 918 2758 987 nominis,
2784 932 2873 975 aut
2915 922 3133 978 honoris
3173 926 3531 994 permittimus

1961 1007 2218 1062 societate
2245 1008 2440 1075 lmtari,
2465 1018 2664 1079 quanto
2693 1012 2743 1065 in
2781 1013 3111 1069 creatoribus
3155 1017 3385 1086 propriis
3424 1032 3531 1073 non

1962 1095 2309 1153 dissimilibus
2343 1099 2459 1168 ipso
2485 1100 2566 1154 sui
2594 1101 2815 1157 exordio
2836 1104 3113 1171 caducum,
3134 1106 3275 1177 quod
3305 1123 3364 1164 se
3390 1109 3533 1165 testi-

1960 1197 2069 1241 mat
2090 1189 2375 1259 reperitur.
2412 1191 2505 1246 Est
2536 1207 2661 1264 ergo
2695 1192 2941 1262 praelatus
2967 1196 3173 1251 cunctis
3201 1199 3486 1257 anathema
3511 1240 3529 1267 ,

1958 1293 2056 1333 nec
2084 1279 2150 1331 ab
2178 1279 2418 1335 Ecclesia
2452 1283 2711 1338 catholica
2754 1286 3002 1341 credatur
3048 1304 3278 1359 unquam
3326 1291 3526 1361 recipi,

1958 1369 2043 1438 qui
2069 1378 2190 1438 post
2209 1370 2634 1443 cohortationem
2662 1376 3008 1444 smpissimam
3048 1388 3101 1434 et
3134 1395 3228 1450 per
3252 1390 3329 1437 tot
3358 1397 3527 1438 anno-

1950 1474 2074 1513 .rum
2106 1461 2270 1529 spatia
2313 1463 2363 1516 in
2396 1466 2749 1531 perversitate
2791 1470 3002 1536 prppria
3041 1484 3423 1541 perseverans,
3452 1472 3530 1531 lo-

1956 1564 2076 1605 cum
2103 1550 2483 1609 satisl‘actionis
2513 1556 2710 1611 amisit.

2002 1676 2229 1717 εωετωι
2269 1678 2571 1723 SENTENTIA:
2611 1685 2811 1725 FELICIS
2850 1687 2991 1726 PAP£
3031 1688 3268 1731 PROPTER
3305 1692 3477 1733 ACACH

2347 1750 2575 1792 EPISCOPI
2616 1754 2697 1792 (ΖΡ.
2738 1756 3127 1797 ΠΑΜΝΛἹἹΟΝΕΜ.

278 1828 436 1896 bere.
485 1843 586 1887 nec
640 1843 826 1884 eorum
882 1829 1251 1898 pmnitentiam
1299 1828 1657 1897 recipiendam
1712 1842 1853 1885 esse.
1883 1830 1932 1891 B
2032 1827 2275 1894 Aeacius,
2319 1831 2407 1899 qui
2449 1833 2684 1888 secundo
2717 1850 2745 1888 a
2784 1836 2935 1891 nobis
2976 1838 3277 1895 admonitus
3307 1850 3530 1898 statuto-

277 1926 431 1994 Quod
457 1940 577 1983 cum
606 1923 854 1994 prmlatus
879 1922 1111 1979 Joannes
1140 1922 1534 1979 Alexandrinus
1570 1922 1856 1991 episcopus

277 2020 578 2090 relegisset,
612 2027 788 2075 tacere
816 2033 922 2075 non
953 2017 1147 2086 potuit,
1184 2014 1327 2085 quod
1366 2015 1519 2070 illum
1555 2014 1853 2079 Joannem,

278 2130 437 2187 quem
463 2114 691 2171 Aeacius
720 2113 1066 2169 damnaverat
1086 2127 1209 2167 cum
1239 2112 1423 2175 Petro,
1454 2121 1509 2166 et
1534 2112 1651 2167 sine
1682 2125 1855 2165 reme-

1957 1932 2075 1973 rum
2105 1920 2397 1975 salubrium
2437 1938 2542 1977 non
2575 1926 2778 1978 destitit
2812 1942 2931 1983 esse
2953 1938 3307 1999 contemptor,
3339 1946 3531 2002 meque

1958 2006 2010 2061 in
2037 2009 2169 2064 meis
2201 2010 2427 2066 credidit
2457 2014 2910 2082 carcerizandum,
2944 2018 3084 2074 hunc
3111 2020 3272 2090 Deus,
3320 2023 3531 2079 cmlitus

1958 2099 2161 2166 prolata
2188 2104 2471 2169 sententia,
2504 2104 2571 2159 de
2600 2108 2899 2162 sacerdmio
2930 2110 3051 2165 fecit
3071 2123 3360 2168 extorrem.
3390 2116 3531 2186 Ergo

280 2208 372 2267 die
410 2205 738 2278 poenitentia:
780 2204 902 2260 fecit
952 2203 1021 2261 ab
1076 2202 1369 2273 apostolica
1418 2202 1547 2258 sede
1591 2202 1854 2268 damnari,

1967 2190 2003 2243 si
2048 2191 2167 2259 quis
2196 2193 2499 2263 episcopus,
2541 2196 2786 2265 clericus,
2830 2202 3143 2271 monachus,
3187 2205 3373 2273 laicus,
3413 2219 3533 2277 post

283 2310 404 2372 post
422 2309 501 2359 tot
520 2298 890 2356 damnationes
906 2296 1189 2367 Tyriorum
1212 2294 1420 2351 miserit
1441 2294 1693 2350 Ecclesia:
1716 2306 1857 2361 pra:-

164 2420 173 2429 -
279 2394 481 2451 sidere.
514 2391 799 2459 Postquam
831 2403 958 2458 ergo
1003 2403 1110 2444 non
1159 2388 1335 2444 solum
1383 2386 1516 2442 nihil
1570 2385 1858 2455 profecisse

279 2483 487 2544 litteras
514 2480 815 2537 decessoris
843 2478 927 2535 sui
961 2489 1179 2534 sanctus
1222 2478 1370 2534 Felix
1412 2492 1546 2547 papa
1578 2477 1853 2547 cognovit,

280 2580 336 2630 et
354 2569 584 2628 ludibria
611 2568 857 2639 quaedam
886 2567 1081 2625 Acacio
1105 2569 1218 2624 ﬁeri
1244 2568 1298 2623 in
1334 2569 1666 2624 eversionem
1696 2569 1858 2625 totius

282 2661 661 2725 ecclesiasticas
716 2658 1056 2727 disciplinas,
1118 2660 1302 2715 electis
1373 2659 1541 2715 Vitale
1605 2660 1857 2728 episcopo

282 2752 629 2812 Troentinate
654 2764 720 2805 ex
746 2748 936 2806 Picena
981 2750 1229 2819 regione,
1267 2760 1322 2807 et
1360 2750 1564 2806 Miseno
1605 2749 1859 2805 Cumanae

283 2845 540 2905 Ecclesia
568 2842 825 2912 episcopo
845 2856 908 2897 ex
933 2844 1151 2911 regione
1171 2840 1496 2911 Campaniae,
1525 2841 1623 2897 sub
1646 2840 1747 2897 hac
1778 2843 1858 2898 in-

283 2936 584 2996 structione
610 2932 825 2999 direxit,
858 2943 914 2989 ut
937 2932 1129 2989 Petrus
1156 2933 1224 2989 de
1244 2931 1612 2990 Alexandrina
1633 2933 1858 3001 pellere-

1958 2282 2096 2338 hanc
2136 2284 2591 2344 denuntiationem
2637 2291 2809 2345 eidem
2854 2297 3325 2353 communicaverit
3350 2340 3365 2367 ,
3403 2314 3529 2355 ana-

1958 2372 2137 2429 thema
2160 2376 2249 2440 slt,
2280 2386 2469 2433 sancto
2502 2380 2701 2448 Spiritu
2731 2391 3078 2451 easequente.

2517 2493 2846 2551 EPISTULA
2876 2496 2967 2552 IX.

2100 2594 2300 2635 FELICIS
2341 2597 2396 2637 Ill
2429 2599 2571 2638 PAPE
2611 2602 2676 2639 AD
2714 2603 2953 2643 ZENONEH
2995 2604 3385 2647 IHPERATOBEM.

1960 2666 2295 2755 Conqueritur
2343 2672 2405 2755 de
2448 2675 2646 2755 violatis
2675 2677 2747 2755 gb
2792 2681 3115 2755 eo__legatis,
3157 2686 3432 2755 suadetque
3476 2697 3533 2743 ut

2006 2740 2293 2807 “quiescat
2321 2743 2639 2799 damnationi
2666 2746 2810 2801 Petri
2836 2740 3172 2805 Aleiandrini
3201 2765 3249 2809 et
3275 2740 3469 2813 Acncii.

2028 2830 2176 2886 Felix
2206 2833 2408 2890 Zenoni
2434 2838 2690 2907 Augusto.

2028 2927 2291 2995 Quoniam
2319 2930 2489 3000 pietas
2512 2942 2620 3001 tua,
2641 2936 2762 2991 licet
2782 2939 3079 3007 profusiore
3099 2943 3286 3012 pagina
3321 2944 3387 2997 ad
3411 2957 3527 2997 mea

282 3037 376 3091 tu
401 3032 639 3103 Ecclesia
663 3074 678 3099 ,
709 3042 765 3091 et
801 3041 855 3089 ut
909 3031 1092 3088 libello
1140 3028 1310 3087 sancti
1357 3028 1579 3085 Joannis
1620 3026 1855 3095 episcopi
1956 3021 2155 3090 scripta
2183 3025 2543 3091 responderit,
2575 3028 2684 3082 suis
2725 3030 2945 3085 auribus
2978 3032 3289 3103 diligentius
3320 3035 3532 3089 intima-

282 3122 639 3189 Alexandrini
664 3123 1014 3194 responderet
1039 3120 1283 3186 Aeacius,
1314 3127 1473 3189 atque
1506 3119 1607 3189 ipsi
1647 3118 1855 3175 denun-

1959 3119 2066 3166 tam
2108 3112 2322 3169 fastidio
2366 3115 2578 3185 dignam
2608 3120 2839 3175 credidit
2867 3124 3143 3179 veritatem
3182 3143 3195 3178 :
3239 3127 3531 3184 curandum

282 3182 507 3273 tiaretur
529 3182 817 3281 Acacio,ut
837 3212 1120 3271 anathema
1148 3182 1347 3266 diceret
1368 3182 1858 3278 ῥωοίρυὶαυεω-
1889 3182 1936 3247 C
1966 3205 2096 3261 mihi
2125 3206 2240 3272 luit,
2272 3217 2329 3261 ut
2353 3182 2587 3265 breviter
2609 3226 2729 3281 quae
2756 3228 2861 3267 non
2892 3215 3051 3271 vultis
3084 3216 3244 3273 latius
3274 3182 3533 3288 publicari

282 3306 370 3361 vis
400 3304 579 3363 hostili
606 3320 754 3362 more
779 3305 981 3363 detrusi
1004 3305 1056 3359 in
1084 3302 1377 3360 custodiam
1407 3304 1622 3359 chartas
1666 3304 1861 3359 amise-

282 3398 419 3464 rint,
453 3406 633 3455 tamen
664 3397 877 3468 perﬁdis
903 3397 1169 3455 haereticis
1180 3405 1339 3466 atque
1362 3395 1627 3452 damnatis
1650 3410 1863 3451 accom-

286 3489 514 3549 modare
535 3505 640 3547 non
668 3477 985 3557 debuerant,
1013 3504 1134 3559 quae
1160 3490 1272 3546 sola
1311 3489 1496 3559 negari
1536 3489 1729 3557 potuit,
1770 3503 1863 3543 vo-

286 3580 569 3637 luntatem.
608 3580 723 3637 Non
767 3582 936 3636 solum
973 3595 1099 3652 ergo
1137 3595 1242 3636 non
1296 3590 1519 3652 egerunt
1566 3597 1683 3650 qua:
1717 3582 1863 3649 iussa

286 3678 438 3736 sunt,
470 3679 559 3725 aut
578 3684 696 3739 quae
723 3670 977 3737 expedire
1000 3680 1276 3738 poterant;
1307 3671 1402 3727 sed
1441 3672 1621 3726 etiam
1652 3672 1865 3727 haereti-

286 3762 371 3819 cis
397 3761 948 3828 communicaverunt,
980 3762 1438 3819 conﬁrmationem
1480 3761 1622 3819 Petri
1659 3763 1865 3832 episco-

287 3862 467 3924 patus,
498 3854 565 3915 ad
593 3869 752 3924 quem
784 3853 1086 3923 pellendum
1113 3854 1259 3909 missi
1284 3855 1513 3921 fuerant,
1537 3854 1861 3919 deterentes,

287 3951 452 4014 atque
471 3943 826 4003 contumelias
853 3944 905 3998 in
933 3944 1243 4013 episcopum
1274 3944 1534 4001 Joannem
1566 3944 1759 4003 Acacio
1785 3946 1866 4002 di-

289 4034 499 4104 rigente
530 4043 822 4105 portantes.
857 4035 1059 4103 Quibus
1088 4036 1247 4093 rebus
1278 4036 1454 4091 habita
1484 4037 1688 4105 synodo
1714 4050 1864 4093 cont-

293 4135 476 4183 motus
502 4126 837 4185 beatissimus
870 4141 1023 4197 papa,
1058 4127 1279 4182 Vitalem
1312 4136 1367 4181 et
1395 4126 1652 4182 Misenum
1683 4126 1751 4185 ab
1794 4126 1869 4183 of-

291 4216 419 4273 ﬁcio
438 4228 493 4275 et
519 4219 893 4277 communione
923 4218 1199 4289 suspendit
1241 4216 1291 4286 δ,
1332 4220 1689 4288 Acaciumque
1720 4218 1869 4275 dam-

292 4305 461 4365 navit.
500 4306 660 4376 Cujus
684 4307 905 4364 audacia
957 4308 1224 4363 deteriora
1275 4308 1649 4374 committens,
1708 4308 1867 4363 etiam

291 4394 508 4451 Petrum
536 4407 557 4436 ε
599 4398 1014 4464 Antiochenam,
1041 4398 1213 4469 ejecto
1238 4398 1506 4455 catholico
1535 4396 1560 4436 ά
1587 4397 1869 4455 Calendio-

1966 3297 2186 3353 deﬁnita
2228 3300 2623 3357 concluderem.
2666 3302 2848 3372 Itaque
2885 3305 3221 3362 olﬁclositate
3256 3310 3533 3377 praemissa

1966 3391 2157 3446 timere
2196 3406 2281 3446 me
2316 3391 2486 3447 fateor
2511 3406 2678 3462 regno
2708 3406 2888 3450 vestro
2920 3395 3118 3465 pariter
3156 3408 3209 3452 et
3235 3399 3413 3453 saluti.
3445 3399 3536 3455 Si-

1965 3481 2179 3549 quidem
2219 3490 2403 3536 contra
2444 3483 2677 3537 divinam
2720 3487 3078 3541 reverentiam
3120 3488 3451 3556 probabitur,
3482 3501 3538 3546 ut

1966 3570 2105 3626 beati
2137 3572 2365 3641 apostoli
2388 3573 2529 3628 Petri
2551 3574 2752 3632 directa
2782 3577 2994 3646 legatio,
3022 3579 3160 3633 sicut
3186 3581 3301 3649 ejus
3323 3583 3536 3638 confes-

1966 3663 2050 3717 sio
2082 3664 2350 3732 patetecit,
2387 3673 2636 3735 tanquam
2685 3669 2734 3721 in
2782 3669 3093 3737 captivitate
3132 3671 3342 3727 redacta
3387 3682 3540 3731 tene-

1968 3764 2136 3820 retur,
2168 3766 2222 3810 et
2246 3756 2445 3811 chartis
2475 3771 2607 3825 quas
2635 3758 2904 3826 bajulabat
2932 3760 3199 3817 violenter
3227 3764 3439 3833 ablatis,
3471 3767 3539 3821 ad

1966 3850 2468 3905 communicandum
2526 3850 2829 3917 haereticis,
2884 3852 2985 3907 hoc
3042 3863 3124 3908 est
3176 3857 3538 3924 apocrisiariis

1968 3943 2318 3999 Alexandrini
2344 3944 2510 4007 Petri,
2538 3944 2819 4001 adversum
2848 3960 3004 4015 quem
3034 3948 3187 4011 lerat,
3212 3947 3279 4002 de
3300 3950 3538 4005 custodia

1969 4034 2039 4087 sit
2065 4036 2340 4100 producta.
2372 4034 2706 4103 Quapropter
2745 4035 3018 4106 (Nicotaus
3051 4037 3076 4089 Ι
3110 4054 3275 4107 papa,
3305 4040 3453 4107 epist.
3484 4040 3541 4108 θ)

1972 4123 2197 4180 Vitalem
2224 4124 2436 4193 quidem
2463 4134 2518 4180 et
2537 4125 2820 4192 Misenum,
2853 4141 2950 4181 cur
2978 4128 3061 4182 vel
3092 4128 3301 4196 impulsi
3330 4128 3396 4182 ad
3439 4128 3541 4184 ista

1971 4218 2361 4285 consenserint,
2396 4218 2599 4273 honore
2644 4219 2802 4273 simul
2844 4229 2897 4274 et
2924 4222 3303 4276 communione
3332 4231 3541 4291 aposto-

1971 4309 2072 4367 lica
2093 4324 2316 4365 censura
2344 4310 2587 4379 privavit.
2619 4311 2722 4365 Sed
2754 4310 2802 4380 (1
2814 4311 2946 4383 bid.)
2974 4327 3094 4366 cum
3123 4314 3261 4382 apud
3289 4313 3543 4368 barbaras

1972 4403 2132 4458 etiam
2159 4404 2421 4470 nationes,
2448 4415 2607 4473 atque
2636 4404 2805 4474 ipsius
2833 4405 3056 4460 Deitatis
3084 4406 3310 4476 ignaras,
3336 4421 3435 4476 pro
3452 4420 3546 4463 ex-

291 4498 386 4553 ne,
418 4500 575 4555 quem
602 4487 717 4557 ipse
748 4488 1120 4557 ordinaverat,
1175 4490 1242 4546 ad
1294 4491 1683 4549 Antiochenam
1723 4491 1868 4548 misit
1896 4544 1951 4567 η
1974 4495 2262 4565 sequendis
2290 4496 2518 4563 negotiis
2546 4496 2630 4551 vel
2670 4496 2933 4562 humanis,
2984 4497 3105 4565 jure
3139 4497 3378 4567 gentium
3407 4500 3548 4567 lega-

294 4574 612 4631 Eeclesiam.

372 4706 785 4761 ADDI’I‘AIENTUI
824 4723 891 4761 Εἰ
929 4724 1124 4764 TERTIA
1164 4726 1407 4768 EDITIONE
1446 4728 1777 4770 θεευκρτυιί.

370 4837 657 4909 Postquam
674 4839 908 4901 Joannes
934 4843 1245 4911 Supervenit
1264 4844 1564 4915 episcopus,
1586 4863 1743 4918 quem
1763 4847 1869 4909 Ro-

302 4943 457 4993 mana
487 4929 719 5001 suscepit
747 4931 1008 5000 Ecclesia,
1036 4941 1251 4995 sanctus
1272 4950 1404 5007 papa
1456 4937 1603 4997 Felix
1644 4940 1869 5010 legatio-

299 5035 422 5079 nem
455 5019 544 5093 (ut
572 5022 771 5087 dielum
804 5026 923 5096 est)
962 5026 1100 5087 sicut
1145 5028 1376 5097 oportuit
1415 5029 1712 5100 ordinavit;
1752 5048 1873 5102 qua:

300 5110 437 5183 apud
466 5112 750 5189 praedictos
791 5130 980 5179 omnes
1018 5116 1272 5197 quidquid
1312 5127 1395 5181 est
1440 5118 1744 5181 hostilitatis
1781 5138 1873 5183 ex-

300 5214 448 5276 perta
481 5211 583 5267 est.
610 5205 741 5269 Nam
770 5209 983 5273 detrusa
1014 5212 1068 5275 in
1094 5213 1391 5271 custodiam
1422 5214 1689 5285 praedictis
1717 5216 1874 5275 char-

304 5296 388 5367 ιῖε.
418 5310 537 5357 cum
561 5296 745 5365 grandi
770 5300 853 5361 vix
880 5304 1136 5363 remeavit
1162 5306 1475 5381 cpprobr'io,
1504 5308 1870 5381 episcopatum

303 5382 463 5448 Petri,
495 5386 559 5445 ad
582 5401 737 5465 quem
776 5390 1148 5461 expellendum
1172 5396 1333 5457 missa
1376 5399 1547 5459 luerat
1589 5401 1875 5461 conﬁrma-

304 5481 412 5537 tum
444 5487 739 5555 reportans,
768 5494 931 5551 quem
960 5481 1197 5551 Romana
1242 5490 1719 5555 anathematizarat
1766 5494 1877 5557 Ec.

375 5618 401 5677 9
424 5610 633 5677 Δίωνα,
660 5630 803 5671 anno
824 5615 951 5673 ΗΒ.

372 5676 402 5718 ι
432 5680 527 5735 Die
545 5676 666 5737 Julii
687 5684 757 5739 23
783 5690 908 5742 anni
934 5686 1062 5744 884.

379 5756 401 5788 ⁸
431 5747 763 5812 Cnaoheum.

1894 4544 1957 4605 ll

1978 4586 2136 4642 tionis
2152 4585 2437 4654 cujuslibet
2458 4585 2719 4642 habeatur
2735 4596 3075 4641 sacrosancta
3100 4587 3316 4642 libertas
3331 4605 3348 4654 ;
3366 4600 3549 4646 natum

1977 4684 2062 4737 est
2078 4677 2349 4741 omnibus,
2381 4686 2578 4745 quanto
2601 4675 2770 4745 magis
2791 4677 2858 4731 ab
2885 4676 3207 4745 imperatore
3234 4678 3476 4733 Romano
3497 4687 3553 4734 et

1978 4770 2286 4827 Christiano
2336 4770 2608 4839 principe,
2662 4771 2715 4825 in
2761 4770 2923 4826 rebus
2972 4774 3269 4841 praesertim
3319 4773 3549 4840 divinis,

1980 4862 2275 4930 oportuerit
2330 4862 2699 4917 intemeratam
2754 4863 2979 4917 servari.
3034 4863 3236 4919 Deinde
3288 4864 3555 4934 legatione

1934 5010 1937 5013 .
1980 4954 2243 5016 Submota,
2288 4967 2408 5021 quae
2457 4951 2597 5021 apud
2628 4967 2749 5018 vos,
2799 4964 2855 5008 ut
2896 4953 3099 5009 dictum
3138 4965 3237 5021 est,
3272 4970 3373 5031 nec
3413 4956 3553 5009 beati

1982 5041 2125 5099 Petri
2152 5044 2373 5111 apostoli
2408 5043 2663 5101 inviolata
2692 5058 2814 5101 esse
2837 5044 2947 5113 jam
2979 5046 3169 5113 potuit,
3193 5046 3554 5114 tranquillitas

1986 5142 2072 5191 tua
2102 5134 2405 5193 litterarum
2434 5136 2611 5195 saltim
2643 5146 2827 5193 tenore
2867 5146 3175 5205 cognoscat,
3204 5138 3386 5192 sedem
3415 5138 3559 5192 beati

1983 5227 2211 5295 προδιοιί
2271 5228 2413 5284 Petri
2465 5226 2827 5285 Alexandrino
2872 5229 3072 5293 Petro,
3122 5228 3251 5284 olim
3309 5230 3559 5300 iusteque

1982 5320 2259 5389 damnato,
2290 5337 2355 5378 ac
2381 5324 2727 5382 nihilominus
2755 5341 2851 5395 per
2885 5326 3209 5381 sententiam
3248 5327 3555 5397 synodalem

1986 5428 2153 5484 nuper
2191 5414 2344 5479 eliso,
2392 5418 2782 5473 communionis
2809 5432 3079 5487 nunquam
3107 5418 3193 5473 vel
3240 5418 3553 5487 pnbuisse,

1987 5507 2073 5565 vel
2124 5507 2463 5577 praebituram
2506 5524 2627 5566 esse
2673 5526 3013 5568 consensum.
3065 5512 3219 5579 Quia,
3270 5518 3326 5565 ut
3364 5516 3556 5565 castora

1982 5636 2207 5766 ηιῗερυί
2228 5656 2347 5698 cum
2388 5642 2479 5700 mo
2518 5643 2746 5702 Ρ²¹⁹ί⁰ί⁰
2780 5646 3005 5717 aliusue
3042 5659 3182 5704 anno
3213 5639 3319 5701 J83
3345 5638 3559 5714 conspi-

2096 5894 2137 5904 ..ο
2148 5896 2153 5899 ν
