4096 6342
438 280 537 354 955

1775 256 2028 330 Fauens
2065 271 2265 329 eam
2308 269 2371 327 Ill

3590 258 3697 317 936

441 424 583 469 nunc
628 406 888 468 omittam,
930 411 998 454 an
1041 378 1307 452 narreticis
1349 387 1645 456 institutus,
1696 397 1880 443 contra
1927 386 2007 440 fas
2038 386 2091 446 Α
2111 384 2392 454 judicium.
2418 382 2488 435 Et
2515 382 2618 436 alia
2648 396 2821 434 manu.
2857 377 2986 434 Data
3017 378 3254 433 calenots
3274 353 3500 447 Augusti
3527 377 3698 446 (anno

441 516 600 558 omne
628 495 903 555 catholicae
932 488 1219 560 praesidere
1246 499 1350 539 non
1376 484 1543 553 possit
1562 480 1838 536 Ecclesite.
1856 477 2013 532 Unde

442 593 693 665 quoniam
719 584 1139 641 adhortationum
1169 592 1343 633 meam
1375 575 1599 631 duxistis
1626 583 1930 636 onerosam,
1960 569 2017 623 in

445 659 628 740 vestro
656 678 899 747 relinquo
935 670 1336 729 deliberationis
1383 665 1607 722 arbitrio
1648 673 1829 719 utrum
1874 659 2018 715 beati

445 770 670 845 apostoli
698 768 840 824 Petri
871 782 937 821 an
969 761 1321 821 Alexandrini
1350 759 1514 824 Petri,
1548 758 1793 826 cuiquam
1825 753 1897 807 sit
1924 750 2022 805 eli-

445 844 618 939 genda
644 859 968 918 communio.
1014 857 1193 923 Qualis
1220 867 1395 910 autem
1426 849 1825 908 Alexandrinus
1853 844 2023 899 exsti-

447 964 597 1026 terit,
642 958 726 1013 vel
764 953 1212 1026 quemadmodum
1242 949 1360 1004 falsi
1403 945 1636 1001 nominis
1665 938 2023 995 sacerdotium

448 1069 546 1126 per
575 1067 738 1107 unum
767 1053 853 1104 vix
895 1063 1006 1103 suae
1043 1044 1359 1113 complicem
1391 1036 1664 1110 pravitatis
1710 1029 2025 1087 temerarius

449 1120 741 1213 usurparit,
783 1150 941 1210 atque
984 1139 1037 1193 in
1080 1139 1451 1191 damnatorum
1494 1129 1654 1184 fuerit
1692 1128 1849 1181 etiam
1890 1120 2027 1191 apud

450 1251 549 1293 vos
570 1212 771 1291 dudum
794 1242 940 1287 sorte
961 1236 1295 1293 numeratus,
1324 1220 1691 1293 suifragatoris
1713 1218 1830 1286 ejus
1850 1212 2031 1269 Acacii

453 1326 647 1384 litteris
676 1325 743 1379 ad
772 1333 972 1379 sancta:
1003 1321 1275 1375 memoriae
1297 1317 1633 1373 decessorem
1665 1325 1841 1365 meum
1871 1306 2029 1371 datis,

455 1434 680 1492 quarum
742 1413 1073 1484 exemplaria
1124 1411 1336 1466 subdita
1400 1407 1659 1470 cernitis,
1715 1399 2029 1471 approbato.

456 1490 646 1569 Utrum
673 1510 758 1565 vel
779 1508 1062 1578 epis00pus
1085 1504 1189 1559 dici
1219 1504 1410 1567 valeat,
1434 1500 1577 1570 quod
1609 1510 1801 1551 nomen
1825 1490 2032 1548 etiamsi

456 1621 487 1660 a
530 1604 772 1673 pluribus
812 1599 1079 1671 episcopis
1118 1596 1431 1666 accepisset,
1476 1593 1673 1647 habere
1704 1604 1808 1643 non
1835 1596 2033 1657 posset,

457 1698 543 1753 vel
582 1693 893 1751 orthodoxis
936 1689 1182 1761 plebibus
1220 1695 1404 1743 contra
1447 1683 1713 1739 Nicaznam
1751 1678 2031 1751 synodum,

461 1799 647 1848 contra
676 1784 1072 1843 observantiam
1102 1780 1426 1853 singularem
1446 1818 1461 1844 ,
1494 1782 1759 1830 mereatur
1798 1770 2033 1840 imponi,
2069 1753 2118 1814 Β

459 1890 705 1953 prompta
730 1880 785 1934 in
817 1879 982 1933 Deum
1012 1875 1208 1946 pietate
1231 1870 1566 1943 perpendite.
1614 1867 1715 1922 Ubi
1746 1864 1907 1921 etiam
1938 1878 2035 1933 ap-

464 1983 620 2045 paret
646 1970 922 2027 evidenter
949 1966 1233 2031 Acacium,
1269 1964 1357 2033 qui
1386 1974 1640 2017 excessus
1669 1973 1795 2012 suos
1820 1956 1918 2010 sub
1949 1968 2039 2009 ve-

464 2076 578 2121 stro
606 2064 781 2134 ponus
810 2060 1022 2116 nomine
1052 2058 1228 2113 celare
1274 2055 1445 2109 voluit
1472 2067 1631 2122 quam
1672 2050 1826 2105 vobis
1854 2048 2040 2119 prolu-

467 2168 587 2214 tura
608 2169 915 2226 suggerere,
940 2162 1046 2206 tam
1066 2149 1223 2205 saluti
1247 2155 1440 2203 vestra:
1466 2143 1807 2199 devotionem
1831 2141 2041 2196 deferre

465 2254 754 2316 sinceram,
798 2264 957 2327 quam
988 2246 1200 2301 ﬁdelem
1244 2243 1627 2298 conscientiam
1657 2242 1797 2296 circa
1828 2239 2043 2294 Patrum

466 2347 702 2419 regulas,
755 2354 916 2414 atque
960 2344 1132 2411 ipsum
1178 2338 1369 2406 dogma
1416 2344 1647 2405 gestaret
1698 2331 2041 2388 catholicum.

466 2441 759 2510 Propterea
803 2440 946 2493 hunc
974 2436 1246 2499 eumdem,
1289 2441 1348 2487 ut
1385 2441 1510 2501 pote
1536 2431 1626 2500 qui
1665 2428 1829 2483 multa
1860 2437 2044 2481 contra

469 2534 605 2589 scita
636 2542 876 2589 veterum
924 2531 1127 2586 nefaria
1168 2526 1511 2598 perpetrarit,
1557 2534 1612 2579 et
1648 2524 1762 2593 ejus
1804 2520 2048 2576 laudator

471 2624 773 2692 emerserit,
820 2638 982 2694 quem
1024 2621 1253 2677 asseruit
1272 2620 1346 2689 [et
1382 2619 1497 2688 ipse
1529 2617 1858 2682 damnatum,
1900 2612 2048 2667 etab

472 2718 762 2790 apostolica
792 2716 917 2773 fecit
958 2716 1086 2770 sede
1132 2713 1400 2776 damnari,
1447 2726 1510 2765 ac
1548 2724 1735 2765 rursus
1780 2706 2049 2761 azdiﬁcans

471 2826 592 2883 quas
620 2821 743 2866 ante
769 2808 1127 2871 destruxerat,
1149 2813 1153 2823 '
1179 2804 1643 2875 prtevaricatorem
1675 2816 1733 2855 se
1763 2799 1880 2870 ipse
1921 2811 2051 2851 con-

473 2906 682 2970 stituit;
714 2919 901 2961 eorum
930 2917 1063 2972 quos
1094 2902 1246 2970 sequi
1277 2899 1467 2954 maluit
1494 2895 1728 2966 portioni
1758 2890 2051 2947 districtio-

472 2997 560 3052 nis
583 2996 891 3066 apostolica:
919 3008 1014 3064 per
1043 2992 1239 3047 Tutum
1288 2992 1545 3047 Romanae
1584 2985 1839 3042 Ecclesiae
1871 2983 2053 3038 defen-

474 3103 673 3156 sorem,
711 3087 855 3157 justa
884 3086 1160 3157 deputavit
1188 3082 1499 3146 auctoritas,
1544 3090 1704 3150 atque
1750 3092 1780 3130 a
1811 3090 2052 3131 commu-

475 3184 636 3236 nione
663 3187 718 3235 et
738 3177 1001 3248 dignitate
1021 3176 1453 3246 apostolica,qua
1469 3188 1528 3229 se
1550 3173 1663 3241 ipse
1685 3169 1801 3239 ejus
1821 3167 2056 3223 externis

476 3269 731 3326 sociande
774 3268 1094 3325 monstravit
1137 3267 1439 3335 indignum,
1487 3263 1720 3333 legitima
1767 3258 2057 3314 severitate

479 3361 752 3416 discrevit.
798 3359 933 3414 Puto
974 3368 1153 3414 autem
1201 3356 1344 3427 quod
1384 3357 1555 3424 pietas
1584 3362 1695 3418 tua,
1741 3366 1859 3421 quae.
1897 3348 2059 3404 etiam

480 3453 593 3507 suis
643 3450 844 3506 mavult
885 3449 1025 3503 vinci
1073 3448 1278 3518 legibus
1325 3461 1482 3517 quam
1530 3445 1712 3511 reniti,
1750 3440 2060 3498 caelestibus

480 3541 676 3599 debeat
718 3555 908 3611 parere
944 3539 1216 3595 decretis:
1248 3548 1410 3607 atque
1451 3538 1525 3591 ita
1564 3536 1916 3590 humanarum
1959 3530 2059 3587 sibi

481 3649 663 3691 rerum
703 3633 974 3703 fastigium
1004 3632 1216 3688 noverit
1239 3645 1361 3687 esse
1402 3627 1766 3693 commissum,
1796 3634 1856 3681 ut
1885 3635 2060 3679 tamen

482 3740 549 3783 ea
574 3741 694 3797 qua:
718 3725 897 3781 divina
925 3732 1051 3780 sunt
1075 3740 1170 3794 per
1198 3723 1597 3792 dispensatores
1625 3720 1883 3777 divinitus
1904 3717 2062 3772 attri-

483 3817 643 3875 butos
668 3816 1009 3888 percipienda
1038 3831 1143 3871 non
1166 3815 1417 3885 ambigat.
1433 3815 1568 3869 Puto
1593 3811 1735 3883 quod
1766 3811 1920 3866 vobis
1944 3809 2063 3864 sine

484 3910 591 3966 ulla
615 3910 946 3971 dubitatione
963 3909 1036 3965 sit
1064 3909 1221 3976 utile,
1249 3910 1293 3963 si
1316 3908 1609 3963 Ecclesiam
1634 3905 1948 3962 catholicam
1964 3919 2059 3959 ve-

484 4003 583 4058 stri
617 4011 857 4072 tempore
886 4001 1219 4072 principatus
1246 4000 1434 4054 sinatis
1450 4001 1525 4055 uti
1553 3999 1756 4069 legibus
1784 3996 1894 4052 suis
1918 4012 1932 4061 ;
1964 4009 2063 4051 nec

488 4094 721 4150 libertati
761 4093 878 4163 ejus
922 4108 1242 4164 quemquam
1286 4090 1602 4161 permittatis
1631 4089 1921 4152 obsistere,
1944 4101 2064 4155 qua:

488 4185 640 4254 regni
668 4185 820 4240 vobis
844 4185 1079 4240 restituit
1096 4191 1436 4253 potestatem.
1453 4182 1669 4237 Certum
1697 4191 1778 4235 est
1800 4183 1941 4235 enim
1964 4180 2066 4233 hoc

488 4278 654 4333 rebus
694 4276 889 4333 vestris
920 4290 1040 4331 esse
1083 4277 1336 4343 salutare,
1378 4284 1434 4329 ut
1479 4291 1598 4330 cum
1645 4275 1713 4329 de
1752 4276 1924 4329 causis
1972 4272 2066 4328 Dei

491 4374 687 4442 agitur,
719 4380 774 4425 et
797 4370 947 4440 juxta
977 4370 1143 4439 ipsius
1184 4370 1551 4433 constitutum,
1594 4370 1794 4438 regiam
1823 4369 2068 4422 volunta-

494 4472 602 4517 tem
632 4460 999 4516 sacerdotibus
1023 4460 1223 4514 Christi
1245 4460 1503 4514 stttdeatis
1523 4459 1775 4523 subdere,
1801 4473 1905 4512 non
1927 4472 2067 4527 pra:-

493 4552 658 4619 terre,
708 4561 763 4608 et
807 4560 1142 4625 sacrosancta
1193 4567 1287 4623 per
1328 4565 1513 4606 eorum
1559 4552 1813 4620 praesules
1859 4549 2069 4604 discere

495 4646 671 4718 potius
711 4662 870 4716 quam
914 4647 1135 4710 docere;
1176 4645 1431 4701 Ecclesia:
1471 4643 1694 4697 formam
1719 4642 1913 4711 sequi,
1962 4654 2070 4695 non

496 4737 622 4793 huic
650 4736 957 4791 humanitus
981 4737 1249 4807 sequenda
1266 4737 1387 4806 jura
1419 4735 1724 4806 prteﬁgere;
1756 4747 1929 4800 neque
1953 4731 2070 4800 ejus

497 4829 862 4886 sanctionibus
889 4830 1031 4885 velle
1057 4829 1341 4898 dominari,
1371 4829 1453 4882 cui
1487 4828 1627 4881 Deus
1647 4824 1815 4879 voluit
1834 4826 2069 4879 clemen-

499 4922 627 4977 tiam
656 4932 797 4976 tuam
832 4921 933 4991 pias
959 4921 1256 4976 devotionis
1299 4921 1434 4974 colla
1461 4919 1773 4974 submittere
1803 4936 1815 4969 :
1848 4932 1915 4972 ne
1942 4917 2070 4971 dum

498 5027 746 5070 mensura
762 5012 995 5069 ccelestis
1017 5012 1381 5082 diSpositionis
1398 5011 1692 5077 exceditur,
1712 5018 1861 5065 eatur
1875 5010 1929 5073 in
1946 5023 2074 5063 con-

500 5105 773 5161 tumeliam
802 5105 1157 5175 disponentis.
1174 5104 1240 5159 Et
1260 5118 1323 5158 ex
1347 5103 1448 5157 hoc
1472 5103 1685 5173 quidem
1711 5102 1780 5157 de
1801 5101 1885 5156 his
1900 5101 2075 5157 omni-

502 5197 601 5253 bus
628 5199 1005 5255 conscientiam
1029 5212 1201 5253 meam
1228 5206 1352 5252 ante
1372 5197 1600 5251 tribunal
1620 5197 1819 5251 Christi
1854 5210 2072 5252 causam

501 5289 741 5346 dicturus
784 5292 1019 5347 absolvo.
1064 5291 1270 5346 Vestrae
1311 5291 1505 5345 mentis
1534 5290 1777 5351 intererit
1805 5291 1975 5359 magis
2012 5304 2075 5343 ac

499 5384 670 5452 magis
712 5382 948 5449 cogitare
988 5392 1044 5436 et
1090 5381 1143 5436 in
1186 5396 1363 5435 rerum
1410 5380 1748 5449 praesentium
1789 5387 1930 5434 statu
1974 5380 2076 5434 sub

500 5472 680 5529 divina
724 5488 822 5530 nos
857 5474 1249 5529 examinatione
1292 5473 1603 5540 subsistere,
1649 5489 1712 5529 ac
1752 5485 1869 5543 post
1915 5472 2073 5539 bnjus

501 5564 623 5620 vitae
652 5579 865 5621 cursum
895 5564 962 5621 ad
986 5564 1225 5621 divinum
1255 5575 1646 5634 consequenter
1671 5573 1924 5621 venturos
1951 5580 2071 5625 esse

574 5740 606 5773 ι
640 5732 876 5803 Depositi
898 5732 983 5787 die
1004 5731 1074 5787 28
1102 5731 1226 5788 Julii
1254 5730 1380 5788 488.

2116 476 2317 533 Christi
2344 472 2470 543 484)
2488 515 2504 542 ,
2535 473 2799 530 Venantio
2820 471 2885 528 γ.
2913 468 2975 527 C.
2996 469 3240 527 consule.

2680 624 3013 682 EPISTOLA
3052 623 3122 679 Χ.

2123 778 2321 819 Ρειιοιε
2358 778 2416 818 ιιι
2456 777 2603 818 ΡΛΡΕ
2641 778 2707 817 AD
2744 776 2951 815 CLERUM
3004 776 3071 814 ET
3119 774 3321 814 PLEBEI
3372 771 3697 814 CONS'I'ANTI-

2717 846 3084 886 ΝΟΡΟιΙΤΛΝΛὶΙ

2129 971 2212 1026 Ne
2252 972 2511 1024 turbentur
2548 971 2609 1024 ob
2639 968 3104 1039 prmuaricationem
3128 968 3433 1039 legatorum,
3466 975 3618 1039 atque
3647 975 3708 1018 ut

2200 1042 2374 1164 scari?
2420 1058 2452 1094 α
2507 1038 2952 1095 δεάείαυοειοιὶεα
3007 1038 3237 1091 damnati
3292 1038 3705 1092 communionem

2238 1122 2436 1164 evitent.

2238 1122 2436 1165 evitent.

2206 1249 2357 1303 Felix
2396 1249 2541 1303 clero
2587 1256 2643 1302 et
2690 1246 2833 1318 plebi
2882 1245 3200 1301 ortbodoxis
3243 1243 3711 1316 Constantinopoli

2133 1341 2435 1397 constitutis
2457 1340 2816 1395 dilectissimis
2838 1339 2963 1393 ﬁliis
2989 1339 3234 1395 salutem.

2211 1430 2492 1487 Probatam
2527 1437 2734 1488 cunctis
2774 1440 2966 1486 vestrae
3011 1430 3135 1486 ﬁdei
3172 1430 3479 1485 ﬁrmitatem
3526 1429 3717 1485 Vitalis

2136 1531 2297 1593 atque
2324 1524 2508 1578 Miseni
2543 1538 2649 1577 non
2676 1521 3120 1577 irrationabiliter
3143 1522 3428 1591 opinamur
3455 1520 3718 1591 praevari-

2139 1615 2349 1671 catione
2391 1616 2655 1668 turbatam
2695 1630 2709 1667 :
2742 1613 2832 1682 qui
2880 1602 3128 1669 universa
3166 1628 3285 1683 qua:
3325 1613 3430 1667 illis
3469 1612 3720 1666 mandata

2142 1715 2286 1773 sunt,
2333 1722 2437 1762 non
2484 1716 2691 1761 tantum
2731 1706 3071 1776 negligendo,
3111 1721 3296 1761 verum
3344 1706 3507 1761 etiam
3550 1706 3721 1774 impu-

2142 1800 2376 1869 gnando,
2432 1800 2668 1854 fecerunt
2719 1808 2778 1853 ut
2831 1800 3068 1854 Ecclesia
3120 1800 3361 1854 Romana
3412 1801 3722 1855 consentire

2143 1892 2404 1947 damnatis
2446 1891 2711 1945 haereticis
2755 1890 3098 1955 crederetur;
3132 1891 3346 1961 quando
3372 1900 3559 1946 contra
3589 1892 3722 1945 veti-

2144 1992 2253 2038 tum
2282 1983 2365 2038 bis
2394 1981 2484 2051 qui
2511 1998 2541 2036 a
2564 1981 2723 2036 Petro
2764 1981 2857 2035 illo
2892 1980 3145 2053 [Mongo]
3178 1981 3462 2047 breretico,
3504 1981 3722 2051 parrici-

2145 2076 2331 2128 darum
2362 2074 2531 2140 socio,
2564 2072 2691 2127 olim
2710 2072 2956 2141 justeque
2986 2072 3213 2141 dejecto,
3240 2081 3293 2126 et
3314 2072 3475 2126 toties
3500 2072 3723 2127 anathe-

2146 2170 2417 2234 matizato,
2468 2165 2678 2229 directi,
2726 2173 2888 2234 atque
2935 2164 3001 2217 ab
3051 2164 3247 2218 Acacio
3296 2164 3529 2233 suscepti
3569 2172 3721 2230 sunt,

2150 2271 2454 2318 nostrorum
2511 2260 2850 2313 immemores
2898 2256 3291 2321 mandatorum,
3333 2258 3723 2311 communicare

2152 2354 2385 2412 convicti
2421 2363 2563 2416 sunt,
2616 2352 2757 2406 nulla
2800 2350 3188 2404 contestatione
3230 2349 3527 2420 praemissa,
3570 2362 3723 2417 quam

2152 2456 2350 2512 tamen,
2397 2446 2536 2499 sicut
2576 2444 2657 2496 his
2702 2451 3023 2511 praeceptum
3065 2440 3257 2507 fuerat,
3306 2440 3493 2511 religio
3540 2449 3726 2495 vestra:

2151 2536 2452 2593 sanctitatis
2478 2534 2717 2598 audiret;
2767 2543 3049 2602 actumque
3078 2542 3163 2586 est
3190 2540 3265 2596 ut,
3298 2531 3455 2585 sicuti
3486 2531 3731 2601 praedixh

2153 2644 2291 2692 mus,
2334 2640 2587 2682 excessus
2627 2625 2835 2679 illorum
2882 2633 3065 2678 noster
3085 2623 3418 2694 {crederetur
3458 2637 3726 2678 assensus.

2155 2721 2300 2789 Quos
2327 2730 2380 2774 et
2406 2718 2681 2773 ordinibus
2709 2718 2838 2781 suis,
2871 2724 2925 2771 et
2952 2716 3255 2771 veneranda
3294 2714 3457 2769 divini
3487 2713 3729 2783 mysterii

2156 2812 2501 2882 perceptione
2525 2810 2870 2880 privavimus.
2890 2808 3079 2862 Nullus
3103 2822 3231 2876 ergo
3254 2815 3487 2861 vestrum
3512 2821 3607 2876 per
3629 2807 3731 2859 tale

2156 2904 2497 2961 commissum
2541 2904 2610 2957 sit
2658 2903 2941 2956 immemor
2986 2903 3087 2965 sui,
3139 2915 3236 2955 nec
3276 2914 3373 2955 nos
3415 2900 3643 2954 aestimet
3678 2899 3734 2952 in

2157 2998 2467 3065 apostolica:
2496 2996 2798 3050 traditionis
2823 2993 3137 3050 defensione
3162 2992 3412 3057 deﬁcere,
3428 3006 3565 3062 quos
3588 2990 3735 3046 videt

2161 3089 2283 3145 ﬁdei
2307 3088 2686 3144 contumeliam
2710 3087 2762 3141 in
2781 3086 3082 3156 proditores
3099 3094 3152 3141 et
3164 3085 3392 3155 perditos
3406 3083 3734 3139 vindicasse.

2160 3183 2310 3239 Scire
2354 3197 2449 3236 vos
2479 3194 2688 3250 quoque
2718 3179 2895 3233 decuit
2924 3177 3103 3233 Acacii
3149 3176 3412 3246 quondam
3444 3184 3471 3213 ι
3500 3175 3737 3245 episcopi

2162 3273 2474 3328 varietatem
2504 3270 3027 3339 inconstantiamque
3057 3270 3341 3324 detectam.
3372 3267 3475 3335 Qui
3513 3281 3633 3321 cum
3669 3265 3736 3320 de

2164 3365 2324 3419 Petro
2354 3365 2481 3425 isto,
2506 3363 2643 3417 sicut
2667 3362 2917 3431 probatur
2937 3361 3181 3427 adnexis,
3211 3374 3318 3413 non
3347 3358 3561 3415 ferenda
3586 3364 3735 3412 retu-

2166 3455 2310 3520 lerit,
2341 3463 2500 3523 atque
2531 3454 2656 3507 olim
2684 3453 2883 3507 dixerit
2912 3452 3076 3506 fuisse
3103 3451 3436 3515 damnatum,
3468 3465 3561 3519 per
3590 3449 3736 3519 lega-

2166 3556 2248 3601 tos
2274 3554 2489 3601 nostros
2517 3546 2697 3600 multis
2724 3544 2970 3599 laudibus
3008 3551 3345 3612 prosecutus,
3376 3551 3563 3598 contra
3613 3556 3739 3597 con-

2165 3637 2441 3694 scientiam
2482 3638 2622 3701 fecit,
2666 3647 2840 3690 utrum
2881 3634 2931 3690 ei
2967 3636 3254 3704 quidquam
3282 3633 3605 3689 credendum
3647 3634 3757 3699 sit,

2166 3744 2354 3784 omnes
2377 3729 2465 3798 qui
2498 3728 2745 3783 timorem
2774 3728 2868 3782 Dei
2902 3736 3026 3782 ante
3050 3727 3235 3781 oculos
3253 3728 3585 3781 constituunt
3604 3724 3742 3795 judi-

2165 3819 2383 3875 cabunt.
2430 3818 2738 3872 Alienarum
2787 3832 2999 3887 quoque
3046 3816 3442 3886 provinciarum
3482 3816 3585 3871 sibi
3624 3815 3740 3885 jura

2168 3911 2494 3980 defendens,
2540 3918 2845 3965 sanctorum
2887 3917 3245 3964 trecentorum
3288 3908 3474 3964 decem
3523 3916 3579 3962 et
3622 3918 3743 3963 octo

2167 4003 2387 4058 Patrum
2419 4015 2655 4057 canones
2694 4001 2998 4055 illicitarum
3028 4000 3128 4055 sibi
3165 3999 3563 4055 ordinatiouum
3603 4013 3741 4069 prat-

2168 4102 2411 4165 sumptor
2443 4104 2519 4149 est
2544 4102 2765 4147 conatus
2795 4102 3055 4148 evertere.
3090 4092 3327 4159 Quorum
3357 4091 3519 4147 etiam
3545 4091 3615 4146 ob
3644 4089 3745 4145 hoc

2170 4186 2413 4253 subiacet
2457 4184 2673 4249 ultioni;
2722 4199 2820 4238 nec
2868 4184 3164 4251 Romanae,
3217 4183 3268 4236 id
3316 4191 3399 4237 est
3438 4181 3745 4251 apostolica:

2170 4278 2334 4342 sedis,
2372 4291 2471 4349 qua
2494 4292 2553 4333 se
2582 4279 2695 4347 ipse
2724 4276 2967 4347 privavit,
2999 4275 3375 4332 communione
3391 4275 3498 4345 jam
3526 4273 3742 4345 gaudet.

2174 4370 2397 4438 Quando
2427 4371 2568 4425 Petri
2601 4368 3020 4439 Eutychianistae
3058 4367 3240 4423 socius
3268 4375 3324 4422 et
3349 4374 3623 4434 susceptor
3648 4378 3745 4433 ap-

2175 4476 2389 4529 parens,
2444 4460 2799 4515 damnationis
2847 4459 2964 4526 ejus
3010 4473 3068 4515 se
3120 4458 3431 4528 participem
3470 4454 3743 4510 indicavit.

2178 4552 2347 4618 Quem
2380 4562 2563 4605 nostra
2593 4566 2804 4621 quoque
2831 4551 3094 4606 sententia
3125 4548 3408 4605 ministerii
3434 4545 3750 4617 episcOpalis

2179 4644 2377 4710 ofﬁcio,
2409 4652 2464 4699 et
2491 4653 2673 4698 sancta
2693 4646 3090 4710 communione,
3110 4651 3397 4711 vestroque
3420 4654 3663 4706 numero,
3698 4637 3749 4691 id

2179 4746 2263 4793 est
2290 4737 2619 4803 Christiano,
2655 4736 2912 4805 judicavit
2949 4737 3212 4801 alienum,
3244 4734 3384 4789 sicut
3411 4732 3672 4802 reperitur
3697 4730 3749 4783 in

2181 4829 2423 4884 adnexis.
2465 4829 2600 4884 Filio
2643 4836 2821 4884 autem
2868 4838 3053 4883 nostro
3095 4825 3368 4883 Salomoni
3416 4822 3751 4895 presbytero,

2181 4937 2339 4992 quem
2382 4923 2643 4989 Acacius,
2689 4932 2747 4977 ut
2789 4922 3023 4992 placeret
3064 4920 3353 4985 haereticis,
3400 4931 3498 4973 suo
3548 4916 3754 4986 privare

2178 5000 2385 5084 putavit
2431 5016 2618 5085 gradu,
2676 5015 2898 5084 gradum
2946 5014 3221 5084 proprium
3270 5008 3535 5067 sententia
3579 5015 3756 5062 vestra

2179 5118 2481 5174 conservet,
2519 5108 2600 5162 vel
2625 5121 2812 5162 omnes
2837 5106 2926 5177 qui
2956 5106 3092 5161 forte
3119 5120 3149 5159 a
3176 5110 3473 5160 memorato
3496 5097 3755 5171 propulsi,

2180 5201 2235 5256 in
2274 5201 2406 5256 locis
2444 5200 2557 5255 suis
2583 5208 2637 5253 et
2668 5200 2721 5253 in
2754 5205 2934 5253 nostra
2965 5198 3341 5252 communione
3381 5204 3603 5267 manere
3631 5204 3759 5260 pro-

2180 5294 2410 5347 nuntiet.
2442 5280 2697 5359 Quamvis
2725 5298 2903 5344 autem
2939 5289 3116 5344 zelum
3153 5297 3348 5345 vestras
3386 5284 3509 5341 ﬁdei
3554 5283 3759 5340 noveri~

2183 5401 2322 5450 mus,
2363 5397 2643 5439 monemus
2677 5390 2855 5437 tamen
2892 5391 2949 5436 ut
2984 5393 3173 5437 omnes
3210 5380 3301 5451 qui
3331 5375 3612 5433 catholica:
3638 5370 3763 5427 ﬁdei

2184 5478 2369 5531 volunt
2389 5490 2510 5530 esse
2540 5473 2848 5543 participes,
2872 5472 2940 5528 ab
2961 5473 3103 5529 illius
3125 5485 3186 5530 se
3204 5456 3584 5528 communione
3603 5464 3763 5521 absti-

2183 5577 2367 5635 neant,
2398 5581 2486 5632 ne,
2516 5566 2660 5636 quod
2688 5565 2848 5636 absit,
2875 5565 3041 5624 simili
3070 5565 3386 5636 subjaceant
3410 5560 3627 5619 ultioni.
