4096 6342
330 335 433 392 957

896 438 1247 515 tEPlSTOLA
1294 439 1385 496 χι.

335 579 538 622 ηιιεις
587 578 733 619 ΡΑΡΒ
773 577 833 618 Ill
884 579 952 616 ΑΙ)
1000 575 1274 617 IONACHOS
1325 574 1477 614 URBIS
1532 572 1929 614 CONSTANTINO'

778 647 1053 689 νοω-ΑΜΕ
1092 648 1158 686 ετ
1197 634 1480 687 imorum.

338 750 553 814 Tutum,
591 745 835 802 Ecclesia:
895 747 1240 811 defensorem,
1274 743 1709 812 prwvaricationis
1773 758 1933 797 causa

410 821 569 891 fuisse
593 817 911 891 damnatum,
935 826 981 891 et
1002 816 1259 891 quomodo
1274 816 1373 885 ipsi
1401 816 1456 869 in
1482 830 1601 869 suos
1625 815 1710 882 qui
1739 814 1932 867 Acacio

411 886 719 944 adhteserint
748 888 1148 941 animadvertere
1176 886 1409 941 debeant.

416 1004 590 1068 Felix,
631 1001 848 1071 Ruﬁno,
877 999 1151 1063 Thalasio.
1186 999 1520 1070 presbyteris
1545 1006 1597 1054 et
1627 996 1937 1053 archiman-

348 1097 519 1159 dritis,
550 1102 607 1150 et
634 1094 848 1149 caeteris
868 1091 1145 1148 monachis
1168 1091 1311 1147 circa
1336 1088 1857 1161 Constantinopolim
1882 1097 1939 1145 et

347 1187 654 1258 Bithyniam
679 1185 1004 1242 constitutis.
1763 1229 1767 1235 .

421 1278 712 1334 Diabolicae
761 1277 893 1332 artis
939 1275 1163 1330 astutias
1214 1274 1548 1343 frequentius
1604 1274 1937 1343 experimur,

350 1372 446 1428 sed
470 1368 786 1441 malignitati
814 1367 949 1438 ejus,
977 1368 1091 1424 Deo
1107 1366 1352 1437 juvante,
1376 1379 1481 1421 non
1510 1364 1778 1422 cedimus.
1808 1365 1940 1419 Nam

279 1455 287 1463 ’
350 1480 471 1521 cum
513 1478 576 1519 ea
615 1478 735 1533 qua:
767 1460 929 1517 toties
958 1476 1059 1531 pro
1084 1458 1391 1515 constantia
1416 1458 1542 1513 fidei
1581 1457 1943 1527 disponuntur

354 1556 500 1611 fraus
529 1555 645 1624 ejus
666 1566 895 1608 vacuare
928 1552 1169 1617 molitur,
1207 1565 1431 1607 necesse
1459 1557 1545 1606 est
1574 1558 1632 1605 ut
1652 1560 1707 1606 et
1736 1550 1944 1605 viribus

352 1660 487 1719 quas
523 1645 706 1700 divina
741 1644 911 1716 gratia
947 1642 1343 1726 subministrat,
1384 1651 1609 1696 conatus
1642 1640 1810 1711 ipsius
1849 1654 1945 1695 ex-

353 1736 665 1806 Stirpcmns.
701 1732 951 1802 Acceptis
972 1733 1151 1801 itaque
1179 1731 1376 1786 litteris
1392 1728 1705 1785 dilectionis
1722 1738 1941 1796 vestrae,

353 1841 581 1897 quarum
598 1823 829 1879 Basilius
850 1822 948 1876 fuit
977 1822 1135 1885 lator,
1154 1822 1295 1875 inter
1314 1828 1510 1876 caetera
1534 1828 1559 1857 ι
1580 1820 1943 1890 Tutus,quem
1973 1815 2025 1877 B

355 1921 427 1976 ob
451 1920 552 1974 hoc
582 1917 884 1985 feceramus
909 1913 1253 1969 defensorem
1283 1912 1539 1968 Ecclesiae
1557 1912 1627 1968 de
1646 1914 1946 1982 provectio-

357 2014 507 2069 ribus
529 2011 667 2065 intra
698 2005 991 2062 Ecclesiam
1013 2004 1250 2070 clericis,
1283 2015 1339 2059 ut
1366 2020 1527 2074 quam
1569 2003 1728 2071 dirigi
1750 2019 1855 2059 non
1879 2004 1944 2058 li-

359 2104 538 2167 cebat,
571 2100 625 2156 in
655 2099 913 2154 Acacium
946 2096 1266 2152 sententiam
1296 2094 1411 2165 ipse
1440 2103 1701 2166 portaret,
1727 2110 1788 2151 se
1815 2109 1948 2166 qua-

360 2197 483 2252 dam
515 2190 806 2256 dementia,
840 2191 949 2245 imo
985 2189 1179 2243 ardore
1206 2186 1449 2257 pecuniae
1472 2228 1487 2253 ,
1532 2197 1811 2257 postquam
1844 2203 1946 2243 no-

360 2289 490 2346 stris
515 2284 844 2342 satisfactum
871 2291 957 2340 est
978 2284 1307 2351 constitutis,
1336 2281 1566 2337 inimicis
1602 2282 1726 2337 fidei
1758 2283 1947 2338 vendi-

360 2379 508 2436 disse
528 2380 915 2433 convictus*est
941 2386 1103 2446 atque
1124 2376 1422 2431 confessus.
1449 2374 1629 2429 Lecta:
1656 2385 1781 2430 sunt
1801 2375 1945 2431 enim

361 2475 556 2530 littera:
578 2472 744 2543 ipsius
773 2471 826 2525 in
857 2479 1127 2525 conventu
1154 2467 1400 2537 fratrum,
1426 2466 1656 2537 qualiter
1684 2478 1838 2537 pacta
1866 2469 1947 2523 in-

363 2564 622 2635 terposita
665 2575 914 2632 persona,
953 2558 1171 2614 Marone
1200 2557 1583 2626 condemnato,
1624 2558 1673 2612 ei
1710 2560 1795 2613 cui
1825 2573 1950 2613 sen-

364 2658 584 2714 tentiam
622 2663 864 2726 portarat
904 2652 1185 2708 inhaesisse
1218 2651 1455 2707 creditur
1486 2666 1500 2702 :
1528 2665 1663 2718 quas
1702 2652 1950 2721 proprias

365 2762 858 2820 essecognoscens,
884 2761 989 2801 non
1014 2745 1187 2815 potuit
1212 2743 1448 2799 diffiteri.
1482 2743 1635 2799 Unde
1672 2759 1793 2799 eum
1824 2744 1949 2800 fidei

365 2849 421 2897 et
440 2840 587 2897 sedis
603 2839 913 2909 apostolicae
930 2835 1285 2906 proditorem,
1300 2834 1477 2891 officio
1489 2836 1790 2892 defensoris
1807 2836 1952 2907 quod

365 2934 417 2991 ei
465 2933 531 2989 ad
566 2942 777 3001 tempus
817 2929 1139 2985 dederamus
1180 2928 1447 2994 exuimus,
1494 2942 1725 2998 eumque
1772 2942 1955 2982 sacro-

366 3026 540 3082 sancti
563 3022 805 3096 mysterii
827 3021 1205 3077 communione
1230 3021 1495 3091 privatum
1521 3020 1953 3091 praecipitarique

367 3118 674 3190 cognitione
713 3114 1104 3186 praecepimus,
1149 3120 1431 3168 monentes
1472 3113 1814 3167 dilectionem
1858 3128 1951 3168 ve-

368 3176 558 3275 stram,
582 3218 641 3263 ut
661 3176 802 3263 sicut
826 3176 1043 3275 semper
1070 3204 1293 3271 fecistis,
1316 3220 1414 3274 pro
1440 3205 1684 3260 custodia
1707 3206 1954 3285 veritatis
1982 3176 2029 3241 (ἶ

365 3302 482 3374 jugi
513 3300 902 3356 observatione
928 3298 1181 3368 vigiletis.
1227 3296 1295 3352 Et
1334 3298 1455 3368 quia
1488 3312 1593 3353 non
1621 3307 1706 3353 est
1736 3298 1956 3354 dubium

368 3392 664 3451 nonnullos
679 3405 743 3448 ex
770 3390 1110 3445 monasteriis
1135 3391 1327 3445 vestris
1350 3405 1472 3445 esse
1501 3391 1777 3460 deceptos,
1796 3402 1958 3462 atque

279 3495 286 3502 '
368 3484 437 3539 ad
474 3481 719 3538 inimicos
749 3482 868 3547 Dei,
912 3496 1006 3537 seu
1045 3490 1257 3551 sponte,
1303 3497 1399 3537 seu
1445 3484 1770 3539 necessitate
1811 3483 1959 3539 tran-

371 3574 527 3641 sisse,
551 3572 946 3629 observandum
972 3572 1128 3629 vobis
1151 3572 1220 3627 de
1249 3572 1444 3628 talibus
1475 3572 1577 3629 hoc
1597 3588 1718 3629 esse
1739 3576 1959 3631 manda-

371 3681 513 3731 mus,
547 3675 605 3720 nt
629 3664 874 3734 quisquis
903 3662 1191 3731 cujuslibet
1219 3664 1319 3719 loci
1348 3664 1488 3733 apud
1512 3679 1626 3729 vos,
1657 3666 1739 3720 vel
1765 3675 1959 3736 sponte

372 3777 431 3819 se
471 3761 639 3826 dedit,
675 3759 759 3815 vel
801 3757 1050 3814 mercede
1091 3768 1398 3829 corruptus,
1437 3762 1645 3831 collegii
1686 3765 1853 3817 vestri
1888 3764 1962 3818 sit

376 3869 595 3925 prorsus
616 3852 845 3908 alienus.
878 3850 1011 3918 Quia
1047 3852 1148 3906 nisi
1173 3867 1203 3905 a
1242 3852 1493 3907 fidelibus
1520 3855 1707 3923 perfidi
1737 3856 1846 3911 sint
1874 3871 1963 3910 re-

373 3948 527 4015 moti,
572 3961 750 4003 rerum
786 3945 1116 4001 discretione
1151 3945 1384 4012 sublata,
1425 3946 1744 4002 laborabunt
1781 3951 1960 4018 suspi-

374 4042 621 4099 cionibus
646 4043 982 4107 innocentes,
1019 4049 1078 4095 ut
1105 4040 1171 4095 ad
1205 4041 1329 4095 vitia
1355 4041 1528 4096 facilis
1550 4042 1854 4097 hominibus
1878 4052 1965 4098 est

378 4135 683 4205 prolapsus.
721 4134 769 4189 Α
799 4134 1146 4204 probatorum
1189 4134 1464 4189 consortio
1503 4137 1747 4206 contagia
1787 4137 1964 4207 repel-

378 4227 537 4281 lenda
560 4235 685 4281 sunt
714 4225 1045 4296 perditorum
1075 4242 1088 4279 :
1117 4226 1367 4295 quoniam
1400 4240 1577 4281 mores
1599 4227 1771 4283 bonos
1799 4227 1966 4282 collo—

377 4318 522 4389 quia,
568 4318 710 4374 sicut
745 4317 1007 4387 scriptum
1048 4326 1129 4372 est
1169 4316 1219 4386 (Ι
1262 4318 1381 4372 Cor.
1416 4334 1506 4385 xv,
1549 4319 1663 4391 33),
1713 4335 1965 4389 perversa

379 4420 750 4482 corrumpunt.
786 4411 1005 4467 Illorum
1036 4425 1167 4466 vero
1196 4410 1351 4467 aliter
1376 4425 1536 4466 causa
1564 4415 1837 4469 tractanda
1861 4423 1963 4481 est,

378 4485 513 4574 quos
569 4503 871 4558 constiterit
920 4502 1094 4572 poenis
1146 4502 1402 4572 gravibus
1445 4511 1501 4557 ut
1558 4503 1967 4560 traducerentur

379 4596 630 4651 afflictos.
655 4594 806 4648 Circa
828 4611 962 4663 quos
990 4596 1336 4650 humaniores
1364 4611 1458 4650 vos
1479 4610 1600 4650 esse
1622 4597 1969 4665 convenit,ut

382 4687 449 4742 ad
482 4683 708 4741 cellulas
738 4684 840 4737 sub
870 4684 1200 4739 districtione
1238 4686 1565 4757 paenitentige
1606 4698 1965 4754 revertantur,

382 4790 437 4836 et
464 4776 800 4835 fidelioribus
821 4776 1075 4843 lacrymis
1102 4792 1287 4830 eorum
1318 4777 1457 4844 quod
1481 4776 1614 4848 lapsi
1641 4789 1767 4835 sunt
1787 4782 1971 4850 expieo

385 4885 494 4940 tur,
525 4872 699 4927 donec
737 4869 971 4925 exclusis
1019 4868 1269 4934 inimicis,
1310 4878 1365 4924 et
1410 4873 1819 4939 perversoribus
1859 4874 1971 4930 suis

384 4965 649 5022 catholica
676 4969 931 5033 purgetur
955 4960 1215 5015 Ecclesia.

670 5077 1223 5137 SUPPLEMENTUM
1271 5076 1689 5147 ACACIANUM,

388 5173 727 5229 Monnmenta
759 5186 1030 5243 nunquam
1067 5170 1214 5243 edita
1242 5170 1544 5243 continens,
1585 5186 1706 5243 qua:
1738 5172 1974 5226 marchio

460 5244 640 5312 Scipio
670 5240 907 5297 Mafl'eius
933 5258 966 5299 e
990 5241 1367 5297 vetustissimis
1402 5240 1722 5297 Veronensis
1756 5243 1977 5311 capituli

462 5315 619 5371 codd.
654 5315 796 5369 eruit
824 5322 982 5382 atque
1010 5313 1318 5371 illustravit.

533 5426 581 5465 IN
612 5422 816 5465 FELICIS
842 5421 1137 5462 εριδτοιλιι
1182 5422 1355 5463 ΑεΑοη
1393 5420 1836 5464 ΡκοιιυῦΝΑι-οκεε

844 5493 1123 5533 REFUTANT
1131 5494 1200 5533 EI
1227 5495 1517 5535 PBEFATIU.

464 5594 793 5667 Bibliotheca:
825 5591 1104 5667 Veronensi
1129 5594 1506 5667 manuscripue,
1535 5610 1692 5665 quam
1727 5594 1975 5667 handle-

398 5667 547 5723 vibus
574 5664 789 5738 quidem
829 5664 895 5719 de
938 5662 1116 5718 causis
1156 5663 1292 5719 intra
1334 5662 1657 5723 domesticos
1704 5666 1974 5724 cancellos

358 5838 395 5849 ο
487 5825 513 5854 ι
538 5814 611 5867 De
637 5823 740 5880 quo
769 5820 950 5877 supra,
983 5804 1143 5875 epist.
1178 5808 1229 5862 9.

758 5904 1025 5964 Panos.
1072 5897 1289 5963 LVIII.
1349 5959 1352 5963 .

1544 321 1904 381 EPISTOLE
1944 321 2034 378 ET
2074 320 2419 380 DECRETA.

1954 439 2019 499 Λ
2035 437 2213 515 adhuc
2223 432 2497 509 contineo,
2509 441 2581 499 Su
2590 444 2951 515 pplementum
2967 446 3132 502 hocce
3158 446 3437 503 Acacianae
3447 460 3625 505 causai

2146 196 2207 228 μ’

3514 324 3622 388 938

2039 513 2316 582 emittens,
2348 513 2663 581 particulam
2693 518 2854 572 aliam
2884 517 3064 581 demo,
3101 532 3164 571 ac
3193 518 3355 573 veluti
3385 520 3627 573 membro

2039 582 2271 658 quodam
2309 599 2501 640 rursus
2543 586 2745 658 minuo.
2787 587 3113 644 Cassiodorii
3142 590 3545 658 complexiones
3566 600 3627 645 ut

2038 654 2108 707 ab
2131 667 2197 708 eo
2217 668 2444 728 corpore
2472 656 2762 728 avellerem
2782 699 2796 723 ,
2826 660 3009 728 paucis
3037 658 3234 714 abhinc
3264 654 3422 715 annis
3445 662 3628 716 conci-

2042 738 2142 801 ves
2169 725 2448 801 evicerunt
2486 727 2638 801 docti
2669 725 2842 801 atque
2871 729 3302 801 amicissimitut
3330 731 3490 786 hasce
3519 734 3627 801 epi-

2039 795 2210 868 stolas
2238 797 2307 851 ab
2331 797 2521 853 eodem
2550 795 2948 868 diduci'patiar,
2971 799 3172 855 Nicolal
3198 800 3366 857 Coleti
3398 795 3629 857 obtinuit

2042 865 2330 949 instantia};
2363 867 2678 949 praeclarum
2706 865 2969 949 quoddam
2994 871 3372 949 ecclesiasticae
3397 874 3629 942 antiqui-

2042 941 2167 1012 tatis
2191 948 2596 1012 monumentum
2622 954 2650 993 a
2682 955 2767 996 me
2792 941 2952 996 etiam
2974 952 3134 1008 atque
3151 943 3312 997 etiam
3333 941 3629 1012 exposcen-

2044 1009 2132 1079 tis.
2160 1009 2227 1062 ad
2257 1008 2760 1078 .instruetissimam,
2791 1026 2949 1079 quam
2991 1012 3238 1076 adornat,
3266 1008 3627 1068 Conciliorum

2043 1078 2415 1135 collectionem
2433 1081 2728 1151 augendam
2759 1078 2917 1151 atque
2935 1082 3321 1138 exornandam.
3340 1083 3405 1139 Ut
3422 1100 3627 1140 morem

2044 1164 2309 1271 gererem,
2329 1153 2470 1206 hunc
2492 1152 2770 1222 potissimo
2794 1162 3078 1207 tractatum
3094 1154 3280 1223 selegi,
3309 1170 3468 1224 quem
3486 1171 3629 1209 anno

2083 1220 2187 1271 715
2216 1232 2512 1271 repertum-
2542 1225 2871 1271 exscrinttim
2904 1238 2967 1271 ac
2994 1227 3475 1271 ntrnmndnennmm
3506 1226 3629 1271 illn-

2083 1220 2187 1276 715
2216 1220 2512 1294 repertum,
2542 1225 2871 1292 exscriptum
2904 1238 2967 1278 ac
2994 1220 3475 1294 quomodocu'nque
3506 1226 3630 1279 illu-

2046 1297 2275 1345 stratum
2302 1291 2434 1346 mihi
2462 1291 2829 1363 seposueram.
2858 1291 3054 1360 Quanti
3081 1310 3209 1349 vero
3237 1291 3491 1351 e‘ximE—um
3524 1298 3625 1350 dn-

2045 1370 2354 1416 cumentum
2409 1362 2712 1419 faciendum
2760 1365 2849 1428 sit,
2900 1380 3074 1431 quove
3127 1367 3244 1420 loco
3303 1366 3628 1428 habendum,

2047 1432 2226 1503 statim
2254 1433 2489 1503 arbitror
2518 1449 2549 1489 a
2579 1434 2754 1489 doctis
2779 1435 3030 1489 omnibus
3060 1444 3400 1503 perspectum
3428 1437 3512 1501 iri,
3542 1437 3631 1491 ubi

2046 1510 2160 1575 eta
2190 1502 2370 1575 Felice
2400 1502 2465 1558 Ill
2508 1505 2802 1573 profectum
2850 1502 3169 1575 intelligant,
3194 1502 3357 1574 cujus
3388 1508 3632 1573 epistolae

2048 1572 2167 1625 alite
2194 1573 2382 1628 eodem
2412 1572 2639 1646 prorsus
2668 1577 2809 1646 stylo
2839 1572 3071 1631 exarata:
3104 1578 3240 1630 inter
3263 1572 3634 1645 eloquentissi-

2049 1590 2167 1625 ana:
2194 1590 2382 1628 eooem
2411 1590 2639 1698 Krorsus
2668 1590 2809 1646 styto
2839 1590 3071 1631 exarata:
3104 1590 3240 1630 mter
3263 1590 3634 1645 eloquentisso

2049 1655 2164 1715 mas
2183 1659 2305 1715 qua:
2337 1660 2367 1697 a
2457 1645 2667 1700 omanis
2708 1646 3047 1715 pontificibus
3074 1650 3394 1707 einamrint.
3446 1664 3634 1702 recru-

2049 1714 2155 1783 seri
2191 1714 2398 1778 solent;
2431 1725 2484 1769 et
2518 1716 2571 1770 in
2602 1730 2663 1770 ea
2692 1714 2857 1775 eausa,
2883 1716 3105 1781 versari,
3139 1733 3241 1783 qua
3274 1732 3455 1783 paucae
3483 1734 3635 1782 ret-e-

2053 1781 2261 1857 riantur
2288 1786 2734 1857 inhecclesiastica
2764 1786 2984 1857 historia
3020 1781 3327 1846 nobiliores.
3373 1797 3429 1843 et
3467 1781 3633 1857 majo-

2051 1854 2200 1909 ribus
2228 1855 2421 1910 studiis
2463 1858 2674 1926 agitata:
2703 1873 2766 1911 ac
2809 1855 3063 1911 defensae.
3116 1858 3237 1926 Agit
3276 1854 3637 1926 siquidemvde

2049 1926 2231 1980 Acacii
2248 1927 2822 1992 ConstantinOpolitani
2838 1928 3071 1996 episcopi
3084 1927 3447 1994 damnatione,
3465 1931 3638 1985 illam-

2049 2010 2153 2061 que
2173 1996 2484 2063 apostolicre
2508 1998 2655 2052 sedis
2685 1999 3007 2071 sententiam
3038 2009 3212 2052 tuetur
3228 2014 3291 2053 ac
3314 2011 3634 2071 propugnat,

2051 2079 2118 2118 ex
2146 2080 2250 2134 qua
2282 2076 2388 2121 tam
2430 2083 2554 2122 acre
2584 2078 2742 2135 atque
2779 2068 3087 2121 diuturnmn
3116 2084 3236 2122 cum
3272 2068 3637 2127 Orientalibus

2040 2135 2319 2207 episcopis
2342 2146 2520 2191 ortum
2550 2137 2829 2192 dissidium
2857 2148 2957 2191 est.
3001 2138 3183 2207 Neque
3212 2154 3343 2195 vero
3369 2141 3639 2205 discepta-

2051 2206 2440 2279 tionis_illius,
2490 2208 2720 2276 factique
2774 2207 2950 2261 omnis
3004 2206 3281 2264 historiam
3332 2220 3637 2279 pertexere,

2051 2285 2211 2347 atque
2241 2276 2330 2331 hic
2354 2293 2668 2347 praeponere
2689 2293 2869 2347 operae
2900 2280 3127 2346 pretium
3152 2284 3290 2334 duco
3311 2276 3488 2347 {quod
3522 2298 3640 2335 mll-

2052 2346 2179 2401 nino
2209 2346 2660 2414 supervacaneum
2676 2358 2839 2411 esset,
2861 2363 2982 2403 cum
3003 2351 3326 2417 percelebris
3354 2346 3638 2406 Annalium

2052 2427 2223 2490 pater,
2260 2433 2330 2490 ac
2377 2420 2554 2488 plures
2591 2428 2713 2487 post
2762 2420 2907 2473 illum
2954 2420 3099 2473 docti
3141 2422 3262 2486 viri,
3316 2423 3641 2490 specialibus

2051 2488 2212 2542 etiam
2258 2487 2311 2542 in
2362 2487 2414 2543 id
2450 2490 2721 2544 adornatis
2765 2490 3243 2557 lucubrationibus,
3278 2487 3391 2546 rem
3421 2508 3638 2548 omnem

2051 2560 2383 2623 amplissime
2416 2561 2810 2629 pertractarint.

2126 2628 2426 2698 Epistolam’
2461 2632 2750 2698 acephalus
2797 2641 2970 2686 servat
3022 2634 3155 2687 liber
3196 2635 3247 2687 in
3279 2635 3640 2689 vetustissima

2055 2701 2436 2774 canonicorum
2474 2701 2864 2756 Veronensium
2910 2703 3253 2758 bibliotheca.
3303 2706 3485 2774 Majori
3533 2706 3641 2761 llo-

2056 2786 2214 2825 mana
2239 2772 2416 2825 littera
2450 2783 2507 2826 ut
2538 2774 2670 2827 inter
2706 2774 3026 2842 capitulares
3049 2772 3393 2841 quamptnres
3419 2777 3508 2829 alii
3536 2793 3641 2831 non

2058 2843 2484 2905 commendatur,
2517 2843 2636 2897 solo
2677 2842 2729 2896 N
2757 2858 2875 2897 eam
2910 2843 3133 2897 formam
3187 2844 3472 2899 retinente.
3517 2846 3644 2903 Ele-

2059 2920 2237 2965 menta
2272 2912 2462 2983 partim
2492 2913 2908 2983 typographicis,
2943 2914 3023 2967 vel
3069 2928 3202 2982 quas
3244 2930 3385 2968 nunc
3423 2916 3644 2973 adhibe-

2061 2996 2200 3049 mus,
2230 2982 2392 3049 notis,
2436 2982 2624 3053 partim
2655 2982 2887 3052 antiquae
2923 2984 3084 3038 celeri
3125 2984 3399 3052 scriptioni
3433 2990 3643 3042 assinii-
3728 3018 3731 3023 ·

2060 3054 2273 3128 lantur;_
2293 3052 2445 3121 quod
2471 3052 2748 3128 scribendi
2772 3067 2942 3122 genus
2978 3054 3296 3128 proxidriori
3337 3070 3453 3111 aevo
3484 3058 3645 3113 tribui

2060 3123 2236 3177 solet:
2261 3123 2401 3177 hunc
2425 3132 2601 3178 tamen
2634 3124 2870 3179 codicem
2902 3123 3263 3193 pervetustuin
3291 3139 3432 3192 esse,
3465 3129 3647 3183 nullus

2061 3193 2267 3266 dubito,
2292 3193 2433 3263 quod
2476 3194 2604 3248 alibi
2648 3209 2957 3264 persequar.
3000 3195 3127 3263 Ejus
3179 3194 3348 3265 ﬁgura
3399 3199 3649 3266 perfecta:

2061 3264 2335 3336 quadratae
2353 3266 2571 3334 propior
2591 3275 2674 3320 est
2693 3267 2924 3327 caeteris,
2945 3264 3244 3320 subllavum
3263 3264 3646 3336 atramentum,

2062 3334 2443 3404 orthographia
2489 3337 2790 3405 antiquior,
2852 3336 3206 3405 frustumque,
3256 3338 3397 3403 quod
3461 3334 3647 3401 habet,

2062 3405 2289 3475 catalogi
2319 3406 2638 3475 pontificalis
2660 3406 2712 3460 in
2743 3406 2931 3476 Vigilio
2952 3407 3279 3476 desinit,qui
3312 3408 3449 3464 sedit
3475 3412 3651 3466 medio

2062 3476 2260 3551 saeculo
2287 3486 2467 3531 sexto.
2498 3478 2696 3551 E_adem
2724 3491 2884 3531 manu
2911 3480 3142 3551 scriptus
3163 3487 3410 3551 esttotus
3437 3499 3448 3532 :
3477 3481 3652 3551 lignea

2062 3547 2314 3620 palmula,
2341 3562 2460 3615 quae
2494 3548 2561 3602 ab
2599 3563 2703 3620 una
2733 3557 2880 3614 parte
2927 3548 3128 3620 reliqua
3178 3549 3351 3605 adhuc
3383 3560 3485 3615 est,
3516 3547 3654 3608 alte-

2061 3617 2183 3741 Eius.
2202 3618 2404 3673 codicis
2452 3619 2759 3674 membrana
2797 3617 3123 3688 cooperitur,
3169 3622 3417 3677 maximis
3457 3622 3656 3681 litteris

2102 3696 2295 3741 emota.
3408 3698 3411 3701 '

2102 3689 2295 3743 euicta.
3408 3698 3411 3701 '

2135 3704 2389 3812 figam
2420 3762 2567 3826 plura
2599 3759 2944 3825 epistolarum
2978 3775 3042 3813 ac
3087 3771 3554 3816 monumentorum
3583 3764 3654 3818 ad

2065 3829 2248 3883 Acacii
2277 3843 2496 3882 causam
2523 3831 2877 3897 spectantium
2902 3830 3146 3884 eamdem
3169 3831 3542 3886 collectionem
3568 3833 3655 3887 hic

2066 3900 2203 3953 liber
2233 3902 2493 3963 continet,
2533 3914 2653 3968 quae
2693 3899 2744 3951 in
2772 3899 2968 3953 Codice
2997 3915 3263 3955 canonum
3296 3903 3485 3955 visitur
3511 3902 3656 3956 edito

2064 3984 2094 4022 a
2128 3968 2413 4024 Paschasio
2435 3969 2724 4035 Quesnello
2750 3972 2799 4022 in
2829 3971 3124 4038 appendice
3153 3972 3219 4025 ad
3242 3986 3402 4038 opera
3427 3972 3485 4026 S.
3519 3972 3659 4027 Leo-

2067 4039 2150 4112 nis
2177 4058 2189 4093 :
2227 4038 2737 4112 Ecclesiwjtomana:
2762 4039 3001 4112 (Iudicem
3029 4041 3169 4094 idem
3208 4043 3441 4110 scriptor
3467 4044 3656 4112 appel-

2068 4110 2225 4183 latiet
2252 4116 2421 4183 putat.
2466 4109 2735 4183 Praecedit
2762 4125 2891 4183 ergo
2914 4110 3267 4183 _Narrationis
3307 4109 3456 4177 ordo,
3493 4109 3656 4183 quem

2069 4182 2354 4236 Labbeana
2386 4180 2750 4234 Conciliorum
2799 4180 2964 4235 editio
3009 4196 3113 4236 non
3142 4183 3385 4248 exhibet,
3416 4194 3471 4237 at
3509 4180 3660 4239 exhi-

2071 4252 2183 4306 tiuit
2215 4250 2551 4323 tjrabbiana,
2598 4251 2888 4323 respondet
2931 4260 3106 4306 autem
3148 4267 3337 4321 magna
3393 4269 3461 4307 ex
3506 4265 3659 4323 parte

2070 4322 2353 4378 Breviculo
2371 4322 2610 4375 historite
2633 4321 3176 4393 Entyehianistarum,
3200 4339 3357 4391 quem
3371 4321 3660 4381 Sirm’ondo

2070 4393 2351 4448 debemus.
2394 4395 2700 4461 Sequuntur
2726 4404 2921 4446 caetera
2950 4393 3139 4448 eodem
3169 4394 3380 4459 ordine,
3431 4409 3662 4449 consen-

2072 4464 2236 4521 tiente
2260 4476 2317 4518 ut
2349 4464 2635 4534 plurimum
2650 4478 2783 4535 eum
2805 4463 2965 4535 editis
2993 4478 3107 4535 ms.
3128 4464 3333 4535 codice,
3358 4466 3520 4520 variis
3541 4467 3663 4535 qui-

1990 4552 2047 4615 n
2073 4535 2297 4591 busdam
2336 4529 2443 4590 non
2469 4534 2663 4615 ‘magni
2702 4534 2960 4615 momenti
2991 4529 3442 4615 lectionibusgaut
3472 4529 3662 4615 verbo-

2073 4616 2191 4661 rum
2216 4605 3013 4676 transpositionibus,exceptis.
3044 4608 3112 4676 A_t
3136 4606 3357 4675 insignis
3378 4606 3663 4663 diversitas

2074 4678 2125 4733 in
2156 4694 2218 4734 ea
2268 4674 2494 4745 epistula
2532 4675 2785 4745 occurrit,
2819 4690 2941 4744 qua}
2981 4680 3035 4729 in
3061 4674 3316 4732 Conciliis
3346 4678 3412 4732 15
3456 4676 3662 4734 Gelasii

2075 4758 2178 4815 est,
2216 4759 2270 4805 et
2306 4743 2358 4802 in
2390 4761 2656 4802 canonum
2683 4743 2881 4799 Codice
2909 4746 3145 4814 capitulo
3191 4756 3408 4803 notatur
3435 4748 3525 4803 51.
3557 4748 3663 4805 ϐοε-

2076 4819 2258 4874 lumna
2287 4819 2553 4889 siquidem
2578 4816 2718 4886 apud
2742 4815 3017 4889 Labbeunr
3041 4817 3179 4871 1222
3211 4818 3381 4889 (Tant.
3407 4818 3540 4889 IV),
3569 4821 3662 4875 ubi

2077 4891 2305 4959 legitur:
2336 4889 2401 4943 Et
2428 4888 2490 4942 ab
2520 4888 2699 4960 eadem
2724 4903 2811 4960 uos
2841 4888 3050 4956 praprio
3071 4888 3275 4959 judicio
3296 4888 3557 4960 separasse
3586 4892 3663 4944 vi-

2079 4957 2334 5022 deamini;
2365 4967 2591 5027 pergunt
2619 4957 2885 5013 editiones
2908 4957 3096 5013 omnes
3127 4977 3139 5011 :
3186 4972 3230 5013 et
3269 4957 3440 5013 adhuc
3468 4960 3660 5028 dicitis,

2078 5033 2184 5098 vel,
2224 5031 2401 5085 Dicitis
2430 5032 2579 5085 etiam
2609 5029 2863 5099 synodum
2899 5030 2952 5083 in
2981 5031 3133 5083 unius
3163 5029 3384 5084 hominis
3418 5046 3665 5099 persona,

2078 5114 2185 5158 etc.
2216 5105 2286 5157 At
2305 5117 2406 5157 ms.
2426 5098 2776 5168 noster,’post
2795 5098 3015 5154 verbum
3032 5102 3328 5169 videamini,
3348 5098 3481 5156 duas
3501 5104 3667 5157 hasce

2082 5189 2145 5244 pa
2187 5179 2301 5227 tuas
2331 5171 2512 5227 suhdit
2534 5181 2694 5241 atque
2723 5170 3051 5240 interponit:

2150 5188 2287 5296 git-ce
2312 5252 2642 5296 annouerunt.
2675 5241 2729 5293 in
2755 5256 2932 5293 eorum
2961 5241 3276 5296 professione
3310 5242 3399 5296 aui

2203 5260 2287 5297 cce
2312 5252 2642 5313 agnoverunt,
2675 5241 2729 5293 in
2755 5256 2932 5313 eorum
2961 5241 3276 5313 professione
3310 5242 3399 5312 qui
3428 5250 3672 5297 constan-

2082 5315 2275 5369 tissime
2296 5332 2299 5335 ·
2317 5312 2685 5383 perdurarunt,
2716 5312 2841 5382 quid
2866 5312 2988 5381 ﬁdei
3014 5313 3464 5383 communionique
3491 5316 3671 5366 catho-

2084 5387 2197 5440 lica:
2220 5382 2502 5439 deberetur.
2537 5382 2670 5438 Ecce
2698 5390 3009 5453 agnoverunt
3034 5382 3464 5449 quemadmodum
3490 5400 3523 5436 a
3553 5384 3672 5436 tali-

2086 5458 2179 5510 bus
2208 5455 2508 5521 recedendo,
2552 5455 2655 5507 imo
2686 5452 2871 5507 tatibus
2899 5454 3158 5507 contraria
3192 5454 3469 5520 moliendo,
3508 5470 3540 5505 α
3568 5453 3673 5523 ﬁde

2086 5537 2134 5581 et
2154 5527 2508 5583 communione
2536 5525 2792 5580 catholica
2811 5523 3285 5594 deviaritiAcacius,
3307 5540 3455 5594 seque
3482 5525 3673 5593 pariter

2086 5616 2200 5653 cum
2229 5600 2402 5654 eodem
2442 5596 2606 5651 errori
2646 5594 2990 5668 subdiderint.
3024 5593 3156 5651 Ecce
3182 5593 3489 5668 agnoverunt
3518 5610 3673 5663 quam

2080 5672 2237 5745 justis
2269 5686 2330 5725 ex
2355 5669 2521 5725 causis
2553 5684 2646 5741 pro
2668 5667 2769 5738 ﬁde
2799 5676 2846 5722 et
2876 5666 3228 5722 communione
3246 5666 3499 5722 catholica
3526 5681 3677 5737 atque

3245 5898 3322 5960 ³0
