4096 6342
319 351 432 411 941

1531 357 1887 415 EPISTOLAE
1930 360 2020 418 ET
2060 360 2379 419 DECRETA

3498 368 3606 425 942
3649 388 3656 397 ·

318 484 446 525 rum
468 472 838 550 querimoniis,
868 472 1034 550 multo
1067 485 1243 550 magis
1267 473 1623 550 conveniunt.
1654 473 1909 550 Quie‘au-
1941 484 1995 540 Α
2021 495 2126 533 non
2152 488 2329 533 tamen
2358 486 2640 548 antequam
2669 495 2722 535 in
2747 495 2868 535 eum
2899 470 3412 536 codiceminsertum
3436 496 3599 550 esset,

319 550 483 609 getur
510 543 761 612 suspicio,
792 558 911 598 cum
933 543 1170 613 ejusdem
1195 543 1435 611 epistolae
1459 545 1635 612 plures
1664 547 1763 599 loci
1790 547 1910 601 huic

323 622 552 675 nostrai,
580 629 699 679 qua:
743 629 809 668 ex
844 622 955 669 toto
984 622 1247 681 contextu,
1278 613 1439 668 Felici
1481 617 1763 680 asseritur,
1805 629 1909 670 tam

323 683 533 755 similes
558 683 663 737 sint
687 700 843 752 quam
864 685 952 755 qui
982 686 1230 738 maxime.

406 754 598 807 Verum
632 757 832 823 majora
853 754 1242 819 consectemur,
1265 763 1420 823 atque
1443 755 1504 807 ad
1536 764 1818 810 tractatum
1849 758 1915 810 de

326 825 688 878 Anathcmate
716 841 811 879 nos
841 827 1201 881 conferamus.
1235 824 1573 880 Conveniunt
1600 827 1651 879 in
1677 828 1777 882 hoc
1802 837 1911 880 tum

327 896 594 949 editiones
625 911 832 955 ouinei.
865 908 972 951 tum
998 912 1096 950 ms.
1130 904 1339 959 noster;
1370 897 1545 950 varias
1562 898 1702 951 enim
1729 898 1910 952 lectio-

329 979 448 1029 nes,
484 981 615 1033 quas
640 967 704 1020 ad
751 968 1039 1035 marginem
1091 967 1357 1021 recensuit
1394 968 1739 1034 Quesnellus,
1772 978 1825 1022 et
1863 969 1914 1022 in

326 1036 522 1104 quibus
550 1038 720 1090 codex
751 1037 816 1090 ad
863 1037 1174 1091 Labbeanas
1202 1038 1367 1104 magis
1398 1037 1624 1103 accedit,
1665 1054 1771 1091 non
1812 1054 1920 1092 ma-

326 1106 583 1174 gnifacio,
634 1107 721 1161 ubi
750 1116 927 1161 ‘tanlo
967 1108 1171 1176 potiora
1217 1105 1693 1162 animadvertenda
1739 1119 1913 1163 erant.

325 1177 549 1231 Scilicet
570 1179 824 1245 scriptum
856 1179 1018 1242 istud,
1050 1188 1256 1244 autcgo
1287 1177 1464 1241 fallor,
1488 1188 1581 1232 aut
1602 1178 1732 1232 nihil
1752 1179 1919 1234 ferme

328 1248 599 1310 estaliud,
630 1263 787 1317 quam
811 1264 968 1302 cerno
990 1264 1054 1301 ex
1082 1248 1308 1301 diversis
1338 1248 1652 1316 fragmentis
1682 1249 1920 1303 librario.

328 1334 448 1371 rum
480 1319 607 1371 vitio
634 1326 933 1373 contextus.
958 1318 1350 1373 Przemittamus
1371 1319 1607 1386 eodirigi
1633 1328 1916 1373 tractatum

329 1387 477 1441 hunc
514 1397 569 1441 ut
605 1389 692 1441 illa
724 1390 885 1443 verba
922 1390 1323 1457 explicarentur
1354 1403 1417 1443 ac
1458 1398 1818 1458 purgarentur
1863 1392 1917 1445 in

327 1459 509 1529 Acacii
537 1459 880 1514 damnatione
920 1460 1148 1529 prolata,
1184 1475 1540 1528 nunquamque
1581 1459 1921 1514 anathematis

330 1528 548 1582 vinculis
574 1530 852 1583 cauendus.
877 1528 944 1584 At
976 1532 1074 1583 hoc
1097 1539 1355 1598 praestare
1378 1530 1533 1599 longe
1563 1532 1730 1599 magis
1755 1530 1916 1585 Felici

329 1600 679 1668 congruebat,
721 1601 876 1668 cujus
921 1615 982 1654 ea
1020 1601 1183 1655 verba
1232 1599 1460 1663 fuerant,
1503 1616 1659 1668 quam
1705 1601 1919 1655 Gelasio

334 1679 413 1742 tot
440 1671 596 1724 annis
623 1674 731 1735 jam
763 1671 964 1742 elapsis
990 1687 1001 1721 :
1035 1672 1161 1740 quin
1186 1670 1451 1742 superﬂua
1479 1670 1667 1742 fuisset
1696 1673 1918 1725 omnino

329 1739 449 1794 haec
477 1742 675 1796 Gelasii
700 1739 1151 1811 cura,‘postquam
1183 1740 1329 1795 Felix
1358 1744 1470 1808 ipse
1496 1741 1708 1795 abunde
1729 1743 1781 1795 in
1799 1743 1914 1810 epi-

330 1890 441 1937 tcm
476 1883 660 1936 credat
707 1884 974 1937 Gelasium
1008 1883 1145 1935 hanc
1187 1881 1554 1936 defensionem
1603 1882 1915 1949 adornasse,

330 1968 399 2007 eo
432 1953 759 2007 validissimo
779 1963 1094 2022 argumento
1127 1967 1395 2020 nunquam
1423 1953 1679 2016 adducto;
1714 1954 1922 2008 scilicet

332 2023 390 2078 in
421 2022 637 2078 dubium
676 2027 911 2078 revocari
937 2038 1040 2077 non
1072 2037 1231 2091 posse
1258 2025 1384 2091 quin
1416 2038 1602 2076 eorum
1636 2023 1917 2077 verborum

332 2095 381 2148 is
402 2108 529 2148 vere
557 2108 745 2149 sensus
768 2094 976 2159 fuisset,
1011 2106 1131 2147 cum
1165 2092 1308 2147 Felix
1335 2095 1465 2162 ipse,
1493 2094 1582 2161 qui
1607 2096 1921 2160 proiiuntia-

331 2172 505 2233 verat,
550 2164 621 2217 ita
669 2165 957 2220 docuisset.
1001 2164 1129 2231 Quis
1158 2162 1343 2217 credat
1378 2178 1407 2215 a
1460 2163 1672 2217 Gelasio
1699 2164 1918 2218 eosdem

331 2249 502 2289 sacrae
538 2234 827 2305 Scripturze
868 2236 1015 2290 locos
1055 2234 1106 2287 in
1138 2234 1387 2305 eumdem
1435 2233 1595 2286 linem
1626 2234 1915 2302 adhibitos,

333 2305 485 2359 nulla
512 2304 743 2374 unquam
778 2305 967 2360 Felicis
999 2304 1270 2359 mentione
1306 2304 1479 2358 facta?
1504 2305 1694 2372 quibus
1723 2306 1767 2358 si
1798 2320 1918 2358 eas-

334 2376 460 2429 dem
494 2377 678 2439 fcrme,
704 2377 790 2430 ubi
816 2377 986 2446 agitur
1008 2375 1074 2430 de
1095 2375 1356 2429 sententia
1383 2376 1783 2446 resipiscentem
1812 2392 1919 2429 non

333 2446 625 2511 afficiente,
669 2444 888 2516 adjicias
946 2446 1197 2515 loquendi
1254 2444 1529 2516 formulas,
1571 2454 1921 2514 tenoremque

333 2517 595 2571 orationis
617 2533 678 2572 ac
699 2515 822 2588 styli
848 2532 1064 2587 prorsus
1094 2515 1364 2588 eumdem,
1397 2530 1430 2588 a_
1452 2515 1625 2588 Felice
1654 2516 1767 2570 htcc
1790 2532 1921 2588 quoe

336 2602 443 2655 que
469 2588 704 2657 profecta
725 2585 867 2652 esse,
893 2602 998 2643 non
1028 2587 1294 2641 immerito
1314 2585 1659 2657 conjectabis.
1686 2589 1753 2641 At
1778 2587 1921 2655 quod

337 2664 509 2726 magis
538 2658 932 2713 observandum
982 2669 1085 2723 est,
1129 2658 1412 2725 abruptum
1459 2656 1617 2726 hujus
1661 2667 1920 2713 tractatus

338 2728 546 2783 initium
578 2730 643 2783 ad
673 2730 789 2799 ejus
819 2737 1189 2798 argumentum
1224 2742 1326 2799 non
1353 2728 1606 2799 pertinet,
1634 2742 1757 2782 eum
1784 2729 1923 2783 l‘rus—

341 2808 454 2853 tum
486 2799 554 2853 sit
588 2798 806 2855 alterius
834 2800 1043 2869 scripti,
1078 2799 1130 2853 in
1160 2814 1264 2867 quo
1286 2798 1353 2853 de
1373 2798 1922 2867 Constantinopolita-

342 2872 427 2924 nis
450 2870 714 2938 episcopis
746 2872 1020 2940 agebatur,
1060 2872 1316 2924 honorem
1349 2869 1599 2923 secunda:
1635 2871 1779 2923 sedis
1820 2872 1922 2923 sibi

342 2943 715 3009 arrogantibus
752 2957 815 2995 ex
865 2941 1215 3010 quorumdam
1259 2940 1771 2994 Chalcedonensiuni
1825 2940 1926 2993 Pc-

344 3020 485 3064 trum
500 3012 736 3077 decreto,
756 3014 823 3065 de
840 3027 969 3081 quo,
988 3013 1111 3065 dum
1132 3012 1244 3063 ha:c
1271 3012 1497 3064 meditor
1514 3020 1672 3081 atque
1695 3011 1921 3074 adorna,

346 3095 519 3135 novus
550 3083 617 3136 ad
652 3098 738 3136 me
765 3079 968 3152 Alo‘ysii
1003 3082 1288 3135 Andruccii
1320 3081 1549 3133 mittitur
1598 3079 1733 3133 liber
1763 3082 1924 3134 verba

344 3151 566 3206 faciens.
598 3154 747 3206 Hanc
788 3151 1061 3206 materiam
1097 3155 1264 3219 prima
1299 3152 1544 3203 columna
1586 3153 1926 3218 prosequitur

2020 552 2317 618 intelligere
2346 564 2568 605 necesse
2595 560 2694 605 est.
2730 552 2836 606 Sed
2868 552 2994 606 illud
3027 552 3246 620 insuper
3267 552 3607 609 animadver-

2017 621 2258 692 tendum,
2291 620 2450 692 illam,
2481 635 2745 675 canonum
2787 622 3158 678 collectionem
3201 622 3465 692 ejusmodi
3508 639 3606 679 no-

2021 692 2163 744 mine
2196 690 2252 745 S.
2288 690 2483 744 Leonis
2505 692 2768 747 editorem
2788 707 2852 747 ex
2883 692 3098 761 pr0prio
3114 690 3320 761 judicio
3340 693 3601 759 donasse;

2022 777 2198 834 neque
2250 763 2300 814 in
2344 762 2445 834 hoc
2474 762 2750 834 doctorum
2790 763 3030 817 calculos
3082 764 3315 817 laturum
3360 764 3605 834 profecto

2019 833 2301 903 universos
2331 831 2764 903 si‘colligantur:
2800 835 2963 887 multa
2994 833 3138 888 enim
3170 844 3297 888 sunt
3325 831 3445 903 qua
3477 850 3605 891 con-

2021 902 2241 955 trarium
2267 900 2525 954 suadeant
2548 900 2614 957 ac
2641 902 2809 957 ferme
2831 904 3098 957 evincunt.

2008 1006 2013 1011 ς
2091 972 2227 1038 Quid
2272 976 2338 1026 de
2384 971 2587 1026 Graicis
2628 974 2796 1027 tribus
2831 973 3024 1028 Felicis
3054 975 3295 1042 epistolis
3338 974 3601 1037 dicemus,

2020 1058 2153 1110 quas
2176 1042 2423 1111 rejiciunt
2451 1043 2711 1108 Valesius,
2743 1045 3018 1111 Dupinius,
3047 1045 3154 1103 alii.
3193 1046 3421 1113 probant
3441 1045 3603 1111 Cave,

2022 1114 2232 1181 Pagius.
2267 1113 2501 1182 aliique?
2540 1114 2854 1167 Anastasius
2884 1115 3099 1183 quidem
3138 1120 3426 1169 secundam
3461 1116 3609 1170 vide,

2023 1193 2108 1237 tur
2140 1184 2385 1236 laudasse
2411 1184 2465 1237 in
2499 1183 2723 1249 epistola
2756 1186 2912 1252 paulo
2939 1194 3062 1237 ante
3099 1196 3391 1240 memorata
3418 1204 3432 1240 :
3473 1188 3609 1239 unde

2022 1253 2303 1305 notandum
2326 1255 2462 1319 quod
2492 1254 2742 1306 nonnulla
2772 1270 2885 1323 qute
2907 1254 3085 1307 Latine
3107 1256 3311 1323 fuerunt
3334 1259 3487 1321 edita,
3513 1255 3608 1308 La-

2023 1324 2194 1393 tinitas
2223 1324 2457 1393 funditus
2486 1326 2620 1377 mole
2648 1325 2914 1377 oblivionis
2936 1324 3113 1377 obruta
3145 1326 3478 1393 deplorasset,
3509 1328 3608 1380 nisi

2022 1410 2085 1448 ea:
2106 1392 2403 1446 ercorum
2428 1404 2541 1461 post
2562 1398 2701 1462 fonte
2721 1396 2965 1446 librorum
2989 1394 3097 1447 lucc
3138 1392 3321 1449 hausta
3348 1398 3609 1463 sitipundo

2024 1474 2223 1533 pectore
2246 1466 2597 1528 resumpsisset
2623 1482 2641 1527 ;
2669 1466 2799 1517 sicut
2832 1465 3097 1531 epistolam
3125 1463 3189 1518 B.
3234 1482 3381 1534 papa:
3418 1464 3609 1521 Felicis

2022 1537 2073 1587 in
2104 1534 2309 1586 Petrum
2345 1536 2644 1587 sententiam
2674 1541 3012 1602 proferente»:
3052 1536 3422 1588 Antiochenam
3462 1538 3604 1590 dam-

2021 1605 2261 1658 nationis.
2291 1607 2355 1656 At
2378 1605 2723 1671 interpolatas
2757 1606 2945 1658 saltem
2968 1604 3085 1673 quis
3114 1620 3219 1657 nun
3241 1606 3454 1659 videat?
3478 1608 3611 1661 Ter-

2023 1676 2150 1729 tiam
2187 1674 2474 1741 prmcijiue,
2500 1688 2621 1742 qua:
2646 1674 2745 1729 sibi
2772 1691 2874 1727 non
2892 1674 3145 1739 cohaeret,
3165 1690 3339 1743 neque
3356 1677 3508 1731 titulo
3524 1692 3610 1730 rc-

1962 1770 1977 1781 ~
2021 1745 2271 1816 spondet,
2288 1759 2458 1812 neque
2472 1745 2750 1812 principio.
2771 1746 2823 1797 In
2841 1745 3022 1797 Latina
3043 1746 3236 1816 prioris
3252 1749 3496 1801 versione
3509 1749 3612 1816 syl-

330 1812 469 1904 stola
499 1827 655 1904 quqm
681 1828 819 1904 nunc
847 1812 1056 1904 edimus
1086 1812 1136 1865 id
1157 1812 1282 1904 ja'm'
1299 1812 1790 1904 prtestiterat.JQuis
1819 1828 1917 1866 au-
1947 1841 1996 1904 Β

2025 1816 2143 1870 laba
2168 1814 2367 1867 omissa
2408 1816 2657 1867 haeresim
2690 1824 2871 1869 creat:
2905 1816 3167 1868 dividuum
3196 1813 3612 1881 Trinitatemfut

2024 1885 2264 1949 memini,
2288 1899 2530 1938 errorem
2553 1884 2714 1938 alium
2731 1884 2975 1939 hairesim
2991 1887 3185 1953 pariter
3200 1888 3342 1941 circa
3371 1887 3610 1942 Trinita-

2023 1965 2131 2011 tem
2155 1956 2351 2020 facere,
2371 1956 2459 2008 ubi
2479 1955 2673 2027 legitur
2687 1954 2755 2009 de
2770 1955 2924 2021 Filio,
2949 1973 3040 2008 nec
3054 1957 3255 2026 genitus
3268 1969 3361 2022 est,
3380 1959 3466 2011 sed
3484 1974 3611 2027 pro-

2022 2028 2237 2080 cedem:
2264 2028 2505 2091 iuSpecto
2530 2025 2721 2079 Graeco
2745 2034 2890 2079 textu
2918 2025 3095 2094 plures
3123 2027 3371 2082 facillime
3397 2025 3613 2085 errores

2021 2097 2253 2161 abstergi
2280 2106 2521 2163 possunt,
2548 2110 2682 2163 quos
2698 2109 2761 2153 ea
2784 2096 2850 2149 de
2866 2111 3023 2150 causa
3043 2111 3305 2159 memoro,
3329 2108 3385 2151 ut
3407 2100 3457 2151 in
3475 2115 3609 2154 nova

2022 2166 2381 2220 Conciliorum
2411 2166 2729 2220 collectione
2745 2167 3265 2223 animadvertuntur.
3300 2167 3450 2221 Multi
3479 2185 3611 2223 sane

2023 2237 2379 2305 cujuscunque
2392 2236 2602 2301 generis
2617 2236 2668 2288 in
2681 2237 2973 2290 anteriores
2987 2236 3245 2290 editiones
3261 2239 3607 2305 irrepserunt,

2023 2322 2248 2376 quorum
2275 2306 2414 2360 haud
2443 2320 2641 2375 paucos
2660 2306 2922 2359 Acaciana
2952 2314 3291 2360 monumenta
3309 2307 3607 2363 inficientes

2024 2378 2078 2432 in
2098 2380 2198 2432 hoc
2214 2378 2477 2447 prooemio
2499 2385 2553 2430 et
2574 2377 2624 2447 in
2647 2379 3082 2431 annotationibus
3103 2377 3607 2433 obitereinendabo.

2099 2450 2166 2502 lis
2196 2446 2323 2517 ergo
2351 2462 2493 2501 nunc
2520 2446 2871 2501 insistendum
2895 2457 2998 2513 est,
3023 2462 3139 2515 quae
3163 2448 3419 2502 Acacium
3442 2451 3610 2517 τεθρι-

2024 2520 2188 2574 ciunt.
2214 2518 2410 2573 Gelasii
2437 2517 2502 2571 IV
2533 2532 2625 2571 seu
2655 2519 3123 2572 commonitorium
3152 2520 3219 2571 ad
3248 2518 3522 2582 Faustum,
3556 2522 3609 2575 in

2025 2605 2131 2659 quo
2154 2589 2355 2658 pariter
2371 2603 2491 2643 cum
2515 2589 2670 2643 editis
2689 2589 2952 2643 consentit
2973 2602 3071 2643 ms.
3097 2589 3289 2654 codex,
3316 2603 3420 2643 non
3445 2591 3612 2645 multo

2025 2662 2338 2728 depuratius
2355 2669 2471 2714 est:
2498 2660 2560 2712 ad
2584 2659 2790 2721 initium
2814 2661 3062 2713 secundm
3091 2661 3296 2728 paginae
3321 2659 3463 2713 labat
3489 2675 3613 2715 con.

2026 2732 2207 2795 nexio,
2239 2732 2305 2783 ad
2348 2731 2504 2783 linem
2549 2732 2704 2798 perit.
2742 2730 2821 2783 Ab
2847 2730 2933 2794 iis,
2971 2730 3101 2782 illud
3145 2740 3313 2783 autent
3358 2730 3510 2783 nimis
3538 2740 3611 2785 est

2025 2802 2320 2868 impudens,
2345 2814 2511 2870 usque
2532 2801 2597 2852 ad
2624 2815 2705 2865 ea,
2733 2803 2784 2852 in
2811 2815 2961 2852 suam
2984 2800 3265 2853 traduceret
3288 2800 3610 2868 pravitatem,

2027 2873 2237 2925 diversa
2266 2871 2478 2924 videtur
2519 2870 2764 2937 epistola,
2799 2879 2851 2924 et
2894 2870 3107 2939 quidem
3159 2870 3373 2934 Felicis,
3424 2888 3450 2921 a
3508 2887 3613 2939 quo

2028 2941 2434 2996 Andromachus
2455 2942 2736 2993 instructus
2771 2940 2946 3009 fuerit,
2976 2949 3032 2992 ut
3061 2941 3303 2992 Acacium
3323 2940 3613 2995 cohortare-

2029 3023 2132 3064 tur.
2165 3013 2406 3077 Sequens
2446 3010 2696 3079 periodus
2728 3010 2864 3063 redit
2898 3011 2963 3062 ad
3002 3009 3303 3075 anteriora,
3338 3017 3394 3063 et
3427 3012 3613 3064 subsc-

2030 3096 2197 3151 queus
2223 3096 2393 3151 usque
2421 3084 2484 3133 ad
2518 3082 2699 3151 verba,
2744 3081 2861 3132 Non
2890 3091 2963 3133 est
2994 3081 3215 3151 mirum,
3236 3093 3420 3134 rursus
3444 3080 3615 3136 Felici

2032 3150 2330 3206 tribuenda.
2356 3150 2540 3219 Neque
2564 3150 2858 3204 doctissimi
2891 3151 3104 3203 Baronii
3130 3150 3326 3221 sufficit
3353 3150 3615 3221 interpre-

344 3236 515 3290 usque
562 3221 629 3276 ad
664 3239 726 3275 ea
760 3241 773 3276 ς
818 3221 1075 3275 Peccatori
1097 3213 1336 3284 'Iiomini,
1386 3229 1517 3285 etc.,
1552 3213 1640 3273 tibi
1681 3213 1921 3288 repente.
1952 3213 2002 3276 C
2034 3224 2183 3287 talio,
2210 3233 2265 3273 ut
2293 3213 2484 3289 nempe
2511 3236 2575 3275 ex
2609 3236 2835 3289 persona
2859 3220 3167 3289 apostolicae
3197 3220 3341 3275 sedis
3369 3213 3616 3276 Gela'sius

345 3293 591 3361 quamvis
623 3300 870 3361 tanquam
899 3294 1204 3346 continuata
1239 3291 1550 3354 afferantur,
1591 3291 1642 3344 in
1686 3293 1928 3360 preposi-

346 3373 460 3417 tum
492 3362 675 3427 insilit,
722 3364 927 3417 scilicet
960 3377 1066 3431 quo
1088 3371 1358 3430 perpetua:
1394 3361 1753 3415 damnationis
1804 3374 1925 3416 nota

346 3442 675 3487 removetur.
711 3435 812 3487 Per
859 3442 969 3487 tres
1008 3434 1285 3486 columnas
1326 3432 1463 3485 idem
1504 3434 1694 3500 agitur,
1741 3433 1929 3485 distin-

302 3521 307 3525 ’
347 3503 524 3558 ctione
544 3518 702 3572 quam
730 3504 836 3557 col.
860 3502 996 3557 l2i9
1020 3502 1307 3570 aspicimus
1338 3502 1711 3571 intempestive
1734 3503 1923 3571 posita.

347 3574 460 3627 Col.
497 3573 624 3627 12M
662 3589 850 3628 versus
883 3576 1066 3627 decem
1106 3588 1385 3642 perperam
1421 3575 1811 3627 interseruntur
1840 3576 1927 3626 in-

348 3645 631 3713 cipientes,
678 3644 828 3710 Quod
864 3646 1006 3696 sedes
1046 3646 1356 3710 apostolica;
1400 3654 1642 3709 spectant
1675 3645 1818 3697 enim
1861 3646 1927 3697 ad

350 3715 606 3781 scriptum
648 3714 724 3777 id,
762 3715 912 3783 cujus
941 3724 995 3768 et
1032 3713 1239 3767 initium
1265 3724 1366 3767 est.
1405 3713 1578 3766 Verbo
1625 3714 1722 3766 hoc
1762 3724 1928 3767 tamen

348 3784 414 3838 ad
445 3795 814 3854 argumentum
858 3784 1014 3846 redit,
1046 3785 1320 3852 periodum
1350 3783 1572 3851 Sphingi
1604 3794 1927 3838 reservatam

350 3855 663 3925 subjiciens,
694 3872 812 3924 qua:
842 3868 940 3908 nec
965 3856 1445 3922 manuscriptortun
1470 3869 1570 3925 ope
1593 3856 1725 3925 satis
1766 3860 1929 3907 resti-

351 3923 549 3980 tuitur:
582 3923 819 3995 procedit
850 3936 1025 3980 tamen
1057 3939 1223 3993 usque
1250 3925 1313 3977 ad
1343 3938 1425 3989 ca,
1454 3923 1600 3995 Quod
1625 3924 1667 3976 si
1696 3928 1801 3977 tuac
1825 3934 1932 3976 ten-

349 4007 457 4050 tare
491 3994 810 4065 formidant:
840 3995 927 4049 ubi
960 4010 1143 4048 rursus
1182 3998 1442 4065 aberrare
1483 3994 1746 4060 videmur,
1779 4002 1832 4048 et
1863 4011 1927 4050 ex

350 4064 577 4137 abrupto
623 4078 876 4122 tractatus
907 4066 1124 4121 alterius
1148 4064 1521 4137 fragmentum
1562 4066 1788 4137 ingredi,
1822 4080 1928 4134 quo

348 4137 418 4192 ab
462 4136 783 4207 imperatore
828 4139 1041 4193 Petrum
1098 4136 1513 4189 Alexandrinum
1555 4136 1760 4189 absolvi
1822 4151 1926 4190 non

349 4211 587 4275 potuisse
616 4208 1031 4263 ostendebatur:
1061 4214 1367 4276 perstatque
1395 4220 1559 4274 usque
1583 4208 1646 4259 ad
1676 4208 1859 4274 tinem,
1883 4207 1929 4261 si

349 4292 648 4347 postremas
681 4278 928 4347 periodos
974 4278 1229 4346 excipias,
1261 4292 1380 4346 qua:
1425 4290 1609 4330 rursus
1648 4278 1753 4331 alio
1794 4280 1930 4331 refe-

350 4360 561 4416 runtur,
594 4351 735 4403 inter
766 4365 823 4403 se
847 4350 1007 4403 etiam
1032 4349 1362 4402 inconnexze.
1397 4347 1522 4402 Haec
1543 4355 1720 4402 autem
1750 4350 1927 4401 omnia

348 4434 380 4472 a
412 4430 490 4475 tot
520 4421 646 4473 viris
667 4420 1014 4483 doctissimis,
1045 4421 1132 4486 qui
1161 4420 1213 4472 in
1246 4421 1331 4470 bis
1360 4418 1722 4471 monumentis
1748 4419 1831 4471 vel
1873 4428 1931 4473 ut

348 4488 591 4555 ederent,
617 4492 700 4543 vel
731 4501 790 4544 ut
811 4491 1198 4558 expenderent,
1230 4488 1311 4542 vel
1344 4496 1401 4542 ut
1430 4488 1774 4553 adducerent,
1810 4504 1931 4543 ver-

2032 3294 2317 3362 loquatur:
2364 3292 2452 3347 illa
2482 3291 2662 3345 enim:
2694 3294 2831 3360 quod
2867 3293 2960 3355 ait,
2989 3293 3033 3343 si
3080 3306 3281 3344 necesse
3318 3290 3495 3359 fuerit,
3533 3307 3616 3346 ve-

2030 3366 2169 3416 niam
2214 3363 2513 3431 postulare;
2550 3362 2847 3415 existimans
2887 3362 3129 3413 nimirum
3172 3371 3292 3414 tunc
3333 3377 3385 3414 se
3422 3365 3618 3429 peccati

2028 3436 2225 3487 veniam
2256 3434 2536 3486 necessario
2566 3433 2843 3501 postulare,
2871 3433 2915 3484 si
2945 3432 2991 3483 ei
3014 3432 3377 3499 concedamus,
3407 3447 3472 3485 ne
3496 3449 3617 3502 pec-

2029 3520 2144 3557 care
2168 3503 2414 3557 desistat:
2436 3506 2688 3556 Aeaeium
2716 3505 2779 3554 ad
2790 3502 2893 3555 huc
2916 3504 3014 3555 hac
3035 3516 3162 3555 aura
3182 3510 3483 3557 vescentem
3508 3518 3618 3555 ma.

2029 3575 2224 3629 nifesto
2246 3573 2556 3629 ostendunt.
2594 3571 2726 3626 Cum
2756 3572 2955 3627 Graecis
2988 3572 3201 3637 deinde,
3230 3573 3332 3627 etsi
3372 3574 3614 3638 confuse,

2030 3648 2222 3699 iterum
2253 3662 2339 3698 res
2367 3653 2480 3706 est;
2514 3653 2567 3694 at
2610 3658 2670 3696 ea
2707 3646 2757 3696 in
2793 3644 2919 3707 line,
2965 3658 3125 3709 neque
3165 3643 3318 3708 plane
3355 3658 3471 3695 cum
3508 3645 3619 3697 istis

2030 3732 2135 3768 non
2169 3716 2536 3784 corrigentibus
2558 3714 2781 3765 ineunda
2813 3714 3123 3781 coiigressio,
3157 3715 3221 3765 ad
3248 3727 3409 3780 supra
3442 3711 3619 3782 posita

2030 3783 2357 3850 referuntur,
2401 3783 2543 3835 nobis
2573 3784 2773 3835 nullum
2818 3784 2897 3848 fas
2932 3792 3005 3834 est
3044 3784 3177 3835 inire
3213 3794 3466 3836 certamen
3502 3800 3619 3838 cum

2031 3855 2321 3907 hominibus
2364 3853 2733 3905 communionis
2766 3854 2965 3905 alienat.
3000 3852 3210 3906 Nullam
3252 3855 3303 3905 in
3348 3851 3429 3906 his
3462 3854 3618 3908 nobis

2030 3926 2205 3979 lucem
2236 3924 2476 3994 praetulit
2497 3923 2630 3976 liber
2654 3934 2857 3994 noster,
2886 3937 3005 3977 cum
3028 3923 3185 3975 editis
3209 3921 3353 3994 mire
3382 3937 3616 3994 consen-

2034 3996 2191 4059 tiens,
2234 3992 2333 4049 nisi
2370 4008 2434 4048 eo
2466 3993 2607 4054 loco,
2644 3992 2734 4047 ubi
2772 3998 2822 4046 in
2860 4002 3102 4047 extremo
3136 3992 3361 4059 vulgatae
3410 3993 3618 4063 pagina

2019 4066 2172 4126 1168
2202 4080 2391 4120 sensus
2418 4072 2501 4118 Bal
2530 4064 2727 4116 nullus.
2763 4063 2978 4133 Legitur
3000 4076 3176 4118 autem
3200 4063 3252 4116 in
3278 4063 3465 4118 codice
3488 4081 3501 4117 :
3528 4081 3618 4118 nec

2032 4137 2188 4201 novit,
2218 4144 2310 4189 aut
2338 4151 2389 4188 se
2420 4150 2566 4188 nosse
2600 4134 2909 4199 dissimulat,
2950 4150 3037 4199 per
3064 4149 3383 4187 numerosam
3418 4145 3620 4188 senten-

2034 4207 2158 4259 tiam
2186 4208 2528 4271 sacerdotum,
2556 4216 2687 4267 etc.;
2718 4207 2802 4259 cui
2829 4205 3108 4259 sententia:
3150 4208 3193 4257 si
3228 4203 3448 4258 verbum
3496 4221 3619 4258 con:

2032 4286 2134 4329 stat
2160 4278 2366 4339 demas,
2399 4283 2479 4329 vel
2528 4275 2840 4343 particulam
2872 4284 2924 4327 ut
2951 4275 3136 4338 addas,
3172 4277 3345 4327 locum
3393 4274 3618 4330 habebis

2034 4348 2242 4413 integre
2272 4357 2325 4402 et
2352 4350 2645 4400 mutatione
2688 4360 2845 4415 quam
2868 4344 3106 4398 'minima
3147 4347 3470 4399 restitutum.
3506 4346 3615 4401 Sed

2037 4418 2104 4471 de
2128 4418 2211 4471 bis
2241 4420 2394 4472 satis.
2911 4426 2918 4445 ‘

2106 4489 2386 4556 Temporis
2437 4500 2648 4554 notam,
2700 4502 2807 4557 quo
2854 4485 3134 4555 epistolam
3188 4486 3325 4539 hanc
3374 4486 3520 4540 Felix
3551 4487 3619 4542 III

348 4562 450 4637 sati
483 4569 626 4637 sunt,
660 4562 1027 4637 animadversa
1062 4575 1167 4637 non
1208 4558 1392 4637 fuisse,
1424 4560 1775 4637 vehementer
1807 4576 1932 4628 pro-
1957 4575 2013 4637 ι)
2042 4560 2390 4637 (quibusdam
2439 4560 2500 4623 Il,
2547 4560 2771 4614 alterum
2815 4572 3005 4637 nempe
3055 4565 3303 4637 tanquam
3353 4558 3615 4637 intrusum

349 4630 491 4682 lecto
522 4628 705 4681 mirari
736 4629 895 4681 subit.
917 4630 973 4683 S.
1003 4629 1195 4682 Leonis
1217 4630 1390 4683 editor
1417 4639 1469 4683 et
1492 4630 1647 4698 hujus
1676 4639 1931 4685 tractatus

348 4709 508 4766 caput
538 4698 830 4761 invenisse,
860 4707 914 4752 et
934 4699 1085 4751 novis
1107 4699 1421 4766 quibusdam
1460 4698 1801 4767 lectionibus,
1836 4717 1931 4755 no-

348 4784 523 4838 vaque
552 4769 838 4838 partitione
868 4769 1279 4821 reconcinnasse
1319 4783 1377 4821 se
1401 4770 1723 4823 existimavit
1763 4787 1823 4826 ac
1849 4788 1931 4825 re-

350 4837 937 4908 stit’uiss’e;.abruptum
990 4848 1166 4892 tamen
1215 4837 1388 4892 adhuc
1430 4840 1639 4893 initium
1675 4850 1777 4904 est,
1813 4844 1934 4897 linis

350 4912 592 4973 mutilus,
627 4909 843 4964 confusa
874 4909 1043 4963 series
1068 4918 1228 4979 atque
1256 4910 1557 4963 intermixta
1586 4927 1597 4962 :
1622 4912 1762 4979 quod
1788 4921 1932 4979 pate-

351 4983 448 5044 bit,
487 4993 541 5035 ιιι
563 4991 713 5051 puto,
751 4981 931 5034 statim
961 4992 1023 5032 ac
1055 4978 1349 5051 fragmenta
1385 4980 1449 5032 ad
1481 4978 1935 5051 disparatas’eau-

351 5066 439 5123 sas
479 5049 775 5123 spectantia
807 5054 859 5105 in
891 5064 958 5123 eo
993 5049 1257 5123 contineri
1300 5058 1528 5123 constet.
1580 5050 1930 5123 Luxationem

353 5119 655 5190 huiusmodi
679 5123 834 5177 valde
878 5122 946 5175 ab
974 5122 1194 5190 antiquo
1222 5119 1505 5186 accidisse,
1539 5131 1649 5176 tum
1680 5135 1713 5175 e
1746 5122 1933 5177 codice

353 5208 509 5261 quem
543 5208 652 5262 pra:
691 5193 935 5247 manibus
977 5192 1255 5255 habemus,
1299 5200 1408 5245 tum
1428 5206 1496 5246 ex
1537 5193 1824 5246 Anastasio
1848 5193 1933 5245 Bi-

352 5263 702 5318 bliothecario
732 5264 941 5317 discere
977 5262 1027 5317 in
1073 5271 1320 5332 promptu
1346 5271 1450 5332 est,
1484 5263 1574 5331 qui
1611 5262 1663 5315 in
1706 5263 1933 5330 epistola

354 5335 419 5388 ad
436 5334 692 5389 Joannem
718 5334 996 5387 diaconum
1020 5332 1352 5387 Collectaneis
1375 5336 1589 5402 praeﬁxa
1616 5334 1934 5388 sententiam

354 5406 605 5474 atterens,
637 5420 755 5474 quae
798 5409 849 5456 in
893 5404 1054 5471 priori
1088 5405 1205 5471 ejus
1244 5404 1453 5473 pagina,
1505 5404 1612 5459 alio
1640 5413 1696 5457 nt
1725 5403 1934 5458 videtur

391 5470 687 5539 ertineiite,
728 5470 939 5536 visitur,
963 5470 1342 5542 ,depromptam
1388 5476 1515 5530 dicit
1563 5491 1627 5529 ccc
1661 5484 1799 5527 torno
1838 5476 1935 5529 Ge-

378 5548 474 5600 asii
496 5549 555 5599 de
577 5545 909 5598 anathematis
936 5541 1168 5597 Vincula.
1189 5544 1301 5597 Non
1323 5545 1549 5599 deerunt
1573 5547 1798 5601 fortasse
1819 5547 1932 5614 qui-

356 5620 457 5672 bus
485 5620 650 5671 durus
683 5618 920 5669 videatur
944 5614 1031 5666 hic
1071 5630 1267 5679 sermo,
1308 5627 1360 5668 ut
1411 5617 1461 5669 in
1491 5618 1805 5670 canonicum
1845 5618 1935 5669 Ec-

355 5690 534 5742 clesia:
579 5691 829 5741 Romani:
859 5686 1096 5737 codicem
1126 5698 1301 5747 centu,
1340 5698 1395 5739 ut
1437 5692 1503 5740 ita
1552 5690 1747 5752 dicam,
1783 5703 1931 5741 recc-

302 5810 311 5816 ,
361 5770 479 5828 plus
514 5759 690 5811 fuerit.
721 5761 783 5811 At
810 5759 1049 5828 quamvis
1084 5768 1480 5828 nmnutnentum
1528 5760 1662 5811 istud
1705 5760 1934 5827 antiqui-

361 5826 441 5886 tus
483 5835 739 5895 luxalutn,
769 5837 823 5882 ct
864 5845 891 5882 tt
936 5826 1165 5881 librariis
1211 5827 1348 5881 male
1398 5827 1634 5883 habitum
1681 5829 1928 5898 dixerim,

2036 4626 2156 4685 cum
2211 4630 2451 4685 Liberius
2502 4638 2773 4698 superstes
2825 4629 3122 4695 exsulat-et,
3177 4626 3619 4697 excludentibus)

2038 4702 2337 4770 scripserit,
2370 4714 2469 4754 ms.
2497 4701 2663 4754 codex
2697 4698 2915 4752 exhibet
2939 4698 3175 4770 nullam;
3200 4712 3384 4770 verum
3415 4713 3479 4751 ex
3504 4702 3619 4767 ψει»

2037 4767 2287 4826 contextu
2311 4772 2516 4825 eruitur
2544 4786 2556 4820 :
2589 4771 2793 4822 scilicet
2822 4776 2944 4836 post
2972 4767 3232 4838 synodum
3267 4768 3335 4821 de
3376 4772 3536 4838 lapsis
3572 4788 3620 4821 ιιι

2038 4843 2249 4909 Africa,
2294 4856 2435 4894 anno
2476 4840 2576 4893 487
2606 4839 2788 4892 Roma:
2814 4847 3083 4902 coactam,
3122 4840 3272 4908 cujus
3301 4842 3500 4892 ruentia
3535 4843 3618 4896 lit.

2037 4924 2091 4965 et
2122 4922 2247 4965 ante
2269 4910 2449 4965 Acacii
2476 4919 2724 4975 mortem,
2756 4923 2875 4977 qua:
2901 4910 3279 4975 contigitanno
3304 4911 3430 4971 489,
3460 4909 3618 4960 Euse—

2038 4982 2119 5035 bto
2148 4982 2387 5045 consule,
2441 4987 2497 5032 ut
2537 4980 2791 5033 discimus
2831 4994 2897 5032 ex
2929 4978 3142 5033 Victore
3190 4979 3518 5031 Tunonensi.
3569 4980 3619 5030 in

2041 5052 2321 5105 Labbeana
2354 5049 2714 5105 Conciliorum
2748 5050 2982 5105 editione
3022 5058 3145 5104 ante
3190 5048 3382 5102 Felicis
3422 5052 3623 5114 epistu-

2041 5124 2143 5175 lam
2176 5121 2240 5174 l‘2
2260 5122 2569 5175 collocanda
2603 5123 2715 5174 haec
2753 5128 2930 5183 esset,
2980 5120 3202 5187 primam
3246 5132 3469 5186 nempe,
3504 5136 3623 5185 que

2040 5201 2161 5262 post
2185 5192 2385 5246 obitum
2419 5191 2597 5245 Acacii
2622 5192 2689 5245 sit
2722 5189 2863 5262 data.
2896 5190 2977 5244 Ad
3013 5201 3187 5243 certos
3230 5188 3475 5262 homines
3500 5205 3621 5262 non

2042 5259 2123 5317 est
2151 5266 2333 5330 missa,
2366 5277 2634 5333 anonymo
2656 5261 2797 5315 enim
2831 5261 3028 5333 scripto
3054 5259 3361 5333 respondet,
3402 5260 3453 5313 in
3481 5260 3621 5333 Aea:

2041 5334 2139 5397 cii,
2174 5328 2425 5399 Petri'que
2456 5328 2798 5386 Alexandrini
2825 5332 3186 5385 defensionem
3218 5330 3451 5398 vulgato,
3480 5328 3623 5398 quod

2042 5404 2201 5458 etiam
2234 5420 2300 5458 an
2342 5406 2407 5459 ab
2447 5417 2554 5458 uno
2592 5412 2926 5471 compactum
2975 5401 3194 5463 fuisset,
3226 5415 3294 5455 an
3321 5415 3351 5454 a
3386 5402 3623 5471 pluribus

2042 5477 2197 5543 plane
2242 5474 2517 5544 ignorasse
2567 5470 2775 5527 videtur
2819 5474 3000 5544 Felix.
3032 5472 3113 5544 Ex
3143 5472 3256 5544 hac
3304 5484 3432 5544 vero
3479 5470 3624 5524 illius

2042 5541 2223 5613 scripti
2255 5541 2639 5609 confutatione,
2671 5559 2791 5598 cum
2820 5559 2957 5597 nova
2990 5542 3112 5596 hinc
3138 5542 3260 5595 inde
3289 5541 3445 5594 allata
3466 5556 3617 5610 argu-

2042 5612 2242 5679 menta,
2280 5627 2388 5671 tum
2421 5617 2728 5671 ulteriorem
2765 5615 3109 5681 quarumdam
3136 5627 3311 5665 rerum
3342 5612 3582 5665 notitiam
3604 5652 3619 5676 ,

2046 5692 2299 5755 pluraque
2331 5690 2545 5756 insuper
2574 5686 2824 5753 colligere
2855 5694 2970 5745 est,
2996 5682 3239 5756 quibus,
3275 5684 3354 5735 vel
3383 5683 3523 5756 quod
3569 5684 3621 5735 in

2044 5754 2257 5825 ancipiti
2295 5767 2428 5825 erat,
2452 5754 2725 5817 'lirmetur,
2760 5756 2839 5807 vel
2868 5755 3006 5821 quod
3037 5756 3083 5805 in
3108 5754 3356 5819 obscuro,
3386 5755 3621 5807 illustre-

2046 5840 2126 5883 tur
2159 5830 2459 5899 plurimum.
2490 5827 2733 5883 Nondum
2767 5836 2942 5880 tamen
2965 5863 2979 5891 ,
3009 5839 3126 5878 meo
3159 5825 3371 5895 quidem
3398 5825 3626 5897 judicio
