4096 6342
301 390 405 445 9ιῦ

1495 390 1845 481 EPISTULA:
1890 392 1976 481 ET
2018 389 2361 447 DECRETA.

3468 397 3569 451 ‘Jlb

301 502 612 557 subvertere
633 542 647 566 ,
678 502 799 557 cum
830 502 1043 572 triginta
1068 514 1329 558 annorum
1353 516 1446 555 sex
1477 502 1751 556 hominum
1780 516 1886 554 non

2001 518 2270 587 majoribus
2320 516 2581 587 suppliciis
2630 516 2947 571 subderetur.
2998 529 3017 556 ε
3054 519 3233 589 Itaque
3264 535 3367 575 non
3417 531 3473 575 nt
3519 525 3572 575 in

301 594 474 664 possit
495 595 762 665 abrumpi.
795 597 1049 653 Sanctum
1071 598 1415 652 Athanasium
1445 597 1564 651 ideo
1587 612 1692 651 non
1718 595 1880 652 fuisse

300 683 612 740 damnatum
640 701 670 740 a
704 686 911 757 synodo
940 688 1207 755 Orientis,
1253 688 1375 759 quia
1424 688 1579 744 sedes
1628 688 1879 743 istanon

302 778 636 834 consenserit
686 783 991 836 :‘sanctnm
1038 781 1297 837 Joannem
1340 781 1883 851 Constantinopolita-

302 883 463 933 num,
513 879 756 926 sanctum
805 872 1231 930 Flavianum.....
1263 874 1319 930 Si
1357 888 1485 944 ergo
1523 890 1584 930 ea
1615 890 1720 929 non
1750 890 1879 930 con-

300 962 571 1017 sentiente
611 962 756 1031 sola,
807 964 898 1032 qui
940 965 1170 1021 damnati
1202 975 1326 1021 sunt
1353 982 1383 1021 a
1412 966 1622 1036 synodo
1647 966 1880 1021 Orientis

298 1069 408 1109 non
444 1063 731 1124 potuerunt
754 1070 876 1111 esse
903 1056 1162 1123 damnati,
1193 1071 1528 1128 consequens
1555 1067 1633 1113 est
1662 1066 1686 1094 α
1718 1059 1878 1113 etiam

300 1145 421 1200 sine
475 1145 683 1215 synodo
728 1147 817 1215 qui
868 1147 1054 1203 eadem
1100 1148 1215 1203 sola
1259 1148 1547 1203 damnante
1600 1148 1882 1204 damnatus

299 1232 491 1300 fuerit,
538 1235 821 1291 damnatus
867 1239 952 1292 sit.
992 1237 1020 1276 ι)
1064 1237 1339 1293 Postremo
1378 1239 1422 1293 si
1460 1239 1603 1293 nulla
1647 1250 1728 1294 est
1765 1238 1881 1309 ejus

298 1327 467 1383 solius
495 1329 780 1395 sententia,
805 1330 931 1399 quid
960 1338 1238 1402 tantopere
1263 1331 1513 1401 cupiunt,
1546 1332 1682 1386 hanc
1708 1333 1880 1387 resol-

299 1420 467 1474 vi.....
498 1421 803 1475 testimonio
830 1422 1009 1477 Acacii
1047 1422 1136 1476 ubi
1176 1422 1488 1487 conﬁrmat,
1539 1422 1878 1479 Timotheum

298 1512 623 1566 catholicum
647 1511 715 1567 de
734 1513 1078 1568 damnatione
1121 1512 1262 1569 Petri
1307 1514 1555 1569 retulisse
1583 1513 1649 1568 ad
1682 1523 1883 1569 utram-

299 1619 406 1672 que
434 1602 695 1666 Romam;
728 1604 842 1671 ubi,
871 1605 940 1659 ab
963 1606 1215 1660 haeretica
1236 1606 1399 1661 luisse
1426 1606 1751 1673 ordinatum,
1783 1607 1885 1688 hoc

299 1704 383 1749 est
408 1695 725 1765 eomplicem
752 1694 975 1751 insania:
1000 1710 1111 1751 suae.
1130 1740 1143 1763 ,
1179 1695 1266 1751 ubi
1294 1698 1444 1763 dicit,
1470 1706 1526 1751 ut
1556 1707 1761 1765 propter
1792 1700 1887 1752 hoc

1985 608 2282 678 sequestris
2324 616 2500 673 esset,
2546 609 2686 677 quod
2738 624 2877 664 nunc
2918 610 3299 679 praetenditur,
3349 622 3570 684 saneto,

1986 725 2108 766 cum
2139 710 2381 779 obiisset,
2414 710 2694 767 Timotheo
2719 712 3120 781 subrogandus;
3152 714 3241 783 qui
3273 729 3374 785 pro
3400 717 3575 771 scele-

1986 799 2137 861 ribus
2175 804 2314 868 suis,
2346 820 2465 875 qua:
2505 806 2690 860 retulit
2714 805 2971 873 Aeacius,
3004 805 3283 875 suppliciis
3326 806 3575 861 subditus
3638 808 3653 824 ‘

1988 913 2071 961 est
2103 922 2117 957 :
2146 920 2302 960 nemo
2346 913 2523 959 autem
2574 905 2640 958 ad
2686 906 2941 960 honorem
2992 916 3320 960 reservatum
3353 906 3573 975 dignum

1983 1003 2178 1058 asserit
2213 1018 2333 1059 esse
2375 1004 2669 1074 suppliciis.
2709 1005 3002 1074 Imperator
3027 1005 3294 1061 Timothei
3323 1009 3577 1063 catholici

1984 1105 2233 1159 electioni
2272 1113 2462 1159 cuncta
2510 1104 2777 1173 permisit;
2828 1120 3049 1161 necesse
3078 1115 3162 1161 est
3190 1107 3350 1176 igitur
3391 1119 3447 1161 nt
3485 1124 3575 1163 se.

1985 1214 2176 1275 quatur
2233 1205 2373 1275 quod
2419 1204 2507 1259 ille
2552 1204 2828 1259 constituit
2876 1214 2930 1260 et
2980 1205 3112 1260 dixit
3171 1207 3493 1261 catholicum
3544 1222 3573 1259 a

1985 1303 2268 1358 catholicis
2314 1302 2655 1367 ordinatum;
2703 1301 2896 1357 falsum
2933 1313 3017 1359 est
3055 1320 3184 1373 ergo
3221 1305 3361 1374 quod
3408 1306 3460 1358 in
3489 1320 3577 1359 sc-

1990 1405 2192 1475 questri
2240 1405 2434 1459 dicitur
2478 1404 2827 1470 constitutus,
2861 1413 2921 1457 ut
2946 1404 3121 1458 eidem
3169 1406 3572 1475 subrogarelur,

1991 1504 2076 1559 cui
2104 1520 2375 1575 nunquam
2418 1504 2863 1569 communicavit;
2892 1512 2949 1559 et
2973 1518 3002 1557 a
3033 1520 3139 1572 quo
3165 1506 3465 1574 postulatus
3490 1514 3576 1562 est

1996 1604 2203 1674 longius
2231 1605 2430 1662 debere
2457 1606 2701 1675 relegari.

2068 1703 2094 1741 ά
2124 1705 2178 1760 Si
2200 1705 2472 1771 iuraverat
2491 1707 2727 1761 Joannes
2755 1719 2859 1760 non
2891 1719 2951 1760 se
2978 1704 3214 1761 futurum
3245 1708 3575 1777 episcopum.

300 1825 520 1908 gatione"
545 1824 866 1888 damnatum,
914 1827 1028 1908 pari
1058 1836 1265 1908 ,ειη-οφ,
1288 1829 1548 1908 Δᾳιιοηὶαηι
1584 1830 1707 1908 _sola
1731 1830 1886 1908 sedes

2001 1835 2088 1908 vix
2113 1837 2466 1907 assequimur.
2505 1836 2686 1892 Acacii
2712 1837 2776 1892 ad
2809 1837 3141 1908 Simplicium
3176 1838 3439 1894 indicatur
3466 1842 3581 1908 epi-

300 1895 582 1964 apostolica
603 1911 704 1969 non
715 1899 998 1969 consensit,
1019 1896 1253 1968 absolvit.
1283 1895 1484 1969 Opinor
1509 1908 1560 1953 et
1584 1900 1635 1953 in
1661 1900 1884 1968 epistola

302 1976 508 2040 nostra,
541 1976 594 2019 et
634 1967 684 2018 in
714 1965 916 2040 Ni‘colai
944 1968 1054 2040 illa,
1086 1965 1260 2040 textus
1290 1965 1728 2036 consequentiam
1759 1986 1884 2040 par-

301 2036 696 2109 tjctda_tantum
722 2035 897 2109 addita
921 2038 1102 2109 aliquo
1130 2039 1289 2109 modo
1314 2040 1392 2094 sic
1419 2035 1668 2094 resarciri
1700 2035 1878 2109 posse:

305 2105 371 2179 ξ.
394 2105 728 2179 Athanasium
768 2108 881 2159 ideo
922 2105 1024 2161 non
1061 2108 1220 2176 fuisse
1260 2111 1556 2163 damnatum
1608 2126 1639 2163 a
1688 2105 1886 2179 synodo

306 2175 528 2229 Orientis
549 2218 562 2237 ,
594 2177 713 2245 quia
743 2179 886 2229 sedes
914 2179 1011 2231 ista
1040 2195 1141 2231 non
1168 2182 1509 2244 consenserit,
1550 2181 1625 2233 vel
1655 2175 1886 2235 SfJoan-

302 2263 421 2371 siem
458 2246 1098 2314 Constantinopolitanum,
1144 2248 1221 2302 vel
1262 2248 1325 2303 S.
1357 2245 1686 2304 Flavianum.
1738 2252 1882 2306 SCIP.

360 2332 599 2371 Al‘l-‘EIUS.

360 2332 599 2371 AFFEIUS.

378 2395 404 2422 η
438 2387 511 2441 lle
541 2386 827 2460 universali
857 2387 1065 2458 synodo
1092 2388 1373 2457 intelligas.
1420 2389 1485 2445 Ut
1520 2391 1586 2443 ita
1617 2390 1885 2460 intelliga-

301 2473 448 2531 mus,
474 2468 526 2531 et
554 2457 805 2511 Acacium
844 2457 948 2512 non
987 2460 1105 2531 sine
1134 2460 1434 2515 Italicorum
1470 2461 1752 2525 przesulum
1797 2457 1903 2531 sy-'

304 2529 448 2583 nodo
470 2529 769 2582 discussum
800 2537 957 2597 atque
980 2528 1287 2584 damnatum
1318 2531 1621 2597 credamus,
1654 2528 1885 2596 plurium

306 2608 771 2671 monumentorum
818 2599 1068 2661 collatio,
1103 2601 1249 2655 sedis
1288 2601 1596 2671 apostolica:
1636 2602 1727 2655 illo
1772 2617 1887 2655 sevo

308 2684 447 2733 mos,
480 2679 533 2722 et
562 2668 757 2743 invicta
785 2671 1168 2743 p_rOpemodum
1198 2668 1512 2736 argumenta
1544 2688 1642 2743 nos
1670 2672 1889 2743 adigunt

305 2756 369 2792 ac
407 2740 751 2811 compellunt.
786 2737 957 2811 Verba
999 2742 1326 2811 caeteroquin
1366 2744 1410 2796 si
1453 2737 1804 2807 attendimus,
1835 2754 1891 2796 et

304 2812 489 2879 plures
520 2810 686 2875 locos,
730 2810 1563 2883 nulIam‘omninopraecessisse
1603 2814 1887 2883 synodum,

307 2878 362 2933 et
386 2897 447 2933 ex
475 2889 659 2935 tenore
679 2880 891 2934 concilii
910 2878 1357 2937 Chalcedonensis
1377 2899 1403 2934 a
1431 2878 1649 2937 summo
1683 2892 1887 2937 tantum

307 2951 559 3019 pontiﬁce
588 2966 709 3004 cum
751 2951 963 3018 privato
993 2966 1089 3005 suo
1121 2953 1559 3021 presbyterorum
1592 2964 1736 3007 coetu
1768 2969 1892 3006 sen-

310 3009 531 3075 ientiam
579 3009 876 3090 prolatam,
926 3009 1166 3091 quamvis
1220 3009 1415 3078 deinde
1469 3022 1675 3093 synodo
1730 3026 1889 3076 etiam

306 3093 659 3162 propositam,
684 3092 942 3161 suspicari
964 3095 1085 3162 quis
1110 3108 1216 3147 non
1242 3094 1434 3160 injuria
1459 3092 1645 3161 possit.
1670 3093 1893 3146 Acerbis

309 3163 455 3215 enim
485 3162 790 3233 Grecorum
819 3162 1186 3229 querimoniis,
1214 3164 1331 3217 sine
1358 3165 1458 3216 ulla
1483 3164 1711 3233 synodo,
1746 3174 1800 3215 et
1824 3162 1892 3216 ab

307 3246 423 3303 uno
460 3234 577 3285 solo
619 3232 1013 3303 damnationem
1047 3241 1348 3303 peractam,
1384 3232 1652 3303 nunquam
1685 3233 1896 3303 reponit

310 3302 488 3365 Felix,
520 3316 788 3369 nunquam
819 3300 1082 3366 Gelasius,
1124 3301 1176 3356 in
1210 3300 1525 3372 provinciali
1566 3303 1797 3359 concilio
1828 3302 1897 3357 de

310 3373 509 3442 Acacio
552 3380 809 3442 statutum
842 3386 999 3442 esse,
1051 3381 1106 3425 nt
1151 3374 1307 3440 paulo
1347 3384 1467 3442 post
1516 3374 1584 3429 de
1632 3374 1795 3438 lapsis
1843 3375 1896 3427 in

313 3440 514 3496 Africa.
568 3440 621 3495 in
661 3441 886 3509 epistola
930 3457 1086 3511 quam
1130 3440 1363 3509 edimus,
1407 3444 1554 3498 illum
1594 3444 1742 3499 Felix
1789 3458 1897 3497 non

314 3511 480 3566 semel
511 3513 684 3566 locum
714 3520 911 3584 urget:
944 3527 1067 3584 mea:
1097 3512 1314 3568 levitatis
1339 3514 1669 3584 opprobrium
1689 3514 1895 3584 agitur:

315 3599 403 3635 cur
422 3599 537 3635 eum
555 3584 629 3635 sic
649 3583 811 3637 velitis
832 3581 1045 3646 absolvi,
1071 3584 1198 3636 utin
1220 3581 1450 3639 omnibus
1473 3594 1517 3637 et
1540 3581 1899 3639 conscientiam

315 3662 563 3725 nostram,
602 3662 648 3705 et
686 3657 881 3725 [amant
918 3653 1121 3720 faciatis
1166 3656 1386 3725 exponi?
1425 3657 1816 3719 conscientiam,
1856 3654 1902 3707 si

316 3722 595 3788 absolvam,
618 3739 765 3792 quem
793 3724 948 3775 totius
975 3722 1278 3793 proditionis
1302 3740 1558 3778 attc.'orem
1578 3742 1632 3779 se
1655 3728 1763 3794 ipse
1781 3740 1902 3793 pro-

317 3798 479 3864 fessus
507 3804 615 3859 est;
641 3795 850 3860 famam,
879 3795 1034 3845 totius
1060 3803 1267 3847 mutata:
1291 3797 1550 3849 sententia'
1574 3811 1593 3848 :
1618 3796 1898 3861 legendum

318 3865 491 3928 forte,
523 3868 712 3933 fumant
742 3864 802 3916 ob
833 3864 1082 3933 levitatem
1122 3866 1307 3928 totius,
1341 3875 1466 3928 etc.,
1508 3866 1590 3918 vel
1629 3865 1901 3933 quippiam

318 3932 529 3990 simile.
563 3934 629 3990 Ut
672 3933 801 3987 illud
845 3932 1004 3994 idem,
1040 3934 1181 4001 quod
1213 3934 1454 3989 Pontitici
1488 3932 1735 3988 Romano
1768 3934 1905 4002 obji-

318 4006 595 4066 ciebatur,
645 4004 913 4071 peregisse
965 4005 1215 4058 Acacium
1266 4005 1513 4059 Gelasius
1562 4004 1900 4074 ostenderet,

321 4090 473 4136 num,
518 4075 711 4144 inquit,
744 4074 1292 4144 Joanttetngexclusit,
1326 4073 1647 4143 Petrumque
1678 4076 1902 4141 recepit,

320 4145 497 4217 aliqua
526 4142 722 4215 synodo
764 4145 943 4197 saltem
987 4142 1103 4217 illic
1125 4145 1338 4217 habita?
1378 4142 1582 4199 Exinde
1613 4162 1625 4197 :
1662 4162 1755 4197 cur
1782 4158 1904 4199 tunc

322 4215 424 4269 non
466 4219 596 4270 venit
637 4218 689 4267 in
726 4226 959 4278 mentem,
994 4225 1047 4268 ut
1088 4215 1140 4267 in
1177 4216 1363 4269 talibus
1401 4217 1570 4279 causis
1600 4225 1850 4282 peteretur
1873 4232 1906 4270 a

322 4288 550 4358 principe
577 4285 756 4358 saltem
786 4284 1166 4358 qualiscumque
1187 4289 1412 4355 synodus
1443 4286 1905 4358 celebrandalubi

324 4356 527 4411 nullam
575 4356 792 4409 omnino
837 4357 1135 4425 synodum,
1186 4372 1305 4411 cum
1356 4358 1601 4425 primitus
1653 4356 1903 4412 Acacium

322 4428 599 4482 damnaret
626 4442 653 4479 a
679 4426 857 4481 Felice
879 4435 1139 4491 coactam,
1157 4426 1367 4481 videtur
1388 4428 1702 4482 concedere.
1733 4427 1907 4482 Theo-

326 4499 560 4565 phanes,
612 4498 697 4550 ubi
746 4499 921 4551 Acacii
985 4497 1381 4552 damnationem
1436 4498 1627 4563 refert,
1675 4495 1903 4552 Felicem

1992 1907 2129 1980 stola
2160 1909 2531 1980 quaittaeretici
2562 1908 2827 1980 Timothei
2861 1907 3036 1963 Eluri
3080 1921 3306 1964 mortem
3349 1907 3577 1980 nuntiat,

1991 1976 2240 2051 Petriqne
2264 1978 2436 2051 Mnngi
2468 1980 2675 2051 fugam;
2706 1979 3123 2051 cujusepistolze
3151 1995 3212 2031 ea
3242 1980 3401 2034 verba
3430 1976 3575 2035 sunti

1992 2055 2048 2098 ut
2064 2049 2270 2118 propter
2287 2050 2380 2101 hoc
2404 2049 2682 2117 majoribus
2703 2049 2970 2118 suppliciis
2988 2049 3310 2103 subderetur.
3329 2051 3582 2105 Obscura:

1990 2117 2168 2171 tamen
2193 2117 2442 2171 dictionis
2470 2128 2561 2171 aut
2586 2117 3039 2181 emendationem,
3065 2128 3153 2172 aut
3177 2134 3391 2173 sensum
3414 2121 3578 2174 etiam

1990 2201 2054 2241 ex
2088 2186 2332 2240 deductis
2374 2188 2478 2241 illis
2508 2202 2567 2241 ac
2606 2190 2691 2241 vix
2723 2189 3147 2257 signiﬁcantibus
3180 2189 3355 2243 verbis
3384 2205 3577 2244 eruere

1990 2267 2118 2311 est:
2165 2258 2355 2325 legitur
2396 2257 2657 2326 siquidem
2702 2258 2753 2311 in
2795 2267 3087 2312 memorata
3128 2258 3193 2311 ad
3235 2257 3570 2327 Simplicium

1989 2327 2236 2399 epistola,
2260 2327 2321 2379 ab
2339 2327 2689 2399 Alexandrino
2705 2327 3169 2399 episcopojlt‘omom
3188 2327 3578 2399 adulteratrum

1991 2406 2110 2449 sunt
2152 2398 2315 2451 relata
2356 2412 2375 2450 :
2424 2397 2510 2449 ubi
2554 2398 2634 2451 vel
2685 2397 3072 2467 reponendum,
3121 2408 3177 2451 ut
3223 2398 3307 2449 hic
3362 2398 3577 2467 legitur.

1994 2467 2209 2519 Romam
2232 2468 2300 2519 ad
2324 2477 2607 2537 utramque,
2633 2466 2823 2521 novam
2846 2478 2900 2522 et
2926 2477 3194 2529 veterem;
3225 2468 3306 2521 vel
3334 2466 3579 2522 alteruter

1991 2537 2317 2608 accipiamus
2343 2552 2443 2608 pro
2473 2548 2696 2607 uterque,
2733 2538 2869 2592 sicut
2895 2537 2987 2591 ubi
3028 2538 3079 2591 in
3106 2538 3403 2591 Columella
3436 2539 3577 2608 (Lib.

1991 2621 2090 2667 ιιι,
2118 2623 2233 2679 cap.
2257 2607 2312 2672 1)
2341 2606 2534 2675 legitur
2561 2624 2575 2663 :
2600 2606 2947 2679 necessarium
2973 2608 3067 2677 fuit
3096 2608 3416 2679 alterutrum,
3446 2606 3580 2679 foris

1993 2693 2097 2731 esse
2122 2678 2231 2746 qui,
2251 2687 2376 2737 ειν..
2402 2679 2535 2731 intus
2560 2679 2668 2746 qui,
2698 2688 2802 2732 etc.
2834 2678 2887 2732 ln
2910 2676 3128 2745 vulgata
3155 2676 3363 2747 (Jacobi
3390 2676 3468 2739 tv,
3487 2679 3576 2743 ll;

1993 2763 2045 2813 v,
2080 2749 2168 2817 16)
2196 2749 2499 2818 alterutrum
2545 2758 2626 2818 est
2670 2762 2769 2814 pro
2816 2749 3052 2807 ἀλλήλων.
3100 2748 3325 2801 Inferius
3366 2764 3578 2818 quoque

1996 2816 2297 2871 illutn'dicit
2328 2816 2470 2871 Felix
2496 2858 2511 2881 ,
2545 2817 2641 2869 huc
2677 2820 2867 2882 pariter
2896 2829 2942 2871 et
2971 2818 3466 2887 Constantinopolim
3495 2816 3582 2872 re—

1994 2888 2176 2939 latum.
2204 2887 2347 2941 Sele.
2382 2887 2672 2941 MAFFEIUS.

2071 2968 2091 2995 ε
2125 2956 2269 3011 inter
2304 2957 2425 3021 illa,
2458 2971 2576 3025 quae
2615 2958 2710 3025 pr'o
2751 2956 2909 3011 Petro
2940 2956 3304 3012 Alexandrino
3353 2957 3581 3013 adducta

1996 3034 2140 3090 sunt,
2174 3027 2225 3080 id
2260 3027 2498 3080 auditum
2544 3042 2649 3080 non
2694 3036 2828 3088 erat,
2863 3027 3147 3082 Timotheo
3187 3028 3457 3082 catholico
3496 3044 3584 3083 se-

1997 3097 2157 3151 dente
2204 3096 2629 3164 exspcctativam
2661 3097 2931 3151 habuisse.
2986 3096 3286 3151 lnauditum
3333 3099 3493 3152 etiam
3528 3102 3581 3153 ni

2002 3166 2158 3219 fallor
2181 3167 2231 3219 in
2263 3166 2363 3220 hac
2388 3168 2610 3220 materia
2640 3166 2955 3221 vocabulum
2981 3168 3035 3220 in
3060 3169 3359 3236 sequestris,
3391 3169 3504 3224 sive
3530 3172 3584 3223 in

2002 3236 2266 3307 sequestri,
2301 3236 2441 3303 quod
2468 3236 2554 3290 hic
2581 3248 2771 3306 quaier
2795 3246 3081 3307 usurpatur
3107 3237 3173 3291 ad
3199 3236 3429 3292 futuram
3460 3250 3584 3294 suc-

2002 3306 2303 3377 cessionem
2340 3307 2765 3374 signiﬁcandam.
2797 3306 3138 3377 Translatum
3172 3314 3256 3362 est
3297 3324 3325 3361 a
3358 3311 3583 3377 legibus,

2001 3376 2052 3447 in
2081 3378 2556 3447 quibussequester
2586 3386 2668 3431 est
2713 3375 2855 3447 quod
2884 3378 3319 3445 custodiendum,
3353 3375 3585 3433 redden-

2001 3446 2235 3519 dumque
2264 3446 2495 3519 depositi
2525 3446 2645 3501 loco
2674 3446 2984 3519 tradebatur
3012 3466 3023 3500 :
3057 3448 3178 3501 vide
3203 3448 3499 3519 L.proprie
3528 3452 3585 3503 d.

2000 3516 2247 3588 deposit.
2265 3517 2810 3588 Animadvertendum
2841 3525 3044 3583 autem,
3071 3516 3315 3587 quamvis
3347 3516 3463 3575 hinc
3490 3534 3588 3588 pro

2002 3587 2161 3642 Petro
2190 3587 2551 3642 Alexandrino
2594 3587 2728 3641 falso
2756 3588 3085 3652 dicerentur,
3116 3603 3178 3642 ea
3206 3598 3381 3642 tamen
3412 3605 3477 3642 ex
3510 3592 3585 3642 rei

2003 3657 2239 3728 novitate
2275 3668 2437 3728 atque
2476 3658 2760 3728 insolentia
2786 3672 3138 3728 nequaquam
3171 3659 3318 3726 rejici
3350 3673 3377 3711 a
3410 3658 3590 3712 Felice

2001 3728 2087 3781 vel
2125 3726 2255 3780 dilui
2287 3744 2300 3779 :
2331 3726 2459 3796 quin
2488 3726 2722 3781 subdere
2746 3727 2979 3792 videtur,
3010 3727 3295 3780 Timotheo
3322 3729 3592 3781 catholico

2002 3795 2363 3851 successionis
2380 3797 2698 3851 electionem
2723 3796 3035 3865 permissam
3056 3795 3222 3865 fuisse
3238 3798 3403 3865 (quod
3426 3800 3588 3851 etiam

2004 3867 2072 3921 ab
2112 3868 2212 3948 hac
2249 3865 2477 3948 epistola
2504 3864 2760 3948 'historite
2800 3864 3049 3948 accedit),
3094 3864 3257 3948 idque
3278 3864 3591 3948 pantopost

1952 3974 1963 3982 .
2004 3936 2345 4001 continuare,
2380 3935 2471 3990 ubi
2504 3937 2882 4005 imperatorem
2916 3935 3044 3989 dicit
3072 3937 3246 3989 eidem
3278 3935 3588 3999 Timotheo,

2004 4006 2412 4076 quteistatuisset
2442 4021 2688 4059 mansura
2726 4021 2855 4071 esse,
2898 4005 3230 4076 promisisse.
3276 4008 3343 4059 At
3381 4008 3433 4058 in
3464 4007 3593 4060 Ale-

2006 4075 2265 4130 xandrina
2284 4077 2511 4131 ecclesia
2530 4089 2871 4131 successores
2892 4077 2961 4129 ab
2981 4075 3268 4144 episcopis,
3293 4078 3589 4138 praesertim

2006 4157 2250 4202 extremo
2275 4146 2465 4202 morbo
2502 4146 2967 4214 decumbentibus,
3001 4160 3107 4200 non
3138 4145 3307 4199 semel
3338 4145 3594 4214 suﬁragio

2007 4231 2105 4271 suo
2128 4218 2457 4286 designatos,
2482 4219 2751 4272 novimus.
2776 4216 3079 4271 Alexander
3103 4216 3304 4270 nullum
3329 4226 3446 4283 post
3474 4217 3593 4285 ejus

2008 4288 2212 4343 obitum
2240 4285 2341 4341 sibi
2367 4287 2479 4342 dari
2511 4300 2879 4342 successorem
2904 4286 3060 4353 jussit
3089 4285 3190 4339 nisi
3218 4286 3588 4350 Athanasium,

2011 4367 2070 4412 ut
2099 4358 2158 4413 S.
2184 4358 2513 4429 Epiphanius
2541 4356 2711 4428 (Hier.
2743 4356 2836 4425 58)
2866 4363 3089 4410 testatur
3120 4374 3132 4407 :
3164 4356 3495 4429 Ἀλεξάνδρου
3538 4355 3593 4410 δέ

2017 4426 2361 4501 ἐντιιλαμέύρυ
2384 4426 2577 4501 μηδέγρ
2599 4429 2972 4501 κατασταθῆναι
2997 4430 3042 4480 εἰ
3066 4432 3137 4497 μὴ
3163 4426 3468 4501 aeneam,
3487 4435 3593 4501 etc.

2012 4498 2149 4564 Quin
2170 4496 2233 4553 ea
2252 4496 2485 4552 Liberali
2514 4496 2772 4567 (Capiti)
2789 4497 2947 4552 verba
2969 4496 3248 4567 observat'i
3269 4496 3553 4567 aliquando
3578 4513 3592 4548 :

326 4568 717 4639 tantummodo,
768 4569 856 4634 qui
896 4568 1213 4639 sententiain
1264 4569 1555 4635 scripserit,
1607 4578 1903 4621 memorat:
1934 4572 1987 4634 ι)
2015 4569 2339 4623 Consuetudo
2364 4566 2572 4639 quidem
2601 4577 2675 4621 est
2699 4567 3043 4639 Alercaiidrite,
3073 4566 3217 4619 illum
3242 4567 3331 4636 qui
3354 4566 3597 4634 defuncto

326 4638 475 4715 dtfa‘ftg
498 4634 549 4688 δὲ
581 4638 785 4715 καθῆριεν
808 4639 984 4696 αὐτοῦς
1020 4638 1245 4705 (legatos
1275 4634 1425 4715 Siloa)
1452 4639 1909 4715 7po'ulrac_'Axotzioi

327 4708 637 4779 καθᾳίρεσιν.
670 4706 830 4779 idem
882 4719 1162 4779 prepterea
1202 4706 1718 4779 pontite's,"sy'_nodo
1764 4706 1909 4776 post".

329 4774 546 4830 modum
572 4774 846 4843 probatam
875 4774 1301 4829 sententiant'sic
1318 4778 1488 4831 innuit
1514 4774 1910 4833 z'Plurimorum

329 4848 382 4900 in
410 4845 566 4898 Italia
595 4845 959 4897 catholicorum
990 4847 1311 4913 congregatio
1340 4849 1661 4902 sacerdotum
1683 4850 1915 4907 rationa-q

330 4918 499 4971 biliter
522 4917 573 4968 in
594 4916 834 4967 Acacium
864 4915 1159 4987 sententiam
1191 4918 1421 4987 cognovit
1449 4918 1605 4985 fuisse
1632 4918 1909 4987 prolatam.

333 4987 597 5056 Quidquid
636 4995 810 5039 autem
850 4986 938 5047 sit,
976 4985 1025 5038 id
1066 4985 1221 5052 plane
1255 4985 1491 5048 constat,
1524 4988 1593 5040 ob
1620 4985 1913 5042 documen-

336 5067 508 5111 torum
552 5057 903 5125 quorumdam
944 5056 1412 5124 interpolationem
1455 5057 1909 5126 lusationemque,

337 5127 517 5181 multis
554 5126 927 5181 circumfusam
968 5141 1087 5180 esse
1118 5126 1351 5181 tenebris
1380 5127 1708 5195 synodorum
1742 5126 1914 5181 histo-

335 5198 470 5251 riinn
502 5198 598 5251 sub
629 5196 837 5259 Felice;
870 5199 940 5251 ita
974 5207 1029 5251 ut
1060 5197 1192 5251 nihil
1224 5199 1389 5252 mirer
1419 5198 1585 5265 magis
1614 5213 1770 5265 quam
1803 5199 1917 5250 sin-

336 5268 490 5337 gulos
532 5270 769 5321 eruditos
812 5270 953 5321 viros
999 5268 1087 5337 qui
1136 5268 1189 5321 itt
1222 5268 1302 5321 his
1348 5270 1543 5322 versati
1587 5278 1730 5331 sunt,
1765 5268 1914 5333 quasi

338 5354 454 5393 cam
502 5342 721 5392 omnino
764 5341 1115 5392 extricassent
1152 5339 1255 5393 sibi
1303 5339 1585 5407 plausisse,
1632 5339 1916 5391 anteriori-

340 5409 950 5476 busqueiscriptoribus
1009 5410 1220 5477 rejectis
1281 5426 1376 5463 sua
1424 5410 1568 5463 velut
1621 5408 1917 5462 indubitata

338 5481 603 5551 attulisse.
633 5480 881 5551 Acacium
912 5493 1039 5551 sane
1069 5497 1095 5531 a
1124 5480 1579 5551 duabussynodis
1605 5480 1916 5551 damnatum

341 5564 446 5604 non
488 5550 668 5617 fuisse,
704 5560 760 5604 ut
786 5548 1030 5601 Valesius
1072 5549 1136 5602 ad
1164 5548 1444 5618 Evagriuin
1496 5559 1712 5619 pugnat,
1746 5559 1799 5603 et
1831 5550 1922 5602 Pa-

340 5624 456 5745 §iius
498 5635 591 5688 pro
634 5630 782 5675 certo
815 5619 993 5684 habet,
1045 5620 1321 5689 perspicue
1352 5623 1554 5690 patebit
1583 5622 1741 5674 intra.
1774 5619 1919 5674 SCIP.

398 5705 636 5745 AFPEIUS.

398 5705 636 5745 AFFEIUS.

360 5776 363 5781 ·
414 5759 441 5797 δ
471 5760 629 5813 Multa
662 5759 1000 5828 praecessisse
1035 5760 1179 5830 argui
1227 5770 1423 5829 potest.
1474 5762 1531 5816 ltt
1574 5760 1640 5815 iis
1678 5776 1798 5830 qua:
1835 5775 1922 5815 se-

345 5840 598 5903 quuntur,
618 5832 818 5889 hiatum
841 5829 1197 5915 agnoscimus,
1216 5830 1587 5896 integrumque
1608 5829 1925 5889 contextum

2012 4640 2256 4703 succedit,
2305 4637 2542 4692 excubias
2588 4653 2740 4703 super
2783 4637 3009 4704 defuncti
3055 4650 3242 4705 corpus
3289 4651 3457 4706 agere,
3488 4652 3598 4687 ma-

2014 4725 2237 4779 numque
2266 4708 2668 4779 dexteramejus
2696 4706 2851 4779 capiti
2880 4720 2972 4757 suo
3001 4706 3275 4779 imponere,
3307 4715 3354 4779 et
3397 4706 3596 4779 sepulto

2014 4774 2248 4833 manibus
2287 4779 2395 4831 suis
2433 4774 2664 4846 accipere
2698 4774 2832 4828 collo
2866 4790 2958 4827 suo
2994 4775 3126 4846 beati
3158 4774 3325 4846 Marci
3354 4776 3593 4846 pallium,

2017 4859 2064 4901 et
2105 4859 2225 4902 tunc
2268 4848 2487 4916 legitime
2532 4845 2726 4899 sedere.
2768 4847 2905 4897 Cum
2946 4845 3085 4898 enim
3135 4845 3392 4916 excubias
3437 4859 3600 4912 super

2016 4918 2250 4972 defuncti
2274 4914 2469 4985 corpus
2489 4929 2649 4984 agere
2668 4916 2885 4969 deberet
2909 4928 3209 4985 successor.
3234 4914 3397 4968 videri
3421 4923 3598 4985 potest

2018 4998 2144 5042 ante
2171 4984 2408 5054 episcopi
2447 4996 2676 5040 mortem
2707 4985 2907 5039 electus
2952 4984 3141 5039 fuisse.
3193 4984 3598 5054 Quodquidem

2016 5053 2612 5125 Antiochenasynodus
2636 5056 2921 5123 improbat.
2946 5063 3001 5107 et
3025 5056 3077 5107 in
3104 5055 3335 5125 concilio
3354 5053 3597 5125 Romano

2016 5127 2119 5181 sub
2143 5127 2321 5180 Hilaro
2348 5122 2480 5196 papa
2506 5122 2761 5179 statutum
2784 5125 2895 5193 jam
2925 5126 3098 5196 fuerat
3119 5139 3245 5196 can.
3269 5124 3323 5187 5,
3348 5132 3402 5175 ut
3424 5122 3601 5175 nullus

2018 5199 2287 5264 episcopus
2307 5197 2402 5250 sibi
2421 5193 2576 5267 eligat
2597 5210 2957 5249 successorem.
2987 5194 3135 5267 Felix
3164 5193 3297 5247 infra
3321 5207 3382 5246 et
3407 5196 3599 5267 eodem

2019 5268 2305 5323 Timotheo
2328 5285 2341 5319 :
2368 5282 2457 5320 nec
2478 5264 2574 5320 sibi
2594 5267 2854 5335 superstiti
2874 5264 3184 5319 sacerdotem
3204 5265 3603 5327 superordimre

2022 5339 2218 5403 potuit;
2247 5352 2431 5391 rursus
2463 5354 2475 5388 :
2509 5353 2599 5390 nec
2625 5353 2678 5390 se
2709 5345 2937 5390 exstante
2966 5335 3257 5403 pontiﬁcem
3288 5343 3484 5403 poterat
3513 5351 3600 5385 or-

2022 5411 2232 5472 dinare;
2270 5409 2511 5477 quamvis
2553 5406 2692 5461 aliud
2732 5407 2801 5460 sit
2842 5404 3281 5477 ordinare,ialiud
3313 5404 3599 5477 designare.

2024 5480 2175 5542 Quod
2206 5474 2418 5532 ad'rem
2451 5478 2668 5541 attinet,
2704 5478 2937 5530 ostendit
2968 5476 3052 5527 hic
3094 5476 3150 5528 S.
3180 5474 3410 5542 pontifex
3444 5488 3604 5540 quam

2025 5548 2333 5603 incredibile
2359 5548 2425 5601 sit
2454 5548 2601 5601 illum
2627 5564 2656 5599 a
2678 5546 2959 5600 Timotheo
2979 5544 3333 5612 designatum,
3356 5558 3475 5595 cum
3499 5560 3605 5609 (ιιιιι

2028 5634 2127 5673 nec
2154 5618 2605 5680 communicabat,
2642 5631 2907 5683 quemque
2928 5656 2941 5676 ,
2960 5626 3031 5668 ut
3060 5615 3355 5667 videbimus
3377 5653 3390 5675 ,
3422 5627 3606 5681 postu-

2030 5689 2383 5759 lavitlongius
2405 5689 2582 5742 debere
2613 5688 2847 5757 relegari.
2882 5686 3026 5759 Scin.
3061 5685 3355 5759 Marri-itus.

2100 5757 2124 5795 ι]
2156 5749 2427 5813 Instabam
2458 5762 2690 5812 lautores
2717 5749 2859 5811 l’etri
2893 5754 3261 5817 Alexandrini,
3294 5762 3349 5806 nt
3373 5749 3608 5807 Joannes

2039 5828 2211 5886 falaia
2228 5830 2291 5884 ab
2314 5830 2662 5885 Alexandrina
2678 5830 2817 5890 sede,
2841 5826 2985 5892 quasi
3006 5839 3116 5878 eam
3139 5834 3315 5879 contra
3336 5828 3607 5891 suumjus-
