4096 6342
349 356 453 419 949

1543 356 1899 416 EPISTOLE
1939 357 2029 415 ET
2073 351 2415 416 DECRETA.

3523 358 3625 419 950

348 471 509 527 fuisse
535 481 831 527 correctum
867 491 877 527 ε
908 479 1126 529 tntertm
1151 516 1162 539 ,
1192 486 1251 527 ut
1280 487 1439 544 supra
1462 474 1570 543 jam
1595 473 1796 528 dictum
1828 484 1931 538 est,
1964 474 2013 533 Α
2043 473 2141 527 rim
2174 474 2319 528 ilium
2346 470 2721 545 ecclesiasticis
2745 472 2941 541 regulis
2969 486 3075 525 non
3101 480 3374 541 receptum
3412 490 3421 523 :
3450 472 3517 526 ab
3539 489 3622 528 ec-

347 566 448 618 boc
498 566 615 631 ipso
658 565 967 620 bmreticum
1019 567 1180 621 fuisse
1210 564 1574 631 monstrabis;
1609 566 1695 635 qui
1728 566 1937 620 etiamsi

344 655 591 710 damnata
625 656 815 712 haeresi
856 672 915 714 se
958 660 1021 712 ad
1055 659 1211 714 ﬁdem
1240 658 1563 715 catholicam
1592 660 1786 714 dicitur
1812 674 1939 713 con-

345 748 533 802 tulisse
553 792 567 815 ,
604 749 759 804 subdi
789 748 973 805 debuit
1020 751 1337 815 catholicis,
1367 768 1394 806 a
1425 752 1620 822 quibus
1663 761 1939 808 correctus

343 852 454 905 cst,
509 855 613 895 non
665 857 895 912 prazesse
930 862 941 896 :
973 859 1078 898 non
1120 854 1204 900 est
1242 845 1385 900 enim
1436 845 1730 914 discipulus
1778 860 1938 914 supra

342 935 689 1003 magistrum;
734 936 970 1006 satisque
1006 949 1119 993 erat
1148 949 1209 993 ut
1245 939 1594 993 correctionis
1621 952 1730 992 sum
1760 938 1939 1007 subje-

338 1034 457 1077 Ctus
489 1026 753 1093 praeberet
797 1030 1135 1098 exemplum,
1168 1014 1271 1083 non
1299 1041 1419 1100 post
1448 1030 1755 1085 diuturnum
1788 1046 1939 1084 erro-

339 1130 477 1182 rem,
503 1117 828 1189 longamque
865 1120 1139 1187 perﬁdiam
1164 1166 1177 1189 ,
1208 1138 1235 1175 a
1263 1123 1457 1192 quibus
1486 1123 1797 1177 emendatus
1828 1136 1900 1175 est
1923 1166 1936 1185 ,

338 1217 727 1278 correctusque
756 1209 1045 1266 dominari.
1076 1213 1208 1266 Tum
1241 1212 1437 1267 deinde
1462 1229 1667 1282 qtttero,
1697 1215 1820 1281 qttid
1850 1232 1935 1265 er-

340 1298 479 1352 roris
512 1297 884 1368 damnaverit,
918 1302 1043 1372 quid
1076 1312 1236 1358 rectm
1274 1303 1629 1359 confessionis
1656 1304 1893 1379 elegerit
1920 1349 1934 1371 ,

338 1401 394 1447 ct
421 1408 582 1462 quam
620 1396 752 1463 petit
773 1409 893 1450 esse
924 1395 1146 1465 falsam,
1179 1411 1407 1466 quamve
1439 1410 1682 1451 veracem
1717 1396 1874 1450 ﬁdem
1919 1412 1933 1448 :

339 1486 432 1556 qui
462 1486 506 1541 si
534 1486 809 1542 deﬁnitam
847 1488 987 1558 apttd
1017 1486 1414 1544 Chalcedonam
1446 1490 1637 1557 ﬁdem,
1671 1499 1725 1543 et
1752 1488 1937 1544 catho-

339 1575 497 1631 licam
530 1578 791 1648 sequitur,
820 1594 915 1633 cur
944 1580 1023 1633 eis
1049 1580 1427 1643 communicat,
1462 1580 1551 1649 qui
1580 1580 1804 1634 duarum
1837 1594 1935 1633 na-

340 1675 580 1722 turarum
627 1669 679 1722 in
711 1668 928 1723 Christo
956 1670 1264 1725 nullatenus
1300 1670 1569 1741 recipiunt
1610 1671 1935 1725 veritatem?

335 1775 432 1824 cur
460 1761 809 1829 Dioscorum,
842 1776 939 1817 cur
977 1762 1317 1817 Timotheum
1352 1762 1665 1818 haereticum
1713 1762 1931 1817 recitari

2045 563 2341 619 clesiastica
2360 564 2709 634 igiturregula
2733 563 2969 633 receptio
2991 562 3107 631 ejus
3128 565 3300 616 omnis
3329 564 3499 619 aliena
3520 572 3622 618 est.

2044 658 2263 725 Quod-si
2284 658 2487 713 ‘dixeris
2517 676 2528 709 :
2564 659 2670 713 Sed
2700 658 2978 726 imperator
3003 656 3281 711 catholicus
3306 667 3400 719 est,
3435 670 3456 696 ο
3480 656 3624 712 salva

2046 764 2174 819 pace
2198 750 2363 821 ipsius
2380 748 2697 813 dixerimus,
2715 750 2852 803 ﬁlias
2872 759 2973 815 est,
3000 764 3102 803 non
3124 751 3317 818 prtrsul
3340 750 3620 805 Ecclesiae:

2043 841 2183 910 quod
2217 840 2279 893 ad
2324 840 2635 911 religionem
2663 841 2938 909 competit,
2971 841 3180 895 discere
3214 843 3483 907 convenit,
3516 856 3625 899 non

2043 930 2270 995 docere;
2304 930 2463 986 habet
2506 932 2777 1000 privilegia
2810 934 3089 1000 potestatis
3128 947 3257 998 smn,
3293 949 3413 1003 quae
3450 934 3618 988 admi—

2044 1023 2332 1077 nistrandis
2368 1025 2588 1092 publicis
2620 1025 2780 1077 rebus
2809 1023 3062 1078 divinitus
3091 1035 3411 1080 consecutus
3434 1034 3544 1090 est;
3567 1032 3624 1080 et:

2042 1115 2158 1180 ejus
2188 1113 2463 1168 beneﬁciis
2494 1129 2598 1167 non
2619 1114 2859 1183 iugra'us
2887 1125 3074 1168 contra
3098 1116 3503 1183 dispositionem
3522 1130 3624 1172 ete-

2043 1203 2196 1259 lestis
2226 1205 2429 1259 ordinis
2458 1205 2533 1260 nil
2564 1217 2781 1275 usurpet
2821 1225 2832 1258 :
2861 1206 2926 1260 ad
2957 1207 3267 1263 sacerdOtes
3316 1210 3454 1261 enim
3481 1209 3624 1266 Deus

2043 1300 2234 1365 vo'uit,
2280 1313 2400 1368 quae
2442 1300 2697 1355 Ecclesiae
2741 1300 3072 1370 disponenda
3123 1312 3274 1365 sunt,
3323 1302 3623 1368 pertinere,
3709 1298 3718 1307 ’

2043 1404 2148 1443 non
2176 1388 2241 1443 ad
2268 1389 2451 1444 saeculi
2478 1399 2770 1461 potestates
2793 1411 2804 1445 :
2828 1408 2946 1461 qua:
2976 1394 3016 1446 si
3053 1392 3236 1447 ﬁdeles
3266 1402 3409 1457 sunt,
3437 1393 3624 1446 Eccle-

2041 1483 2136 1537 siae
2182 1498 2293 1537 sua:
2347 1493 2400 1538 et
2430 1485 2801 1539 sacerdotibus
2828 1485 2996 1539 voluit
3026 1501 3147 1540 esse
3186 1486 3475 1555 subiectas.
3510 1486 3623 1540 Non

2040 1573 2143 1628 sibi
2178 1573 2415 1630 vindicet
2441 1576 2674 1629 alienum
2702 1575 2809 1645 jus,
2836 1586 2888 1629 et
2918 1576 3277 1629 ministerium
3302 1576 3440 1643 quod
3473 1576 3625 1629 alteri

2039 1664 2350 1735 deputatum
2381 1676 2462 1721 est
2488 1683 2501 1722 :
2530 1681 2596 1722 ne
2619 1676 2804 1722 contra
2834 1683 2955 1722 cum
2991 1667 3172 1722 tendat
3196 1658 3441 1736 abrupte,
3470 1681 3497 1719 a
3521 1683 3625 1736 quo

2040 1757 2219 1811 omnia
2250 1758 2540 1813 constituta
2574 1768 2717 1823 sunt,
2759 1768 2811 1813 et
2840 1766 3027 1813 contra
3073 1759 3216 1813 illius
3245 1759 3497 1814 beneﬁcia
3530 1776 3626 1828 pu-

339 1853 501 1908 facit?
532 1870 627 1909 cur
669 1856 974 1925 quicunque
1006 1856 1128 1909 inde
1170 1856 1420 1921 veniunt,
1470 1855 1677 1925 synodo
1708 1855 1933 1911 Chalce-
1965 1855 2013 1915 B
2038 1864 2203 1919 enare
2226 1848 2491 1915 Videalur.
2524 1866 2551 1902 ο
2580 1866 2686 1919 quo
2711 1850 2982 1919 βνοριὶθηι
3012 1857 3335 1905 consecutus
3366 1859 3445 1903 (“Si
3478 1860 3626 1919 P018-

336 1943 561 2000 donensi
587 1945 812 2001 adversa
838 1945 1168 2001 defendunt?
1193 1946 1387 2015 quibus
1412 1947 1599 2000 Petrus
1622 1945 1740 2000 sine
1772 1946 1929 1999 dubi-

337 2036 536 2091 latione
577 2037 957 2091 communicat.
1008 2038 1064 2093 Si
1115 2046 1295 2090 autem
1343 2036 1512 2105 magis
1545 2035 1728 2089 talium
1766 2035 1927 2090 ﬁdem

340 2142 524 2181 veram
575 2142 698 2183 esse
742 2128 1089 2197 pronuntiat,
1123 2136 1345 2197 apparet
1379 2128 1509 2181 satis
1548 2142 1706 2196 quam
1737 2127 1805 2181 de
1836 2142 1932 2182 suo

337 2219 403 2274 sit
458 2233 641 2273 errore
687 2234 1000 2275 conversus.
1052 2226 1079 2255 ι
1130 2218 1234 2273 Sed
1278 2232 1385 2272 non
1432 2219 1597 2271 miror
1626 2227 1929 2272 correctum

336 2310 464 2375 dici,
493 2325 615 2366 cum
641 2312 692 2365 in
725 2324 819 2365 sua
849 2313 1199 2380 perversitate
1221 2319 1558 2380 permaneat,
1589 2312 1801 2381 quando
1823 2327 1928 2365 non

336 2414 549 2458 constat
580 2412 637 2459 et
678 2419 707 2457 a
739 2420 844 2473 quo
875 2404 957 2459 vel
987 2412 1265 2458 correctus
1295 2401 1485 2467 fuerit,
1516 2404 1601 2457 vel
1636 2415 1881 2473 receptus
1912 2419 1927 2457 :

338 2495 606 2563 siquidem
641 2495 893 2551 Ecclesia:
943 2496 1127 2566 regula
1167 2507 1431 2565 vetusque
1462 2496 1677 2550 traditio
1706 2506 1831 2551 nota
1862 2497 1934 2551 sit

336 2586 586 2642 omnibus
626 2604 642 2643 :
674 2588 743 2641 ab
770 2590 1024 2658 episcopo
1066 2588 1209 2643 enim
1244 2588 1532 2658 provinciae
1574 2578 1683 2643 sure
1705 2629 1719 2653 ε
1754 2589 1804 2642 id
1850 2600 1932 2643 est

336 2679 587 2751 secundas
619 2678 761 2734 sedis
791 2679 1061 2747 antistite,
1095 2694 1241 2748 eum,
1274 2679 1360 2733 vel
1407 2678 1602 2733 discuti
1634 2679 1721 2734 vel
1766 2679 1931 2748 recipi

336 2772 693 2826 convenisset.
714 2772 814 2839 Qui
834 2781 1010 2827 tamen
1047 2772 1436 2827 Alexandrinus
1458 2772 1681 2827 antistes
1699 2815 1713 2840 ,
1740 2772 1931 2827 etiam-

338 2862 380 2915 si
414 2864 680 2931 pravitate
727 2863 979 2918 damnata
1008 2878 1130 2919 cum
1164 2864 1529 2935 recipiendum
1567 2878 1688 2919 esse
1717 2864 1929 2934 judica-

337 2962 448 3020 ret,
478 2969 582 3007 non
615 2954 764 3023 prius
792 2956 892 3009 hoc
914 2955 1117 3009 faceret
1151 2970 1310 3025 quam
1355 2954 1420 3009 ad
1466 2956 1650 3010 sedem
1678 2956 1934 3025 apostoli-

336 3057 452 3098 cam
483 3045 784 3100 retulisset;
808 3046 1007 3101 Docent
1054 3048 1155 3103 hoc
1184 3048 1434 3102 catholici
1461 3057 1607 3117 gesta
1638 3033 1931 3111 Timothei,

338 3138 674 3207 aliorumque
696 3141 942 3208 exempla
995 3139 1310 3209 multorum,
1353 3142 1439 3211 qui
1471 3143 1705 3210 acceptis
1736 3142 1931 3197 libellis

2038 1950 2251 1997 statem.
2286 1941 2400 1996 Non
2426 1943 2633 2012 legibus
2660 1943 2910 2012 publicis,
2940 1936 3043 1996 n’ou
3080 1957 3109 1996 a
3141 1943 3492 2010 potestatibus
3524 1957 3625 1996 sae-

2036 2036 2166 2102 culi,
2200 2036 2293 2089 sed
2337 2051 2366 2089 a
2411 2036 2749 2105 pontificibus
2794 2046 2847 2090 et
2884 2036 3257 2090 sacerdotibus
3289 2039 3626 2101 omnipotens

2038 2126 2178 2181 Deus
2204 2126 2525 2181 Christianae
2547 2127 2820 2195 religionis
2848 2128 3095 2181 dominos
3119 2136 3171 2181 et
3194 2128 3501 2181 sacerdotes
3532 2143 3625 2179 vo-

2036 2219 2137 2273 luit
2166 2218 2424 2282 ordinari,
2450 2229 2503 2273 et
2531 2219 2747 2283 discuti,
2783 2219 3054 2288 recipique
3082 2218 3147 2271 de
3176 2232 3360 2271 errore
3384 2231 3626 2271 remean-

2037 2320 2140 2365 tes.
2178 2311 2533 2377 Imperatores
2581 2309 2873 2364 Christiani
2907 2309 3140 2363 subdere
3180 2308 3376 2361 debent
3405 2323 3625 2361 exsecu-

2037 2404 2212 2457 tioues
2241 2417 2365 2457 suas
2395 2401 2776 2473 ecclesiasticis
2822 2400 3162 2471 praesulibus,
3198 2414 3301 2454 non
3346 2400 3620 2468 przeferre.

2036 2486 2189 2547 Nulla
2222 2508 2371 2558 ergo,
2407 2507 2508 2548 nec
2539 2504 2687 2547 certa
2717 2492 2985 2547 discussio
3014 2500 3118 2560 est,
3152 2506 3251 2546 nec
3281 2505 3500 2545 manere
3531 2502 3626 2559 p0-‘

2039 2588 2265 2661 test_ista
2299 2586 2573 2657 susceptio
2603 2587 2739 2655 ejus,
2782 2600 2940 2655 quem
2981 2585 3221 2641 Ecclesia
3253 2586 3366 2640 suis
3394 2584 3619 2656 legibus,

2037 2694 2137 2733 nec
2180 2678 2371 2733 ordine
2415 2678 2762 2748 competenti,
2810 2692 2910 2733 nec
2948 2677 3202 2732 discussit
3244 2676 3483 2741 omnino,
3527 2690 3626 2730 nec

2036 2769 2418 2824 communione
2468 2770 2702 2823 restituit
2735 2785 2749 2831 ;
2782 2769 3013 2837 ideoque
3063 2769 3238 2837 potius
3285 2766 3458 2822 errori
3511 2767 3628 2832 ejus

2037 2860 2457 2914 communicavit
2488 2858 2733 2926 Aeacius,
2764 2858 3193 2926 catholicamque
3230 2856 3389 2911 ﬁdem
3422 2857 3471 2910 ei
3505 2870 3627 2924 pro-

2039 2953 2232 3015 stituit,
2262 2967 2421 3021 quam
2452 2951 2599 3005 illum
2631 2950 2695 3003 ad
2719 2950 3153 3005 communionem
3182 2947 3502 3003 catholicam
3537 2962 3623 3001 re-

2038 3044 2285 3097 vocavit:
2317 3045 2471 3111 cujus
2492 3044 2633 3097 enim
2658 3056 2764 3095 non
2792 3051 2874 3095 est
2895 3042 3133 3095 ordinata
3160 3041 3417 3108 receptio,
3446 3040 3627 3107 sequi-

2040 3143 2129 3187 tur
2159 3143 2217 3187 ut
2248 3134 2298 3187 in
2331 3148 2515 3187 errore
2547 3132 2927 3202 permanserit.
2964 3132 3213 3186 Acacium
3242 3144 3456 3200 quoque
3481 3147 3510 3186 a
3532 3146 3627 3187 no-

338 3227 755 3293 hmreticorum,
799 3230 852 3283 in
900 3230 1093 3298 quibus
1127 3242 1367 3287 veterem
1397 3247 1456 3285 se
1485 3233 1742 3288 damnare
1773 3235 1931 3303 proﬁ-
1963 3232 2009 3298 ο
2041 3240 2151 3284 stra
2191 3230 2569 3284 communione
2613 3226 3004 3291 submovimus,
3055 3238 3123 3280 ne
3172 3239 3266 3293 per
3303 3240 3425 3279 eum
3466 3225 3627 3280 etiam

340 3326 522 3372 tentur
546 3332 784 3374 errorem
812 3364 825 3389 ,
870 3334 976 3375 non
1000 3321 1159 3391 prius
1181 3325 1543 3393 receptionem
1575 3341 1759 3380 eorum
1790 3341 1935 3380 com-

340 3409 764 3479 munionemque
792 3412 1149 3481 conﬁrmant,
1183 3428 1343 3483 quam
1372 3414 1439 3468 ad
1470 3414 1607 3470 hanc
1633 3417 1817 3472 sedem
1844 3432 1933 3472 sa-

346 3501 733 3557 tisfacientium
756 3513 904 3573 gesta
935 3503 1250 3575 dirigerent,
1279 3516 1436 3577 atque
1468 3508 1592 3564 hinc
1632 3522 1932 3581 poscerent,

342 3595 481 3649 sicut
520 3594 712 3648 factum
744 3603 856 3660 est,
903 3595 1103 3651 debere
1149 3596 1378 3653 ﬁrmari.
1408 3599 1637 3670 Qutero,
1685 3602 1934 3671 inquam.

345 3685 466 3756 quis
497 3686 656 3740 istum
685 3685 1032 3752 discusserit,
1063 3686 1250 3757 quisve
1280 3693 1611 3759 susceperit,
1659 3694 1779 3759 quis
1810 3708 1937 3747 vere

344 3776 743 3841 conciliaverit,
794 3777 914 3845 quis
951 3777 1019 3832 ad
1047 3781 1478 3836 communionem
1508 3784 1826 3837 catholicam
1859 3784 1939 3837 in-

349 3878 494 3923 trare
533 3868 874 3937 permiserit;
908 3867 998 3922 ubi
1029 3869 1240 3923 interim
1272 3879 1442 3933 taceo,
1472 3873 1593 3939 quia
1624 3873 1738 3927 haec
1757 3873 1937 3927 omnia

353 3959 668 4031 paenitentis
696 3968 848 4024 sunt,
896 3968 1081 4028 utpote
1110 3970 1166 4013 et
1193 3960 1469 4026 haeretici,
1503 3973 1557 4017 et
1580 3964 1647 4016 ab
1672 3964 1940 4018 haereticis

349 4051 581 4107 ordinati
613 4069 625 4103 :
653 4050 951 4121 qucm'sine
978 4051 1230 4121 ambiguo
1257 4062 1313 4106 et
1332 4063 1544 4108 constat
1572 4069 1781 4109 errasse
1802 4096 1814 4119 ,
1849 4060 1938 4125 qui

324 4134 489 4198 'nunc
513 4141 820 4212 perhibetur
839 4156 959 4197 esse
985 4152 1260 4197 correctus
1289 4161 1301 4196 :
1330 4142 1357 4181 δ
1386 4145 1485 4199 alia
1515 4154 1599 4201 est
1619 4149 1761 4201 enim
1786 4150 1938 4203 venia

347 4238 448 4292 sub
500 4248 707 4291 terrore
755 4220 1028 4305 lapsorum
1058 4280 1075 4302 ,
1138 4236 1243 4290 alia
1296 4249 1609 4307 spontanee:
1663 4242 1940 4309 pravitatis

346 4328 559 4383 electio.
605 4327 663 4383 Si
696 4326 921 4381 Aeacius
952 4326 1093 4383 hunc
1119 4329 1350 4397 recipit,
1382 4345 1490 4400 quo
1518 4330 1670 4399 jure,
1699 4347 1801 4402 qua
1850 4347 1937 4387 re-

346 4419 509 4487 gula?
534 4432 655 4474 cum
680 4431 778 4473 nec
807 4417 1073 4486 pontificis
1103 4418 1271 4486 ipsius
1300 4430 1445 4475 esset
1475 4422 1576 4475 hoc
1602 4421 1777 4491 facere
1797 4466 1810 4488 ,
1842 4440 1941 4478 neu

348 4512 414 4566 ad
450 4528 535 4565 me
561 4513 801 4568 voluerit
832 4514 947 4569 haec
976 4514 1180 4571 referre
1214 4534 1227 4569 :
1264 4517 1370 4571 imo
1395 4517 1511 4583 cui,
1544 4533 1613 4573 ne
1634 4518 1685 4573 id
1707 4518 1938 4584 faceret,

2041 3337 2162 3387 nos,
2201 3322 2357 3376 Petro
2385 3320 2528 3374 nulla
2562 3318 2822 3373 Ecclesia:
2852 3316 3034 3384 regula
3062 3315 3313 3370 discusso
3340 3325 3498 3385 atque
3537 3331 3628 3370 su-

2042 3422 2251 3483 scepto,
2280 3422 2335 3468 et
2364 3412 2487 3467 ideo
2516 3412 2568 3465 in
2598 3409 2822 3480 pristino
2848 3424 3036 3464 errore
3059 3406 3295 3474 duranti,
3329 3408 3628 3462 communi-

2041 3522 2195 3563 casse
2224 3506 2693 3576 dignosceremur.‘
2717 3501 3001 3567 Quomodo
3024 3509 3201 3555 autem
3242 3514 3348 3555 non
3386 3514 3509 3555 reus
3547 3502 3628 3555 ci-

2043 3612 2187 3654 tatur
2223 3598 2467 3664 Aeacius,
2515 3592 2962 3650 communicando
2990 3590 3060 3655 ei,
3094 3605 3253 3661 quem
3290 3591 3481 3647 retulit
3508 3605 3630 3647 esse

2041 3691 2389 3746 damnatum?
2420 3688 2675 3755 Nunquid
2695 3702 2760 3740 ea:
2798 3692 2972 3739 eodem
3004 3684 3254 3753 foramine
3290 3697 3464 3739 manat
3495 3702 3630 3756 aqua

2045 3786 2209 3838 dulcis
2238 3793 2285 3836 et
2311 3797 2488 3836 amara
2515 3780 2721 3851 (Iacob.
2747 3794 2823 3841 tn,
2847 3775 2975 3846 H)"
3004 3776 3134 3829 Nam
3160 3791 3281 3831 cum
3307 3778 3454 3832 dicat
3477 3780 3626 3846 Apo-

2044 3881 2217 3933 stolus
2248 3897 2259 3929 :
2287 3877 2347 3932 Si
2372 3892 2485 3946 qua:
2514 3873 2764 3936 destruxi,
2797 3870 2904 3924 hac
2926 3869 3098 3923 eadem
3124 3870 3401 3937 rea’diﬁco,
3430 3886 3627 3937 praeva-

2044 3975 2315 4024 ricatorem
2365 3984 2443 4021 me
2483 3969 2734 4021 constituo
2774 3962 2918 4031 (Gal.
2955 3978 3014 4029 tt,
3058 3965 3331 4033 18)?cum
3382 3962 3511 4046 haec
3546 3964 3627 4015 itt-

2047 4078 2205 4132 quam
2244 4063 2386 4118 dicat
2425 4070 2605 4115 tantus
2658 4059 2974 4130 Apostolus,
3020 4071 3117 4113 vos
3164 4056 3405 4125 iudicate
3450 4064 3628 4107 utrum

2048 4156 2429 4226 praevaricator
2459 4169 2563 4207 non
2595 4152 2663 4206 sit
2688 4152 2937 4220 Aeacius,
2966 4150 3057 4219 qui
3086 4148 3229 4220 quod
3258 4158 3382 4202 ante
3409 4146 3630 4200 damna-

2048 4249 2142 4309 vit,
2171 4261 2269 4302 suo
2299 4256 2417 4315 post
2446 4259 2539 4300 ore
2564 4241 2815 4297 laudavit.
2848 4239 2933 4294 Ex
2958 4256 3045 4294 ore
3072 4249 3182 4307 tuo,
3216 4237 3409 4309 inquit,
3431 4236 3631 4308 justiﬁ-

2048 4339 2265 4401 caberis,
2311 4347 2357 4389 et
2403 4352 2465 4390 ea:
2512 4352 2599 4389 ore
2640 4345 2726 4389 tuo
2767 4332 3181 4387 condemnaberis
3209 4328 3388 4396 :Pax,
3435 4344 3555 4399 pax,
3585 4337 3632 4382 et

2051 4448 2150 4484 non
2182 4440 2253 4484 est
2280 4445 2383 4499 pax
2402 4425 2430 4466 τι
2460 4444 2475 4483 :
2507 4443 2604 4496 pax
2633 4435 2716 4481 est
2738 4426 2881 4482 enim
2925 4426 3115 4479 caritas
3144 4425 3207 4477 de
3231 4424 3383 4477 corde
3403 4437 3553 4493 puro,
3583 4432 3633 4474 et

2046 4522 2357 4577 conscientia
2388 4521 2537 4584 bona,
2570 4528 2615 4573 et
2642 4518 2744 4586 ﬁde
2779 4533 2879 4571 non
2911 4516 3031 4586 ﬁcta
3057 4515 3108 4585 (1
3133 4513 3268 4568 Tim.
3304 4530 3341 4577 ι,
3370 4511 3449 4582 Β).
3490 4510 3633 4578 Quid

347 4604 647 4674 smpissime
665 4607 1058 4661 contradictum
1075 4618 1179 4676 est,
1198 4621 1247 4663 et
1266 4625 1592 4680 magnopere
1610 4612 1934 4681 delegatum,
1967 4599 2022 4664 D
2049 4617 2239 4669 horum
2264 4615 2316 4668 in
2346 4612 2536 4666 Petro?
2558 4609 2685 4680 quid
2709 4609 2900 4663 borum
2924 4608 3147 4662 docetur
3171 4620 3291 4661 esse
3319 4606 3374 4659 in
3399 4603 3633 4658 Acacio?

349 4703 403 4747 ul
431 4706 555 4746 eum
586 4693 793 4762 longius
814 4695 882 4747 ab
912 4697 1238 4752 Alexandria
1268 4700 1471 4754 faceret
1499 4704 1851 4768 sacerdotali,
1880 4716 1938 4760 et

346 4786 614 4841 catholico
639 4786 761 4855 jure
788 4796 972 4842 nostra
1016 4793 1355 4860 suggestione
1384 4795 1600 4862 depelli.
1649 4799 1756 4852 Cur
1804 4815 1940 4867 prato

346 4876 575 4945 sumpsit
592 4889 712 4945 quae
737 4878 902 4941 vetui,
931 4887 985 4933 et
1014 4893 1133 4947 quae
1169 4892 1292 4934 sunt
1322 4882 1558 4951 iniuncta
1581 4888 1843 4943 calcavit?
1866 4906 1938 4945 an

348 4964 639 5038 imperator
656 4968 811 5023 illum
824 4969 1075 5025 discuSsit
1098 4980 1258 5039 atque
1278 4974 1784 5042 suscepittConstat
1799 4980 1938 5035 inte-

418 5185 444 5213 ιι
490 5173 741 5228 Videmus
786 5187 892 5244 quo
940 5182 1133 5227 conatu
1188 5174 1364 5229 Acacii
1422 5174 1657 5230 fautores
1705 5176 1921 5232 Petrum

346 5260 557 5315 quoque
584 5244 1004 5315 Alexandrinum
1051 5254 1346 5307 tuerentur.
1397 5245 1705 5300 hzereticum
1750 5252 1940 5301 bomi-.

347 5314 559 5370 nem’ac
586 5314 1021 5384 perditissimum.
1061 5316 1161 5383 Qui
1192 5328 1358 5369 tamen
1378 5316 1753 5371 Alexandrinus
1776 5319 1897 5373 Anti
1908 5348 1926 5359 -

346 5396 466 5451 stes,
501 5383 605 5440 etc.
637 5384 710 5438 Ita
741 5383 940 5438 exinde
970 5383 1213 5440 Gelasitts
1245 5386 1401 5453 epist.
1438 5388 1503 5441 15
1532 5389 1595 5441 ad
1629 5403 1689 5442 ea
1724 5392 1882 5443 verba
1912 5408 1922 5441 :

346 5455 475 5509 Cum
505 5458 638 5509 enim
669 5462 861 5508 constet
889 5470 1103 5525 semper.
1155 5453 1392 5525 Apparet
1424 5459 1751 5525 patriarchas
1784 5462 1930 5525 ipsos

344 5526 643 5582 Orientales
686 5535 810 5580 ante
847 5524 1149 5593 apostolico
1192 5524 1333 5580 sedis
1369 5524 1679 5595 assensum,
1711 5545 1772 5583 ac
1810 5524 1929 5585 Sine

346 5597 571 5652 Romani
626 5595 915 5667 pontificis
932 5596 1183 5667 oraculo,
1243 5597 1523 5654 haereticos
1576 5601 1927 5655 reconciliare

346 5682 453 5722 non
484 5664 847 5721 consuevisse.
890 5665 1032 5720 SCIP.
1067 5664 1360 5722 Miseratus.

414 5736 442 5776 ι’
466 5738 661 5809 Petrus,
680 5735 940 5809 siquidem
971 5748 1076 5809 n_on
1105 5736 1175 5809 ob
1202 5747 1485 5809 terrorem,
1512 5740 1607 5794 sed
1632 5752 1927 5809 spontanea

348 5809 609 5879 pravitate
635 5807 949 5869 deliquerat.
981 5804 1250 5862 Pontiﬁcis
1271 5808 1430 5864 iusius
1454 5804 1554 5865 hoc
1581 5804 1928 5881 est'episcopi

2050 4708 2140 4761 ille
2177 4722 2284 4761 non
2326 4703 2561 4773 legitima
2592 4716 2689 4755 nec
2726 4699 3093 4754 ecclesiastica
3136 4696 3317 4768 regula
3358 4697 3633 4751 discussus

2045 4812 2206 4869 atque
2232 4805 2515 4864 susceptus
2548 4796 2598 4847 in
2636 4807 2731 4847 sua
2764 4800 3041 4861 permanet
3073 4792 3360 4859 pravitate,
3392 4790 3478 4845 hic
3501 4804 3631 4859 per—

2046 4891 2283 4944 manenti
2320 4889 2373 4941 in
2416 4886 2679 4955 pravitate
2721 4884 2780 4937 ﬁt
2825 4884 3092 4953 complex,
3137 4882 3299 4939 etiam
3346 4890 3631 4951 postquam

2047 4996 2171 5036 eum
2205 4977 2477 5048 professus
2523 4984 2607 5030 est
2636 4976 2751 5045 ipse
2791 4975 3124 5030 damnatum.
3168 4974 3275 5030 Sed
3301 4973 3625 5036 necessitate,

2041 5179 2144 5233 sui.
2181 5174 2291 5229 Imo
2320 5174 2421 5238 cui,
2452 5180 2581 5235 etc.,
2616 5171 2716 5239 ipsi
2745 5170 3111 5225 Alexandrino
3136 5170 3410 5236 episcopo.
3449 5166 3624 5223 MAFP.

2112 5258 2133 5285 ε
2164 5248 2348 5315 Aliqua
2379 5260 2441 5315 ex
2473 5244 2554 5296 bis
2575 5242 2683 5315 jam
2712 5242 3013 5310 protulerat
3044 5241 3199 5315 Felix
3231 5239 3283 5292 in
3307 5240 3530 5315 epist._9
3557 5240 3626 5291 ad

2036 5309 2305 5373 Zenonem
2329 5334 2341 5367 :
2372 5309 2587 5384 Regiam
2603 5309 2909 5367 voluntatem
2929 5311 3274 5367 sacerdotibus
3298 5309 3488 5363 Christi
3514 5318 3622 5363 stu-

2037 5390 2196 5441 deatt's
2222 5386 2454 5445 subdere,
2487 5400 2585 5436 non
2616 5388 2877 5453 prwferre,
2907 5393 2953 5435 et
2983 5391 3303 5453 sacrosancta
3330 5396 3418 5453 per
3447 5394 3625 5431 eorum

2040 5457 2282 5529 praesules
2310 5457 2505 5508 discere
2534 5449 2701 5523 potius
2726 5449 2878 5522 quam
2908 5456 3101 5505 docere.
3152 5451 3296 5504 SCIP.
3330 5449 3622 5502 MAFFEIUS.

2110 5526 2137 5565 (ί
2166 5526 2335 5581 Verba
2380 5526 2494 5579 haec
2532 5524 2702 5577 attulit
2747 5522 2891 5577 Felix
2929 5524 2979 5577 in
3012 5522 3236 5581 epistola
3280 5522 3362 5581 15,
3396 5519 3459 5571 ad
3504 5519 3623 5573 Fla—

2110 5538 2137 5565 α
2167 5538 2335 5581 verba
2380 5538 2494 5579 haec
2532 5538 2702 5577 attulit
2747 5538 2891 5577 reus
2929 5539 2979 5577 tn
3012 5538 3236 5592 eptsmta
3280 5538 3362 5583 ιο,
3396 5538 3459 5571 au
3504 5538 3623 5573 ria—

2040 5599 2224 5653 vitam.
2260 5596 2359 5651 Ubi
2386 5596 2437 5649 in
2468 5594 2749 5649 Labbeana
2777 5594 3012 5649 editione
3041 5592 3107 5646 ad
3138 5604 3285 5645 oram
3312 5590 3623 5659 praeceden-

2041 5670 2109 5723 tis
2146 5667 2387 5735 epistolae
2430 5664 2761 5740 duodecimae
2802 5664 3066 5740 adjectum
3095 5671 3199 5723 est,
3234 5659 3547 5728 Euphemius
3575 5661 3620 5740 is

2040 5741 2157 5808 fuit,
2184 5734 2553 5808 reponendum
2584 5734 2810 5797 Flavita,
2841 5734 2905 5789 ad
2939 5746 3097 5803 quem
3124 5740 3207 5786 est
3244 5744 3473 5799 sequens
3501 5734 3621 5798 epi-

2041 5806 2197 5866 stola.
2233 5806 2372 5866 Sorr.
2404 5806 2695 5894 Marruus.
