  <div class='ocr_page' id='page_1' title='image "/cluster/home/n/w/nwhite01/storage/ocr_20150623/58/hvd.32044073505240/537.png"; bbox 0 0 4096 6342; ppageno 0'>
   <div class='ocr_carea' id='block_1_1' title="bbox 464 320 557 371">
    <p class='ocr_par' dir='ltr' id='par_1_1' title="bbox 464 320 557 371">
     <span class='ocr_line' id='line_1_1' title="bbox 464 320 557 371; baseline 0.022 -2"><span class='ocrx_word' id='word_1_1' title='bbox 464 320 557 371; x_wconf 74' lang='lat'><strong>95!</strong></span> 
     </span>
    </p>
   </div>
   <div class='ocr_carea' id='block_1_2' title="bbox 1773 288 2376 397">
    <p class='ocr_par' dir='ltr' id='par_1_2' title="bbox 1773 288 2376 397">
     <span class='ocr_line' id='line_1_2' title="bbox 1773 288 2376 397; baseline -0.008 -25"><span class='ocrx_word' id='word_1_2' title='bbox 1773 288 2046 397; x_wconf 64' lang='lat' dir='ltr'><strong>lacteis</strong></span> <span class='ocrx_word' id='word_1_3' title='bbox 2073 310 2156 368; x_wconf 78' lang='lat' dir='ltr'><strong>PA</strong></span> <span class='ocrx_word' id='word_1_4' title='bbox 2169 297 2273 368; x_wconf 69' lang='grc' dir='ltr'><strong>ι)Αέ</strong></span> <span class='ocrx_word' id='word_1_5' title='bbox 2314 312 2376 369; x_wconf 91' lang='grc' dir='ltr'><strong>ιιι</strong></span> 
     </span>
    </p>
   </div>
   <div class='ocr_carea' id='block_1_3' title="bbox 461 428 3733 502">
    <p class='ocr_par' dir='ltr' id='par_1_3' title="bbox 461 428 3733 502">
     <span class='ocr_line' id='line_1_3' title="bbox 461 428 3733 502; baseline 0.001 -16"><span class='ocrx_word' id='word_1_6' title='bbox 461 432 648 502; x_wconf 89' lang='lat' dir='ltr'><strong>inquit,</strong></span> <span class='ocrx_word' id='word_1_7' title='bbox 702 433 950 502; x_wconf 77' lang='lat' dir='ltr'><strong>imperiali</strong></span> <span class='ocrx_word' id='word_1_8' title='bbox 999 434 1393 486; x_wconf 76' lang='lat' dir='ltr'><strong>communicavit</strong></span> <span class='ocrx_word' id='word_1_9' title='bbox 1440 430 1591 487; x_wconf 72' lang='lat' dir='ltr'><strong>Petro</strong></span> <span class='ocrx_word' id='word_1_10' title='bbox 1639 432 1877 484; x_wconf 78' lang='lat' dir='ltr'><strong>Aeacius.</strong></span> <span class='ocrx_word' id='word_1_11' title='bbox 1927 429 2037 484; x_wconf 91' lang='lat' dir='ltr'><strong>Hoc</strong></span> <span class='ocrx_word' id='word_1_12' title='bbox 2066 428 2119 487; x_wconf 76' lang='grc' dir='ltr'><strong>Δ</strong></span> <span class='ocrx_word' id='word_1_13' title='bbox 2145 442 2205 481; x_wconf 86' lang='lat' dir='ltr'><strong>ea</strong></span> <span class='ocrx_word' id='word_1_14' title='bbox 2238 430 2347 501; x_wconf 90' lang='lat' dir='ltr'><strong>ipsa</strong></span> <span class='ocrx_word' id='word_1_15' title='bbox 2377 439 2581 501; x_wconf 78' lang='lat' dir='ltr'><strong>utique,</strong></span> <span class='ocrx_word' id='word_1_16' title='bbox 2612 446 2731 501; x_wconf 74' lang='lat' dir='ltr'><strong>quae</strong></span> <span class='ocrx_word' id='word_1_17' title='bbox 2773 431 2937 486; x_wconf 90' lang='lat' dir='ltr'><strong>iidem</strong></span> <span class='ocrx_word' id='word_1_18' title='bbox 2967 431 3107 487; x_wconf 84' lang='lat' dir='ltr'><strong>male</strong></span> <span class='ocrx_word' id='word_1_19' title='bbox 3137 432 3422 487; x_wconf 86' lang='lat' dir='ltr'><strong>commissa</strong></span> <span class='ocrx_word' id='word_1_20' title='bbox 3462 444 3585 488; x_wconf 86' lang='lat' dir='ltr'><strong>esse</strong></span> <span class='ocrx_word' id='word_1_21' title='bbox 3623 446 3733 489; x_wconf 82' lang='lat' dir='ltr'><strong>non</strong></span> 
     </span>
    </p>
   </div>
   <div class='ocr_carea' id='block_1_4' title="bbox 461 512 2035 593">
    <p class='ocr_par' dir='ltr' id='par_1_4' title="bbox 461 512 2035 593">
     <span class='ocr_line' id='line_1_4' title="bbox 461 512 2035 593; baseline 0 -16"><span class='ocrx_word' id='word_1_22' title='bbox 461 522 632 592; x_wconf 71' lang='lat' dir='ltr'><strong>ipsum</strong></span> <span class='ocrx_word' id='word_1_23' title='bbox 663 523 879 587; x_wconf 80' lang='lat' dir='ltr'><strong>sufﬁcit,</strong></span> <span class='ocrx_word' id='word_1_24' title='bbox 912 525 1036 593; x_wconf 84' lang='lat' dir='ltr'><strong>quia</strong></span> <span class='ocrx_word' id='word_1_25' title='bbox 1080 524 1221 593; x_wconf 89' lang='lat' dir='ltr'><strong>quod</strong></span> <span class='ocrx_word' id='word_1_26' title='bbox 1265 512 1587 580; x_wconf 77' lang='lat' dir='ltr'><strong>necessitate</strong></span> <span class='ocrx_word' id='word_1_27' title='bbox 1619 522 1813 577; x_wconf 89' lang='lat' dir='ltr'><strong>dicitur</strong></span> <span class='ocrx_word' id='word_1_28' title='bbox 1844 535 2035 592; x_wconf 86' lang='lat' dir='ltr'><strong>perpe-</strong></span> 
     </span>
    </p>
   </div>
   <div class='ocr_carea' id='block_1_5' title="bbox 460 614 2039 683">
    <p class='ocr_par' dir='ltr' id='par_1_5' title="bbox 460 614 2039 683">
     <span class='ocr_line' id='line_1_5' title="bbox 460 614 2039 683; baseline -0.003 -12"><span class='ocrx_word' id='word_1_29' title='bbox 460 618 676 679; x_wconf 66' lang='lat' dir='ltr'><strong>tratum,</strong></span> <span class='ocrx_word' id='word_1_30' title='bbox 708 629 926 683; x_wconf 85' lang='lat' dir='ltr'><strong>pravum</strong></span> <span class='ocrx_word' id='word_1_31' title='bbox 967 628 1090 670; x_wconf 87' lang='lat' dir='ltr'><strong>esse</strong></span> <span class='ocrx_word' id='word_1_32' title='bbox 1128 624 1481 671; x_wconf 88' lang='lat' dir='ltr'><strong>monstratum</strong></span> <span class='ocrx_word' id='word_1_33' title='bbox 1512 625 1613 671; x_wconf 89' lang='lat' dir='ltr'><strong>est.</strong></span> <span class='ocrx_word' id='word_1_34' title='bbox 1652 614 1857 669; x_wconf 79' lang='lat' dir='ltr'><strong>Viderit</strong></span> <span class='ocrx_word' id='word_1_35' title='bbox 1900 616 2039 667; x_wconf 84' lang='lat' dir='ltr'><strong>Aca-</strong></span> 
     </span>
    </p>
   </div>
   <div class='ocr_carea' id='block_1_6' title="bbox 452 709 2037 783">
    <p class='ocr_par' dir='ltr' id='par_1_6' title="bbox 452 709 2037 783">
     <span class='ocr_line' id='line_1_6' title="bbox 452 709 2037 783; baseline -0.001 -18"><span class='ocrx_word' id='word_1_36' title='bbox 452 712 591 783; x_wconf 44' lang='lat' dir='ltr'><strong>cius,</strong></span> <span class='ocrx_word' id='word_1_37' title='bbox 629 709 718 762; x_wconf 77' lang='lat' dir='ltr'><strong>vel</strong></span> <span class='ocrx_word' id='word_1_38' title='bbox 772 709 861 775; x_wconf 87' lang='lat' dir='ltr'><strong>qui</strong></span> <span class='ocrx_word' id='word_1_39' title='bbox 906 710 1008 763; x_wconf 88' lang='lat' dir='ltr'><strong>ista</strong></span> <span class='ocrx_word' id='word_1_40' title='bbox 1048 710 1385 780; x_wconf 77' lang='lat' dir='ltr'><strong>pronuntiat,</strong></span> <span class='ocrx_word' id='word_1_41' title='bbox 1433 720 1611 767; x_wconf 90' lang='lat' dir='ltr'><strong>utrum</strong></span> <span class='ocrx_word' id='word_1_42' title='bbox 1653 709 2037 780; x_wconf 74' lang='lat' dir='ltr'><strong>imperatorem</strong></span> 
     </span>
    </p>
   </div>
   <div class='ocr_carea' id='block_1_7' title="bbox 457 797 2034 873">
    <p class='ocr_par' dir='ltr' id='par_1_7' title="bbox 457 797 2034 873">
     <span class='ocr_line' id='line_1_7' title="bbox 457 797 2034 873; baseline 0.003 -21"><span class='ocrx_word' id='word_1_43' title='bbox 457 797 777 853; x_wconf 82' lang='lat' dir='ltr'><strong>catholicum</strong></span> <span class='ocrx_word' id='word_1_44' title='bbox 837 801 1146 870; x_wconf 88' lang='lat' dir='ltr'><strong>proﬁteatur</strong></span> <span class='ocrx_word' id='word_1_45' title='bbox 1194 803 1352 873; x_wconf 84' lang='lat' dir='ltr'><strong>hujus</strong></span> <span class='ocrx_word' id='word_1_46' title='bbox 1407 803 1680 873; x_wconf 80' lang='lat' dir='ltr'><strong>pravitatis</strong></span> <span class='ocrx_word' id='word_1_47' title='bbox 1736 812 2034 858; x_wconf 83' lang='lat' dir='ltr'><strong>auctorem.</strong></span> 
     </span>
    </p>
   </div>
   <div class='ocr_carea' id='block_1_8' title="bbox 457 889 2035 965">
    <p class='ocr_par' dir='ltr' id='par_1_8' title="bbox 457 889 2035 965">
     <span class='ocr_line' id='line_1_8' title="bbox 457 889 2035 965; baseline 0.004 -22"><span class='ocrx_word' id='word_1_48' title='bbox 457 889 564 943; x_wconf 81' lang='lat' dir='ltr'><strong>Nos</strong></span> <span class='ocrx_word' id='word_1_49' title='bbox 593 891 691 944; x_wconf 91' lang='lat' dir='ltr'><strong>ista</strong></span> <span class='ocrx_word' id='word_1_50' title='bbox 735 891 803 946; x_wconf 92' lang='lat' dir='ltr'><strong>de</strong></span> <span class='ocrx_word' id='word_1_51' title='bbox 832 894 1095 949; x_wconf 89' lang='lat' dir='ltr'><strong>catholico</strong></span> <span class='ocrx_word' id='word_1_52' title='bbox 1140 895 1461 965; x_wconf 85' lang='lat' dir='ltr'><strong>imperatore</strong></span> <span class='ocrx_word' id='word_1_53' title='bbox 1504 911 1609 951; x_wconf 91' lang='lat' dir='ltr'><strong>non</strong></span> <span class='ocrx_word' id='word_1_54' title='bbox 1641 895 1936 961; x_wconf 86' lang='lat' dir='ltr'><strong>credimus,</strong></span> <span class='ocrx_word' id='word_1_55' title='bbox 1973 903 2035 949; x_wconf 89' lang='lat' dir='ltr'><strong>ut</strong></span> 
     </span>
    </p>
   </div>
   <div class='ocr_carea' id='block_1_9' title="bbox 458 982 2037 1059">
    <p class='ocr_par' dir='ltr' id='par_1_9' title="bbox 458 982 2037 1059">
     <span class='ocr_line' id='line_1_9' title="bbox 458 982 2037 1059; baseline 0.004 -24"><span class='ocrx_word' id='word_1_56' title='bbox 458 990 581 1053; x_wconf 81' lang='lat' dir='ltr'><strong>pote</strong></span> <span class='ocrx_word' id='word_1_57' title='bbox 601 982 752 1051; x_wconf 87' lang='lat' dir='ltr'><strong>cujus</strong></span> <span class='ocrx_word' id='word_1_58' title='bbox 792 999 943 1040; x_wconf 90' lang='lat' dir='ltr'><strong>sacra</strong></span> <span class='ocrx_word' id='word_1_59' title='bbox 976 987 1294 1053; x_wconf 85' lang='lat' dir='ltr'><strong>retinemus,</strong></span> <span class='ocrx_word' id='word_1_60' title='bbox 1320 989 1371 1043; x_wconf 93' lang='lat' dir='ltr'><strong>in</strong></span> <span class='ocrx_word' id='word_1_61' title='bbox 1400 988 1593 1059; x_wconf 85' lang='lat' dir='ltr'><strong>quibus</strong></span> <span class='ocrx_word' id='word_1_62' title='bbox 1618 988 1937 1044; x_wconf 86' lang='lat' dir='ltr'><strong>catholicam</strong></span> <span class='ocrx_word' id='word_1_63' title='bbox 1972 987 2037 1042; x_wconf 68' lang='lat' dir='ltr'><strong>ﬁo</strong></span> 
     </span>
    </p>
   </div>
   <div class='ocr_carea' id='block_1_10' title="bbox 456 1075 2038 1151">
    <p class='ocr_par' dir='ltr' id='par_1_10' title="bbox 456 1075 2038 1151">
     <span class='ocr_line' id='line_1_10' title="bbox 456 1075 2038 1151; baseline 0.005 -22"><span class='ocrx_word' id='word_1_64' title='bbox 456 1076 576 1129; x_wconf 81' lang='lat' dir='ltr'><strong>dem</strong></span> <span class='ocrx_word' id='word_1_65' title='bbox 614 1086 667 1129; x_wconf 92' lang='lat' dir='ltr'><strong>et</strong></span> <span class='ocrx_word' id='word_1_66' title='bbox 711 1075 1162 1136; x_wconf 83' lang='lat' dir='ltr'><strong>Chalcedonensis</strong></span> <span class='ocrx_word' id='word_1_67' title='bbox 1212 1081 1402 1151; x_wconf 88' lang='lat' dir='ltr'><strong>synodi</strong></span> <span class='ocrx_word' id='word_1_68' title='bbox 1442 1082 1806 1137; x_wconf 90' lang='lat' dir='ltr'><strong>deﬁnitionem</strong></span> <span class='ocrx_word' id='word_1_69' title='bbox 1854 1097 1912 1137; x_wconf 85' lang='lat' dir='ltr'><strong>se</strong></span> <span class='ocrx_word' id='word_1_70' title='bbox 1951 1090 2038 1137; x_wconf 85' lang='lat' dir='ltr'><strong>te-</strong></span> 
     </span>
    </p>
   </div>
   <div class='ocr_carea' id='block_1_11' title="bbox 457 1172 2037 1244">
    <p class='ocr_par' dir='ltr' id='par_1_11' title="bbox 457 1172 2037 1244">
     <span class='ocr_line' id='line_1_11' title="bbox 457 1172 2037 1244; baseline 0.005 -25"><span class='ocrx_word' id='word_1_71' title='bbox 457 1182 587 1221; x_wconf 90' lang='lat' dir='ltr'><strong>nere</strong></span> <span class='ocrx_word' id='word_1_72' title='bbox 618 1178 872 1233; x_wconf 83' lang='lat' dir='ltr'><strong>testatur;</strong></span> <span class='ocrx_word' id='word_1_73' title='bbox 922 1182 1081 1241; x_wconf 88' lang='lat' dir='ltr'><strong>atque</strong></span> <span class='ocrx_word' id='word_1_74' title='bbox 1110 1172 1229 1227; x_wconf 89' lang='lat' dir='ltr'><strong>ideo</strong></span> <span class='ocrx_word' id='word_1_75' title='bbox 1264 1174 1425 1228; x_wconf 86' lang='lat' dir='ltr'><strong>etiam</strong></span> <span class='ocrx_word' id='word_1_76' title='bbox 1458 1174 1524 1228; x_wconf 89' lang='lat' dir='ltr'><strong>ab</strong></span> <span class='ocrx_word' id='word_1_77' title='bbox 1566 1174 1757 1229; x_wconf 90' lang='lat' dir='ltr'><strong>eodem</strong></span> <span class='ocrx_word' id='word_1_78' title='bbox 1794 1174 2037 1244; x_wconf 86' lang='lat' dir='ltr'><strong>postula-</strong></span> 
     </span>
    </p>
   </div>
   <div class='ocr_carea' id='block_1_12' title="bbox 456 1259 2040 1335">
    <p class='ocr_par' dir='ltr' id='par_1_12' title="bbox 456 1259 2040 1335">
     <span class='ocr_line' id='line_1_12' title="bbox 456 1259 2040 1335; baseline 0.006 -24"><span class='ocrx_word' id='word_1_79' title='bbox 456 1274 598 1324; x_wconf 86' lang='lat' dir='ltr'><strong>mus,</strong></span> <span class='ocrx_word' id='word_1_80' title='bbox 642 1259 922 1317; x_wconf 70' lang='lat' dir='ltr'><strong>hazreticos</strong></span> <span class='ocrx_word' id='word_1_81' title='bbox 957 1263 1156 1319; x_wconf 82' lang='lat' dir='ltr'><strong>debere</strong></span> <span class='ocrx_word' id='word_1_82' title='bbox 1200 1265 1433 1333; x_wconf 87' lang='lat' dir='ltr'><strong>depelli;</strong></span> <span class='ocrx_word' id='word_1_83' title='bbox 1477 1266 1818 1335; x_wconf 85' lang='lat' dir='ltr'><strong>pessimeque</strong></span> <span class='ocrx_word' id='word_1_84' title='bbox 1861 1266 1929 1321; x_wconf 88' lang='lat' dir='ltr'><strong>de</strong></span> <span class='ocrx_word' id='word_1_85' title='bbox 1972 1281 2040 1321; x_wconf 90' lang='lat' dir='ltr'><strong>eo</strong></span> 
     </span>
    </p>
   </div>
   <div class='ocr_carea' id='block_1_13' title="bbox 457 1353 2039 1424">
    <p class='ocr_par' dir='ltr' id='par_1_13' title="bbox 457 1353 2039 1424">
     <span class='ocr_line' id='line_1_13' title="bbox 457 1353 2039 1424; baseline 0.004 -19"><span class='ocrx_word' id='word_1_86' title='bbox 457 1353 626 1422; x_wconf 81' lang='lat' dir='ltr'><strong>magis</strong></span> <span class='ocrx_word' id='word_1_87' title='bbox 650 1353 742 1408; x_wconf 89' lang='lat' dir='ltr'><strong>ille</strong></span> <span class='ocrx_word' id='word_1_88' title='bbox 770 1357 953 1419; x_wconf 83' lang='lat' dir='ltr'><strong>sentit,</strong></span> <span class='ocrx_word' id='word_1_89' title='bbox 980 1357 1068 1424; x_wconf 89' lang='lat' dir='ltr'><strong>qui</strong></span> <span class='ocrx_word' id='word_1_90' title='bbox 1101 1356 1176 1410; x_wconf 88' lang='lat' dir='ltr'><strong>ait</strong></span> <span class='ocrx_word' id='word_1_91' title='bbox 1215 1372 1358 1421; x_wconf 87' lang='lat' dir='ltr'><strong>eum,</strong></span> <span class='ocrx_word' id='word_1_92' title='bbox 1391 1358 1675 1422; x_wconf 87' lang='lat' dir='ltr'><strong>aut-nolle,</strong></span> <span class='ocrx_word' id='word_1_93' title='bbox 1709 1367 1799 1411; x_wconf 89' lang='lat' dir='ltr'><strong>aut</strong></span> <span class='ocrx_word' id='word_1_94' title='bbox 1822 1373 1926 1412; x_wconf 92' lang='lat' dir='ltr'><strong>non</strong></span> <span class='ocrx_word' id='word_1_95' title='bbox 1957 1358 2039 1412; x_wconf 79' lang='lat' dir='ltr'><strong>la-</strong></span> 
     </span>
    </p>
   </div>
   <div class='ocr_carea' id='block_1_14' title="bbox 458 1447 2042 1513">
    <p class='ocr_par' dir='ltr' id='par_1_14' title="bbox 458 1447 2042 1513">
     <span class='ocr_line' id='line_1_14' title="bbox 458 1447 2042 1513; baseline 0.004 -17"><span class='ocrx_word' id='word_1_96' title='bbox 458 1457 579 1496; x_wconf 88' lang='lat' dir='ltr'><strong>cere</strong></span> <span class='ocrx_word' id='word_1_97' title='bbox 612 1457 764 1513; x_wconf 58' lang='lat' dir='ltr'><strong>posse:</strong></span> <span class='ocrx_word' id='word_1_98' title='bbox 810 1461 931 1513; x_wconf 80' lang='lat' dir='ltr'><strong>quae</strong></span> <span class='ocrx_word' id='word_1_99' title='bbox 970 1447 1132 1500; x_wconf 89' lang='lat' dir='ltr'><strong>sentit</strong></span> <span class='ocrx_word' id='word_1_100' title='bbox 1164 1464 1176 1499; x_wconf 83' lang='lat'><strong>:</strong></span> <span class='ocrx_word' id='word_1_101' title='bbox 1204 1462 1326 1501; x_wconf 88' lang='lat' dir='ltr'><strong>cum</strong></span> <span class='ocrx_word' id='word_1_102' title='bbox 1375 1462 1475 1503; x_wconf 91' lang='lat' dir='ltr'><strong>nec</strong></span> <span class='ocrx_word' id='word_1_103' title='bbox 1517 1447 1788 1502; x_wconf 87' lang='lat' dir='ltr'><strong>Divinitati</strong></span> <span class='ocrx_word' id='word_1_104' title='bbox 1831 1449 1901 1503; x_wconf 88' lang='lat' dir='ltr'><strong>sit</strong></span> <span class='ocrx_word' id='word_1_105' title='bbox 1942 1448 2042 1503; x_wconf 87' lang='lat' dir='ltr'><strong>ali-</strong></span> 
     </span>
    </p>
   </div>
   <div class='ocr_carea' id='block_1_15' title="bbox 457 1533 2044 1608">
    <p class='ocr_par' dir='ltr' id='par_1_15' title="bbox 457 1533 2044 1608">
     <span class='ocr_line' id='line_1_15' title="bbox 457 1533 2044 1608; baseline 0.006 -23"><span class='ocrx_word' id='word_1_106' title='bbox 457 1533 584 1603; x_wconf 85' lang='lat' dir='ltr'><strong>quid</strong></span> <span class='ocrx_word' id='word_1_107' title='bbox 616 1534 1031 1602; x_wconf 58' lang='lat' dir='ltr'><strong>praeierendum,</strong></span> <span class='ocrx_word' id='word_1_108' title='bbox 1062 1546 1117 1593; x_wconf 88' lang='lat' dir='ltr'><strong>et</strong></span> <span class='ocrx_word' id='word_1_109' title='bbox 1140 1539 1359 1606; x_wconf 88' lang='lat' dir='ltr'><strong>impium</strong></span> <span class='ocrx_word' id='word_1_110' title='bbox 1386 1540 1456 1593; x_wconf 91' lang='lat' dir='ltr'><strong>sit</strong></span> <span class='ocrx_word' id='word_1_111' title='bbox 1480 1554 1601 1608; x_wconf 75' lang='lat' dir='ltr'><strong>qua:</strong></span> <span class='ocrx_word' id='word_1_112' title='bbox 1622 1539 1688 1594; x_wconf 88' lang='lat' dir='ltr'><strong>ad</strong></span> <span class='ocrx_word' id='word_1_113' title='bbox 1718 1540 1887 1594; x_wconf 89' lang='lat' dir='ltr'><strong>Deum</strong></span> <span class='ocrx_word' id='word_1_114' title='bbox 1921 1555 2044 1608; x_wconf 85' lang='lat' dir='ltr'><strong>per-</strong></span> 
     </span>
    </p>
   </div>
   <div class='ocr_carea' id='block_1_16' title="bbox 457 1626 2039 1703">
    <p class='ocr_par' dir='ltr' id='par_1_16' title="bbox 457 1626 2039 1703">
     <span class='ocr_line' id='line_1_16' title="bbox 457 1626 2039 1703; baseline 0.004 -23"><span class='ocrx_word' id='word_1_115' title='bbox 457 1626 630 1681; x_wconf 81' lang='lat' dir='ltr'><strong>tinent</strong></span> <span class='ocrx_word' id='word_1_116' title='bbox 676 1636 917 1695; x_wconf 90' lang='lat' dir='ltr'><strong>prompta</strong></span> <span class='ocrx_word' id='word_1_117' title='bbox 965 1642 1071 1682; x_wconf 90' lang='lat' dir='ltr'><strong>non</strong></span> <span class='ocrx_word' id='word_1_118' title='bbox 1103 1631 1326 1700; x_wconf 82' lang='lat' dir='ltr'><strong>exsequi</strong></span> <span class='ocrx_word' id='word_1_119' title='bbox 1356 1631 1650 1685; x_wconf 84' lang='lat' dir='ltr'><strong>voluntate.</strong></span> <span class='ocrx_word' id='word_1_120' title='bbox 1685 1630 1791 1686; x_wconf 82' lang='lat' dir='ltr'><strong>Nos</strong></span> <span class='ocrx_word' id='word_1_121' title='bbox 1819 1631 2039 1703; x_wconf 87' lang='lat' dir='ltr'><strong>inquam</strong></span> 
     </span>
    </p>
   </div>
   <div class='ocr_carea' id='block_1_17' title="bbox 456 1715 2041 1786">
    <p class='ocr_par' dir='ltr' id='par_1_17' title="bbox 456 1715 2041 1786">
     <span class='ocr_line' id='line_1_17' title="bbox 456 1715 2041 1786; baseline 0.003 -15"><span class='ocrx_word' id='word_1_122' title='bbox 456 1717 556 1771; x_wconf 89' lang='lat' dir='ltr'><strong>ista</strong></span> <span class='ocrx_word' id='word_1_123' title='bbox 602 1715 669 1770; x_wconf 91' lang='lat' dir='ltr'><strong>de</strong></span> <span class='ocrx_word' id='word_1_124' title='bbox 715 1717 1038 1786; x_wconf 87' lang='lat' dir='ltr'><strong>imperatore</strong></span> <span class='ocrx_word' id='word_1_125' title='bbox 1088 1734 1194 1774; x_wconf 91' lang='lat' dir='ltr'><strong>non</strong></span> <span class='ocrx_word' id='word_1_126' title='bbox 1244 1721 1558 1775; x_wconf 90' lang='lat' dir='ltr'><strong>credimus:</strong></span> <span class='ocrx_word' id='word_1_127' title='bbox 1588 1722 1727 1776; x_wconf 85' lang='lat' dir='ltr'><strong>absit</strong></span> <span class='ocrx_word' id='word_1_128' title='bbox 1779 1723 1922 1776; x_wconf 89' lang='lat' dir='ltr'><strong>enim</strong></span> <span class='ocrx_word' id='word_1_129' title='bbox 1982 1732 2041 1777; x_wconf 91' lang='lat' dir='ltr'><strong>nt</strong></span> 
     </span>
    </p>
   </div>
   <div class='ocr_carea' id='block_1_18' title="bbox 2145 523 3735 595">
    <p class='ocr_par' dir='ltr' id='par_1_18' title="bbox 2145 523 3735 595">
     <span class='ocr_line' id='line_1_18' title="bbox 2145 523 3735 595; baseline -0.003 -14"><span class='ocrx_word' id='word_1_130' title='bbox 2145 527 2403 581; x_wconf 83' lang='lat' dir='ltr'><strong>abnuunt.</strong></span> <span class='ocrx_word' id='word_1_131' title='bbox 2429 524 2533 578; x_wconf 97' lang='lat' dir='ltr'><strong>Sed</strong></span> <span class='ocrx_word' id='word_1_132' title='bbox 2560 526 2803 594; x_wconf 81' lang='lat' dir='ltr'><strong>papulas,</strong></span> <span class='ocrx_word' id='word_1_133' title='bbox 2832 524 3023 595; x_wconf 90' lang='lat' dir='ltr'><strong>inquit,</strong></span> <span class='ocrx_word' id='word_1_134' title='bbox 3057 525 3437 579; x_wconf 73' lang='lat' dir='ltr'><strong>Alexandrinus</strong></span> <span class='ocrx_word' id='word_1_135' title='bbox 3455 523 3555 577; x_wconf 79' lang='lat' dir='ltr'><strong>hoc</strong></span> <span class='ocrx_word' id='word_1_136' title='bbox 3583 540 3735 593; x_wconf 80' lang='lat' dir='ltr'><strong>mag-</strong></span> 
     </span>
    </p>
   </div>
   <div class='ocr_carea' id='block_1_19' title="bbox 2144 597 3733 687">
    <p class='ocr_par' dir='ltr' id='par_1_19' title="bbox 2144 597 3733 687">
     <span class='ocr_line' id='line_1_19' title="bbox 2144 597 3733 687; baseline -0.003 -15"><span class='ocrx_word' id='word_1_137' title='bbox 2144 618 2224 672; x_wconf 84' lang='lat' dir='ltr'><strong>nis</strong></span> <span class='ocrx_word' id='word_1_138' title='bbox 2251 615 2517 671; x_wconf 73' lang='lat' dir='ltr'><strong>desideriis</strong></span> <span class='ocrx_word' id='word_1_139' title='bbox 2553 597 2861 685; x_wconf 52' lang='lat' dir='ltr'><strong>postulavit;</strong></span> <span class='ocrx_word' id='word_1_140' title='bbox 2899 633 2991 671; x_wconf 84' lang='lat' dir='ltr'><strong>nec</strong></span> <span class='ocrx_word' id='word_1_141' title='bbox 3023 614 3235 671; x_wconf 86' lang='lat' dir='ltr'><strong>Petrum</strong></span> <span class='ocrx_word' id='word_1_142' title='bbox 3272 616 3370 671; x_wconf 90' lang='lat' dir='ltr'><strong>sibi</strong></span> <span class='ocrx_word' id='word_1_143' title='bbox 3393 616 3594 687; x_wconf 83' lang='lat' dir='ltr'><strong>patitur</strong></span> <span class='ocrx_word' id='word_1_144' title='bbox 3624 616 3733 668; x_wconf 80' lang='lat' dir='ltr'><strong>ulla</strong></span> 
     </span>
    </p>
   </div>
   <div class='ocr_carea' id='block_1_20' title="bbox 2144 706 3736 779">
    <p class='ocr_par' dir='ltr' id='par_1_20' title="bbox 2144 706 3736 779">
     <span class='ocr_line' id='line_1_20' title="bbox 2144 706 3736 779; baseline -0.002 -16"><span class='ocrx_word' id='word_1_145' title='bbox 2144 707 2601 765; x_wconf 65' lang='grc' dir='ltr'><strong>ταιὶοηωυὺάιιεί.</strong></span> <span class='ocrx_word' id='word_1_146' title='bbox 2644 709 2781 776; x_wconf 86' lang='lat' dir='ltr'><strong>Quid</strong></span> <span class='ocrx_word' id='word_1_147' title='bbox 2813 708 2857 764; x_wconf 89' lang='lat' dir='ltr'><strong>si</strong></span> <span class='ocrx_word' id='word_1_148' title='bbox 2889 718 3098 779; x_wconf 86' lang='lat' dir='ltr'><strong>peteret</strong></span> <span class='ocrx_word' id='word_1_149' title='bbox 3143 708 3374 778; x_wconf 89' lang='lat' dir='ltr'><strong>populus</strong></span> <span class='ocrx_word' id='word_1_150' title='bbox 3405 706 3736 763; x_wconf 78' lang='lat' dir='ltr'><strong>Alexandri-</strong></span> 
     </span>
    </p>
   </div>
   <div class='ocr_carea' id='block_1_21' title="bbox 2146 797 3736 870">
    <p class='ocr_par' dir='ltr' id='par_1_21' title="bbox 2146 797 3736 870">
     <span class='ocr_line' id='line_1_21' title="bbox 2146 797 3736 870; baseline -0.001 -16"><span class='ocrx_word' id='word_1_151' title='bbox 2146 814 2247 854; x_wconf 90' lang='lat' dir='ltr'><strong>nus</strong></span> <span class='ocrx_word' id='word_1_152' title='bbox 2271 799 2626 855; x_wconf 80' lang='lat' dir='ltr'><strong>idololatriam</strong></span> <span class='ocrx_word' id='word_1_153' title='bbox 2668 799 3112 869; x_wconf 70' lang='lat' dir='ltr'><strong>debereparari;</strong></span> <span class='ocrx_word' id='word_1_154' title='bbox 3160 799 3287 870; x_wconf 90' lang='lat' dir='ltr'><strong>quid</strong></span> <span class='ocrx_word' id='word_1_155' title='bbox 3330 800 3474 854; x_wconf 89' lang='lat' dir='ltr'><strong>enim</strong></span> <span class='ocrx_word' id='word_1_156' title='bbox 3502 797 3736 854; x_wconf 83' lang='lat' dir='ltr'><strong>interest</strong></span> 
     </span>
    </p>
   </div>
   <div class='ocr_carea' id='block_1_22' title="bbox 2146 889 3735 971">
    <p class='ocr_par' dir='ltr' id='par_1_22' title="bbox 2146 889 3735 971">
     <span class='ocr_line' id='line_1_22' title="bbox 2146 889 3735 971; baseline 0.001 -28"><span class='ocrx_word' id='word_1_157' title='bbox 2146 899 2324 945; x_wconf 88' lang='lat' dir='ltr'><strong>utrum</strong></span> <span class='ocrx_word' id='word_1_158' title='bbox 2347 890 2629 947; x_wconf 76' lang='lat' dir='ltr'><strong>haereticus</strong></span> <span class='ocrx_word' id='word_1_159' title='bbox 2652 905 2721 946; x_wconf 89' lang='lat' dir='ltr'><strong>an</strong></span> <span class='ocrx_word' id='word_1_160' title='bbox 2748 889 3004 962; x_wconf 79' lang='lat' dir='ltr'><strong>profanus</strong></span> <span class='ocrx_word' id='word_1_161' title='bbox 3027 890 3284 971; x_wconf 53' lang='lat' dir='ltr'><strong>Ecclesiae</strong></span> <span class='ocrx_word' id='word_1_162' title='bbox 3306 890 3583 946; x_wconf 63' lang='lat' dir='ltr'><strong>catholica:</strong></span> <span class='ocrx_word' id='word_1_163' title='bbox 3611 904 3735 959; x_wconf 88' lang='lat' dir='ltr'><strong>per-</strong></span> 
     </span>
    </p>
   </div>
   <div class='ocr_carea' id='block_1_23' title="bbox 2145 981 3734 1059">
    <p class='ocr_par' dir='ltr' id='par_1_23' title="bbox 2145 981 3734 1059">
     <span class='ocr_line' id='line_1_23' title="bbox 2145 981 3734 1059; baseline 0.001 -23"><span class='ocrx_word' id='word_1_164' title='bbox 2145 981 2387 1037; x_wconf 87' lang='lat' dir='ltr'><strong>mittatur</strong></span> <span class='ocrx_word' id='word_1_165' title='bbox 2415 983 2652 1053; x_wconf 81' lang='lat' dir='ltr'><strong>imponi?</strong></span> <span class='ocrx_word' id='word_1_166' title='bbox 2682 984 2807 1054; x_wconf 88' lang='lat' dir='ltr'><strong>quid</strong></span> <span class='ocrx_word' id='word_1_167' title='bbox 2851 984 2894 1038; x_wconf 92' lang='lat' dir='ltr'><strong>si</strong></span> <span class='ocrx_word' id='word_1_168' title='bbox 2927 984 3149 1040; x_wconf 83' lang='lat' dir='ltr'><strong>alterius</strong></span> <span class='ocrx_word' id='word_1_169' title='bbox 3192 984 3417 1059; x_wconf 64' lang='lat' dir='ltr'><strong>haeresis</strong></span> <span class='ocrx_word' id='word_1_170' title='bbox 3446 982 3734 1053; x_wconf 86' lang='lat' dir='ltr'><strong>cujuslibet</strong></span> 
     </span>
    </p>
   </div>
   <div class='ocr_carea' id='block_1_24' title="bbox 2145 1073 3732 1145">
    <p class='ocr_par' dir='ltr' id='par_1_24' title="bbox 2145 1073 3732 1145">
     <span class='ocr_line' id='line_1_24' title="bbox 2145 1073 3732 1145; baseline 0.001 -18"><span class='ocrx_word' id='word_1_171' title='bbox 2145 1073 2415 1128; x_wconf 90' lang='lat' dir='ltr'><strong>hominem</strong></span> <span class='ocrx_word' id='word_1_172' title='bbox 2465 1074 2564 1129; x_wconf 87' lang='lat' dir='ltr'><strong>sibi</strong></span> <span class='ocrx_word' id='word_1_173' title='bbox 2598 1075 2878 1145; x_wconf 69' lang='lat' dir='ltr'><strong>praesulem</strong></span> <span class='ocrx_word' id='word_1_174' title='bbox 2924 1083 3109 1145; x_wconf 87' lang='lat' dir='ltr'><strong>poscat</strong></span> <span class='ocrx_word' id='word_1_175' title='bbox 3158 1073 3436 1139; x_wconf 86' lang='lat' dir='ltr'><strong>adhiberi;</strong></span> <span class='ocrx_word' id='word_1_176' title='bbox 3464 1073 3556 1144; x_wconf 86' lang='lat' dir='ltr'><strong>qui</strong></span> <span class='ocrx_word' id='word_1_177' title='bbox 3586 1074 3732 1129; x_wconf 89' lang='lat' dir='ltr'><strong>enim</strong></span> 
     </span>
    </p>
   </div>
   <div class='ocr_carea' id='block_1_25' title="bbox 2146 1162 3732 1235">
    <p class='ocr_par' dir='ltr' id='par_1_25' title="bbox 2146 1162 3732 1235">
     <span class='ocr_line' id='line_1_25' title="bbox 2146 1162 3732 1235; baseline 0 -18"><span class='ocrx_word' id='word_1_178' title='bbox 2146 1164 2271 1220; x_wconf 80' lang='lat' dir='ltr'><strong>fecit</strong></span> <span class='ocrx_word' id='word_1_179' title='bbox 2302 1164 2405 1220; x_wconf 92' lang='lat' dir='ltr'><strong>hoc</strong></span> <span class='ocrx_word' id='word_1_180' title='bbox 2434 1164 2503 1221; x_wconf 89' lang='lat' dir='ltr'><strong>de</strong></span> <span class='ocrx_word' id='word_1_181' title='bbox 2548 1165 2724 1235; x_wconf 89' lang='lat' dir='ltr'><strong>aliqua</strong></span> <span class='ocrx_word' id='word_1_182' title='bbox 2758 1166 2973 1232; x_wconf 81' lang='lat' dir='ltr'><strong>lucresi,</strong></span> <span class='ocrx_word' id='word_1_183' title='bbox 3023 1173 3199 1235; x_wconf 83' lang='lat' dir='ltr'><strong>potest</strong></span> <span class='ocrx_word' id='word_1_184' title='bbox 3236 1173 3291 1219; x_wconf 90' lang='lat' dir='ltr'><strong>et</strong></span> <span class='ocrx_word' id='word_1_185' title='bbox 3331 1164 3401 1220; x_wconf 90' lang='lat' dir='ltr'><strong>de</strong></span> <span class='ocrx_word' id='word_1_186' title='bbox 3431 1163 3557 1231; x_wconf 87' lang='lat' dir='ltr'><strong>alia,</strong></span> <span class='ocrx_word' id='word_1_187' title='bbox 3602 1162 3649 1218; x_wconf 89' lang='lat' dir='ltr'><strong>si</strong></span> <span class='ocrx_word' id='word_1_188' title='bbox 3676 1162 3732 1218; x_wconf 89' lang='lat' dir='ltr'><strong>id</strong></span> 
     </span>
    </p>
   </div>
   <div class='ocr_carea' id='block_1_26' title="bbox 2145 1257 3733 1329">
    <p class='ocr_par' dir='ltr' id='par_1_26' title="bbox 2145 1257 3733 1329">
     <span class='ocr_line' id='line_1_26' title="bbox 2145 1257 3733 1329; baseline 0.001 -17"><span class='ocrx_word' id='word_1_189' title='bbox 2145 1258 2378 1315; x_wconf 85' lang='lat' dir='ltr'><strong>delectat</strong></span> <span class='ocrx_word' id='word_1_190' title='bbox 2403 1270 2679 1329; x_wconf 78' lang='lat' dir='ltr'><strong>expetere.</strong></span> <span class='ocrx_word' id='word_1_191' title='bbox 2731 1258 2789 1315; x_wconf 90' lang='lat' dir='ltr'><strong>Si</strong></span> <span class='ocrx_word' id='word_1_192' title='bbox 2828 1260 2967 1313; x_wconf 92' lang='lat' dir='ltr'><strong>inter</strong></span> <span class='ocrx_word' id='word_1_193' title='bbox 2997 1259 3272 1314; x_wconf 86' lang='lat' dir='ltr'><strong>hominum</strong></span> <span class='ocrx_word' id='word_1_194' title='bbox 3318 1272 3504 1314; x_wconf 90' lang='lat' dir='ltr'><strong>mores</strong></span> <span class='ocrx_word' id='word_1_195' title='bbox 3527 1257 3733 1328; x_wconf 89' lang='lat' dir='ltr'><strong>aliquid</strong></span> 
     </span>
    </p>
   </div>
   <div class='ocr_carea' id='block_1_27' title="bbox 2146 1356 3733 1427">
    <p class='ocr_par' dir='ltr' id='par_1_27' title="bbox 2146 1356 3733 1427">
     <span class='ocr_line' id='line_1_27' title="bbox 2146 1356 3733 1427; baseline 0.004 -19"><span class='ocrx_word' id='word_1_196' title='bbox 2146 1357 2443 1425; x_wconf 86' lang='lat' dir='ltr'><strong>perpetrari</strong></span> <span class='ocrx_word' id='word_1_197' title='bbox 2478 1363 2774 1411; x_wconf 88' lang='lat' dir='ltr'><strong>tentaretur</strong></span> <span class='ocrx_word' id='word_1_198' title='bbox 2800 1366 2989 1411; x_wconf 90' lang='lat' dir='ltr'><strong>contra</strong></span> <span class='ocrx_word' id='word_1_199' title='bbox 3021 1356 3167 1427; x_wconf 74' lang='lat' dir='ltr'><strong>leges</strong></span> <span class='ocrx_word' id='word_1_200' title='bbox 3199 1356 3463 1426; x_wconf 84' lang='lat' dir='ltr'><strong>publicas,</strong></span> <span class='ocrx_word' id='word_1_201' title='bbox 3501 1356 3733 1415; x_wconf 80' lang='lat' dir='ltr'><strong>nullate-</strong></span> 
     </span>
    </p>
   </div>
   <div class='ocr_carea' id='block_1_28' title="bbox 2146 1449 3733 1520">
    <p class='ocr_par' dir='ltr' id='par_1_28' title="bbox 2146 1449 3733 1520">
     <span class='ocr_line' id='line_1_28' title="bbox 2146 1449 3733 1520; baseline -0.001 -15"><span class='ocrx_word' id='word_1_202' title='bbox 2146 1467 2245 1505; x_wconf 85' lang='lat' dir='ltr'><strong>nus</strong></span> <span class='ocrx_word' id='word_1_203' title='bbox 2274 1449 2326 1505; x_wconf 86' lang='lat' dir='ltr'><strong>id</strong></span> <span class='ocrx_word' id='word_1_204' title='bbox 2359 1451 2531 1505; x_wconf 89' lang='lat' dir='ltr'><strong>bonus</strong></span> <span class='ocrx_word' id='word_1_205' title='bbox 2558 1450 2851 1520; x_wconf 87' lang='lat' dir='ltr'><strong>imperator</strong></span> <span class='ocrx_word' id='word_1_206' title='bbox 2880 1458 3141 1505; x_wconf 88' lang='lat' dir='ltr'><strong>annueret</strong></span> <span class='ocrx_word' id='word_1_207' title='bbox 3170 1465 3184 1504; x_wconf 87' lang='lat'><strong>:</strong></span> <span class='ocrx_word' id='word_1_208' title='bbox 3213 1457 3402 1505; x_wconf 85' lang='lat' dir='ltr'><strong>contra</strong></span> <span class='ocrx_word' id='word_1_209' title='bbox 3435 1449 3600 1504; x_wconf 89' lang='lat' dir='ltr'><strong>Deum</strong></span> <span class='ocrx_word' id='word_1_210' title='bbox 3636 1464 3733 1519; x_wconf 84' lang='lat' dir='ltr'><strong>po-</strong></span> 
     </span>
    </p>
   </div>
   <div class='ocr_carea' id='block_1_29' title="bbox 2145 1540 3735 1612">
    <p class='ocr_par' dir='ltr' id='par_1_29' title="bbox 2145 1540 3735 1612">
     <span class='ocr_line' id='line_1_29' title="bbox 2145 1540 3735 1612; baseline -0.001 -13"><span class='ocrx_word' id='word_1_211' title='bbox 2145 1542 2420 1599; x_wconf 89' lang='lat' dir='ltr'><strong>scentibus</strong></span> <span class='ocrx_word' id='word_1_212' title='bbox 2460 1542 2781 1612; x_wconf 84' lang='lat' dir='ltr'><strong>acquiescit?</strong></span> <span class='ocrx_word' id='word_1_213' title='bbox 2816 1540 2871 1596; x_wconf 90' lang='lat' dir='ltr'><strong>Si</strong></span> <span class='ocrx_word' id='word_1_214' title='bbox 2915 1556 3075 1611; x_wconf 87' lang='lat' dir='ltr'><strong>prava</strong></span> <span class='ocrx_word' id='word_1_215' title='bbox 3106 1541 3447 1611; x_wconf 88' lang='lat' dir='ltr'><strong>cupientibus</strong></span> <span class='ocrx_word' id='word_1_216' title='bbox 3490 1555 3735 1597; x_wconf 87' lang='lat' dir='ltr'><strong>annuen-</strong></span> 
     </span>
    </p>
   </div>
   <div class='ocr_carea' id='block_1_30' title="bbox 2146 1633 3733 1705">
    <p class='ocr_par' dir='ltr' id='par_1_30' title="bbox 2146 1633 3733 1705">
     <span class='ocr_line' id='line_1_30' title="bbox 2146 1633 3733 1705; baseline 0 -15"><span class='ocrx_word' id='word_1_217' title='bbox 2146 1636 2273 1690; x_wconf 90' lang='lat' dir='ltr'><strong>dnm</strong></span> <span class='ocrx_word' id='word_1_218' title='bbox 2304 1643 2406 1703; x_wconf 88' lang='lat' dir='ltr'><strong>est,</strong></span> <span class='ocrx_word' id='word_1_219' title='bbox 2436 1635 2526 1689; x_wconf 89' lang='lat' dir='ltr'><strong>ubi</strong></span> <span class='ocrx_word' id='word_1_220' title='bbox 2549 1641 2633 1690; x_wconf 90' lang='lat' dir='ltr'><strong>est</strong></span> <span class='ocrx_word' id='word_1_221' title='bbox 2668 1634 2957 1705; x_wconf 89' lang='lat' dir='ltr'><strong>imperialis</strong></span> <span class='ocrx_word' id='word_1_222' title='bbox 2994 1634 3317 1691; x_wconf 79' lang='lat' dir='ltr'><strong>auctoritas?</strong></span> <span class='ocrx_word' id='word_1_223' title='bbox 3358 1633 3448 1690; x_wconf 91' lang='lat' dir='ltr'><strong>ubi</strong></span> <span class='ocrx_word' id='word_1_224' title='bbox 3482 1634 3733 1691; x_wconf 87' lang='lat' dir='ltr'><strong>modera-</strong></span> 
     </span>
    </p>
   </div>
   <div class='ocr_carea' id='block_1_31' title="bbox 2149 1726 3733 1796">
    <p class='ocr_par' dir='ltr' id='par_1_31' title="bbox 2149 1726 3733 1796">
     <span class='ocr_line' id='line_1_31' title="bbox 2149 1726 3733 1796; baseline 0.003 -16"><span class='ocrx_word' id='word_1_225' title='bbox 2149 1727 2254 1781; x_wconf 85' lang='lat' dir='ltr'><strong>tio?</strong></span> <span class='ocrx_word' id='word_1_226' title='bbox 2304 1727 2391 1782; x_wconf 91' lang='lat' dir='ltr'><strong>ubi</strong></span> <span class='ocrx_word' id='word_1_227' title='bbox 2438 1727 2613 1795; x_wconf 79' lang='lat' dir='ltr'><strong>legum</strong></span> <span class='ocrx_word' id='word_1_228' title='bbox 2671 1726 3032 1796; x_wconf 76' lang='lat' dir='ltr'><strong>gubernatio?</strong></span> <span class='ocrx_word' id='word_1_229' title='bbox 3078 1726 3134 1782; x_wconf 87' lang='lat' dir='ltr'><strong>Si</strong></span> <span class='ocrx_word' id='word_1_230' title='bbox 3175 1736 3360 1781; x_wconf 88' lang='lat' dir='ltr'><strong>contra</strong></span> <span class='ocrx_word' id='word_1_231' title='bbox 3408 1726 3733 1784; x_wconf 82' lang='lat' dir='ltr'><strong>catholicam</strong></span> 
     </span>
    </p>
   </div>
   <div class='ocr_carea' id='block_1_32' title="bbox 456 1805 3730 1889">
    <p class='ocr_par' dir='ltr' id='par_1_32' title="bbox 456 1805 3730 1889">
     <span class='ocr_line' id='line_1_32' title="bbox 456 1805 3730 1889; baseline 0.004 -27"><span class='ocrx_word' id='word_1_232' title='bbox 456 1818 640 1863; x_wconf 89' lang='lat' dir='ltr'><strong>contra</strong></span> <span class='ocrx_word' id='word_1_233' title='bbox 671 1809 771 1863; x_wconf 91' lang='lat' dir='ltr'><strong>hoc</strong></span> <span class='ocrx_word' id='word_1_234' title='bbox 808 1812 949 1879; x_wconf 88' lang='lat' dir='ltr'><strong>quod</strong></span> <span class='ocrx_word' id='word_1_235' title='bbox 975 1813 1151 1882; x_wconf 86' lang='lat' dir='ltr'><strong>palam</strong></span> <span class='ocrx_word' id='word_1_236' title='bbox 1182 1813 1483 1881; x_wconf 90' lang='lat' dir='ltr'><strong>proﬁtetur,</strong></span> <span class='ocrx_word' id='word_1_237' title='bbox 1529 1823 1715 1869; x_wconf 88' lang='lat' dir='ltr'><strong>contra</strong></span> <span class='ocrx_word' id='word_1_238' title='bbox 1745 1816 1909 1871; x_wconf 89' lang='lat' dir='ltr'><strong>decus</strong></span> <span class='ocrx_word' id='word_1_239' title='bbox 1941 1818 2041 1872; x_wconf 92' lang='lat' dir='ltr'><strong>im-</strong></span> <span class='ocrx_word' id='word_1_240' title='bbox 2075 1805 2124 1866; x_wconf 87' lang='lat' dir='ltr'><strong>B</strong></span> <span class='ocrx_word' id='word_1_241' title='bbox 2151 1818 2308 1873; x_wconf 90' lang='lat' dir='ltr'><strong>ﬁdem</strong></span> <span class='ocrx_word' id='word_1_242' title='bbox 2340 1828 2393 1873; x_wconf 90' lang='lat' dir='ltr'><strong>et</strong></span> <span class='ocrx_word' id='word_1_243' title='bbox 2442 1817 2872 1873; x_wconf 86' lang='lat' dir='ltr'><strong>Ecclesiasticam</strong></span> <span class='ocrx_word' id='word_1_244' title='bbox 2902 1817 3141 1888; x_wconf 78' lang='lat' dir='ltr'><strong>regulam</strong></span> <span class='ocrx_word' id='word_1_245' title='bbox 3178 1818 3487 1889; x_wconf 85' lang='lat' dir='ltr'><strong>petentibus</strong></span> <span class='ocrx_word' id='word_1_246' title='bbox 3522 1834 3730 1876; x_wconf 88' lang='lat' dir='ltr'><strong>conce-</strong></span> 
     </span>
    </p>
   </div>
   <div class='ocr_carea' id='block_1_33' title="bbox 454 1902 2039 1982">
    <p class='ocr_par' dir='ltr' id='par_1_33' title="bbox 454 1902 2039 1982">
     <span class='ocr_line' id='line_1_33' title="bbox 454 1902 2039 1982; baseline 0.008 -27"><span class='ocrx_word' id='word_1_247' title='bbox 454 1902 587 1970; x_wconf 86' lang='lat' dir='ltr'><strong>perii</strong></span> <span class='ocrx_word' id='word_1_248' title='bbox 615 1904 934 1959; x_wconf 89' lang='lat' dir='ltr'><strong>catholicam</strong></span> <span class='ocrx_word' id='word_1_249' title='bbox 969 1905 1471 1977; x_wconf 78' lang='lat' dir='ltr'><strong>ﬁdemimpugnare</strong></span> <span class='ocrx_word' id='word_1_250' title='bbox 1496 1909 1723 1965; x_wconf 86' lang='lat' dir='ltr'><strong>dicatur.</strong></span> <span class='ocrx_word' id='word_1_251' title='bbox 1759 1912 2039 1982; x_wconf 68' lang='lat' dir='ltr'><strong>lmpugnat</strong></span> 
     </span>
    </p>
   </div>
   <div class='ocr_carea' id='block_1_34' title="bbox 454 1994 2039 2070">
    <p class='ocr_par' dir='ltr' id='par_1_34' title="bbox 454 1994 2039 2070">
     <span class='ocr_line' id='line_1_34' title="bbox 454 1994 2039 2070; baseline 0.008 -26"><span class='ocrx_word' id='word_1_252' title='bbox 454 2002 654 2059; x_wconf 86' lang='lat' dir='ltr'><strong>autem,</strong></span> <span class='ocrx_word' id='word_1_253' title='bbox 677 1994 822 2064; x_wconf 91' lang='lat' dir='ltr'><strong>quod</strong></span> <span class='ocrx_word' id='word_1_254' title='bbox 852 1995 1012 2061; x_wconf 86' lang='lat' dir='ltr'><strong>absit,</strong></span> <span class='ocrx_word' id='word_1_255' title='bbox 1040 1998 1086 2051; x_wconf 91' lang='lat' dir='ltr'><strong>si</strong></span> <span class='ocrx_word' id='word_1_256' title='bbox 1122 2013 1443 2068; x_wconf 90' lang='lat' dir='ltr'><strong>quemquam</strong></span> <span class='ocrx_word' id='word_1_257' title='bbox 1472 2002 1526 2054; x_wconf 91' lang='lat' dir='ltr'><strong>in</strong></span> <span class='ocrx_word' id='word_1_258' title='bbox 1558 2000 1661 2056; x_wconf 90' lang='lat' dir='ltr'><strong>hoc</strong></span> <span class='ocrx_word' id='word_1_259' title='bbox 1688 2002 1828 2070; x_wconf 91' lang='lat' dir='ltr'><strong>quod</strong></span> <span class='ocrx_word' id='word_1_260' title='bbox 1857 2001 2039 2057; x_wconf 88' lang='lat' dir='ltr'><strong>inimi-</strong></span> 
     </span>
    </p>
   </div>
   <div class='ocr_carea' id='block_1_35' title="bbox 454 2084 2037 2167">
    <p class='ocr_par' dir='ltr' id='par_1_35' title="bbox 454 2084 2037 2167">
     <span class='ocr_line' id='line_1_35' title="bbox 454 2084 2037 2167; baseline 0.007 -27"><span class='ocrx_word' id='word_1_261' title='bbox 454 2100 579 2140; x_wconf 90' lang='lat' dir='ltr'><strong>cum</strong></span> <span class='ocrx_word' id='word_1_262' title='bbox 607 2095 689 2140; x_wconf 89' lang='lat' dir='ltr'><strong>est</strong></span> <span class='ocrx_word' id='word_1_263' title='bbox 728 2084 1009 2142; x_wconf 68' lang='lat' dir='ltr'><strong>catholicae</strong></span> <span class='ocrx_word' id='word_1_264' title='bbox 1045 2090 1322 2157; x_wconf 66' lang='lat' dir='ltr'><strong>Ecclesiae,</strong></span> <span class='ocrx_word' id='word_1_265' title='bbox 1358 2094 1678 2150; x_wconf 87' lang='lat' dir='ltr'><strong>necessitate</strong></span> <span class='ocrx_word' id='word_1_266' title='bbox 1702 2097 2037 2167; x_wconf 88' lang='lat' dir='ltr'><strong>compellat:</strong></span> 
     </span>
    </p>
   </div>
   <div class='ocr_carea' id='block_1_36' title="bbox 456 2177 2041 2259">
    <p class='ocr_par' dir='ltr' id='par_1_36' title="bbox 456 2177 2041 2259">
     <span class='ocr_line' id='line_1_36' title="bbox 456 2177 2041 2259; baseline 0.01 -28"><span class='ocrx_word' id='word_1_267' title='bbox 456 2177 560 2232; x_wconf 90' lang='lat' dir='ltr'><strong>hoc</strong></span> <span class='ocrx_word' id='word_1_268' title='bbox 598 2179 714 2247; x_wconf 88' lang='lat' dir='ltr'><strong>ipso</strong></span> <span class='ocrx_word' id='word_1_269' title='bbox 748 2187 946 2245; x_wconf 90' lang='lat' dir='ltr'><strong>autem,</strong></span> <span class='ocrx_word' id='word_1_270' title='bbox 980 2180 1119 2236; x_wconf 90' lang='lat' dir='ltr'><strong>sicut</strong></span> <span class='ocrx_word' id='word_1_271' title='bbox 1148 2183 1350 2238; x_wconf 89' lang='lat' dir='ltr'><strong>dictum</strong></span> <span class='ocrx_word' id='word_1_272' title='bbox 1390 2197 1494 2252; x_wconf 89' lang='lat' dir='ltr'><strong>est,</strong></span> <span class='ocrx_word' id='word_1_273' title='bbox 1527 2196 1740 2243; x_wconf 87' lang='lat' dir='ltr'><strong>constat</strong></span> <span class='ocrx_word' id='word_1_274' title='bbox 1772 2202 1891 2245; x_wconf 89' lang='lat' dir='ltr'><strong>esse</strong></span> <span class='ocrx_word' id='word_1_275' title='bbox 1920 2204 2041 2259; x_wconf 87' lang='lat' dir='ltr'><strong>per-</strong></span> 
     </span>
    </p>
   </div>
   <div class='ocr_carea' id='block_1_37' title="bbox 456 2270 2040 2341">
    <p class='ocr_par' dir='ltr' id='par_1_37' title="bbox 456 2270 2040 2341">
     <span class='ocr_line' id='line_1_37' title="bbox 456 2270 2040 2341; baseline 0.012 -19"><span class='ocrx_word' id='word_1_276' title='bbox 456 2281 691 2334; x_wconf 83' lang='lat' dir='ltr'><strong>versum,</strong></span> <span class='ocrx_word' id='word_1_277' title='bbox 720 2271 861 2339; x_wconf 89' lang='lat' dir='ltr'><strong>quod</strong></span> <span class='ocrx_word' id='word_1_278' title='bbox 884 2270 1081 2328; x_wconf 89' lang='lat' dir='ltr'><strong>dicitur</strong></span> <span class='ocrx_word' id='word_1_279' title='bbox 1108 2277 1435 2332; x_wconf 85' lang='lat' dir='ltr'><strong>necessitate</strong></span> <span class='ocrx_word' id='word_1_280' title='bbox 1460 2281 1745 2336; x_wconf 90' lang='lat' dir='ltr'><strong>committi.</strong></span> <span class='ocrx_word' id='word_1_281' title='bbox 1780 2282 1885 2338; x_wconf 87' lang='lat' dir='ltr'><strong>Sed</strong></span> <span class='ocrx_word' id='word_1_282' title='bbox 1923 2284 2040 2341; x_wconf 72' lang='lat' dir='ltr'><strong>haec</strong></span> 
     </span>
    </p>
   </div>
   <div class='ocr_carea' id='block_1_38' title="bbox 455 2360 2039 2440">
    <p class='ocr_par' dir='ltr' id='par_1_38' title="bbox 455 2360 2039 2440">
     <span class='ocr_line' id='line_1_38' title="bbox 455 2360 2039 2440; baseline 0.011 -27"><span class='ocrx_word' id='word_1_283' title='bbox 455 2360 523 2414; x_wconf 89' lang='lat' dir='ltr'><strong>de</strong></span> <span class='ocrx_word' id='word_1_284' title='bbox 573 2363 898 2430; x_wconf 87' lang='lat' dir='ltr'><strong>imperatore</strong></span> <span class='ocrx_word' id='word_1_285' title='bbox 941 2365 1195 2431; x_wconf 80' lang='lat' dir='ltr'><strong>viderint,</strong></span> <span class='ocrx_word' id='word_1_286' title='bbox 1245 2369 1335 2437; x_wconf 92' lang='lat' dir='ltr'><strong>qui</strong></span> <span class='ocrx_word' id='word_1_287' title='bbox 1376 2370 1479 2425; x_wconf 85' lang='lat' dir='ltr'><strong>ista</strong></span> <span class='ocrx_word' id='word_1_288' title='bbox 1530 2373 1905 2440; x_wconf 65' lang='lat' dir='ltr'><strong>praetendunt:</strong></span> <span class='ocrx_word' id='word_1_289' title='bbox 1940 2390 2039 2429; x_wconf 94' lang='lat' dir='ltr'><strong>nos</strong></span> 
     </span>
    </p>
   </div>
   <div class='ocr_carea' id='block_1_39' title="bbox 456 2442 2033 2533">
    <p class='ocr_par' dir='ltr' id='par_1_39' title="bbox 456 2442 2033 2533">
     <span class='ocr_line' id='line_1_39' title="bbox 456 2442 2033 2533; baseline 0.008 -23"><span class='ocrx_word' id='word_1_290' title='bbox 456 2466 634 2511; x_wconf 90' lang='lat' dir='ltr'><strong>autem</strong></span> <span class='ocrx_word' id='word_1_291' title='bbox 666 2459 828 2513; x_wconf 90' lang='lat' dir='ltr'><strong>etiam</strong></span> <span class='ocrx_word' id='word_1_292' title='bbox 855 2459 908 2513; x_wconf 90' lang='lat' dir='ltr'><strong>in</strong></span> <span class='ocrx_word' id='word_1_293' title='bbox 942 2458 1041 2514; x_wconf 88' lang='lat' dir='ltr'><strong>hac</strong></span> <span class='ocrx_word' id='word_1_294' title='bbox 1064 2471 1218 2529; x_wconf 90' lang='lat' dir='ltr'><strong>parte</strong></span> <span class='ocrx_word' id='word_1_295' title='bbox 1249 2470 1275 2499; x_wconf 75' lang='grc' dir='ltr'>ει</span> <span class='ocrx_word' id='word_1_296' title='bbox 1300 2442 1641 2533; x_wconf 86' lang='lat' dir='ltr'><strong>imperatoris</strong></span> <span class='ocrx_word' id='word_1_297' title='bbox 1666 2483 1817 2524; x_wconf 89' lang='lat' dir='ltr'><strong>sacra</strong></span> <span class='ocrx_word' id='word_1_298' title='bbox 1850 2469 2033 2525; x_wconf 51' lang='lat' dir='ltr'><strong>recita.</strong></span> 
     </span>
    </p>
   </div>
   <div class='ocr_carea' id='block_1_40' title="bbox 457 2548 2039 2621">
    <p class='ocr_par' dir='ltr' id='par_1_40' title="bbox 457 2548 2039 2621">
     <span class='ocr_line' id='line_1_40' title="bbox 457 2548 2039 2621; baseline 0.011 -19"><span class='ocrx_word' id='word_1_299' title='bbox 457 2564 599 2612; x_wconf 89' lang='lat' dir='ltr'><strong>mus,</strong></span> <span class='ocrx_word' id='word_1_300' title='bbox 634 2548 830 2618; x_wconf 88' lang='lat' dir='ltr'><strong>quibus</strong></span> <span class='ocrx_word' id='word_1_301' title='bbox 859 2551 1039 2605; x_wconf 89' lang='lat' dir='ltr'><strong>omnia</strong></span> <span class='ocrx_word' id='word_1_302' title='bbox 1068 2568 1127 2607; x_wconf 90' lang='lat' dir='ltr'><strong>se</strong></span> <span class='ocrx_word' id='word_1_303' title='bbox 1168 2552 1461 2621; x_wconf 90' lang='lat' dir='ltr'><strong>imperator</strong></span> <span class='ocrx_word' id='word_1_304' title='bbox 1489 2573 1610 2613; x_wconf 91' lang='lat' dir='ltr'><strong>cum</strong></span> <span class='ocrx_word' id='word_1_305' title='bbox 1645 2560 1831 2616; x_wconf 84' lang='lat' dir='ltr'><strong>Acacii</strong></span> <span class='ocrx_word' id='word_1_306' title='bbox 1861 2566 2039 2619; x_wconf 71' lang='lat' dir='ltr'><strong>const-</strong></span> 
     </span>
    </p>
   </div>
   <div class='ocr_carea' id='block_1_41' title="bbox 461 2634 2035 2721">
    <p class='ocr_par' dir='ltr' id='par_1_41' title="bbox 461 2634 2035 2721">
     <span class='ocr_line' id='line_1_41' title="bbox 461 2634 2035 2721; baseline 0.011 -29"><span class='ocrx_word' id='word_1_307' title='bbox 461 2639 534 2692; x_wconf 91' lang='lat' dir='ltr'><strong>lio</strong></span> <span class='ocrx_word' id='word_1_308' title='bbox 549 2640 738 2694; x_wconf 79' lang='lat' dir='ltr'><strong>fecisse</strong></span> <span class='ocrx_word' id='word_1_309' title='bbox 757 2636 983 2707; x_wconf 82' lang='lat' dir='ltr'><strong>promit,</strong></span> <span class='ocrx_word' id='word_1_310' title='bbox 999 2650 1055 2695; x_wconf 89' lang='lat' dir='ltr'><strong>et</strong></span> <span class='ocrx_word' id='word_1_311' title='bbox 1074 2642 1199 2697; x_wconf 86' lang='lat' dir='ltr'><strong>item</strong></span> <span class='ocrx_word' id='word_1_312' title='bbox 1222 2646 1402 2701; x_wconf 84' lang='lat' dir='ltr'><strong>Acacii</strong></span> <span class='ocrx_word' id='word_1_313' title='bbox 1423 2649 1624 2719; x_wconf 89' lang='lat' dir='ltr'><strong>scripta</strong></span> <span class='ocrx_word' id='word_1_314' title='bbox 1648 2634 2035 2721; x_wconf 83' lang='lat' dir='ltr'><strong>depromimus,</strong></span> 
     </span>
    </p>
   </div>
   <div class='ocr_carea' id='block_1_42' title="bbox 457 2729 2039 2801">
    <p class='ocr_par' dir='ltr' id='par_1_42' title="bbox 457 2729 2039 2801">
     <span class='ocr_line' id='line_1_42' title="bbox 457 2729 2039 2801; baseline 0.012 -18"><span class='ocrx_word' id='word_1_315' title='bbox 457 2745 578 2800; x_wconf 68' lang='lat' dir='ltr'><strong>qua:</strong></span> <span class='ocrx_word' id='word_1_316' title='bbox 634 2729 852 2785; x_wconf 89' lang='lat' dir='ltr'><strong>laudant</strong></span> <span class='ocrx_word' id='word_1_317' title='bbox 909 2730 1288 2801; x_wconf 85' lang='lat' dir='ltr'><strong>imperatorem</strong></span> <span class='ocrx_word' id='word_1_318' title='bbox 1349 2737 1447 2792; x_wconf 88' lang='lat' dir='ltr'><strong>ista</strong></span> <span class='ocrx_word' id='word_1_319' title='bbox 1499 2739 1806 2798; x_wconf 78' lang='lat' dir='ltr'><strong>facientem.</strong></span> <span class='ocrx_word' id='word_1_320' title='bbox 1868 2745 2039 2801; x_wconf 85' lang='lat' dir='ltr'><strong>Nemo</strong></span> 
     </span>
    </p>
   </div>
   <div class='ocr_carea' id='block_1_43' title="bbox 426 2820 2039 2893">
    <p class='ocr_par' dir='ltr' id='par_1_43' title="bbox 426 2820 2039 2893">
     <span class='ocr_line' id='line_1_43' title="bbox 426 2820 2039 2893; baseline 0.012 -18"><span class='ocrx_word' id='word_1_321' title='bbox 426 2870 429 2875; x_wconf 89' lang='lat'><strong>.</strong></span> <span class='ocrx_word' id='word_1_322' title='bbox 455 2820 597 2889; x_wconf 90' lang='lat' dir='ltr'><strong>quod</strong></span> <span class='ocrx_word' id='word_1_323' title='bbox 626 2821 822 2890; x_wconf 89' lang='lat' dir='ltr'><strong>patitur</strong></span> <span class='ocrx_word' id='word_1_324' title='bbox 852 2824 1195 2890; x_wconf 81' lang='lat' dir='ltr'><strong>necessitate,</strong></span> <span class='ocrx_word' id='word_1_325' title='bbox 1241 2825 1550 2884; x_wconf 86' lang='lat' dir='ltr'><strong>collaudat:</strong></span> <span class='ocrx_word' id='word_1_326' title='bbox 1580 2847 1739 2888; x_wconf 90' lang='lat' dir='ltr'><strong>nemo</strong></span> <span class='ocrx_word' id='word_1_327' title='bbox 1777 2850 1877 2890; x_wconf 89' lang='lat' dir='ltr'><strong>suo</strong></span> <span class='ocrx_word' id='word_1_328' title='bbox 1907 2852 2039 2893; x_wconf 88' lang='lat' dir='ltr'><strong>con-</strong></span> 
     </span>
    </p>
   </div>
   <div class='ocr_carea' id='block_1_44' title="bbox 454 2911 2039 2986">
    <p class='ocr_par' dir='ltr' id='par_1_44' title="bbox 454 2911 2039 2986">
     <span class='ocr_line' id='line_1_44' title="bbox 454 2911 2039 2986; baseline 0.013 -21"><span class='ocrx_word' id='word_1_329' title='bbox 454 2911 580 2965; x_wconf 89' lang='lat' dir='ltr'><strong>silio</strong></span> <span class='ocrx_word' id='word_1_330' title='bbox 612 2913 990 2968; x_wconf 90' lang='lat' dir='ltr'><strong>necessitatem</strong></span> <span class='ocrx_word' id='word_1_331' title='bbox 1032 2914 1134 2969; x_wconf 89' lang='lat' dir='ltr'><strong>sibi</strong></span> <span class='ocrx_word' id='word_1_332' title='bbox 1168 2919 1337 2984; x_wconf 84' lang='lat' dir='ltr'><strong>poscit</strong></span> <span class='ocrx_word' id='word_1_333' title='bbox 1376 2918 1671 2981; x_wconf 58' lang='lat' dir='ltr'><strong>inferri.‘Si</strong></span> <span class='ocrx_word' id='word_1_334' title='bbox 1714 2932 2039 2986; x_wconf 86' lang='lat' dir='ltr'><strong>necessitate</strong></span> 
     </span>
    </p>
   </div>
   <div class='ocr_carea' id='block_1_45' title="bbox 453 3003 2035 3080">
    <p class='ocr_par' dir='ltr' id='par_1_45' title="bbox 453 3003 2035 3080">
     <span class='ocr_line' id='line_1_45' title="bbox 453 3003 2035 3080; baseline 0.013 -23"><span class='ocrx_word' id='word_1_335' title='bbox 453 3003 602 3069; x_wconf 85' lang='lat' dir='ltr'><strong>fecit,</strong></span> <span class='ocrx_word' id='word_1_336' title='bbox 638 3005 864 3061; x_wconf 82' lang='lat' dir='ltr'><strong>fateatur</strong></span> <span class='ocrx_word' id='word_1_337' title='bbox 901 3006 1098 3060; x_wconf 83' lang='lat' dir='ltr'><strong>malum</strong></span> <span class='ocrx_word' id='word_1_338' title='bbox 1125 3022 1246 3064; x_wconf 88' lang='lat' dir='ltr'><strong>esse</strong></span> <span class='ocrx_word' id='word_1_339' title='bbox 1281 3011 1423 3080; x_wconf 91' lang='lat' dir='ltr'><strong>quod</strong></span> <span class='ocrx_word' id='word_1_340' title='bbox 1462 3011 1623 3079; x_wconf 82' lang='lat' dir='ltr'><strong>fecit;</strong></span> <span class='ocrx_word' id='word_1_341' title='bbox 1670 3019 1858 3074; x_wconf 85' lang='lat' dir='ltr'><strong>nolens</strong></span> <span class='ocrx_word' id='word_1_342' title='bbox 1888 3022 2035 3076; x_wconf 87' lang='lat' dir='ltr'><strong>enim</strong></span> 
     </span>
    </p>
   </div>
   <div class='ocr_carea' id='block_1_46' title="bbox 452 3098 2037 3182">
    <p class='ocr_par' dir='ltr' id='par_1_46' title="bbox 452 3098 2037 3182">
     <span class='ocr_line' id='line_1_46' title="bbox 452 3098 2037 3182; baseline 0.016 -33"><span class='ocrx_word' id='word_1_343' title='bbox 452 3113 559 3150; x_wconf 91' lang='lat' dir='ltr'><strong>non</strong></span> <span class='ocrx_word' id='word_1_344' title='bbox 592 3098 777 3153; x_wconf 91' lang='lat' dir='ltr'><strong>volens</strong></span> <span class='ocrx_word' id='word_1_345' title='bbox 804 3098 960 3164; x_wconf 84' lang='lat' dir='ltr'><strong>facit;</strong></span> <span class='ocrx_word' id='word_1_346' title='bbox 994 3117 1098 3156; x_wconf 91' lang='lat' dir='ltr'><strong>non</strong></span> <span class='ocrx_word' id='word_1_347' title='bbox 1131 3107 1274 3159; x_wconf 90' lang='lat' dir='ltr'><strong>enim</strong></span> <span class='ocrx_word' id='word_1_348' title='bbox 1306 3107 1580 3166; x_wconf 81' lang='lat' dir='ltr'><strong>voluntate</strong></span> <span class='ocrx_word' id='word_1_349' title='bbox 1610 3112 1737 3168; x_wconf 78' lang='lat' dir='ltr'><strong>facit</strong></span> <span class='ocrx_word' id='word_1_350' title='bbox 1765 3116 1908 3182; x_wconf 87' lang='lat' dir='ltr'><strong>quod</strong></span> <span class='ocrx_word' id='word_1_351' title='bbox 1938 3132 2037 3173; x_wconf 84' lang='lat' dir='ltr'><strong>ne-</strong></span> 
     </span>
    </p>
   </div>
   <div class='ocr_carea' id='block_1_47' title="bbox 2144 1910 3732 1984">
    <p class='ocr_par' dir='ltr' id='par_1_47' title="bbox 2144 1910 3732 1984">
     <span class='ocr_line' id='line_1_47' title="bbox 2144 1910 3732 1984; baseline 0.002 -17"><span class='ocrx_word' id='word_1_352' title='bbox 2144 1910 2379 1967; x_wconf 90' lang='lat' dir='ltr'><strong>dendum</strong></span> <span class='ocrx_word' id='word_1_353' title='bbox 2405 1921 2487 1966; x_wconf 92' lang='lat' dir='ltr'><strong>est</strong></span> <span class='ocrx_word' id='word_1_354' title='bbox 2509 1912 2651 1981; x_wconf 89' lang='lat' dir='ltr'><strong>quod</strong></span> <span class='ocrx_word' id='word_1_355' title='bbox 2672 1920 2906 1982; x_wconf 85' lang='lat' dir='ltr'><strong>petatur,</strong></span> <span class='ocrx_word' id='word_1_356' title='bbox 2922 1912 3195 1984; x_wconf 90' lang='lat' dir='ltr'><strong>quomodo</strong></span> <span class='ocrx_word' id='word_1_357' title='bbox 3222 1912 3527 1969; x_wconf 89' lang='lat' dir='ltr'><strong>catholicus</strong></span> <span class='ocrx_word' id='word_1_358' title='bbox 3553 1915 3732 1984; x_wconf 83' lang='lat' dir='ltr'><strong>impe-</strong></span> 
     </span>
    </p>
   </div>
   <div class='ocr_carea' id='block_1_48' title="bbox 2143 2008 3729 2081">
    <p class='ocr_par' dir='ltr' id='par_1_48' title="bbox 2143 2008 3729 2081">
     <span class='ocr_line' id='line_1_48' title="bbox 2143 2008 3729 2081; baseline 0.004 -18"><span class='ocrx_word' id='word_1_359' title='bbox 2143 2017 2290 2063; x_wconf 90' lang='lat' dir='ltr'><strong>rator</strong></span> <span class='ocrx_word' id='word_1_360' title='bbox 2319 2008 2615 2078; x_wconf 88' lang='lat' dir='ltr'><strong>permittat,</strong></span> <span class='ocrx_word' id='word_1_361' title='bbox 2648 2024 2716 2063; x_wconf 90' lang='lat' dir='ltr'><strong>ne</strong></span> <span class='ocrx_word' id='word_1_362' title='bbox 2737 2009 2831 2064; x_wconf 88' lang='lat' dir='ltr'><strong>llat</strong></span> <span class='ocrx_word' id='word_1_363' title='bbox 2849 2018 3038 2064; x_wconf 88' lang='lat' dir='ltr'><strong>contra</strong></span> <span class='ocrx_word' id='word_1_364' title='bbox 3065 2009 3346 2065; x_wconf 85' lang='lat' dir='ltr'><strong>hominum</strong></span> <span class='ocrx_word' id='word_1_365' title='bbox 3368 2011 3729 2081; x_wconf 76' lang='lat' dir='ltr'><strong>voluntatem,</strong></span> 
     </span>
    </p>
   </div>
   <div class='ocr_carea' id='block_1_49' title="bbox 2143 2102 3730 2176">
    <p class='ocr_par' dir='ltr' id='par_1_49' title="bbox 2143 2102 3730 2176">
     <span class='ocr_line' id='line_1_49' title="bbox 2143 2102 3730 2176; baseline 0.002 -20"><span class='ocrx_word' id='word_1_366' title='bbox 2143 2102 2237 2156; x_wconf 91' lang='lat' dir='ltr'><strong>ﬁat</strong></span> <span class='ocrx_word' id='word_1_367' title='bbox 2263 2112 2449 2157; x_wconf 89' lang='lat' dir='ltr'><strong>contra</strong></span> <span class='ocrx_word' id='word_1_368' title='bbox 2478 2102 2684 2157; x_wconf 88' lang='lat' dir='ltr'><strong>Deum?</strong></span> <span class='ocrx_word' id='word_1_369' title='bbox 2728 2118 2797 2159; x_wconf 90' lang='lat' dir='ltr'><strong>ne</strong></span> <span class='ocrx_word' id='word_1_370' title='bbox 2825 2104 3186 2174; x_wconf 89' lang='lat' dir='ltr'><strong>corripiantur</strong></span> <span class='ocrx_word' id='word_1_371' title='bbox 3222 2104 3426 2161; x_wconf 91' lang='lat' dir='ltr'><strong>utiliter</strong></span> <span class='ocrx_word' id='word_1_372' title='bbox 3457 2106 3730 2176; x_wconf 85' lang='lat' dir='ltr'><strong>improba,</strong></span> 
     </span>
    </p>
   </div>
   <div class='ocr_carea' id='block_1_50' title="bbox 2142 2192 3732 2267">
    <p class='ocr_par' dir='ltr' id='par_1_50' title="bbox 2142 2192 3732 2267">
     <span class='ocr_line' id='line_1_50' title="bbox 2142 2192 3732 2267; baseline 0.004 -18"><span class='ocrx_word' id='word_1_373' title='bbox 2142 2193 2252 2249; x_wconf 91' lang='lat' dir='ltr'><strong>imo</strong></span> <span class='ocrx_word' id='word_1_374' title='bbox 2282 2192 2497 2249; x_wconf 88' lang='lat' dir='ltr'><strong>lethalia</strong></span> <span class='ocrx_word' id='word_1_375' title='bbox 2521 2194 2887 2264; x_wconf 83' lang='lat' dir='ltr'><strong>concipierites</strong></span> <span class='ocrx_word' id='word_1_376' title='bbox 2912 2209 2978 2251; x_wconf 91' lang='lat' dir='ltr'><strong>ne</strong></span> <span class='ocrx_word' id='word_1_377' title='bbox 3004 2197 3363 2267; x_wconf 75' lang='lat' dir='ltr'><strong>corrigantur,</strong></span> <span class='ocrx_word' id='word_1_378' title='bbox 3396 2200 3579 2254; x_wconf 86' lang='lat' dir='ltr'><strong>insana</strong></span> <span class='ocrx_word' id='word_1_379' title='bbox 3611 2214 3732 2255; x_wconf 85' lang='lat' dir='ltr'><strong>mo-</strong></span> 
     </span>
    </p>
   </div>
   <div class='ocr_carea' id='block_1_51' title="bbox 2145 2288 3734 2361">
    <p class='ocr_par' dir='ltr' id='par_1_51' title="bbox 2145 2288 3734 2361">
     <span class='ocr_line' id='line_1_51' title="bbox 2145 2288 3734 2361; baseline 0.004 -20"><span class='ocrx_word' id='word_1_380' title='bbox 2145 2288 2337 2343; x_wconf 89' lang='lat' dir='ltr'><strong>licntes</strong></span> <span class='ocrx_word' id='word_1_381' title='bbox 2370 2296 2599 2357; x_wconf 89' lang='lat' dir='ltr'><strong>pereant</strong></span> <span class='ocrx_word' id='word_1_382' title='bbox 2644 2288 2699 2342; x_wconf 92' lang='lat' dir='ltr'><strong>in</strong></span> <span class='ocrx_word' id='word_1_383' title='bbox 2737 2290 3037 2344; x_wconf 67' lang='lat' dir='ltr'><strong>internum?</strong></span> <span class='ocrx_word' id='word_1_384' title='bbox 3081 2288 3191 2344; x_wconf 87' lang='lat' dir='ltr'><strong>Nec</strong></span> <span class='ocrx_word' id='word_1_385' title='bbox 3231 2289 3357 2346; x_wconf 88' lang='lat' dir='ltr'><strong>boni</strong></span> <span class='ocrx_word' id='word_1_386' title='bbox 3388 2291 3734 2361; x_wconf 86' lang='lat' dir='ltr'><strong>imperatoris</strong></span> 
     </span>
    </p>
   </div>
   <div class='ocr_carea' id='block_1_52' title="bbox 2143 2379 3733 2450">
    <p class='ocr_par' dir='ltr' id='par_1_52' title="bbox 2143 2379 3733 2450">
     <span class='ocr_line' id='line_1_52' title="bbox 2143 2379 3733 2450; baseline 0.002 -15"><span class='ocrx_word' id='word_1_387' title='bbox 2143 2388 2246 2447; x_wconf 91' lang='lat' dir='ltr'><strong>est,</strong></span> <span class='ocrx_word' id='word_1_388' title='bbox 2280 2394 2380 2435; x_wconf 90' lang='lat' dir='ltr'><strong>nec</strong></span> <span class='ocrx_word' id='word_1_389' title='bbox 2420 2379 2668 2435; x_wconf 89' lang='lat' dir='ltr'><strong>catholici</strong></span> <span class='ocrx_word' id='word_1_390' title='bbox 2700 2381 2954 2450; x_wconf 82' lang='lat' dir='ltr'><strong>principis</strong></span> <span class='ocrx_word' id='word_1_391' title='bbox 2990 2380 3206 2436; x_wconf 82' lang='lat' dir='ltr'><strong>sibimet</strong></span> <span class='ocrx_word' id='word_1_392' title='bbox 3252 2383 3599 2450; x_wconf 88' lang='lat' dir='ltr'><strong>poscentibus</strong></span> <span class='ocrx_word' id='word_1_393' title='bbox 3629 2382 3733 2438; x_wconf 87' lang='lat' dir='ltr'><strong>ini-</strong></span> 
     </span>
    </p>
   </div>
   <div class='ocr_carea' id='block_1_53' title="bbox 2144 2470 3734 2544">
    <p class='ocr_par' dir='ltr' id='par_1_53' title="bbox 2144 2470 3734 2544">
     <span class='ocr_line' id='line_1_53' title="bbox 2144 2470 3734 2544; baseline 0.002 -16"><span class='ocrx_word' id='word_1_394' title='bbox 2144 2473 2280 2528; x_wconf 89' lang='lat' dir='ltr'><strong>mica</strong></span> <span class='ocrx_word' id='word_1_395' title='bbox 2332 2470 2659 2537; x_wconf 90' lang='lat' dir='ltr'><strong>concedere;</strong></span> <span class='ocrx_word' id='word_1_396' title='bbox 2708 2471 2817 2527; x_wconf 91' lang='lat' dir='ltr'><strong>imo</strong></span> <span class='ocrx_word' id='word_1_397' title='bbox 2863 2481 2920 2527; x_wconf 90' lang='lat' dir='ltr'><strong>et</strong></span> <span class='ocrx_word' id='word_1_398' title='bbox 2959 2471 3059 2542; x_wconf 88' lang='lat' dir='ltr'><strong>ipsi</strong></span> <span class='ocrx_word' id='word_1_399' title='bbox 3086 2472 3156 2528; x_wconf 90' lang='lat' dir='ltr'><strong>de</strong></span> <span class='ocrx_word' id='word_1_400' title='bbox 3191 2472 3383 2543; x_wconf 88' lang='lat' dir='ltr'><strong>quibus</strong></span> <span class='ocrx_word' id='word_1_401' title='bbox 3425 2474 3626 2544; x_wconf 81' lang='lat' dir='ltr'><strong>agitur,</strong></span> <span class='ocrx_word' id='word_1_402' title='bbox 3680 2485 3734 2531; x_wconf 84' lang='lat' dir='ltr'><strong>et</strong></span> 
     </span>
    </p>
   </div>
   <div class='ocr_carea' id='block_1_54' title="bbox 2143 2556 3734 2635">
    <p class='ocr_par' dir='ltr' id='par_1_54' title="bbox 2143 2556 3734 2635">
     <span class='ocr_line' id='line_1_54' title="bbox 2143 2556 3734 2635; baseline 0.003 -18"><span class='ocrx_word' id='word_1_403' title='bbox 2143 2564 2289 2618; x_wconf 92' lang='lat' dir='ltr'><strong>omni</strong></span> <span class='ocrx_word' id='word_1_404' title='bbox 2320 2556 2649 2632; x_wconf 81' lang='lat' dir='ltr'><strong>reipublicae,</strong></span> <span class='ocrx_word' id='word_1_405' title='bbox 2678 2571 2734 2618; x_wconf 88' lang='lat' dir='ltr'><strong>et</strong></span> <span class='ocrx_word' id='word_1_406' title='bbox 2777 2563 2934 2619; x_wconf 90' lang='lat' dir='ltr'><strong>saluti</strong></span> <span class='ocrx_word' id='word_1_407' title='bbox 2962 2563 3100 2634; x_wconf 87' lang='lat' dir='ltr'><strong>ejus,</strong></span> <span class='ocrx_word' id='word_1_408' title='bbox 3146 2573 3200 2619; x_wconf 91' lang='lat' dir='ltr'><strong>et</strong></span> <span class='ocrx_word' id='word_1_409' title='bbox 3234 2579 3417 2635; x_wconf 78' lang='lat' dir='ltr'><strong>regno,</strong></span> <span class='ocrx_word' id='word_1_410' title='bbox 3446 2580 3568 2635; x_wconf 73' lang='lat' dir='ltr'><strong>qua:</strong></span> <span class='ocrx_word' id='word_1_411' title='bbox 3599 2582 3734 2622; x_wconf 87' lang='lat' dir='ltr'><strong>cou-</strong></span> 
     </span>
    </p>
   </div>
   <div class='ocr_carea' id='block_1_55' title="bbox 2145 2654 3732 2724">
    <p class='ocr_par' dir='ltr' id='par_1_55' title="bbox 2145 2654 3732 2724">
     <span class='ocr_line' id='line_1_55' title="bbox 2145 2654 3732 2724; baseline 0.004 -15"><span class='ocrx_word' id='word_1_412' title='bbox 2145 2666 2225 2709; x_wconf 89' lang='lat' dir='ltr'><strong>tra</strong></span> <span class='ocrx_word' id='word_1_413' title='bbox 2256 2654 2423 2710; x_wconf 87' lang='lat' dir='ltr'><strong>Deum</strong></span> <span class='ocrx_word' id='word_1_414' title='bbox 2450 2661 2609 2721; x_wconf 89' lang='lat' dir='ltr'><strong>&#39;sunt,</strong></span> <span class='ocrx_word' id='word_1_415' title='bbox 2652 2670 2759 2711; x_wconf 92' lang='lat' dir='ltr'><strong>non</strong></span> <span class='ocrx_word' id='word_1_416' title='bbox 2786 2657 3041 2724; x_wconf 87' lang='lat' dir='ltr'><strong>cessisse,</strong></span> <span class='ocrx_word' id='word_1_417' title='bbox 3070 2655 3307 2713; x_wconf 87' lang='lat' dir='ltr'><strong>salutare</strong></span> <span class='ocrx_word' id='word_1_418' title='bbox 3342 2667 3447 2712; x_wconf 85' lang='lat' dir='ltr'><strong>est.</strong></span> <span class='ocrx_word' id='word_1_419' title='bbox 3475 2659 3584 2714; x_wconf 86' lang='lat' dir='ltr'><strong>Sed</strong></span> <span class='ocrx_word' id='word_1_420' title='bbox 3624 2677 3732 2715; x_wconf 86' lang='lat' dir='ltr'><strong>non</strong></span> 
     </span>
    </p>
   </div>
   <div class='ocr_carea' id='block_1_56' title="bbox 2142 2746 3731 2819">
    <p class='ocr_par' dir='ltr' id='par_1_56' title="bbox 2142 2746 3731 2819">
     <span class='ocr_line' id='line_1_56' title="bbox 2142 2746 3731 2819; baseline 0.003 -18"><span class='ocrx_word' id='word_1_421' title='bbox 2142 2757 2283 2813; x_wconf 87' lang='lat' dir='ltr'><strong>sunt,</strong></span> <span class='ocrx_word' id='word_1_422' title='bbox 2315 2746 2512 2816; x_wconf 88' lang='lat' dir='ltr'><strong>inquis,</strong></span> <span class='ocrx_word' id='word_1_423' title='bbox 2540 2762 2629 2801; x_wconf 83' lang='lat' dir='ltr'><strong>nec</strong></span> <span class='ocrx_word' id='word_1_424' title='bbox 2668 2746 2812 2802; x_wconf 89' lang='lat' dir='ltr'><strong>bonis</strong></span> <span class='ocrx_word' id='word_1_425' title='bbox 2849 2747 3100 2815; x_wconf 78' lang='lat' dir='ltr'><strong>moribus,</strong></span> <span class='ocrx_word' id='word_1_426' title='bbox 3132 2764 3225 2804; x_wconf 88' lang='lat' dir='ltr'><strong>nec</strong></span> <span class='ocrx_word' id='word_1_427' title='bbox 3255 2749 3376 2819; x_wconf 79' lang='lat' dir='ltr'><strong>ﬁdei</strong></span> <span class='ocrx_word' id='word_1_428' title='bbox 3415 2761 3568 2805; x_wconf 77' lang='lat' dir='ltr'><strong>recta:</strong></span> <span class='ocrx_word' id='word_1_429' title='bbox 3606 2768 3731 2806; x_wconf 84' lang='lat' dir='ltr'><strong>con-</strong></span> 
     </span>
    </p>
   </div>
   <div class='ocr_carea' id='block_1_57' title="bbox 2145 2831 3730 2914">
    <p class='ocr_par' dir='ltr' id='par_1_57' title="bbox 2145 2831 3730 2914">
     <span class='ocr_line' id='line_1_57' title="bbox 2145 2831 3730 2914; baseline 0.002 -17"><span class='ocrx_word' id='word_1_430' title='bbox 2145 2841 2327 2897; x_wconf 86' lang='lat' dir='ltr'><strong>traria.</strong></span> <span class='ocrx_word' id='word_1_431' title='bbox 2353 2840 2635 2909; x_wconf 91' lang='lat' dir='ltr'><strong>Quomodo</strong></span> <span class='ocrx_word' id='word_1_432' title='bbox 2659 2854 2763 2895; x_wconf 92' lang='lat' dir='ltr'><strong>non</strong></span> <span class='ocrx_word' id='word_1_433' title='bbox 2794 2847 2921 2895; x_wconf 89' lang='lat' dir='ltr'><strong>sunt</strong></span> <span class='ocrx_word' id='word_1_434' title='bbox 2947 2831 3102 2896; x_wconf 85' lang='lat' dir='ltr'><strong>bonis</strong></span> <span class='ocrx_word' id='word_1_435' title='bbox 3128 2842 3369 2897; x_wconf 88' lang='lat' dir='ltr'><strong>moribus</strong></span> <span class='ocrx_word' id='word_1_436' title='bbox 3400 2844 3579 2910; x_wconf 78' lang='lat' dir='ltr'><strong>noxia,</strong></span> <span class='ocrx_word' id='word_1_437' title='bbox 3603 2860 3730 2914; x_wconf 85' lang='lat' dir='ltr'><strong>per-</strong></span> 
     </span>
    </p>
   </div>
   <div class='ocr_carea' id='block_1_58' title="bbox 2144 2932 3729 3004">
    <p class='ocr_par' dir='ltr' id='par_1_58' title="bbox 2144 2932 3729 3004">
     <span class='ocr_line' id='line_1_58' title="bbox 2144 2932 3729 3004; baseline -0.001 -13"><span class='ocrx_word' id='word_1_438' title='bbox 2144 2937 2308 2991; x_wconf 90' lang='lat' dir='ltr'><strong>ﬁdum</strong></span> <span class='ocrx_word' id='word_1_439' title='bbox 2342 2944 2366 2972; x_wconf 71' lang='grc' dir='ltr'><strong>ε</strong></span> <span class='ocrx_word' id='word_1_440' title='bbox 2404 2932 2675 3004; x_wconf 88' lang='lat' dir='ltr'><strong>parricidii</strong></span> <span class='ocrx_word' id='word_1_441' title='bbox 2724 2932 2953 3001; x_wconf 90' lang='lat' dir='ltr'><strong>socium,</strong></span> <span class='ocrx_word' id='word_1_442' title='bbox 3005 2932 3258 2988; x_wconf 91' lang='lat' dir='ltr'><strong>comitem</strong></span> <span class='ocrx_word' id='word_1_443' title='bbox 3304 2934 3686 2990; x_wconf 63' lang='lat' dir='ltr'><strong>hereticorum</strong></span> <span class='ocrx_word' id='word_1_444' title='bbox 3711 2976 3729 3002; x_wconf 91' lang='lat'><strong>,</strong></span> 
     </span>
    </p>
   </div>
   <div class='ocr_carea' id='block_1_59' title="bbox 2143 3016 3729 3098">
    <p class='ocr_par' dir='ltr' id='par_1_59' title="bbox 2143 3016 3729 3098">
     <span class='ocr_line' id='line_1_59' title="bbox 2143 3016 3729 3098; baseline 0.001 -15"><span class='ocrx_word' id='word_1_445' title='bbox 2143 3038 2301 3098; x_wconf 88' lang='lat' dir='ltr'><strong>atque</strong></span> <span class='ocrx_word' id='word_1_446' title='bbox 2318 3016 2656 3091; x_wconf 77' lang='lat' dir='ltr'><strong>damnatum,</strong></span> <span class='ocrx_word' id='word_1_447' title='bbox 2682 3040 2862 3080; x_wconf 92' lang='lat' dir='ltr'><strong>rerum</strong></span> <span class='ocrx_word' id='word_1_448' title='bbox 2886 3024 3372 3083; x_wconf 85' lang='lat' dir='ltr'><strong>administratorem</strong></span> <span class='ocrx_word' id='word_1_449' title='bbox 3394 3041 3624 3098; x_wconf 88' lang='lat' dir='ltr'><strong>poscere</strong></span> <span class='ocrx_word' id='word_1_450' title='bbox 3646 3028 3729 3084; x_wconf 81' lang='lat' dir='ltr'><strong>di-</strong></span> 
     </span>
    </p>
   </div>
   <div class='ocr_carea' id='block_1_60' title="bbox 2146 3116 3727 3189">
    <p class='ocr_par' dir='ltr' id='par_1_60' title="bbox 2146 3116 3727 3189">
     <span class='ocr_line' id='line_1_60' title="bbox 2146 3116 3727 3189; baseline 0.001 -14"><span class='ocrx_word' id='word_1_451' title='bbox 2146 3120 2414 3186; x_wconf 88' lang='lat' dir='ltr'><strong>vinarum,</strong></span> <span class='ocrx_word' id='word_1_452' title='bbox 2468 3133 2627 3189; x_wconf 88' lang='lat' dir='ltr'><strong>quem</strong></span> <span class='ocrx_word' id='word_1_453' title='bbox 2659 3116 2860 3188; x_wconf 62' lang='lat' dir='ltr'><strong>praeﬁci</strong></span> <span class='ocrx_word' id='word_1_454' title='bbox 2906 3116 3058 3173; x_wconf 71' lang='lat' dir='ltr'><strong>nefas</strong></span> <span class='ocrx_word' id='word_1_455' title='bbox 3101 3128 3267 3186; x_wconf 83' lang='lat' dir='ltr'><strong>esset,</strong></span> <span class='ocrx_word' id='word_1_456' title='bbox 3309 3121 3393 3175; x_wconf 83' lang='lat' dir='ltr'><strong>vel</strong></span> <span class='ocrx_word' id='word_1_457' title='bbox 3427 3135 3533 3175; x_wconf 89' lang='lat' dir='ltr'><strong>non</strong></span> <span class='ocrx_word' id='word_1_458' title='bbox 3564 3121 3727 3176; x_wconf 84' lang='lat' dir='ltr'><strong>dece-</strong></span> 
     </span>
    </p>
   </div>
   <div class='ocr_carea' id='block_1_61' title="bbox 452 3179 3727 3281">
    <p class='ocr_par' dir='ltr' id='par_1_61' title="bbox 452 3179 3727 3281">
     <span class='ocr_line' id='line_1_61' title="bbox 452 3179 3727 3281; baseline 0.009 -41"><span class='ocrx_word' id='word_1_459' title='bbox 452 3188 705 3281; x_wconf 83' lang='lat' dir='ltr'><strong>cessitatc</strong></span> <span class='ocrx_word' id='word_1_460' title='bbox 753 3190 872 3244; x_wconf 81' lang='lat' dir='ltr'><strong>facit</strong></span> <span class='ocrx_word' id='word_1_461' title='bbox 908 3209 919 3242; x_wconf 90' lang='lat'><strong>:</strong></span> <span class='ocrx_word' id='word_1_462' title='bbox 949 3194 1144 3248; x_wconf 89' lang='lat' dir='ltr'><strong>malum</strong></span> <span class='ocrx_word' id='word_1_463' title='bbox 1192 3209 1370 3253; x_wconf 89' lang='lat' dir='ltr'><strong>autem</strong></span> <span class='ocrx_word' id='word_1_464' title='bbox 1418 3202 1630 3271; x_wconf 82' lang='lat' dir='ltr'><strong>fatetur,</strong></span> <span class='ocrx_word' id='word_1_465' title='bbox 1680 3179 1820 3275; x_wconf 82' lang='lat' dir='ltr'><strong>quod</strong></span> <span class='ocrx_word' id='word_1_466' title='bbox 1871 3212 2041 3268; x_wconf 90' lang='lat' dir='ltr'><strong>nollet</strong></span> <span class='ocrx_word' id='word_1_467' title='bbox 2066 3179 2117 3243; x_wconf 64' lang='grc' dir='ltr'><strong>δ</strong></span> <span class='ocrx_word' id='word_1_468' title='bbox 2148 3214 2258 3279; x_wconf 89' lang='lat' dir='ltr'><strong>bat,</strong></span> <span class='ocrx_word' id='word_1_469' title='bbox 2301 3179 2413 3267; x_wconf 34' lang='lat' dir='ltr'><strong>nec.</strong></span> <span class='ocrx_word' id='word_1_470' title='bbox 2442 3179 2982 3281; x_wconf 47' lang='lat' dir='ltr'><strong>publice-dignitati?</strong></span> <span class='ocrx_word' id='word_1_471' title='bbox 3006 3179 3289 3279; x_wconf 80' lang='lat' dir='ltr'><strong>Quomodo</strong></span> <span class='ocrx_word' id='word_1_472' title='bbox 3329 3227 3438 3268; x_wconf 90' lang='lat' dir='ltr'><strong>non</strong></span> <span class='ocrx_word' id='word_1_473' title='bbox 3479 3211 3727 3281; x_wconf 77' lang='lat' dir='ltr'><strong>religioni</strong></span> 
     </span>
    </p>
   </div>
   <div class='ocr_carea' id='block_1_62' title="bbox 452 3280 2038 3359">
    <p class='ocr_par' dir='ltr' id='par_1_62' title="bbox 452 3280 2038 3359">
     <span class='ocr_line' id='line_1_62' title="bbox 452 3280 2038 3359; baseline 0.018 -30"><span class='ocrx_word' id='word_1_474' title='bbox 452 3280 590 3344; x_wconf 86' lang='lat' dir='ltr'><strong>ﬁeri,</strong></span> <span class='ocrx_word' id='word_1_475' title='bbox 631 3280 677 3332; x_wconf 91' lang='lat' dir='ltr'><strong>si</strong></span> <span class='ocrx_word' id='word_1_476' title='bbox 718 3282 1040 3337; x_wconf 86' lang='lat' dir='ltr'><strong>necessitate</strong></span> <span class='ocrx_word' id='word_1_477' title='bbox 1084 3301 1189 3340; x_wconf 92' lang='lat' dir='ltr'><strong>non</strong></span> <span class='ocrx_word' id='word_1_478' title='bbox 1221 3301 1572 3356; x_wconf 89' lang='lat' dir='ltr'><strong>premeretur.</strong></span> <span class='ocrx_word' id='word_1_479' title='bbox 1622 3296 1679 3351; x_wconf 90' lang='lat' dir='ltr'><strong>Si</strong></span> <span class='ocrx_word' id='word_1_480' title='bbox 1724 3299 1924 3355; x_wconf 88' lang='lat' dir='ltr'><strong>malum</strong></span> <span class='ocrx_word' id='word_1_481' title='bbox 1954 3313 2038 3359; x_wconf 89' lang='lat' dir='ltr'><strong>est</strong></span> 
     </span>
    </p>
   </div>
   <div class='ocr_carea' id='block_1_63' title="bbox 451 3367 2035 3458">
    <p class='ocr_par' dir='ltr' id='par_1_63' title="bbox 451 3367 2035 3458">
     <span class='ocr_line' id='line_1_63' title="bbox 451 3367 2035 3458; baseline 0.02 -39"><span class='ocrx_word' id='word_1_482' title='bbox 451 3367 595 3435; x_wconf 88' lang='lat' dir='ltr'><strong>quod</strong></span> <span class='ocrx_word' id='word_1_483' title='bbox 624 3371 942 3425; x_wconf 85' lang='lat' dir='ltr'><strong>necessitate</strong></span> <span class='ocrx_word' id='word_1_484' title='bbox 965 3373 1105 3440; x_wconf 77' lang='lat' dir='ltr'><strong>facit,</strong></span> <span class='ocrx_word' id='word_1_485' title='bbox 1138 3390 1235 3431; x_wconf 90' lang='lat' dir='ltr'><strong>cur</strong></span> <span class='ocrx_word' id='word_1_486' title='bbox 1267 3379 1315 3432; x_wconf 91' lang='lat' dir='ltr'><strong>id</strong></span> <span class='ocrx_word' id='word_1_487' title='bbox 1347 3380 1501 3437; x_wconf 77' lang='lat' dir='ltr'><strong>laude</strong></span> <span class='ocrx_word' id='word_1_488' title='bbox 1532 3389 1910 3458; x_wconf 85' lang='lat' dir='ltr'><strong>prosequitur?</strong></span> <span class='ocrx_word' id='word_1_489' title='bbox 1936 3408 2035 3450; x_wconf 90' lang='lat' dir='ltr'><strong>cur</strong></span> 
     </span>
    </p>
   </div>
   <div class='ocr_carea' id='block_1_64' title="bbox 450 3461 2030 3554">
    <p class='ocr_par' dir='ltr' id='par_1_64' title="bbox 450 3461 2030 3554">
     <span class='ocr_line' id='line_1_64' title="bbox 450 3461 2030 3554; baseline 0.017 -39"><span class='ocrx_word' id='word_1_490' title='bbox 450 3462 515 3515; x_wconf 89' lang='lat' dir='ltr'><strong>ad</strong></span> <span class='ocrx_word' id='word_1_491' title='bbox 554 3461 777 3517; x_wconf 87' lang='lat' dir='ltr'><strong>aliorum</strong></span> <span class='ocrx_word' id='word_1_492' title='bbox 807 3465 1164 3533; x_wconf 88' lang='lat' dir='ltr'><strong>perditionem</strong></span> <span class='ocrx_word' id='word_1_493' title='bbox 1198 3472 1517 3539; x_wconf 64' lang='lat' dir='ltr'><strong>praedicator</strong></span> <span class='ocrx_word' id='word_1_494' title='bbox 1549 3480 1624 3533; x_wconf 88' lang='lat' dir='ltr'><strong>rei</strong></span> <span class='ocrx_word' id='word_1_495' title='bbox 1671 3481 1789 3549; x_wconf 89' lang='lat' dir='ltr'><strong>ejus</strong></span> <span class='ocrx_word' id='word_1_496' title='bbox 1826 3485 2030 3554; x_wconf 85' lang='lat' dir='ltr'><strong>existit,</strong></span> 
     </span>
    </p>
   </div>
   <div class='ocr_carea' id='block_1_65' title="bbox 445 3556 2031 3637">
    <p class='ocr_par' dir='ltr' id='par_1_65' title="bbox 445 3556 2031 3637">
     <span class='ocr_line' id='line_1_65' title="bbox 445 3556 2031 3637; baseline 0.019 -33"><span class='ocrx_word' id='word_1_497' title='bbox 445 3556 908 3620; x_wconf 79' lang='lat' dir='ltr'><strong>quamcommittit</strong></span> <span class='ocrx_word' id='word_1_498' title='bbox 935 3557 1164 3614; x_wconf 88' lang='lat' dir='ltr'><strong>invitus?</strong></span> <span class='ocrx_word' id='word_1_499' title='bbox 1188 3560 1339 3619; x_wconf 89' lang='lat' dir='ltr'><strong>Unde</strong></span> <span class='ocrx_word' id='word_1_500' title='bbox 1378 3578 1623 3637; x_wconf 87' lang='lat' dir='ltr'><strong>apparet,</strong></span> <span class='ocrx_word' id='word_1_501' title='bbox 1656 3586 1763 3626; x_wconf 91' lang='lat' dir='ltr'><strong>non</strong></span> <span class='ocrx_word' id='word_1_502' title='bbox 1791 3578 2031 3634; x_wconf 84' lang='lat' dir='ltr'><strong>necessi—</strong></span> 
     </span>
    </p>
   </div>
   <div class='ocr_carea' id='block_1_66' title="bbox 443 3644 2031 3740">
    <p class='ocr_par' dir='ltr' id='par_1_66' title="bbox 443 3644 2031 3740">
     <span class='ocr_line' id='line_1_66' title="bbox 443 3644 2031 3740; baseline 0.021 -46"><span class='ocrx_word' id='word_1_503' title='bbox 443 3644 591 3707; x_wconf 87' lang='lat' dir='ltr'><strong>tatis,</strong></span> <span class='ocrx_word' id='word_1_504' title='bbox 632 3644 726 3701; x_wconf 83' lang='lat' dir='ltr'><strong>sed</strong></span> <span class='ocrx_word' id='word_1_505' title='bbox 767 3647 1057 3704; x_wconf 80' lang='lat' dir='ltr'><strong>voluntatis</strong></span> <span class='ocrx_word' id='word_1_506' title='bbox 1103 3666 1249 3720; x_wconf 84' lang='lat' dir='ltr'><strong>esse,</strong></span> <span class='ocrx_word' id='word_1_507' title='bbox 1294 3658 1439 3722; x_wconf 89' lang='lat' dir='ltr'><strong>quod</strong></span> <span class='ocrx_word' id='word_1_508' title='bbox 1480 3659 1629 3728; x_wconf 82' lang='lat' dir='ltr'><strong>facit,</strong></span> <span class='ocrx_word' id='word_1_509' title='bbox 1673 3680 1795 3720; x_wconf 89' lang='lat' dir='ltr'><strong>cum</strong></span> <span class='ocrx_word' id='word_1_510' title='bbox 1845 3670 2031 3740; x_wconf 84' lang='lat' dir='ltr'><strong>utique</strong></span> 
     </span>
    </p>
   </div>
   <div class='ocr_carea' id='block_1_67' title="bbox 440 3734 2030 3830">
    <p class='ocr_par' dir='ltr' id='par_1_67' title="bbox 440 3734 2030 3830">
     <span class='ocr_line' id='line_1_67' title="bbox 440 3734 2030 3830; baseline 0.025 -47"><span class='ocrx_word' id='word_1_511' title='bbox 440 3734 640 3830; x_wconf 76' lang='lat' dir='ltr'><strong>placet,</strong></span> <span class='ocrx_word' id='word_1_512' title='bbox 672 3748 791 3788; x_wconf 85' lang='lat' dir='ltr'><strong>cum</strong></span> <span class='ocrx_word' id='word_1_513' title='bbox 820 3736 1026 3807; x_wconf 88' lang='lat' dir='ltr'><strong>laudat,</strong></span> <span class='ocrx_word' id='word_1_514' title='bbox 1061 3757 1182 3798; x_wconf 91' lang='lat' dir='ltr'><strong>cum</strong></span> <span class='ocrx_word' id='word_1_515' title='bbox 1208 3753 1557 3827; x_wconf 58' lang='lat' dir='ltr'><strong>praecazteris</strong></span> <span class='ocrx_word' id='word_1_516' title='bbox 1587 3760 1731 3811; x_wconf 85' lang='lat' dir='ltr'><strong>retro</strong></span> <span class='ocrx_word' id='word_1_517' title='bbox 1760 3734 2030 3830; x_wconf 72' lang='lat' dir='ltr'><strong>pontiﬁci-</strong></span> 
     </span>
    </p>
   </div>
   <div class='ocr_carea' id='block_1_68' title="bbox 438 3823 2028 3911">
    <p class='ocr_par' dir='ltr' id='par_1_68' title="bbox 438 3823 2028 3911">
     <span class='ocr_line' id='line_1_68' title="bbox 438 3823 2028 3911; baseline 0.021 -34"><span class='ocrx_word' id='word_1_518' title='bbox 438 3823 537 3879; x_wconf 89' lang='lat' dir='ltr'><strong>bus</strong></span> <span class='ocrx_word' id='word_1_519' title='bbox 560 3840 682 3880; x_wconf 89' lang='lat' dir='ltr'><strong>esse</strong></span> <span class='ocrx_word' id='word_1_520' title='bbox 707 3831 1035 3899; x_wconf 77' lang='lat' dir='ltr'><strong>promulgat;</strong></span> <span class='ocrx_word' id='word_1_521' title='bbox 1066 3832 1091 3870; x_wconf 69' lang='grc' dir='ltr'>δ</span> <span class='ocrx_word' id='word_1_522' title='bbox 1118 3837 1315 3908; x_wconf 91' lang='lat' dir='ltr'><strong>quippe</strong></span> <span class='ocrx_word' id='word_1_523' title='bbox 1334 3823 1429 3911; x_wconf 77' lang='lat' dir='ltr'><strong>qui</strong></span> <span class='ocrx_word' id='word_1_524' title='bbox 1461 3842 1610 3911; x_wconf 90' lang='lat' dir='ltr'><strong>dicit,</strong></span> <span class='ocrx_word' id='word_1_525' title='bbox 1641 3823 1777 3903; x_wconf 78' lang='lat' dir='ltr'><strong>nunc</strong></span> <span class='ocrx_word' id='word_1_526' title='bbox 1802 3853 2028 3909; x_wconf 73' lang='lat' dir='ltr'><strong>Alexan-</strong></span> 
     </span>
    </p>
   </div>
   <div class='ocr_carea' id='block_1_69' title="bbox 437 3916 2028 4002">
    <p class='ocr_par' dir='ltr' id='par_1_69' title="bbox 437 3916 2028 4002">
     <span class='ocr_line' id='line_1_69' title="bbox 437 3916 2028 4002; baseline 0.023 -37"><span class='ocrx_word' id='word_1_527' title='bbox 437 3916 639 3969; x_wconf 86' lang='lat' dir='ltr'><strong>drinam</strong></span> <span class='ocrx_word' id='word_1_528' title='bbox 696 3918 979 3975; x_wconf 72' lang='lat' dir='ltr'><strong>Ecclesium</strong></span> <span class='ocrx_word' id='word_1_529' title='bbox 1026 3927 1314 3995; x_wconf 79' lang='lat' dir='ltr'><strong>respirare,</strong></span> <span class='ocrx_word' id='word_1_530' title='bbox 1367 3942 1414 3986; x_wconf 86' lang='lat' dir='ltr'><strong>et</strong></span> <span class='ocrx_word' id='word_1_531' title='bbox 1466 3936 1713 4000; x_wconf 85' lang='lat' dir='ltr'><strong>spiritalis</strong></span> <span class='ocrx_word' id='word_1_532' title='bbox 1761 3942 2028 4002; x_wconf 73' lang='lat' dir='ltr'><strong>alimoniae</strong></span> 
     </span>
    </p>
   </div>
   <div class='ocr_carea' id='block_1_70' title="bbox 435 4007 2023 4103">
    <p class='ocr_par' dir='ltr' id='par_1_70' title="bbox 435 4007 2023 4103">
     <span class='ocr_line' id='line_1_70' title="bbox 435 4007 2023 4103; baseline 0.023 -46"><span class='ocrx_word' id='word_1_533' title='bbox 435 4007 663 4062; x_wconf 67' lang='lat' dir='ltr'><strong>ubirtate</strong></span> <span class='ocrx_word' id='word_1_534' title='bbox 690 4012 908 4075; x_wconf 84' lang='lat' dir='ltr'><strong>satiari;</strong></span> <span class='ocrx_word' id='word_1_535' title='bbox 935 4014 1004 4069; x_wconf 90' lang='lat' dir='ltr'><strong>de</strong></span> <span class='ocrx_word' id='word_1_536' title='bbox 1038 4032 1142 4085; x_wconf 79' lang='lat' dir='ltr'><strong>qua</strong></span> <span class='ocrx_word' id='word_1_537' title='bbox 1186 4028 1310 4074; x_wconf 89' lang='lat' dir='ltr'><strong>ante</strong></span> <span class='ocrx_word' id='word_1_538' title='bbox 1339 4021 1569 4092; x_wconf 83' lang='lat' dir='ltr'><strong>dixerat,</strong></span> <span class='ocrx_word' id='word_1_539' title='bbox 1606 4042 1731 4084; x_wconf 89' lang='lat' dir='ltr'><strong>cum</strong></span> <span class='ocrx_word' id='word_1_540' title='bbox 1761 4036 2023 4103; x_wconf 84' lang='lat' dir='ltr'><strong>expulsus</strong></span> 
     </span>
    </p>
   </div>
   <div class='ocr_carea' id='block_1_71' title="bbox 433 4100 2026 4186">
    <p class='ocr_par' dir='ltr' id='par_1_71' title="bbox 433 4100 2026 4186">
     <span class='ocr_line' id='line_1_71' title="bbox 433 4100 2026 4186; baseline 0.024 -38"><span class='ocrx_word' id='word_1_541' title='bbox 433 4108 595 4164; x_wconf 82' lang='lat' dir='ltr'><strong>esset,</strong></span> <span class='ocrx_word' id='word_1_542' title='bbox 636 4100 803 4159; x_wconf 75' lang='lat' dir='ltr'><strong>lzntari</strong></span> <span class='ocrx_word' id='word_1_543' title='bbox 832 4119 955 4160; x_wconf 88' lang='lat' dir='ltr'><strong>cum</strong></span> <span class='ocrx_word' id='word_1_544' title='bbox 990 4118 1158 4177; x_wconf 88' lang='lat' dir='ltr'><strong>patre,</strong></span> <span class='ocrx_word' id='word_1_545' title='bbox 1185 4110 1235 4165; x_wconf 89' lang='lat' dir='ltr'><strong>id</strong></span> <span class='ocrx_word' id='word_1_546' title='bbox 1266 4125 1348 4168; x_wconf 89' lang='lat' dir='ltr'><strong>est</strong></span> <span class='ocrx_word' id='word_1_547' title='bbox 1370 4109 1492 4172; x_wconf 82' lang='lat' dir='ltr'><strong>cinn</strong></span> <span class='ocrx_word' id='word_1_548' title='bbox 1526 4120 1810 4181; x_wconf 82' lang='lat' dir='ltr'><strong>Timotheo</strong></span> <span class='ocrx_word' id='word_1_549' title='bbox 1833 4100 2026 4186; x_wconf 84' lang='lat' dir='ltr'><strong>catho-</strong></span> 
     </span>
    </p>
   </div>
   <div class='ocr_carea' id='block_1_72' title="bbox 431 4191 2020 4277">
    <p class='ocr_par' dir='ltr' id='par_1_72' title="bbox 431 4191 2020 4277">
     <span class='ocr_line' id='line_1_72' title="bbox 431 4191 2020 4277; baseline 0.022 -34"><span class='ocrx_word' id='word_1_550' title='bbox 431 4191 559 4256; x_wconf 87' lang='lat' dir='ltr'><strong>lico,</strong></span> <span class='ocrx_word' id='word_1_551' title='bbox 611 4197 773 4249; x_wconf 86' lang='lat' dir='ltr'><strong>corda</strong></span> <span class='ocrx_word' id='word_1_552' title='bbox 822 4198 1083 4266; x_wconf 87' lang='lat' dir='ltr'><strong>ﬁdelium,</strong></span> <span class='ocrx_word' id='word_1_553' title='bbox 1136 4202 1185 4254; x_wconf 89' lang='lat' dir='ltr'><strong>id</strong></span> <span class='ocrx_word' id='word_1_554' title='bbox 1231 4216 1314 4257; x_wconf 67' lang='grc' dir='ltr'><strong>εει</strong></span> <span class='ocrx_word' id='word_1_555' title='bbox 1361 4208 1530 4275; x_wconf 86' lang='lat' dir='ltr'><strong>plebis</strong></span> <span class='ocrx_word' id='word_1_556' title='bbox 1566 4227 1700 4269; x_wconf 63' lang='lat' dir='ltr'><strong>sua).</strong></span> <span class='ocrx_word' id='word_1_557' title='bbox 1731 4217 2020 4277; x_wconf 84' lang='lat' dir='ltr'><strong>Postremo</strong></span> 
     </span>
    </p>
   </div>
   <div class='ocr_carea' id='block_1_73' title="bbox 430 4280 2021 4380">
    <p class='ocr_par' dir='ltr' id='par_1_73' title="bbox 430 4280 2021 4380">
     <span class='ocr_line' id='line_1_73' title="bbox 430 4280 2021 4380; baseline 0.022 -47"><span class='ocrx_word' id='word_1_558' title='bbox 430 4280 548 4350; x_wconf 87' lang='lat' dir='ltr'><strong>ipse</strong></span> <span class='ocrx_word' id='word_1_559' title='bbox 576 4284 752 4338; x_wconf 59' lang='lat' dir='ltr'><strong>Videat</strong></span> <span class='ocrx_word' id='word_1_560' title='bbox 789 4288 835 4339; x_wconf 90' lang='lat' dir='ltr'><strong>si</strong></span> <span class='ocrx_word' id='word_1_561' title='bbox 861 4288 1242 4355; x_wconf 88' lang='lat' dir='ltr'><strong>imperatorem</strong></span> <span class='ocrx_word' id='word_1_562' title='bbox 1277 4295 1417 4352; x_wconf 87' lang='lat' dir='ltr'><strong>dicat</strong></span> <span class='ocrx_word' id='word_1_563' title='bbox 1456 4299 1641 4360; x_wconf 81' lang='lat' dir='ltr'><strong>facere</strong></span> <span class='ocrx_word' id='word_1_564' title='bbox 1669 4319 1859 4365; x_wconf 90' lang='lat' dir='ltr'><strong>cuncta</strong></span> <span class='ocrx_word' id='word_1_565' title='bbox 1892 4328 2021 4380; x_wconf 67' lang='lat' dir='ltr'><strong>qua:</strong></span> 
     </span>
    </p>
   </div>
   <div class='ocr_carea' id='block_1_74' title="bbox 427 4373 2017 4461">
    <p class='ocr_par' dir='ltr' id='par_1_74' title="bbox 427 4373 2017 4461">
     <span class='ocr_line' id='line_1_74' title="bbox 427 4373 2017 4461; baseline 0.023 -37"><span class='ocrx_word' id='word_1_566' title='bbox 427 4373 567 4426; x_wconf 87' lang='lat' dir='ltr'><strong>mala</strong></span> <span class='ocrx_word' id='word_1_567' title='bbox 594 4387 746 4440; x_wconf 86' lang='lat' dir='ltr'><strong>sunt;</strong></span> <span class='ocrx_word' id='word_1_568' title='bbox 774 4381 989 4446; x_wconf 88' lang='lat' dir='ltr'><strong>quando</strong></span> <span class='ocrx_word' id='word_1_569' title='bbox 1030 4398 1149 4451; x_wconf 85' lang='lat' dir='ltr'><strong>quae</strong></span> <span class='ocrx_word' id='word_1_570' title='bbox 1180 4400 1301 4441; x_wconf 91' lang='lat' dir='ltr'><strong>cum</strong></span> <span class='ocrx_word' id='word_1_571' title='bbox 1358 4397 1676 4454; x_wconf 87' lang='lat' dir='ltr'><strong>necessitate</strong></span> <span class='ocrx_word' id='word_1_572' title='bbox 1695 4414 1755 4455; x_wconf 89' lang='lat' dir='ltr'><strong>se</strong></span> <span class='ocrx_word' id='word_1_573' title='bbox 1785 4373 2017 4461; x_wconf 74' lang='lat' dir='ltr'><strong>tolerare</strong></span> 
     </span>
    </p>
   </div>
   <div class='ocr_carea' id='block_1_75' title="bbox 430 4469 2019 4554">
    <p class='ocr_par' dir='ltr' id='par_1_75' title="bbox 430 4469 2019 4554">
     <span class='ocr_line' id='line_1_75' title="bbox 430 4469 2019 4554; baseline 0.026 -39"><span class='ocrx_word' id='word_1_574' title='bbox 430 4469 738 4533; x_wconf 84' lang='lat' dir='ltr'><strong>praetendit,</strong></span> <span class='ocrx_word' id='word_1_575' title='bbox 787 4472 926 4524; x_wconf 88' lang='lat' dir='ltr'><strong>mala</strong></span> <span class='ocrx_word' id='word_1_576' title='bbox 976 4489 1096 4531; x_wconf 86' lang='lat' dir='ltr'><strong>esse</strong></span> <span class='ocrx_word' id='word_1_577' title='bbox 1126 4479 1426 4551; x_wconf 88' lang='lat' dir='ltr'><strong>proﬁtetur,</strong></span> <span class='ocrx_word' id='word_1_578' title='bbox 1468 4496 1522 4540; x_wconf 92' lang='lat' dir='ltr'><strong>et</strong></span> <span class='ocrx_word' id='word_1_579' title='bbox 1561 4506 1663 4545; x_wconf 89' lang='lat' dir='ltr'><strong>non</strong></span> <span class='ocrx_word' id='word_1_580' title='bbox 1709 4495 1886 4553; x_wconf 82' lang='lat' dir='ltr'><strong>facere</strong></span> <span class='ocrx_word' id='word_1_581' title='bbox 1925 4515 2019 4554; x_wconf 79' lang='lat' dir='ltr'><strong>vo-</strong></span> 
     </span>
    </p>
   </div>
   <div class='ocr_carea' id='block_1_76' title="bbox 429 4554 2011 4658">
    <p class='ocr_par' dir='ltr' id='par_1_76' title="bbox 429 4554 2011 4658">
     <span class='ocr_line' id='line_1_76' title="bbox 429 4554 2011 4658; baseline 0.026 -52"><span class='ocrx_word' id='word_1_582' title='bbox 429 4554 636 4612; x_wconf 87' lang='lat' dir='ltr'><strong>lontatc</strong></span> <span class='ocrx_word' id='word_1_583' title='bbox 673 4564 1001 4628; x_wconf 85' lang='lat' dir='ltr'><strong>pronuntiat.</strong></span> <span class='ocrx_word' id='word_1_584' title='bbox 1039 4567 1094 4623; x_wconf 90' lang='lat' dir='ltr'><strong>ln</strong></span> <span class='ocrx_word' id='word_1_585' title='bbox 1138 4580 1341 4628; x_wconf 88' lang='lat' dir='ltr'><strong>tantum</strong></span> <span class='ocrx_word' id='word_1_586' title='bbox 1374 4591 1503 4647; x_wconf 77' lang='lat' dir='ltr'><strong>ergo</strong></span> <span class='ocrx_word' id='word_1_587' title='bbox 1532 4579 1648 4638; x_wconf 68' lang='lat' dir='ltr'><strong>haec</strong></span> <span class='ocrx_word' id='word_1_588' title='bbox 1694 4589 1832 4641; x_wconf 88' lang='lat' dir='ltr'><strong>mala</strong></span> <span class='ocrx_word' id='word_1_589' title='bbox 1864 4603 2011 4658; x_wconf 89' lang='lat' dir='ltr'><strong>sunt,</strong></span> 
     </span>
    </p>
   </div>
   <div class='ocr_carea' id='block_1_77' title="bbox 426 4650 2014 4749">
    <p class='ocr_par' dir='ltr' id='par_1_77' title="bbox 426 4650 2014 4749">
     <span class='ocr_line' id='line_1_77' title="bbox 426 4650 2014 4749; baseline 0.027 -52"><span class='ocrx_word' id='word_1_590' title='bbox 426 4653 486 4698; x_wconf 90' lang='lat' dir='ltr'><strong>ut</strong></span> <span class='ocrx_word' id='word_1_591' title='bbox 514 4660 619 4749; x_wconf 78' lang='lat' dir='ltr'><strong>non</strong></span> <span class='ocrx_word' id='word_1_592' title='bbox 648 4650 810 4705; x_wconf 82' lang='lat' dir='ltr'><strong>vellet</strong></span> <span class='ocrx_word' id='word_1_593' title='bbox 834 4653 947 4711; x_wconf 66' lang='lat' dir='ltr'><strong>hare</strong></span> <span class='ocrx_word' id='word_1_594' title='bbox 976 4657 1171 4727; x_wconf 79' lang='lat' dir='ltr'><strong>facere,</strong></span> <span class='ocrx_word' id='word_1_595' title='bbox 1202 4664 1247 4718; x_wconf 89' lang='lat' dir='ltr'><strong>si</strong></span> <span class='ocrx_word' id='word_1_596' title='bbox 1283 4671 1577 4728; x_wconf 89' lang='lat' dir='ltr'><strong>necessitas</strong></span> <span class='ocrx_word' id='word_1_597' title='bbox 1599 4690 1702 4730; x_wconf 92' lang='lat' dir='ltr'><strong>non</strong></span> <span class='ocrx_word' id='word_1_598' title='bbox 1744 4693 1965 4749; x_wconf 80' lang='lat' dir='ltr'><strong>urgeret</strong></span> 
     </span>
    </p>
   </div>
   <div class='ocr_carea' id='block_1_78' title="bbox 425 4738 2015 4832">
    <p class='ocr_par' dir='ltr' id='par_1_78' title="bbox 425 4738 2015 4832">
     <span class='ocr_line' id='line_1_78' title="bbox 425 4738 2015 4832; baseline 0.029 -45"><span class='ocrx_word' id='word_1_599' title='bbox 425 4738 568 4805; x_wconf 87' lang='lat' dir='ltr'><strong>apud</strong></span> <span class='ocrx_word' id='word_1_600' title='bbox 611 4754 711 4795; x_wconf 89' lang='lat' dir='ltr'><strong>nos</strong></span> <span class='ocrx_word' id='word_1_601' title='bbox 753 4746 893 4812; x_wconf 89' lang='lat' dir='ltr'><strong>quod</strong></span> <span class='ocrx_word' id='word_1_602' title='bbox 934 4764 1258 4822; x_wconf 82' lang='lat' dir='ltr'><strong>magnOpere</strong></span> <span class='ocrx_word' id='word_1_603' title='bbox 1289 4760 1569 4832; x_wconf 67' lang='lat' dir='ltr'><strong>praedicat,</strong></span> <span class='ocrx_word' id='word_1_604' title='bbox 1624 4783 1729 4824; x_wconf 90' lang='lat' dir='ltr'><strong>non</strong></span> <span class='ocrx_word' id='word_1_605' title='bbox 1775 4738 2015 4832; x_wconf 40' lang='lat' dir='ltr'><strong>accessi;</strong></span> 
     </span>
    </p>
   </div>
   <div class='ocr_carea' id='block_1_79' title="bbox 427 4833 2004 4923">
    <p class='ocr_par' dir='ltr' id='par_1_79' title="bbox 427 4833 2004 4923">
     <span class='ocr_line' id='line_1_79' title="bbox 427 4833 2004 4923; baseline 0.028 -43"><span class='ocrx_word' id='word_1_606' title='bbox 427 4836 557 4895; x_wconf 85' lang='lat' dir='ltr'><strong>tate,</strong></span> <span class='ocrx_word' id='word_1_607' title='bbox 595 4833 689 4887; x_wconf 92' lang='lat' dir='ltr'><strong>sed</strong></span> <span class='ocrx_word' id='word_1_608' title='bbox 721 4835 992 4896; x_wconf 86' lang='lat' dir='ltr'><strong>voluntate</strong></span> <span class='ocrx_word' id='word_1_609' title='bbox 1037 4843 1213 4902; x_wconf 82' lang='lat' dir='ltr'><strong>facere</strong></span> <span class='ocrx_word' id='word_1_610' title='bbox 1245 4848 1600 4913; x_wconf 90' lang='lat' dir='ltr'><strong>demonstrat.</strong></span> <span class='ocrx_word' id='word_1_611' title='bbox 1634 4859 1691 4915; x_wconf 91' lang='lat' dir='ltr'><strong>Si</strong></span> <span class='ocrx_word' id='word_1_612' title='bbox 1720 4872 1897 4921; x_wconf 89' lang='lat' dir='ltr'><strong>autem</strong></span> <span class='ocrx_word' id='word_1_613' title='bbox 1946 4879 2004 4923; x_wconf 90' lang='lat' dir='ltr'><strong>ut</strong></span> 
     </span>
    </p>
   </div>
   <div class='ocr_carea' id='block_1_80' title="bbox 418 4932 2005 5025">
    <p class='ocr_par' dir='ltr' id='par_1_80' title="bbox 418 4932 2005 5025">
     <span class='ocr_line' id='line_1_80' title="bbox 418 4932 2005 5025; baseline 0.027 -54"><span class='ocrx_word' id='word_1_614' title='bbox 418 4933 632 5025; x_wconf 65' lang='lat' dir='ltr'><strong>errasse</strong></span> <span class='ocrx_word' id='word_1_615' title='bbox 673 4932 1033 5025; x_wconf 85' lang='lat' dir='ltr'><strong>consentiunt,</strong></span> <span class='ocrx_word' id='word_1_616' title='bbox 1065 4937 1144 4991; x_wconf 89' lang='lat' dir='ltr'><strong>sic</strong></span> <span class='ocrx_word' id='word_1_617' title='bbox 1174 4943 1466 4999; x_wconf 88' lang='lat' dir='ltr'><strong>remedium</strong></span> <span class='ocrx_word' id='word_1_618' title='bbox 1498 4963 1763 5024; x_wconf 67' lang='lat' dir='ltr'><strong>quaerunt,</strong></span> <span class='ocrx_word' id='word_1_619' title='bbox 1816 4966 2005 5025; x_wconf 87' lang='lat' dir='ltr'><strong>petant</strong></span> 
     </span>
    </p>
   </div>
   <div class='ocr_carea' id='block_1_81' title="bbox 416 5010 1997 5112">
    <p class='ocr_par' dir='ltr' id='par_1_81' title="bbox 416 5010 1997 5112">
     <span class='ocr_line' id='line_1_81' title="bbox 416 5010 1997 5112; baseline 0.027 -49"><span class='ocrx_word' id='word_1_620' title='bbox 416 5010 603 5068; x_wconf 88' lang='lat' dir='ltr'><strong>ordine</strong></span> <span class='ocrx_word' id='word_1_621' title='bbox 655 5031 755 5072; x_wconf 91' lang='lat' dir='ltr'><strong>suo</strong></span> <span class='ocrx_word' id='word_1_622' title='bbox 794 5024 1123 5112; x_wconf 82' lang='lat' dir='ltr'><strong>remedium;</strong></span> <span class='ocrx_word' id='word_1_623' title='bbox 1169 5034 1512 5102; x_wconf 88' lang='lat' dir='ltr'><strong>acquiescant</strong></span> <span class='ocrx_word' id='word_1_624' title='bbox 1564 5010 1997 5107; x_wconf 41' lang='lat' dir='ltr'><strong>curari&#39;vulnera</strong></span> 
     </span>
    </p>
   </div>
   <div class='ocr_carea' id='block_1_82' title="bbox 412 5119 2025 5200">
    <p class='ocr_par' dir='ltr' id='par_1_82' title="bbox 412 5119 2025 5200">
     <span class='ocr_line' id='line_1_82' title="bbox 412 5119 2025 5200; baseline 0.029 -44"><span class='ocrx_word' id='word_1_625' title='bbox 412 5119 509 5200; x_wconf 78' lang='lat' dir='ltr'><strong>sua</strong></span> <span class='ocrx_word' id='word_1_626' title='bbox 534 5122 549 5170; x_wconf 92' lang='lat'><strong>;</strong></span> <span class='ocrx_word' id='word_1_627' title='bbox 580 5122 848 5195; x_wconf 86' lang='lat' dir='ltr'><strong>nunquam</strong></span> <span class='ocrx_word' id='word_1_628' title='bbox 889 5128 1119 5186; x_wconf 77' lang='lat' dir='ltr'><strong>aegrotus</strong></span> <span class='ocrx_word' id='word_1_629' title='bbox 1145 5124 1354 5181; x_wconf 88' lang='lat' dir='ltr'><strong>medico</strong></span> <span class='ocrx_word' id='word_1_630' title='bbox 1381 5131 1705 5193; x_wconf 85' lang='lat' dir='ltr'><strong>conditionis</strong></span> <span class='ocrx_word' id='word_1_631' title='bbox 1735 5155 1845 5196; x_wconf 71' lang='lat' dir='ltr'><strong>suae</strong></span> <span class='ocrx_word' id='word_1_632' title='bbox 1885 5159 1983 5200; x_wconf 90' lang='lat' dir='ltr'><strong>cu-</strong></span> <span class='ocrx_word' id='word_1_633' title='bbox 2022 5190 2025 5195; x_wconf 90' lang='lat'><strong>.</strong></span> 
     </span>
    </p>
   </div>
   <div class='ocr_carea' id='block_1_83' title="bbox 411 5196 1996 5301">
    <p class='ocr_par' dir='ltr' id='par_1_83' title="bbox 411 5196 1996 5301">
     <span class='ocr_line' id='line_1_83' title="bbox 411 5196 1996 5301; baseline 0.029 -54"><span class='ocrx_word' id='word_1_634' title='bbox 411 5196 647 5301; x_wconf 64' lang='lat' dir='ltr'><strong>rationes</strong></span> <span class='ocrx_word' id='word_1_635' title='bbox 674 5207 925 5273; x_wconf 88' lang='lat' dir='ltr'><strong>apponit;</strong></span> <span class='ocrx_word' id='word_1_636' title='bbox 958 5211 1182 5278; x_wconf 87' lang='lat' dir='ltr'><strong>proinde</strong></span> <span class='ocrx_word' id='word_1_637' title='bbox 1208 5216 1423 5275; x_wconf 86' lang='lat' dir='ltr'><strong>vulnera</strong></span> <span class='ocrx_word' id='word_1_638' title='bbox 1460 5239 1576 5291; x_wconf 86' lang='lat' dir='ltr'><strong>sua,</strong></span> <span class='ocrx_word' id='word_1_639' title='bbox 1604 5228 1710 5284; x_wconf 92' lang='lat' dir='ltr'><strong>imo</strong></span> <span class='ocrx_word' id='word_1_640' title='bbox 1738 5247 1861 5301; x_wconf 78' lang='lat' dir='ltr'><strong>quae</strong></span> <span class='ocrx_word' id='word_1_641' title='bbox 1888 5196 1996 5291; x_wconf 42' lang='lat' dir='ltr'><strong>lic—</strong></span> 
     </span>
    </p>
   </div>
   <div class='ocr_carea' id='block_1_84' title="bbox 409 5286 1991 5392">
    <p class='ocr_par' dir='ltr' id='par_1_84' title="bbox 409 5286 1991 5392">
     <span class='ocr_line' id='line_1_84' title="bbox 409 5286 1991 5392; baseline 0.029 -55"><span class='ocrx_word' id='word_1_642' title='bbox 409 5286 587 5381; x_wconf 71' lang='lat' dir='ltr'><strong>clesite</strong></span> <span class='ocrx_word' id='word_1_643' title='bbox 623 5295 767 5348; x_wconf 90' lang='lat' dir='ltr'><strong>omni</strong></span> <span class='ocrx_word' id='word_1_644' title='bbox 812 5298 924 5353; x_wconf 87' lang='lat' dir='ltr'><strong>suis</strong></span> <span class='ocrx_word' id='word_1_645' title='bbox 963 5304 1271 5360; x_wconf 80' lang='lat' dir='ltr'><strong>excessibus</strong></span> <span class='ocrx_word' id='word_1_646' title='bbox 1319 5286 1629 5383; x_wconf 85' lang='lat' dir='ltr'><strong>intulerunt,</strong></span> <span class='ocrx_word' id='word_1_647' title='bbox 1684 5286 1991 5392; x_wconf 50' lang='lat' dir='ltr'><strong>ut&#39;poss—int</strong></span> 
     </span>
    </p>
   </div>
   <div class='ocr_carea' id='block_1_85' title="bbox 414 5378 1993 5487">
    <p class='ocr_par' dir='ltr' id='par_1_85' title="bbox 414 5378 1993 5487">
     <span class='ocr_line' id='line_1_85' title="bbox 414 5378 1993 5487; baseline 0.029 -55"><span class='ocrx_word' id='word_1_648' title='bbox 414 5378 596 5436; x_wconf 82' lang='lat' dir='ltr'><strong>veram</strong></span> <span class='ocrx_word' id='word_1_649' title='bbox 637 5388 879 5456; x_wconf 86' lang='lat' dir='ltr'><strong>recipere</strong></span> <span class='ocrx_word' id='word_1_650' title='bbox 922 5395 1223 5463; x_wconf 87' lang='lat' dir='ltr'><strong>sanitatem,</strong></span> <span class='ocrx_word' id='word_1_651' title='bbox 1264 5403 1439 5459; x_wconf 81' lang='lat' dir='ltr'><strong>sinant</strong></span> <span class='ocrx_word' id='word_1_652' title='bbox 1484 5378 1663 5466; x_wconf 78' lang='lat' dir='ltr'><strong>curari</strong></span> <span class='ocrx_word' id='word_1_653' title='bbox 1697 5378 1993 5487; x_wconf 75' lang='lat' dir='ltr'><strong>patienter,</strong></span> 
     </span>
    </p>
   </div>
   <div class='ocr_carea' id='block_1_86' title="bbox 2143 3301 3819 3382">
    <p class='ocr_par' dir='ltr' id='par_1_86' title="bbox 2143 3301 3819 3382">
     <span class='ocr_line' id='line_1_86' title="bbox 2143 3301 3819 3382; baseline -0.002 -22"><span class='ocrx_word' id='word_1_654' title='bbox 2143 3305 2469 3360; x_wconf 89' lang='lat' dir='ltr'><strong>contrarium</strong></span> <span class='ocrx_word' id='word_1_655' title='bbox 2512 3310 2594 3358; x_wconf 88' lang='lat' dir='ltr'><strong>est</strong></span> <span class='ocrx_word' id='word_1_656' title='bbox 2627 3302 2936 3358; x_wconf 64' lang='lat' dir='ltr'><strong>hmreticum</strong></span> <span class='ocrx_word' id='word_1_657' title='bbox 2965 3301 3411 3382; x_wconf 80' lang='lat' dir='ltr'><strong>damnatumque,</strong></span> <span class='ocrx_word' id='word_1_658' title='bbox 3440 3303 3510 3358; x_wconf 88' lang='lat' dir='ltr'><strong>ab</strong></span> <span class='ocrx_word' id='word_1_659' title='bbox 3546 3303 3725 3358; x_wconf 67' lang='lat' dir='ltr'><strong>haere—</strong></span> <span class='ocrx_word' id='word_1_660' title='bbox 3812 3342 3819 3346; x_wconf 55' lang='grc' dir='ltr'><strong>π</strong></span> 
     </span>
    </p>
   </div>
   <div class='ocr_carea' id='block_1_87' title="bbox 2144 3392 3725 3465">
    <p class='ocr_par' dir='ltr' id='par_1_87' title="bbox 2144 3392 3725 3465">
     <span class='ocr_line' id='line_1_87' title="bbox 2144 3392 3725 3465; baseline 0.001 -16"><span class='ocrx_word' id='word_1_661' title='bbox 2144 3395 2263 3449; x_wconf 90' lang='lat' dir='ltr'><strong>ticis</strong></span> <span class='ocrx_word' id='word_1_662' title='bbox 2303 3396 2495 3449; x_wconf 83' lang='lat' dir='ltr'><strong>falsum</strong></span> <span class='ocrx_word' id='word_1_663' title='bbox 2537 3407 2733 3449; x_wconf 88' lang='lat' dir='ltr'><strong>nomen</strong></span> <span class='ocrx_word' id='word_1_664' title='bbox 2776 3392 3073 3465; x_wconf 87' lang='lat' dir='ltr'><strong>sacerdotis</strong></span> <span class='ocrx_word' id='word_1_665' title='bbox 3117 3393 3415 3464; x_wconf 89' lang='lat' dir='ltr'><strong>indeptum,</strong></span> <span class='ocrx_word' id='word_1_666' title='bbox 3444 3396 3725 3451; x_wconf 64' lang='lat' dir='ltr'><strong>catholicae</strong></span> 
     </span>
    </p>
   </div>
   <div class='ocr_carea' id='block_1_88' title="bbox 2142 3488 3725 3565">
    <p class='ocr_par' dir='ltr' id='par_1_88' title="bbox 2142 3488 3725 3565">
     <span class='ocr_line' id='line_1_88' title="bbox 2142 3488 3725 3565; baseline 0.001 -23"><span class='ocrx_word' id='word_1_667' title='bbox 2142 3488 2265 3543; x_wconf 91' lang='lat' dir='ltr'><strong>ﬁdei</strong></span> <span class='ocrx_word' id='word_1_668' title='bbox 2289 3488 2428 3543; x_wconf 89' lang='lat' dir='ltr'><strong>velle</strong></span> <span class='ocrx_word' id='word_1_669' title='bbox 2452 3488 2787 3557; x_wconf 73' lang='lat' dir='ltr'><strong>praesidere?</strong></span> <span class='ocrx_word' id='word_1_670' title='bbox 2809 3488 2914 3543; x_wconf 87' lang='lat' dir='ltr'><strong>Sed</strong></span> <span class='ocrx_word' id='word_1_671' title='bbox 2933 3500 3190 3543; x_wconf 85' lang='lat' dir='ltr'><strong>correctus</strong></span> <span class='ocrx_word' id='word_1_672' title='bbox 3210 3500 3303 3565; x_wconf 81' lang='lat' dir='ltr'><strong>est,</strong></span> <span class='ocrx_word' id='word_1_673' title='bbox 3335 3490 3532 3561; x_wconf 91' lang='lat' dir='ltr'><strong>inquis,</strong></span> <span class='ocrx_word' id='word_1_674' title='bbox 3558 3500 3608 3545; x_wconf 86' lang='lat' dir='ltr'><strong>et</strong></span> <span class='ocrx_word' id='word_1_675' title='bbox 3632 3493 3725 3546; x_wconf 74' lang='lat' dir='ltr'><strong>hoc</strong></span> 
     </span>
    </p>
   </div>
   <div class='ocr_carea' id='block_1_89' title="bbox 2141 3580 3725 3651">
    <p class='ocr_par' dir='ltr' id='par_1_89' title="bbox 2141 3580 3725 3651">
     <span class='ocr_line' id='line_1_89' title="bbox 2141 3580 3725 3651; baseline 0.003 -16"><span class='ocrx_word' id='word_1_676' title='bbox 2141 3596 2315 3635; x_wconf 89' lang='lat' dir='ltr'><strong>omnes</strong></span> <span class='ocrx_word' id='word_1_677' title='bbox 2342 3580 2630 3645; x_wconf 78' lang='lat' dir='ltr'><strong>uoluerunt,</strong></span> <span class='ocrx_word' id='word_1_678' title='bbox 2673 3597 2705 3633; x_wconf 91' lang='lat' dir='ltr'><strong>a</strong></span> <span class='ocrx_word' id='word_1_679' title='bbox 2746 3581 2930 3647; x_wconf 81' lang='lat' dir='ltr'><strong>quibus</strong></span> <span class='ocrx_word' id='word_1_680' title='bbox 2959 3592 3216 3635; x_wconf 80' lang='lat' dir='ltr'><strong>correctus</strong></span> <span class='ocrx_word' id='word_1_681' title='bbox 3246 3592 3338 3648; x_wconf 83' lang='lat' dir='ltr'><strong>est,</strong></span> <span class='ocrx_word' id='word_1_682' title='bbox 3381 3592 3430 3636; x_wconf 85' lang='lat' dir='ltr'><strong>et</strong></span> <span class='ocrx_word' id='word_1_683' title='bbox 3467 3600 3501 3636; x_wconf 78' lang='grc' dir='ltr'><em>α</em></span> <span class='ocrx_word' id='word_1_684' title='bbox 3544 3585 3725 3651; x_wconf 76' lang='lat' dir='ltr'><strong>quibus</strong></span> 
     </span>
    </p>
   </div>
   <div class='ocr_carea' id='block_1_90' title="bbox 2140 3673 3724 3745">
    <p class='ocr_par' dir='ltr' id='par_1_90' title="bbox 2140 3673 3724 3745">
     <span class='ocr_line' id='line_1_90' title="bbox 2140 3673 3724 3745; baseline 0.003 -18"><span class='ocrx_word' id='word_1_685' title='bbox 2140 3674 2459 3743; x_wconf 79' lang='lat' dir='ltr'><strong>cognoscitur</strong></span> <span class='ocrx_word' id='word_1_686' title='bbox 2479 3677 2816 3744; x_wconf 85' lang='lat' dir='ltr'><strong>approbatus.</strong></span> <span class='ocrx_word' id='word_1_687' title='bbox 2847 3675 2946 3740; x_wconf 88' lang='lat' dir='ltr'><strong>Qui</strong></span> <span class='ocrx_word' id='word_1_688' title='bbox 2973 3673 3187 3729; x_wconf 87' lang='lat' dir='ltr'><strong>tandem</strong></span> <span class='ocrx_word' id='word_1_689' title='bbox 3218 3675 3303 3729; x_wconf 90' lang='lat' dir='ltr'><strong>isti</strong></span> <span class='ocrx_word' id='word_1_690' title='bbox 3324 3676 3450 3738; x_wconf 86' lang='lat' dir='ltr'><strong>sint,</strong></span> <span class='ocrx_word' id='word_1_691' title='bbox 3482 3674 3724 3745; x_wconf 74' lang='lat' dir='ltr'><strong>diligenti</strong></span> 
     </span>
    </p>
   </div>
   <div class='ocr_carea' id='block_1_91' title="bbox 2139 3763 3723 3837">
    <p class='ocr_par' dir='ltr' id='par_1_91' title="bbox 2139 3763 3723 3837">
     <span class='ocr_line' id='line_1_91' title="bbox 2139 3763 3723 3837; baseline 0.001 -17"><span class='ocrx_word' id='word_1_692' title='bbox 2139 3764 2541 3820; x_wconf 75' lang='lat' dir='ltr'><strong>examinatione</strong></span> <span class='ocrx_word' id='word_1_693' title='bbox 2564 3763 2861 3819; x_wconf 81' lang='lat' dir='ltr'><strong>videamus.</strong></span> <span class='ocrx_word' id='word_1_694' title='bbox 2894 3764 2997 3834; x_wconf 87' lang='lat' dir='ltr'><strong>Ipsi</strong></span> <span class='ocrx_word' id='word_1_695' title='bbox 3022 3773 3174 3820; x_wconf 89' lang='lat' dir='ltr'><strong>certe</strong></span> <span class='ocrx_word' id='word_1_696' title='bbox 3205 3782 3343 3835; x_wconf 89' lang='lat' dir='ltr'><strong>quos</strong></span> <span class='ocrx_word' id='word_1_697' title='bbox 3370 3768 3573 3837; x_wconf 79' lang='lat' dir='ltr'><strong>pariter</strong></span> <span class='ocrx_word' id='word_1_698' title='bbox 3599 3780 3723 3823; x_wconf 90' lang='lat' dir='ltr'><strong>cum</strong></span> 
     </span>
    </p>
   </div>
   <div class='ocr_carea' id='block_1_92' title="bbox 2138 3856 3723 3917">
    <p class='ocr_par' dir='ltr' id='par_1_92' title="bbox 2138 3856 3723 3917">
     <span class='ocr_line' id='line_1_92' title="bbox 2138 3856 3723 3917; baseline 0.002 -3"><span class='ocrx_word' id='word_1_699' title='bbox 2138 3859 2330 3914; x_wconf 85' lang='lat' dir='ltr'><strong>eodem</strong></span> <span class='ocrx_word' id='word_1_700' title='bbox 2363 3859 2631 3914; x_wconf 88' lang='lat' dir='ltr'><strong>testamini</strong></span> <span class='ocrx_word' id='word_1_701' title='bbox 2662 3856 2730 3914; x_wconf 91' lang='lat' dir='ltr'><strong>ab</strong></span> <span class='ocrx_word' id='word_1_702' title='bbox 2752 3873 2936 3914; x_wconf 88' lang='lat' dir='ltr'><strong>errore</strong></span> <span class='ocrx_word' id='word_1_703' title='bbox 2964 3869 3257 3915; x_wconf 86' lang='lat' dir='ltr'><strong>correctos.</strong></span> <span class='ocrx_word' id='word_1_704' title='bbox 3286 3859 3472 3916; x_wconf 79' lang='lat' dir='ltr'><strong>Restat</strong></span> <span class='ocrx_word' id='word_1_705' title='bbox 3497 3871 3556 3916; x_wconf 92' lang='lat' dir='ltr'><strong>ut</strong></span> <span class='ocrx_word' id='word_1_706' title='bbox 3574 3877 3723 3917; x_wconf 88' lang='lat' dir='ltr'><strong>com-</strong></span> 
     </span>
    </p>
   </div>
   <div class='ocr_carea' id='block_1_93' title="bbox 2136 3949 3717 4026">
    <p class='ocr_par' dir='ltr' id='par_1_93' title="bbox 2136 3949 3717 4026">
     <span class='ocr_line' id='line_1_93' title="bbox 2136 3949 3717 4026; baseline 0.003 -21"><span class='ocrx_word' id='word_1_707' title='bbox 2136 3950 2303 4021; x_wconf 88' lang='lat' dir='ltr'><strong>plices</strong></span> <span class='ocrx_word' id='word_1_708' title='bbox 2324 3949 2441 4020; x_wconf 90' lang='lat' dir='ltr'><strong>ejus</strong></span> <span class='ocrx_word' id='word_1_709' title='bbox 2468 3964 2590 4005; x_wconf 91' lang='lat' dir='ltr'><strong>esse</strong></span> <span class='ocrx_word' id='word_1_710' title='bbox 2617 3966 2723 4005; x_wconf 92' lang='lat' dir='ltr'><strong>non</strong></span> <span class='ocrx_word' id='word_1_711' title='bbox 2755 3951 2974 4006; x_wconf 88' lang='lat' dir='ltr'><strong>dubium</strong></span> <span class='ocrx_word' id='word_1_712' title='bbox 3003 3952 3075 4008; x_wconf 88' lang='lat' dir='ltr'><strong>sit</strong></span> <span class='ocrx_word' id='word_1_713' title='bbox 3104 3969 3118 4007; x_wconf 92' lang='lat'><strong>:</strong></span> <span class='ocrx_word' id='word_1_714' title='bbox 3149 3952 3345 4022; x_wconf 89' lang='lat' dir='ltr'><strong>quibus</strong></span> <span class='ocrx_word' id='word_1_715' title='bbox 3385 3954 3595 4025; x_wconf 78' lang='lat' dir='ltr'><strong>legibus</strong></span> <span class='ocrx_word' id='word_1_716' title='bbox 3625 3956 3717 4026; x_wconf 77' lang='lat' dir='ltr'><strong>igi-</strong></span> 
     </span>
    </p>
   </div>
   <div class='ocr_carea' id='block_1_94' title="bbox 2135 4028 3715 4115">
    <p class='ocr_par' dir='ltr' id='par_1_94' title="bbox 2135 4028 3715 4115">
     <span class='ocr_line' id='line_1_94' title="bbox 2135 4028 3715 4115; baseline 0.003 -20"><span class='ocrx_word' id='word_1_717' title='bbox 2135 4044 2444 4111; x_wconf 62' lang='lat' dir='ltr'><strong>turgeorum</strong></span> <span class='ocrx_word' id='word_1_718' title='bbox 2488 4056 2589 4110; x_wconf 86' lang='lat' dir='ltr'><strong>pro</strong></span> <span class='ocrx_word' id='word_1_719' title='bbox 2627 4041 2868 4110; x_wconf 90' lang='lat' dir='ltr'><strong>quolibet</strong></span> <span class='ocrx_word' id='word_1_720' title='bbox 2921 4041 3225 4098; x_wconf 84' lang='lat' dir='ltr'><strong>testiﬁcatio</strong></span> <span class='ocrx_word' id='word_1_721' title='bbox 3251 4028 3437 4099; x_wconf 44' lang='lat' dir='ltr'><strong>‘debet</strong></span> <span class='ocrx_word' id='word_1_722' title='bbox 3482 4045 3715 4115; x_wconf 88' lang='lat' dir='ltr'><strong>admitti,</strong></span> 
     </span>
    </p>
   </div>
   <div class='ocr_carea' id='block_1_95' title="bbox 2135 4121 3752 4205">
    <p class='ocr_par' dir='ltr' id='par_1_95' title="bbox 2135 4121 3752 4205">
     <span class='ocr_line' id='line_1_95' title="bbox 2135 4121 3752 4205; baseline 0.003 -18"><span class='ocrx_word' id='word_1_723' title='bbox 2135 4147 2268 4201; x_wconf 82' lang='lat' dir='ltr'><strong>quos</strong></span> <span class='ocrx_word' id='word_1_724' title='bbox 2301 4134 2628 4202; x_wconf 83' lang='lat' dir='ltr'><strong>parcrimen</strong></span> <span class='ocrx_word' id='word_1_725' title='bbox 2661 4133 2924 4188; x_wconf 78' lang='lat' dir='ltr'><strong>involvit?</strong></span> <span class='ocrx_word' id='word_1_726' title='bbox 2950 4133 3079 4200; x_wconf 85' lang='lat' dir='ltr'><strong>Sed,</strong></span> <span class='ocrx_word' id='word_1_727' title='bbox 3111 4134 3308 4205; x_wconf 89' lang='lat' dir='ltr'><strong>inquis,</strong></span> <span class='ocrx_word' id='word_1_728' title='bbox 3332 4136 3422 4205; x_wconf 86' lang='lat' dir='ltr'><strong>qui</strong></span> <span class='ocrx_word' id='word_1_729' title='bbox 3451 4137 3603 4191; x_wconf 85' lang='lat' dir='ltr'><strong>etiam</strong></span> <span class='ocrx_word' id='word_1_730' title='bbox 3628 4121 3752 4192; x_wconf 35' lang='lat' dir='ltr'><strong>Tin</strong></span> 
     </span>
    </p>
   </div>
   <div class='ocr_carea' id='block_1_96' title="bbox 2132 4224 3718 4294">
    <p class='ocr_par' dir='ltr' id='par_1_96' title="bbox 2132 4224 3718 4294">
     <span class='ocr_line' id='line_1_96' title="bbox 2132 4224 3718 4294; baseline 0.003 -17"><span class='ocrx_word' id='word_1_731' title='bbox 2132 4227 2338 4279; x_wconf 67' lang='lat' dir='ltr'><strong>mor/reo</strong></span> <span class='ocrx_word' id='word_1_732' title='bbox 2363 4224 2615 4279; x_wconf 86' lang='lat' dir='ltr'><strong>catholico</strong></span> <span class='ocrx_word' id='word_1_733' title='bbox 2644 4225 3021 4279; x_wconf 83' lang='lat' dir='ltr'><strong>communicare</strong></span> <span class='ocrx_word' id='word_1_734' title='bbox 3048 4224 3368 4294; x_wconf 78' lang='lat' dir='ltr'><strong>uidebantur,</strong></span> <span class='ocrx_word' id='word_1_735' title='bbox 3400 4243 3537 4281; x_wconf 85' lang='lat' dir='ltr'><strong>nunc</strong></span> <span class='ocrx_word' id='word_1_736' title='bbox 3563 4227 3718 4283; x_wconf 81' lang='lat' dir='ltr'><strong>Petro</strong></span> 
     </span>
    </p>
   </div>
   <div class='ocr_carea' id='block_1_97' title="bbox 2131 4314 3717 4388">
    <p class='ocr_par' dir='ltr' id='par_1_97' title="bbox 2131 4314 3717 4388">
     <span class='ocr_line' id='line_1_97' title="bbox 2131 4314 3717 4388; baseline 0.005 -20"><span class='ocrx_word' id='word_1_737' title='bbox 2131 4317 2597 4382; x_wconf 83' lang='lat' dir='ltr'><strong>communicantes,</strong></span> <span class='ocrx_word' id='word_1_738' title='bbox 2639 4314 2703 4369; x_wconf 90' lang='lat' dir='ltr'><strong>de</strong></span> <span class='ocrx_word' id='word_1_739' title='bbox 2737 4318 2912 4370; x_wconf 87' lang='lat' dir='ltr'><strong>eodem</strong></span> <span class='ocrx_word' id='word_1_740' title='bbox 2949 4317 3143 4372; x_wconf 83' lang='lat' dir='ltr'><strong>similia</strong></span> <span class='ocrx_word' id='word_1_741' title='bbox 3184 4330 3540 4388; x_wconf 74' lang='lat' dir='ltr'><strong>poposcerunt.</strong></span> <span class='ocrx_word' id='word_1_742' title='bbox 3581 4320 3717 4376; x_wconf 86' lang='lat' dir='ltr'><strong>Sunt</strong></span> 
     </span>
    </p>
   </div>
   <div class='ocr_carea' id='block_1_98' title="bbox 2133 4407 3716 4478">
    <p class='ocr_par' dir='ltr' id='par_1_98' title="bbox 2133 4407 3716 4478">
     <span class='ocr_line' id='line_1_98' title="bbox 2133 4407 3716 4478; baseline 0.003 -16"><span class='ocrx_word' id='word_1_743' title='bbox 2133 4423 2262 4477; x_wconf 82' lang='lat' dir='ltr'><strong>ergo</strong></span> <span class='ocrx_word' id='word_1_744' title='bbox 2295 4408 2381 4462; x_wconf 87' lang='lat' dir='ltr'><strong>isti</strong></span> <span class='ocrx_word' id='word_1_745' title='bbox 2412 4408 2809 4463; x_wconf 88' lang='lat' dir='ltr'><strong>communionis</strong></span> <span class='ocrx_word' id='word_1_746' title='bbox 2836 4407 3121 4463; x_wconf 74' lang='lat' dir='ltr'><strong>catholicae</strong></span> <span class='ocrx_word' id='word_1_747' title='bbox 3146 4410 3593 4478; x_wconf 68' lang='lat' dir='ltr'><strong>praevaricatione</strong></span> <span class='ocrx_word' id='word_1_748' title='bbox 3620 4426 3716 4466; x_wconf 88' lang='lat' dir='ltr'><strong>no-</strong></span> 
     </span>
    </p>
   </div>
   <div class='ocr_carea' id='block_1_99' title="bbox 2134 4501 3713 4572">
    <p class='ocr_par' dir='ltr' id='par_1_99' title="bbox 2134 4501 3713 4572">
     <span class='ocr_line' id='line_1_99' title="bbox 2134 4501 3713 4572; baseline 0.003 -15"><span class='ocrx_word' id='word_1_749' title='bbox 2134 4501 2348 4567; x_wconf 81' lang='lat' dir='ltr'><strong>tabiles,</strong></span> <span class='ocrx_word' id='word_1_750' title='bbox 2391 4503 2503 4572; x_wconf 91' lang='lat' dir='ltr'><strong>qui,</strong></span> <span class='ocrx_word' id='word_1_751' title='bbox 2539 4512 2595 4556; x_wconf 91' lang='lat' dir='ltr'><strong>ut</strong></span> <span class='ocrx_word' id='word_1_752' title='bbox 2625 4502 2841 4567; x_wconf 87' lang='lat' dir='ltr'><strong>dicitur,</strong></span> <span class='ocrx_word' id='word_1_753' title='bbox 2886 4517 2915 4556; x_wconf 91' lang='lat' dir='ltr'><strong>a</strong></span> <span class='ocrx_word' id='word_1_754' title='bbox 2951 4502 3203 4557; x_wconf 87' lang='lat' dir='ltr'><strong>catholici</strong></span> <span class='ocrx_word' id='word_1_755' title='bbox 3248 4502 3519 4560; x_wconf 87' lang='lat' dir='ltr'><strong>Timothei</strong></span> <span class='ocrx_word' id='word_1_756' title='bbox 3559 4518 3713 4561; x_wconf 83' lang='lat' dir='ltr'><strong>com-</strong></span> 
     </span>
    </p>
   </div>
   <div class='ocr_carea' id='block_1_100' title="bbox 2132 4592 3711 4664">
    <p class='ocr_par' dir='ltr' id='par_1_100' title="bbox 2132 4592 3711 4664">
     <span class='ocr_line' id='line_1_100' title="bbox 2132 4592 3711 4664; baseline 0.003 -16"><span class='ocrx_word' id='word_1_757' title='bbox 2132 4592 2405 4658; x_wconf 87' lang='lat' dir='ltr'><strong>munione,</strong></span> <span class='ocrx_word' id='word_1_758' title='bbox 2452 4608 2612 4663; x_wconf 91' lang='lat' dir='ltr'><strong>quam</strong></span> <span class='ocrx_word' id='word_1_759' title='bbox 2642 4593 2709 4648; x_wconf 93' lang='lat' dir='ltr'><strong>ad</strong></span> <span class='ocrx_word' id='word_1_760' title='bbox 2739 4593 2858 4662; x_wconf 84' lang='lat' dir='ltr'><strong>ejus</strong></span> <span class='ocrx_word' id='word_1_761' title='bbox 2888 4608 3058 4664; x_wconf 90' lang='lat' dir='ltr'><strong>usque</strong></span> <span class='ocrx_word' id='word_1_762' title='bbox 3092 4594 3299 4651; x_wconf 90' lang='lat' dir='ltr'><strong>obitum</strong></span> <span class='ocrx_word' id='word_1_763' title='bbox 3338 4606 3711 4663; x_wconf 87' lang='lat' dir='ltr'><strong>servaverunt,</strong></span> 
     </span>
    </p>
   </div>
   <div class='ocr_carea' id='block_1_101' title="bbox 2130 4685 3711 4761">
    <p class='ocr_par' dir='ltr' id='par_1_101' title="bbox 2130 4685 3711 4761">
     <span class='ocr_line' id='line_1_101' title="bbox 2130 4685 3711 4761; baseline 0.005 -22"><span class='ocrx_word' id='word_1_764' title='bbox 2130 4693 2252 4755; x_wconf 85' lang='lat' dir='ltr'><strong>post</strong></span> <span class='ocrx_word' id='word_1_765' title='bbox 2280 4685 2422 4741; x_wconf 91' lang='lat' dir='ltr'><strong>illius</strong></span> <span class='ocrx_word' id='word_1_766' title='bbox 2453 4687 2735 4742; x_wconf 89' lang='lat' dir='ltr'><strong>transitum</strong></span> <span class='ocrx_word' id='word_1_767' title='bbox 2759 4687 2811 4741; x_wconf 90' lang='lat' dir='ltr'><strong>in</strong></span> <span class='ocrx_word' id='word_1_768' title='bbox 2842 4687 3172 4743; x_wconf 90' lang='lat' dir='ltr'><strong>consortium</strong></span> <span class='ocrx_word' id='word_1_769' title='bbox 3201 4687 3359 4744; x_wconf 84' lang='lat' dir='ltr'><strong>istius</strong></span> <span class='ocrx_word' id='word_1_770' title='bbox 3379 4689 3711 4761; x_wconf 87' lang='lat' dir='ltr'><strong>reciderunt,</strong></span> 
     </span>
    </p>
   </div>
   <div class='ocr_carea' id='block_1_102' title="bbox 2128 4777 3711 4847">
    <p class='ocr_par' dir='ltr' id='par_1_102' title="bbox 2128 4777 3711 4847">
     <span class='ocr_line' id='line_1_102' title="bbox 2128 4777 3711 4847; baseline 0.004 -15"><span class='ocrx_word' id='word_1_771' title='bbox 2128 4778 2214 4832; x_wconf 84' lang='lat' dir='ltr'><strong>cui</strong></span> <span class='ocrx_word' id='word_1_772' title='bbox 2243 4793 2514 4847; x_wconf 86' lang='lat' dir='ltr'><strong>nunquam</strong></span> <span class='ocrx_word' id='word_1_773' title='bbox 2561 4778 2876 4833; x_wconf 86' lang='lat' dir='ltr'><strong>Timotheus</strong></span> <span class='ocrx_word' id='word_1_774' title='bbox 2931 4777 3231 4835; x_wconf 87' lang='lat' dir='ltr'><strong>catholicus</strong></span> <span class='ocrx_word' id='word_1_775' title='bbox 3280 4784 3711 4839; x_wconf 84' lang='lat' dir='ltr'><strong>communicasse</strong></span> 
     </span>
    </p>
   </div>
   <div class='ocr_carea' id='block_1_103' title="bbox 2127 4868 3712 4939">
    <p class='ocr_par' dir='ltr' id='par_1_103' title="bbox 2127 4868 3712 4939">
     <span class='ocr_line' id='line_1_103' title="bbox 2127 4868 3712 4939; baseline 0.005 -16"><span class='ocrx_word' id='word_1_776' title='bbox 2127 4876 2478 4923; x_wconf 89' lang='lat' dir='ltr'><strong>monstratur.</strong></span> <span class='ocrx_word' id='word_1_777' title='bbox 2512 4868 2695 4939; x_wconf 88' lang='lat' dir='ltr'><strong>Itaque</strong></span> <span class='ocrx_word' id='word_1_778' title='bbox 2739 4883 2768 4922; x_wconf 92' lang='lat' dir='ltr'><strong>a</strong></span> <span class='ocrx_word' id='word_1_779' title='bbox 2800 4870 3066 4926; x_wconf 83' lang='lat' dir='ltr'><strong>Timothei</strong></span> <span class='ocrx_word' id='word_1_780' title='bbox 3104 4870 3375 4937; x_wconf 89' lang='lat' dir='ltr'><strong>catholici,</strong></span> <span class='ocrx_word' id='word_1_781' title='bbox 3420 4873 3530 4929; x_wconf 89' lang='lat' dir='ltr'><strong>imo</strong></span> <span class='ocrx_word' id='word_1_782' title='bbox 3561 4889 3594 4929; x_wconf 87' lang='lat' dir='ltr'><strong>a</strong></span> <span class='ocrx_word' id='word_1_783' title='bbox 3622 4890 3712 4931; x_wconf 82' lang='lat' dir='ltr'><strong>ca-</strong></span> 
     </span>
    </p>
   </div>
   <div class='ocr_carea' id='block_1_104' title="bbox 2125 4959 3712 5037">
    <p class='ocr_par' dir='ltr' id='par_1_104' title="bbox 2125 4959 3712 5037">
     <span class='ocr_line' id='line_1_104' title="bbox 2125 4959 3712 5037; baseline 0.006 -23"><span class='ocrx_word' id='word_1_784' title='bbox 2125 4960 2324 5016; x_wconf 86' lang='lat' dir='ltr'><strong>tholica</strong></span> <span class='ocrx_word' id='word_1_785' title='bbox 2372 4959 2755 5037; x_wconf 77' lang='lat' dir='ltr'><strong>communione</strong></span> <span class='ocrx_word' id='word_1_786' title='bbox 2805 4962 3011 5031; x_wconf 88' lang='lat' dir='ltr'><strong>delapsi</strong></span> <span class='ocrx_word' id='word_1_787' title='bbox 3056 4972 3204 5018; x_wconf 89' lang='lat' dir='ltr'><strong>sunt.</strong></span> <span class='ocrx_word' id='word_1_788' title='bbox 3249 4963 3392 5021; x_wconf 87' lang='lat' dir='ltr'><strong>Ecce</strong></span> <span class='ocrx_word' id='word_1_789' title='bbox 3437 4970 3712 5037; x_wconf 86' lang='lat' dir='ltr'><strong>quomodo</strong></span> 
     </span>
    </p>
   </div>
   <div class='ocr_carea' id='block_1_105' title="bbox 2125 5050 3710 5127">
    <p class='ocr_par' dir='ltr' id='par_1_105' title="bbox 2125 5050 3710 5127">
     <span class='ocr_line' id='line_1_105' title="bbox 2125 5050 3710 5127; baseline 0.005 -22"><span class='ocrx_word' id='word_1_790' title='bbox 2125 5050 2318 5107; x_wconf 90' lang='lat' dir='ltr'><strong>Petrus</strong></span> <span class='ocrx_word' id='word_1_791' title='bbox 2345 5058 2623 5106; x_wconf 88' lang='lat' dir='ltr'><strong>correctus</strong></span> <span class='ocrx_word' id='word_1_792' title='bbox 2644 5060 2726 5106; x_wconf 89' lang='lat' dir='ltr'><strong>est</strong></span> <span class='ocrx_word' id='word_1_793' title='bbox 2755 5059 2809 5107; x_wconf 89' lang='lat' dir='ltr'><strong>et</strong></span> <span class='ocrx_word' id='word_1_794' title='bbox 2836 5052 3116 5123; x_wconf 89' lang='lat' dir='ltr'><strong>probatus,</strong></span> <span class='ocrx_word' id='word_1_795' title='bbox 3141 5054 3231 5124; x_wconf 89' lang='lat' dir='ltr'><strong>qui</strong></span> <span class='ocrx_word' id='word_1_796' title='bbox 3263 5055 3345 5109; x_wconf 88' lang='lat' dir='ltr'><strong>vel</strong></span> <span class='ocrx_word' id='word_1_797' title='bbox 3374 5070 3405 5109; x_wconf 85' lang='lat' dir='ltr'><strong>a</strong></span> <span class='ocrx_word' id='word_1_798' title='bbox 3435 5059 3710 5127; x_wconf 79' lang='lat' dir='ltr'><strong>complici-</strong></span> 
     </span>
    </p>
   </div>
   <div class='ocr_carea' id='block_1_106' title="bbox 2122 5142 3705 5215">
    <p class='ocr_par' dir='ltr' id='par_1_106' title="bbox 2122 5142 3705 5215">
     <span class='ocr_line' id='line_1_106' title="bbox 2122 5142 3705 5215; baseline 0.005 -19"><span class='ocrx_word' id='word_1_799' title='bbox 2122 5142 2224 5197; x_wconf 88' lang='lat' dir='ltr'><strong>bus</strong></span> <span class='ocrx_word' id='word_1_800' title='bbox 2261 5142 2396 5207; x_wconf 85' lang='lat' dir='ltr'><strong>suis,</strong></span> <span class='ocrx_word' id='word_1_801' title='bbox 2438 5142 2521 5199; x_wconf 93' lang='lat' dir='ltr'><strong>vel</strong></span> <span class='ocrx_word' id='word_1_802' title='bbox 2551 5157 2581 5197; x_wconf 93' lang='lat' dir='ltr'><strong>a</strong></span> <span class='ocrx_word' id='word_1_803' title='bbox 2613 5142 3117 5215; x_wconf 80' lang='lat' dir='ltr'><strong>praevaricatoribus</strong></span> <span class='ocrx_word' id='word_1_804' title='bbox 3144 5145 3425 5204; x_wconf 70' lang='lat' dir='ltr'><strong>catholicae</strong></span> <span class='ocrx_word' id='word_1_805' title='bbox 3463 5163 3705 5205; x_wconf 85' lang='lat' dir='ltr'><strong>conmm-</strong></span> 
     </span>
    </p>
   </div>
   <div class='ocr_carea' id='block_1_107' title="bbox 2123 5232 3711 5309">
    <p class='ocr_par' dir='ltr' id='par_1_107' title="bbox 2123 5232 3711 5309">
     <span class='ocr_line' id='line_1_107' title="bbox 2123 5232 3711 5309; baseline 0.005 -22"><span class='ocrx_word' id='word_1_806' title='bbox 2123 5234 2301 5288; x_wconf 88' lang='lat' dir='ltr'><strong>nionis</strong></span> <span class='ocrx_word' id='word_1_807' title='bbox 2332 5232 2527 5288; x_wconf 87' lang='lat' dir='ltr'><strong>dicitur</strong></span> <span class='ocrx_word' id='word_1_808' title='bbox 2550 5234 2848 5304; x_wconf 89' lang='lat' dir='ltr'><strong>postulatus</strong></span> <span class='ocrx_word' id='word_1_809' title='bbox 2877 5235 3127 5291; x_wconf 89' lang='lat' dir='ltr'><strong>antistes.</strong></span> <span class='ocrx_word' id='word_1_810' title='bbox 3157 5235 3263 5292; x_wconf 86' lang='lat' dir='ltr'><strong>Sed</strong></span> <span class='ocrx_word' id='word_1_811' title='bbox 3283 5236 3604 5309; x_wconf 82' lang='lat' dir='ltr'><strong>Timotheus,</strong></span> <span class='ocrx_word' id='word_1_812' title='bbox 3626 5240 3711 5295; x_wconf 86' lang='lat' dir='ltr'><strong>in-</strong></span> 
     </span>
    </p>
   </div>
   <div class='ocr_carea' id='block_1_108' title="bbox 2122 5322 3708 5401">
    <p class='ocr_par' dir='ltr' id='par_1_108' title="bbox 2122 5322 3708 5401">
     <span class='ocr_line' id='line_1_108' title="bbox 2122 5322 3708 5401; baseline 0.004 -22"><span class='ocrx_word' id='word_1_813' title='bbox 2122 5325 2263 5394; x_wconf 90' lang='lat' dir='ltr'><strong>quis,</strong></span> <span class='ocrx_word' id='word_1_814' title='bbox 2289 5324 2568 5379; x_wconf 83' lang='lat' dir='ltr'><strong>catholicus</strong></span> <span class='ocrx_word' id='word_1_815' title='bbox 2589 5323 2701 5378; x_wconf 86' lang='lat' dir='ltr'><strong>ideo</strong></span> <span class='ocrx_word' id='word_1_816' title='bbox 2724 5322 2877 5379; x_wconf 84' lang='lat' dir='ltr'><strong>Petro</strong></span> <span class='ocrx_word' id='word_1_817' title='bbox 2897 5340 2998 5379; x_wconf 88' lang='lat' dir='ltr'><strong>non</strong></span> <span class='ocrx_word' id='word_1_818' title='bbox 3016 5329 3424 5395; x_wconf 78' lang='lat' dir='ltr'><strong>communicauit,</strong></span> <span class='ocrx_word' id='word_1_819' title='bbox 3454 5332 3575 5400; x_wconf 84' lang='lat' dir='ltr'><strong>quia</strong></span> <span class='ocrx_word' id='word_1_820' title='bbox 3598 5334 3708 5401; x_wconf 82' lang='lat' dir='ltr'><strong>epi-</strong></span> 
     </span>
    </p>
   </div>
   <div class='ocr_carea' id='block_1_109' title="bbox 2119 5418 3703 5492">
    <p class='ocr_par' dir='ltr' id='par_1_109' title="bbox 2119 5418 3703 5492">
     <span class='ocr_line' id='line_1_109' title="bbox 2119 5418 3703 5492; baseline 0.004 -18"><span class='ocrx_word' id='word_1_821' title='bbox 2119 5429 2385 5488; x_wconf 81' lang='lat' dir='ltr'><strong>scopatum</strong></span> <span class='ocrx_word' id='word_1_822' title='bbox 2406 5418 2496 5471; x_wconf 87' lang='lat' dir='ltr'><strong>illo</strong></span> <span class='ocrx_word' id='word_1_823' title='bbox 2526 5418 2717 5470; x_wconf 72' lang='lat' dir='ltr'><strong>vivente</strong></span> <span class='ocrx_word' id='word_1_824' title='bbox 2737 5430 3145 5488; x_wconf 82' lang='lat' dir='ltr'><strong>prtesumpserat.</strong></span> <span class='ocrx_word' id='word_1_825' title='bbox 3169 5420 3225 5474; x_wconf 89' lang='lat' dir='ltr'><strong>Si</strong></span> <span class='ocrx_word' id='word_1_826' title='bbox 3253 5430 3471 5491; x_wconf 86' lang='lat' dir='ltr'><strong>propter</strong></span> <span class='ocrx_word' id='word_1_827' title='bbox 3492 5424 3703 5492; x_wconf 85' lang='lat' dir='ltr'><strong>episco-</strong></span> 
     </span>
    </p>
   </div>
   <div class='ocr_carea' id='block_1_110' title="bbox 448 5547 3695 5647">
    <p class='ocr_par' dir='ltr' id='par_1_110' title="bbox 448 5547 3695 5647">
     <span class='ocr_line' id='line_1_110' title="bbox 448 5547 3695 5647; baseline -0.003 0"><span class='ocrx_word' id='word_1_828' title='bbox 448 5547 1285 5647; x_wconf 43' lang='lat' dir='ltr'><strong>;..I‘..&#39;i&#39;.fp.‘§§9&#39;f‘_...&quot;fl.Dardaniae</strong></span> <span class='ocrx_word' id='word_1_829' title='bbox 1331 5569 1615 5636; x_wconf 65' lang='lat' dir='ltr'><strong>episcopos</strong></span> <span class='ocrx_word' id='word_1_830' title='bbox 1644 5590 1657 5628; x_wconf 78' lang='grc' dir='ltr'>ε</span> <span class='ocrx_word' id='word_1_831' title='bbox 1688 5577 1794 5647; x_wconf 81' lang='lat' dir='ltr'><strong>ipse</strong></span> <span class='ocrx_word' id='word_1_832' title='bbox 1822 5580 1995 5637; x_wconf 83' lang='lat' dir='ltr'><strong>Zenon</strong></span> <span class='ocrx_word' id='word_1_833' title='bbox 2099 5593 2184 5638; x_wconf 90' lang='lat' dir='ltr'><strong>tro</strong></span> <span class='ocrx_word' id='word_1_834' title='bbox 2208 5577 2589 5644; x_wconf 80' lang='lat' dir='ltr'><strong>Alexandrino,</strong></span> <span class='ocrx_word' id='word_1_835' title='bbox 2616 5590 2741 5646; x_wconf 86' lang='lat' dir='ltr'><strong>qua,</strong></span> <span class='ocrx_word' id='word_1_836' title='bbox 2772 5585 2828 5632; x_wconf 91' lang='lat' dir='ltr'><strong>ut</strong></span> <span class='ocrx_word' id='word_1_837' title='bbox 2848 5592 2911 5633; x_wconf 81' lang='lat' dir='ltr'><strong>ex</strong></span> <span class='ocrx_word' id='word_1_838' title='bbox 2929 5577 3187 5635; x_wconf 84' lang='lat' dir='ltr'><strong>Liberato</strong></span> <span class='ocrx_word' id='word_1_839' title='bbox 3212 5592 3261 5633; x_wconf 92' lang='lat' dir='ltr'><strong>c.</strong></span> <span class='ocrx_word' id='word_1_840' title='bbox 3294 5558 3380 5645; x_wconf 73' lang='lat'><strong>18,</strong></span> <span class='ocrx_word' id='word_1_841' title='bbox 3412 5581 3555 5635; x_wconf 82' lang='lat' dir='ltr'><strong>miris</strong></span> <span class='ocrx_word' id='word_1_842' title='bbox 3576 5597 3695 5637; x_wconf 85' lang='lat' dir='ltr'><strong>eam</strong></span> 
     </span>
    </p>
   </div>
   <div class='ocr_carea' id='block_1_111' title="bbox 423 5625 1976 5707">
    <p class='ocr_par' dir='ltr' id='par_1_111' title="bbox 423 5625 1976 5707">
     <span class='ocr_line' id='line_1_111' title="bbox 423 5625 1976 5707; baseline 0.026 -43"><span class='ocrx_word' id='word_1_843' title='bbox 423 5628 677 5707; x_wconf 53' lang='lat' dir='ltr'><strong>inperator</strong></span> <span class='ocrx_word' id='word_1_844' title='bbox 705 5625 815 5707; x_wconf 66' lang='lat' dir='ltr'><strong>suis</strong></span> <span class='ocrx_word' id='word_1_845' title='bbox 841 5627 1019 5707; x_wconf 74' lang='lat' dir='ltr'><strong>litteris</strong></span> <span class='ocrx_word' id='word_1_846' title='bbox 1056 5633 1321 5707; x_wconf 69' lang='lat' dir='ltr'><strong>proﬁtetur</strong></span> <span class='ocrx_word' id='word_1_847' title='bbox 1353 5625 1535 5693; x_wconf 71' lang='lat' dir='ltr'><strong>cuncta</strong></span> <span class='ocrx_word' id='word_1_848' title='bbox 1579 5625 1790 5701; x_wconf 25' lang='lat' dir='ltr'><strong>sese—ett.</strong></span> 
     </span>
    </p>
   </div>
   <div class='ocr_carea' id='block_1_112' title="bbox 406 5695 1373 5763">
    <p class='ocr_par' dir='ltr' id='par_1_112' title="bbox 406 5695 1373 5763">
     <span class='ocr_line' id='line_1_112' title="bbox 406 5695 1373 5763; baseline 0.026 -25"><span class='ocrx_word' id='word_1_849' title='bbox 406 5695 611 5763; x_wconf 65' lang='lat' dir='ltr'><strong>gessisse</strong></span> <span class='ocrx_word' id='word_1_850' title='bbox 638 5695 867 5763; x_wconf 83' lang='lat' dir='ltr'><strong>consilio.</strong></span> <span class='ocrx_word' id='word_1_851' title='bbox 911 5695 1066 5755; x_wconf 60' lang='lat' dir='ltr'><strong>Serm</strong></span> <span class='ocrx_word' id='word_1_852' title='bbox 1083 5695 1373 5763; x_wconf 59' lang='lat' dir='ltr'><strong>Marri-nus.</strong></span> 
     </span>
    </p>
   </div>
   <div class='ocr_carea' id='block_1_113' title="bbox 477 5755 1965 5845">
    <p class='ocr_par' dir='ltr' id='par_1_113' title="bbox 477 5755 1965 5845">
     <span class='ocr_line' id='line_1_113' title="bbox 477 5755 1965 5845; baseline 0.024 -34"><span class='ocrx_word' id='word_1_853' title='bbox 477 5755 501 5794; x_wconf 68' lang='grc' dir='ltr'>ι’</span> <span class='ocrx_word' id='word_1_854' title='bbox 532 5758 701 5816; x_wconf 75' lang='lat' dir='ltr'><strong>Verba</strong></span> <span class='ocrx_word' id='word_1_855' title='bbox 727 5775 847 5820; x_wconf 85' lang='lat' dir='ltr'><strong>sunt</strong></span> <span class='ocrx_word' id='word_1_856' title='bbox 876 5783 937 5824; x_wconf 65' lang='lat' dir='ltr'><strong>ex</strong></span> <span class='ocrx_word' id='word_1_857' title='bbox 971 5755 1453 5838; x_wconf 48' lang='lat' dir='ltr'><strong>aeitéidiia&#39;aéicu</strong></span> <span class='ocrx_word' id='word_1_858' title='bbox 1483 5786 1704 5843; x_wconf 65' lang='lat' dir='ltr'><strong>enistoli</strong></span> <span class='ocrx_word' id='word_1_859' title='bbox 1739 5805 1832 5845; x_wconf 83' lang='lat' dir='ltr'><strong>oro</strong></span> <span class='ocrx_word' id='word_1_860' title='bbox 1862 5790 1965 5845; x_wconf 82' lang='lat' dir='ltr'><strong>Pe—</strong></span> 
     </span>
    </p>
   </div>
   <div class='ocr_carea' id='block_1_114' title="bbox 2071 5647 3694 5719">
    <p class='ocr_par' dir='ltr' id='par_1_114' title="bbox 2071 5647 3694 5719">
     <span class='ocr_line' id='line_1_114' title="bbox 2071 5647 3694 5719; baseline 0 -13"><span class='ocrx_word' id='word_1_861' title='bbox 2071 5647 2325 5706; x_wconf 59' lang='lat' dir='ltr'><strong>iondibus</strong></span> <span class='ocrx_word' id='word_1_862' title='bbox 2369 5656 2664 5719; x_wconf 82' lang='lat' dir='ltr'><strong>prosecutus</strong></span> <span class='ocrx_word' id='word_1_863' title='bbox 2694 5656 2769 5700; x_wconf 85' lang='lat' dir='ltr'><strong>est</strong></span> <span class='ocrx_word' id='word_1_864' title='bbox 2803 5650 3045 5712; x_wconf 74' lang='lat' dir='ltr'><strong>Aeacius,</strong></span> <span class='ocrx_word' id='word_1_865' title='bbox 3076 5649 3141 5703; x_wconf 89' lang='lat' dir='ltr'><strong>de</strong></span> <span class='ocrx_word' id='word_1_866' title='bbox 3168 5666 3267 5718; x_wconf 84' lang='lat' dir='ltr'><strong>quo</strong></span> <span class='ocrx_word' id='word_1_867' title='bbox 3308 5667 3362 5703; x_wconf 93' lang='lat' dir='ltr'><strong>se</strong></span> <span class='ocrx_word' id='word_1_868' title='bbox 3407 5661 3553 5706; x_wconf 82' lang='lat' dir='ltr'><strong>tanta</strong></span> <span class='ocrx_word' id='word_1_869' title='bbox 3590 5655 3694 5706; x_wconf 80' lang='lat' dir='ltr'><strong>cri-</strong></span> 
     </span>
    </p>
   </div>
   <div class='ocr_carea' id='block_1_115' title="bbox 2085 5719 3512 5778">
    <p class='ocr_par' dir='ltr' id='par_1_115' title="bbox 2085 5719 3512 5778">
     <span class='ocr_line' id='line_1_115' title="bbox 2085 5719 3512 5778; baseline 0 -2"><span class='ocrx_word' id='word_1_870' title='bbox 2085 5725 2225 5778; x_wconf 85' lang='lat' dir='ltr'><strong>mina</strong></span> <span class='ocrx_word' id='word_1_871' title='bbox 2252 5731 2402 5774; x_wconf 83' lang='lat' dir='ltr'><strong>antea</strong></span> <span class='ocrx_word' id='word_1_872' title='bbox 2429 5719 2723 5772; x_wconf 83' lang='lat' dir='ltr'><strong>meminerat</strong></span> <span class='ocrx_word' id='word_1_873' title='bbox 2747 5719 3001 5775; x_wconf 71' lang='lat' dir='ltr'><strong>retulisse.</strong></span> <span class='ocrx_word' id='word_1_874' title='bbox 3032 5721 3179 5777; x_wconf 78' lang='lat' dir='ltr'><strong>SCIP.</strong></span> <span class='ocrx_word' id='word_1_875' title='bbox 3211 5719 3512 5776; x_wconf 73' lang='lat' dir='ltr'><strong>MAFFEIUS.</strong></span> 
     </span>
    </p>
   </div>
   <div class='ocr_carea' id='block_1_116' title="bbox 2214 5789 3679 5851">
    <p class='ocr_par' dir='ltr' id='par_1_116' title="bbox 2214 5789 3679 5851">
     <span class='ocr_line' id='line_1_116' title="bbox 2214 5789 3679 5851; baseline 0 -2"><span class='ocrx_word' id='word_1_876' title='bbox 2214 5790 2439 5849; x_wconf 79' lang='lat' dir='ltr'><strong>l&#39;roterii</strong></span> <span class='ocrx_word' id='word_1_877' title='bbox 2469 5790 2705 5846; x_wconf 85' lang='lat' dir='ltr'><strong>cniscoui</strong></span> <span class='ocrx_word' id='word_1_878' title='bbox 2734 5790 2937 5846; x_wconf 80' lang='lat' dir='ltr'><strong>cedem</strong></span> <span class='ocrx_word' id='word_1_879' title='bbox 2969 5792 3162 5846; x_wconf 88' lang='lat' dir='ltr'><strong>innuit.</strong></span> <span class='ocrx_word' id='word_1_880' title='bbox 3196 5789 3341 5847; x_wconf 75' lang='lat' dir='ltr'><strong>SCIP.</strong></span> <span class='ocrx_word' id='word_1_881' title='bbox 3379 5792 3679 5851; x_wconf 71' lang='lat' dir='ltr'><strong>MAFFEIUS.</strong></span> 
     </span>
    </p>
   </div>
  </div>
