4096 6342
295 323 400 377 955

1478 314 1836 373 EPISTOLIE
1880 316 1969 373 ET
2008 316 2350 375 DECRETA.

3472 321 3583 383 9M

295 429 1083 501 patmnsut’t‘eceratTimotheo
1106 430 1320 485 Petrum
1354 428 1516 483 fuisse
1535 430 1879 495 suhrnotunt;
1910 434 1963 492 Α
1991 440 2080 501 pla
2115 440 2219 498 est,
2272 444 2371 486 vos
2412 440 2756 503 suscepturos
2792 447 2914 489 esse
2956 432 3135 488 dicitis
3185 452 3200 490 :
3232 448 3353 505 qua:
3401 440 3582 496 omnia

296 525 436 592 quod
469 532 647 578 autem
678 524 725 579 ei
757 538 865 578 non
893 524 1331 590 communicavit,
1379 538 1485 579 non
1526 535 1645 581 erat
1674 525 1886 596 episco-

298 627 453 687 patus
480 632 664 685 causa,
697 617 792 689 sed
821 616 1044 673 haeresis
1075 636 1089 673 :
1121 618 1429 674 communio
1462 619 1607 674 enim
1635 618 1703 673 ad
1728 618 1887 674 ﬁdem

295 711 564 780 pertinet;
615 725 737 766 nam
770 713 813 764 si
845 720 1070 782 propter
1112 711 1401 776 honorem,
1447 720 1596 767 certe
1624 711 1713 767 vel
1748 710 1889 766 laico

297 803 699 859 communicare
729 804 1009 874 potuisset,
1042 805 1086 860 si
1115 803 1169 858 in
1199 803 1292 859 illo
1329 803 1461 859 ﬁdes
1484 813 1631 863 recta
1657 803 1890 859 mansis-

284 892 403 949 ‘set.
429 903 454 930 δ
484 894 595 975 Cur
614 893 689 970 ab
713 908 781 973 eo
810 894 1047 949 ordinati
1081 894 1146 949 ad
1189 893 1347 951 ﬁdem
1374 894 1699 951 catholicam
1729 910 1890 966 regu-

299 988 488 1044 lariter
511 988 648 1059 jussi
688 997 816 1043 sunt
852 989 1054 1059 recipi?
1089 989 1180 1044 ubi
1213 990 1522 1046 ostenditur
1550 990 1700 1046 illum
1730 1005 1886 1047 com-
1936 1026 1940 1035 ι

300 1080 574 1135 munionis
608 1080 896 1136 catholicae
928 1095 1037 1136 non
1077 1079 1265 1139 fuisse.
1304 1082 1510 1139 Deinde
1537 1084 1581 1139 si
1609 1094 1889 1140 correctus

300 1183 384 1228 cst
411 1175 621 1258 Petrus,
642 1188 739 1229 cur
764 1177 833 1232 ab
854 1189 920 1229 eo
944 1174 1222 1246 catholici,
1251 1176 1557 1248 quicunque
1577 1186 1705 1233 sunt
1727 1177 1812 1233 vel
1838 1179 1891 1233 in

299 1264 649 1329 Alexandria,
682 1265 768 1321 vel
799 1280 895 1336 per
923 1264 1245 1338 Egyptum,
1285 1282 1601 1325 remansere
1631 1269 1891 1325 discreti?

299 1372 396 1409 cur
425 1357 474 1412 ei
508 1372 622 1435 non
662 1359 1066 1415 communicant
1095 1360 1172 1416 illi
1214 1361 1489 1427 catholici,
1524 1364 1613 1434 qui
1641 1378 1808 1433 usque
1834 1363 1890 1419 in

300 1449 444 1504 diem
487 1451 609 1505 vitae
635 1466 745 1507 sua:
770 1450 1040 1508 catholico
1068 1452 1538 1511 communicavere
1563 1454 1892 1510 Timotheo?

296 1539 535 1612 Indeque
564 1556 691 1597 vere
720 1541 972 1598 catholici
996 1553 1145 1610 sunt,
1177 1544 1299 1614 quia
1342 1545 1399 1600 in‘
1425 1544 1614 1601 eadem
1644 1560 1889 1601 commu-

273 1634 469 1690 .nione
512 1634 628 1690 sine
658 1634 766 1689 ulla
816 1635 933 1705 ejus
989 1637 1343 1694 temeratione
1386 1637 1699 1707 perdurant.
1749 1638 1893 1707 Ergo

297 1727 583 1783 evidenter
622 1739 848 1799 apparet
876 1728 1002 1799 quia
1047 1731 1095 1784 ei
1127 1731 1529 1786 communicant
1554 1731 1629 1785 illi
1658 1738 1893 1785 tantum-

1991 522 2211 577 deﬁnita
2260 538 2323 577 ex
2364 524 2605 578 omnium
2646 533 2791 580 retro
2822 523 3130 595 pontiﬁcum
3152 524 3244 594 qui
3292 525 3511 582 fuerunt
3547 543 3580 582 a

1993 623 2236 686 tempore
2264 615 2477 671 Domini
2519 616 2813 672 Salvatoris
2843 625 2956 672 toto
2976 617 3110 689 orbe
3140 626 3426 687 terrarum,
3454 619 3582 675 bea-

1975 718 2061 787 ta:
2088 709 2367 766 memoria:
2390 724 2524 780 papa
2548 709 2657 766 Leo
2679 710 2745 765 ad
2769 710 3023 780 Augusta:
3043 712 3319 766 memoria:
3340 710 3575 768 Leonem

1990 806 2223 864 subditis
2250 807 2497 877 epistolae
2525 822 2636 863 sua
2666 807 2991 864 testimoniis
3027 808 3365 878 approbavit.
3398 807 3453 865 Si
3485 808 3582 878 igié

1993 909 2080 954 tur
2106 900 2378 970 antiquam
2412 899 2595 966 ﬁdem,
2643 909 2699 954 et
2727 914 2847 968 quae
2887 914 2917 954 a
2957 898 3057 956 SS.
3088 900 3338 956 Patribus
3371 900 3438 955 ad
3482 913 3583 957 nos

1992 1000 2078 1047 est
2123 993 2463 1059 transmissa,
2502 991 2831 1057 sectamini;
2873 992 2919 1048 si
2957 992 3026 1048 de
3054 992 3432 1049 lncarnatione
3472 994 3583 1049 Do.

1994 1085 2125 1139 mini
2154 1084 2452 1140 Salvatoris
2488 1084 2603 1140 haec
2630 1084 2910 1141 nobiscum
2944 1100 3064 1155 quae
3105 1085 3183 1140 illi
3210 1100 3432 1141 sensere
3458 1100 3587 1141 sen-

1996 1176 2129 1244 titis,
2154 1185 2210 1233 et
2236 1193 2267 1232 a
2294 1178 2470 1245 totius
2501 1177 2757 1233 Ecclesiae
2786 1178 3036 1234 doctrina
3074 1179 3382 1234 nullatenus
3404 1178 3589 1235 devia-

1996 1269 2065 1325 tis
2090 1269 2237 1339 (quia
2288 1285 2459 1340 neque
2501 1270 2876 1339 prudentiores
2918 1269 3211 1340 majoribus
3253 1271 3457 1327 nostris
3495 1287 3587 1327 su—

1996 1376 2139 1428 mus,
2176 1376 2349 1431 neque
2402 1361 2555 1417 nobis
2613 1363 2691 1417 fas
2734 1374 2815 1418 est
2864 1362 3022 1418 aliter
3070 1363 3279 1420 noviter
3326 1380 3589 1435 usurpare

1995 1469 2156 1524 quam
2196 1454 2331 1509 illibi
2361 1463 2414 1509 et
2455 1454 2693 1511 didicere
2737 1465 2793 1510 ct
2819 1454 3054 1512 docuere
3091 1457 3358 1525 majores;
3391 1458 3586 1528 ipsius-

1998 1560 2105 1615 que
2139 1556 2160 1583 ε
2187 1543 2384 1600 Niwni
2414 1546 2630 1615 concilii
2659 1562 2765 1601 non
2788 1545 2957 1617 magis
2980 1561 3080 1601 nos
3110 1546 3471 1604 iutellectores
3495 1565 3585 1605 ex-

2000 1636 2376 1707 positoresque
2407 1637 2729 1693 eruditiores
2750 1653 2935 1693 sumus
2958 1655 3118 1709 quam
3145 1640 3220 1694 illi
3251 1650 3327 1696 tot
3352 1643 3586 1712 tantique

2004 1731 2267 1800 pmsules
2310 1730 2629 1798 venerandi,
2680 1733 2764 1787 vel
2804 1732 3119 1789 intellexere
3160 1733 3448 1802 sapienter,
3500 1733 3585 1789 vel

299 1820 484 1887 modo,
516 1829 572 1876 et
596 1835 719 1876 eum
750 1821 855 1876 sibi
888 1822 1173 1891 przcsulem
1213 1832 1598 1893 poposcerunt,
1629 1823 1720 1894 qui
1753 1821 1895 1890 ejus,
1924 1806 1977 1868 Β
2008 1823 2375 1894 praedicavere
2428 1824 2710 1894 ﬁdeliter),
2764 1824 2901 1881 hanc
2943 1840 3134 1880 omnes
3172 1826 3379 1881 sincera
3408 1834 3590 1881 mente

296 1924 363 1969 ut
385 1914 586 1970 dictum
610 1922 713 1980 est,
738 1913 822 1968 vel
845 1913 1080 1983 antiquae
1110 1923 1237 1967 sunt
1262 1913 1558 1984 complices
1592 1913 1893 1983 pravitatis,

292 2000 387 2061 'vel
422 2020 452 2061 a
495 2008 875 2061 communione
906 2004 1172 2060 catholica
1203 2004 1507 2070 deviantes,
1532 2006 1585 2058 in
1616 2005 1735 2074 ejus
1763 2020 1897 2061 con-

300 2099 533 2154 sortium
557 2097 920 2163 transierunt;
952 2105 1112 2167 atque
1151 2097 1274 2153 ideo
1305 2096 1699 2153 incessabiliter
1734 2097 1898 2152 etiam

299 2189 597 2245 catholicos
621 2197 1033 2259 persequuntur.
1061 2188 1378 2244 Audivimus
1405 2187 1644 2253 assidue,
1669 2198 1723 2242 et
1744 2196 1898 2243 certa

298 2282 565 2337 relatione
608 2281 978 2352 cognovimus,
1021 2282 1113 2351 qui
1162 2279 1339 2336 eidem
1380 2280 1785 2336 communicare
1822 2280 1900 2336 di-

198 2410 211 2422 .
297 2384 518 2444 cantur,
541 2374 630 2444 qui
671 2376 740 2430 ab
776 2374 893 2445 ejus
932 2376 1313 2430 communione
1340 2374 1561 2430 discreti
1608 2384 1771 2429 sunt:
1806 2374 1898 2445 qui

297 2474 493 2519 contra
534 2464 693 2521 ﬁdem
722 2465 1047 2520 catholicam
1084 2464 1344 2536 quotidie,
1388 2475 1445 2521 et
1474 2475 1663 2521 contra
1692 2464 1718 2504 δ
1761 2480 1898 2537 apo-

204 2634 208 2637 V
297 2560 509 2615 stolicte
536 2560 681 2615 sedis
701 2558 1162 2635 praxdicationem,
1196 2566 1252 2615 et
1270 2570 1460 2614 contra
1489 2559 1897 2616 Chalcedonen-

297 2651 381 2707 sis
428 2651 621 2722 synodi
650 2651 942 2707 constituta
975 2652 1161 2707 venire
1206 2652 1627 2722 perspiciuntur.
1659 2652 1814 2721 Quod
1843 2654 1895 2708 in

299 2752 508 2798 tanturn
535 2760 720 2800 verum
762 2755 867 2812 est,
910 2753 967 2800 ut
1006 2753 1170 2801 testes
1215 2756 1452 2816 paternre
1479 2747 1714 2802 vesaniae
1755 2745 1892 2815 ejus,
1956 2756 1962 2762 '

296 2850 439 2904 quos
460 2835 547 2891 hic
569 2835 846 2903 habemus,
869 2835 1010 2891 ﬁlios
1036 2836 1415 2904 producamus.
1443 2837 1682 2909 Denique
1704 2852 1897 2893 omnes

294 2926 541 2998 Egyptil
566 2930 657 2999 qui
689 2928 921 2983 diversis
949 2928 1004 2984 in
1033 2929 1135 2984 hac
1159 2930 1290 2986 urbe
1312 2931 1769 3000 negotiationibus
1794 2931 1895 2986 de.

296 3022 561 3087 tinentur,
600 3022 868 3091 Petroque
905 3022 1332 3089 communicant,
1374 3024 1643 3094 synodum
1671 3025 1897 3080 Chalce-

295 3114 596 3175 donensetn
622 3117 847 3189 ejusque
875 3119 1096 3175 deﬁnita
1127 3131 1355 3176 eatenus
1394 3120 1584 3176 audire
1617 3136 1723 3176 non
1769 3136 1896 3191 pos-

296 3217 452 3275 sunt,
479 3215 541 3263 ut
561 3222 660 3263 nos
685 3186 920 3277 curista
952 3218 1199 3265 tenemus
1227 3211 1465 3266 audeant
1495 3186 1901 3281 incusareIAp-
1925 3186 1975 3250 ο

302 3308 465 3367 paret
504 3299 670 3369 igitur
696 3315 764 3356 ex
805 3300 1086 3373 discipulis
1115 3317 1237 3371 quze
1261 3305 1454 3364 doceat
1475 3306 1582 3364 .hos
1620 3307 1897 3374 magister,

300 3398 360 3443 et
406 3404 475 3445 ex
504 3391 953 3461 genitis‘genitor
1005 3393 1270 3450 nefandus
1320 3397 1651 3465 agnoscitur.
1713 3397 1897 3453 Palam

308 3489 460 3555 certe
515 3482 692 3555 solent
731 3484 1079 3552 pronuntiare
1126 3486 1270 3556 quod
1324 3488 1369 3541 si
1423 3487 1645 3543 audiant
1682 3488 1897 3545 Petrum

306 3573 800 3633 Cltalcedonensem
831 3576 1096 3649 synodum
1137 3581 1456 3649 praedicare,
1488 3583 1588 3653 ipsi
1614 3597 1738 3639 eum
1772 3595 1900 3638 ana-

276 3720 279 3723 λ
311 3671 660 3727 thematizare
698 3687 806 3727 non
849 3672 1132 3739 dill‘erant;
1167 3674 1255 3729 ubi
1299 3678 1432 3732 satis
1472 3686 1696 3747 apparet
1722 3678 1901 3747 cujus-

311 3760 455 3817 modi
494 3776 619 3817 eum
658 3762 959 3819 doctrinam
1006 3766 1246 3834 proferre
1280 3776 1569 3824 testantur.
1597 3770 1901 3836 Quaerimus

314 3861 463 3909 certe
490 3853 560 3909 de
590 3854 747 3910 vobis
774 3864 952 3911 utrum
988 3855 1485 3916 Chalcedonensem
1518 3862 1786 3931 synodum
1814 3877 1901 3916 se-

308 3945 575 4016 quendam
611 3947 830 4017 putetis,
861 3964 930 4002 an
972 3962 1117 4015 non;
1157 3950 1202 4005 si
1244 3965 1351 4006 non
1380 3952 1729 4021 sequendam,
1767 3968 1902 4023 quo.

310 4040 475 4098 modo
522 4041 660 4097 hanc
706 4056 802 4098 vos
852 4042 1048 4098 litteris
1081 4043 1280 4098 vestris
1300 4053 1501 4100 ttenere
1540 4046 1902 4115 proﬁtemini?

310 4145 535 4207 apparet
562 4152 692 4207 ergo
724 4152 829 4193 non
880 4138 1055 4194 solum
1103 4140 1156 4192 in
1184 4138 1452 4196 catholica
1499 4140 1770 4197 neminem
1803 4156 1901 4194 ve-

309 4239 482 4287 strum
528 4230 844 4287 deﬁnitione
879 4240 1150 4296 constare,
1194 4231 1290 4286 sed
1331 4248 1399 4287 ne
1448 4234 1502 4287 in
1548 4248 1641 4288 sua
1687 4232 1927 4302 quidem'

308 4324 643 4395 professione
663 4327 993 4391 consistere;
1018 4325 1245 4395 proinde
1268 4326 1725 4396 quemadmodum
1750 4325 1904 4380 vobis

309 4417 636 4485 credemus,
698 4417 856 4473 ﬁdem
911 4416 1234 4473 catholicam
1292 4422 1479 4472 tenere
1527 4416 1900 4486 iactantibus,

309 4513 526 4579 quando
558 4513 722 4566 etiam
752 4527 814 4567 ea
842 4527 964 4582 qua:
1002 4513 1208 4581 scripto
1237 4509 1583 4579 publicamini
1615 4525 1720 4563 non
1753 4518 1903 4564 tene-

310 4603 416 4657 tis?
452 4602 604 4669 Quod
650 4604 696 4657 si
746 4614 925 4658 vestra
969 4604 1306 4673 professione
1345 4603 1644 4667 constricti,
1677 4602 1903 4658 Chalce-

309 4696 571 4752 donensis
598 4695 792 4766 synodi
836 4695 1124 4749 constituta
1160 4710 1257 4749 vos
1286 4696 1538 4749 omnibus
1567 4693 1743 4748 modis
1785 4709 1904 4749 ser-

311 4800 443 4843 vare
471 4785 732 4853 ﬁrmatis;
763 4785 924 4841 simul
950 4785 1111 4839 etiam
1135 4785 1447 4854 apostolicae
1468 4784 1617 4840 sedis
1639 4786 1901 4853 praedica-

310 4879 537 4945 tionem,
569 4893 690 4949 qua:
718 4878 772 4933 in
798 4877 888 4933 illa
924 4878 1134 4947 synodo
1163 4877 1385 4944 relecta,
1423 4884 1670 4943 tractata,
1711 4893 1899 4935 susceo

383 5048 412 5075 ι
444 5036 585 5092 Idem
617 5034 766 5092 Felix
817 5036 868 5090 in
905 5037 1062 5104 epist.
1092 5034 1163 5089 15
1191 5034 1530 5103 provisurum
1560 5049 1620 5088 se
1647 5034 1900 5101 spondet.
1937 5023 1959 5031 ”

311 5118 370 5162 ut
408 5124 581 5161 eorum
620 5124 743 5175 quos
788 5106 1041 5160 ardinavit
1071 5110 1145 5160 vel
1175 5104 1450 5175 baptizavit
1482 5104 1719 5171 Aeacius,
1758 5105 1903 5158 salva

314 5172 653 5247 confessione"
671 5176 941 5246 catholica,
991 5194 1083 5246 pro
1123 5172 1353 5229 caritatis
1369 5245 1377 5247 ᾗ
1393 5172 1636 5227 Ecclesia:
1658 5175 1906 5247 redinte-

315 5244 547 5319 graiione
573 5246 702 5319 nihil
724 5244 935 5319 pereat.
966 5244 1201 5305 ltavero
1230 5245 1422 5315 arguit,
1458 5255 1515 5299 ut
1545 5247 1588 5298 si
1610 5244 1690 5319 ab
1715 5259 1782 5299 eo
1811 5261 1904 5299 or-

314 5316 481 5374 ilinati
541 5317 758 5386 speciali
815 5317 1018 5372 indulto
1068 5327 1349 5388 eguerunt,
1408 5325 1465 5388 ut
1514 5316 1905 5388 reciperentur,

317 5392 655 5459 perspicuum
701 5389 770 5440 sit
814 5386 1152 5459 ordinantein
1196 5387 1590 5443 communionis
1621 5386 1903 5441 catholica:

314 5458 425 5515 non
455 5460 642 5514 fuisse.
682 5459 825 5512 Sorr.
860 5458 1151 5511 MAFFEIUS.

390 5530 416 5569 ι»
445 5532 535 5585 Sic
574 5530 807 5599 appellat
837 5528 1030 5583 Leonis
1060 5527 1253 5599 Magni
1280 5527 1654 5599 percelebremg
1685 5528 1750 5580 ad
1784 5528 1907 5599 lla-

317 5602 531 5657 vianum
559 5597 866 5668 epistolam,
899 5612 1019 5669 quae
1049 5598 1260 5669 concilii
1289 5615 1477 5653 norma
1505 5597 1749 5667 qundam
1782 5598 1902 5663 fuit,

316 5686 504 5742 quaeve
534 5667 889 5742 in'posterum
921 5667 1117 5742 eorum
1150 5667 1241 5742 qui
1271 5669 1339 5742 de
1369 5669 1753 5742 lnearnatiottis
1783 5683 1908 5739 my-

317 5739 482 5797 sterio
522 5752 666 5795 recte
702 5741 984 5810 sentirent,
1018 5739 1179 5795 veluti
1212 5739 1385 5810 lydius
1418 5741 1553 5804 lapis
1584 5739 1764 5793 habita
1794 5750 1904 5793 est.

320 5812 649 5869 Testimonia
688 5811 784 5867 SS.
806 5809 1043 5877 Patrum,
1088 5826 1208 5879 quin
1234 5808 1305 5863 Vin
1334 5808 1692 5867 Couciliorum
1738 5810 1909 5867 colle-

2004 1930 2241 1986 veroquc
2288 1916 2453 1973 corde
2501 1917 2552 1971 in
2598 1932 2884 1973 commune
2915 1926 3214 1983 teneamus,
3256 1928 3312 1973 et
3352 1934 3453 1987 pax
3483 1927 3581 1974 est.

2004 2008 2237 2079 Regulas
2264 2023 2479 2079 quoque
2504 2023 2636 2079 quas
2666 2008 2734 2062 ab
2752 2008 2955 2063 eisdem
2984 2008 3235 2063 Patribus
3258 2008 3467 2078 accepit
3490 2009 3591 2064 Ec-

2005 2101 2189 2166 clesia,
2208 2101 2555 2155 intemeratas
2572 2100 2863 2154 habeamus
2881 2108 2935 2153 et
2952 2116 3054 2167 pax
3069 2108 3170 2155 est.
3199 2101 3457 2170 Sintergo
3471 2099 3587 2156 hac

2004 2191 2146 2261 apud
2177 2206 2273 2247 vos
2297 2200 2465 2256 certa,
2491 2191 2605 2245 sint
2636 2192 2760 2255 lixa,
2792 2200 2846 2244 et
2879 2189 3022 2244 nulla
3050 2188 3316 2245 discordia
3342 2199 3591 2259 est:qua:

2006 2286 2053 2341 si
2079 2286 2222 2355 apud
2252 2299 2346 2341 vos
2371 2282 2493 2340 esse
2523 2285 2877 2355 praetenditis,
2906 2284 3145 2355 patimini
3177 2283 3590 2340 sollicitudinem

2008 2386 2246 2433 nostram
2288 2377 2558 2446 paulisper
2587 2376 2684 2432 ista
2717 2376 3009 2445 discutere,
3037 2375 3159 2446 quia
3189 2383 3389 2445 quanto
3416 2375 3593 2430 verio-

2005 2484 2118 2524 rem
2152 2483 2336 2539 pacem
2366 2468 2566 2537 habere
2586 2456 2853 2533 volumus,
2887 2477 3033 2523 tanto
3061 2467 3346 2545 certiorem
3369 2482 3587 2524 causam

2007 2563 2154 2630 pacis
2181 2561 2556 2625 desideramus
2579 2575 2894 2631 agnoscere.
2926 2562 2984 2617 Si
3016 2564 3130 2618 haec
3157 2562 3299 2632 apud
3329 2576 3426 2617 vos
3455 2561 3595 2616 inte-

2003 2664 2211 2710 merata
2256 2654 2567 2724 perdurant,
2606 2653 2733 2723 quid
2781 2662 2886 2722 est,
2935 2653 3077 2722 quod
3107 2653 3323 2710 Petrum
3363 2652 3597 2709 Alexan-

2005 2750 2221 2805 drinum
2244 2750 2309 2804 ad
2341 2749 2497 2804 ﬁdem
2524 2747 2843 2809 catholicam
2869 2756 3169 2803 correctum
3196 2748 3396 2814 dicitis,
3422 2755 3479 2802 et
3506 2760 3591 2801 re-

2004 2841 2257 2908 ceptum?
2283 2839 2479 2909 abjecit
2520 2853 2648 2908 ergo
2676 2848 2892 2903 cuncta,
2933 2852 3053 2907 qua:
3082 2836 3167 2892 his
3194 2836 3593 2892 deﬁnitionibus

2003 2934 2243 3001 obviam,
2272 2942 2328 2988 et
2355 2933 2408 2987 in
2442 2932 2583 2987 banc
2614 2931 2839 2987 formam
2882 2929 3141 2985 doctrina:
3168 2928 3449 2985 catholica:
3481 2937 3593 2983 toto

2003 3026 2171 3081 corde
2198 3026 2430 3080 transiit.
2458 3022 2596 3091 Qttid
2622 3021 2725 3076 sibi
2750 3022 2838 3078 isti
2871 3020 3033 3095 igitur
3059 3020 3269 3086 volunt,
3297 3033 3434 3091 quos
3452 3018 3594 3089 apud

2006 3133 2105 3174 nos
2134 3117 2376 3187 quotidie
2416 3114 2775 3173 vociferantes
2800 3114 3164 3185 agnoscimus,
3215 3121 3399 3169 contra
3430 3112 3594 3167 Chal-

2005 3210 2371 3266 cedonensem
2404 3208 2694 3280 synodum,
2720 3216 2909 3264 contra
2939 3205 3253 3278 apostolicae
3279 3205 3425 3261 sedis
3456 3219 3597 3275 pra-

2005 3305 2334 3361 dicationem
2368 3302 2662 3359 frementes
2696 3310 2859 3372 atque
2889 3300 3236 3357 frendentes?
3259 3298 3359 3365 Qui
3400 3298 3444 3353 si
3476 3312 3598 3353 cor-

2006 3399 2142 3457 recti
2171 3406 2322 3463 sunt,
2355 3404 2540 3453 tenent
2574 3410 2704 3465 ergo
2749 3393 2836 3449 illa
2863 3408 2985 3464 qua:
3021 3391 3271 3462 superius
3300 3399 3599 3445 memorata

2003 3503 2160 3557 sunt;
2209 3477 2252 3547 si
2287 3506 2353 3548 ea
2381 3500 2588 3557 tenent,
2637 3504 2733 3545 cur
2782 3488 3131 3543 vehementer
3160 3483 3507 3554 impugnant?
3549 3482 3597 3536 si

2004 3587 2098 3641 illa
2133 3585 2471 3656 proﬁtentur,
2504 3598 2603 3638 cur
2637 3598 2666 3637 a
2693 3580 2971 3638 catholicis
2996 3579 3087 3649 qui
3126 3577 3313 3634 eadem
3344 3588 3598 3646 perseve-

2006 3679 2145 3733 ranti
2190 3687 2375 3733 tenent
2404 3674 2744 3745 professione
2770 3666 3110 3729 desciscunt?
3146 3679 3241 3724 aut
3269 3684 3366 3725 cur
3404 3669 3481 3723 illi
3507 3668 3598 3737 qui

2006 3789 2191 3829 veram
2214 3772 2374 3826 ﬁdem
2396 3771 2736 3839 proﬁtentur,
2751 3767 2834 3821 'ah
2855 3768 3082 3821 istormn
3108 3764 3365 3819 societate
3390 3762 3596 3817 dissen-

2006 3867 2182 3920 tiunt?
2213 3866 2270 3920 Si
2308 3879 2404 3920 eos
2434 3878 2597 3917 unam
2626 3862 2786 3916 ﬁdem
2817 3873 3000 3914 secum
3046 3858 3280 3912 retinere
3308 3864 3596 3918 noverunt,

2009 3966 2238 4027 apparet
2266 3955 2429 4025 igitur
2460 3954 2561 4009 hos
2586 3954 2674 4021 qui
2708 3952 2794 4006 illa
2826 3949 3041 4022 quaead
3087 3948 3246 4002 ﬁdem
3275 3945 3597 4002 catholicam

2008 4047 2283 4118 pertinent
2324 4045 2498 4116 palam
2533 4045 2848 4114 impugnare
2879 4056 2985 4095 non
3023 4039 3288 4106 dubitant,
3320 4037 3410 4107 qui
3450 4049 3481 4090 a
3510 4049 3573 4090 ca

2008 4139 2335 4194 tholicdrum
2377 4135 2715 4206 professione
2761 4132 3110 4195 dissentiunt,
3152 4128 3448 4206 catholicos
3484 4140 3601 4181 oms

2006 4235 2139 4288 nino
2186 4246 2291 4285 non
2352 4243 2511 4293 esse,
2573 4231 2732 4297 atque
2776 4225 2898 4280 ideo
2954 4224 3095 4279 nulla
3154 4221 3361 4277 ratione
3414 4233 3601 4276 corre-
3682 4226 3685 4227 '

2008 4335 2150 4385 ctos,
2198 4322 2340 4390 Quid
2359 4321 2514 4376 ‘tﬂhis
2564 4334 2663 4374 cur
2710 4316 3070 4373 communicat
3126 4310 3353 4368 Petrus?
3390 4311 3446 4367 Si
3484 4312 3603 4365 istis

2008 4415 2062 4469 ia
2110 4430 2298 4470 errore
2350 4411 2670 4473 durantibus
2727 4409 2818 4463 ille
2867 4407 2987 4462 ﬁdei
3020 4416 3164 4461 verae
3202 4402 3602 4460 examinatione

1978 4497 2269 4580 probatus
2301 4517 2384 4564 est
2423 4517 2477 4563 et
2520 4502 2788 4575 receptus,
2819 4502 2999 4571 utique
3040 4499 3085 4553 si
3136 4513 3197 4554 se
3235 4498 3500 4564 correxit,
3533 4495 3601 4549 ad

1927 4566 1981 4625 θ
2007 4566 2098 4655 illa
2130 4601 2421 4657 translatus
2468 4606 2554 4653 est
2577 4566 2697 4666 qua:
2744 4566 2867 4649 ﬁdei
2907 4566 3190 4647 catholicae
3229 4586 3602 4653 convenirent,

2007 4708 2113 4748 non
2173 4693 2225 4747 in
2279 4691 2361 4746 bis
2417 4687 2685 4743 remansit
2736 4698 2857 4753 qum
2901 4683 2949 4760 ei
3008 4681 3310 4751 probantur
3367 4677 3602 4734 inimica.

2006 4786 2113 4840 Cur
2166 4784 2361 4839 talibus
2421 4794 2554 4849 ergo
2606 4774 3002 4833 communicat?
3063 4773 3110 4828 si
3178 4773 3267 4828 illa
3321 4770 3608 4827 manifeste

2009 4878 2307 4948 proﬁtetur,
2352 4874 2422 4929 ad
2472 4886 2593 4943 qua:
2647 4885 2832 4926 errore
2877 4867 3130 4939 deposito
3173 4882 3296 4923 eum
3347 4864 3609 4921 transisse

2016 5036 2200 5089 ctione
2230 5032 2353 5088 huic
2382 5033 2542 5088 etiam
2572 5029 2811 5103 epistolas
2838 5027 3221 5103 adjunguntttr,
3264 5020 3609 5103 epistol:r_e_ad

2016 5104 2257 5175 Leonem
2308 5093 2624 5175 Augustum'
2646 5101 2871 5175 legimus
2896 5093 3078 5175 _'hic'a
3120 5096 3377 5175 _S.Leon.e
3429 5093 3610 5175 addiat

2015 5190 2158 5231 esse.
2204 5164 2532 5228 Testirrionia
2570 5164 2857 5227 vero—haze
2896 5170 3054 5238 longe
3086 5166 3242 5238 plura
3280 5165 3453 5238 fuisse
3484 5164 3611 5217 licet

2018 5247 2319 5313 conjicere;
2350 5244 2394 5299 si
2424 5244 2567 5298 enim
2600 5258 2665 5296 ex
2693 5257 2882 5295 novem
2912 5235 3282 5313 tantummodo
3311 5245 3401 5289 aut
3424 5235 3609 5289 decem

2020 5307 2849 5392 episcopis'excerptatuissent,
2883 5326 2943 5366 ea
2977 5307 3271 5392 hyperbole
3291 5320 3407 5392 non
3436 5317 3612 5392 utere:

2020 5378 2107 5441 tur
2134 5378 2304 5447 Felix,
2349 5401 2414 5439 ea:
2454 5378 2681 5455 omnium
2714 5378 2847 5437 retro
2884 5378 3181 5452 pontiﬁcum
3215 5378 3301 5448 qui
3341 5381 3611 5455 [aerumna

2021 5468 2246 5528 tempore
2280 5444 2485 5509 Domini
2519 5454 2803 5510 Saluatoris
2834 5444 2939 5528 toto
2968 5444 3085 5528 01:08
3116 5444 3383 5528 terrarum.
3420 5444 3579 5499 Tradi

2020 5520 2185 5582 tionis
2211 5528 2416 5597 pondus
2442 5534 2602 5595 atque
2635 5539 2786 5597 usum
2813 5524 2982 5597 vides.
3010 5522 3150 5577 SCIP.
3169 5520 3474 5597 .Marrzms.

2098 5610 2120 5637 ε
2151 5588 2496 5668 Compertum
2517 5588 2611 5651 'est
2642 5594 3037 5668 Eutychianos,
3070 5601 3138 5668 ut_
3168 5589 3384 5658 impiam
3414 5588 3615 5668 doctri-
3656 5628 3659 5631 γ

2024 5684 2149 5723 nam
2199 5658 2505 5723 assererem
2549 5682 2648 5736 qua
2678 5658 2947 5719 Christum
2996 5658 3267 5736 hominem
3315 5658 3609 5736 negabant,

2018 5740 2298 5794 Nicazuum
2342 5731 2625 5800 concilium
2678 5736 2841 5791 stulte
2884 5733 3189 5805 protulisse,
3232 5731 3597 5805 quo_datnnat

1960 5881 1981 5891 ’ν
2020 5813 2239 5867 fuerant
2267 5826 2356 5877 qut
2388 5808 2582 5865 Filtom
2615 5800 3096 5875 negabant'Deum.
3144 5800 3287 5857 Scrr.
3316 5800 3613 5855 Marrstur.

2670 5942 2687 5969 1

2536 5975 2597 5983 -ΡΑ
