4096 6342
462 303 569 361 955

1796 292 2055 354 FELlClS
2093 293 2296 352 ΡἉΡᾸΞ
2335 295 2401 353 lli

3626 295 3745 362 986

462 417 831 487 cognoscitur,
878 428 973 468 cur
999 411 1116 480 ejus
1144 408 1502 466 communicat
1550 406 1821 463 inimicis?
1866 407 2052 479 itaque
2080 405 2131 467 Α
2158 409 2371 464 interim
2403 424 2507 464 non
2536 411 2784 481 requiro;
2820 408 2965 465 nulla
2994 416 3175 465 tamen
3202 413 3371 480 major
3392 420 3476 465 est
3506 414 3749 465 necessi—

468 509 587 564 luce
617 506 815 562 clarius
843 504 1100 574 probatur
1144 515 1251 556 non
1300 514 1421 557 esse
1469 510 1801 565 correctum,
1851 499 1945 556 sed
1994 501 2046 555 in

466 601 653 659 eadem
689 596 988 667 pestilentia
1020 608 1358 666 permanere,
1391 594 1547 664 cujus
1576 595 1897 664 sequacibus
1929 607 2051 663 pro-

468 690 864 759 fessoribusque
902 690 1283 745 communicat.
1332 688 1471 744 Ecce
1516 688 1697 758 igitur,
1745 680 1908 743 etiam
1949 686 2052 741 hoc

466 783 640 853 ipsum
672 781 815 852 quod
843 788 1146 837 correctum
1171 778 1362 848 vultis,
1392 778 1604 834 videtur
1629 778 1820 834 falsum
1847 788 1902 833 et
1936 778 2052 834 evi-

465 873 783 929 dentissime
798 871 1127 928 confutatur.
1150 870 1493 940 Quapropter
1520 870 1664 933 licet,
1697 870 1904 925 etiamsi
1932 883 2054 925 cor-

464 974 648 1022 rectus
679 973 845 1033 esset,
896 962 1292 1019 correctoribus
1336 962 1447 1016 suis
1491 961 1646 1016 subdi
1687 960 1893 1027 debuit,
1944 974 2053 1016 non

467 1056 729 1126 praeponi,
762 1054 957 1126 quibus
984 1054 1054 1108 ab
1087 1052 1358 1108 haereticis
1378 1052 1677 1119 ordinatus,
1712 1052 1855 1107 nulla
1882 1053 2054 1122 potuit

468 1161 703 1217 praeesse
729 1147 970 1209 ratione;
1001 1144 1160 1199 etiam
1186 1144 1240 1197 in
1268 1142 1366 1197 bac
1394 1151 1545 1211 parte
1574 1143 1929 1207 convincitur,
1962 1142 2051 1211 qui

467 1247 745 1293 correctus
771 1235 1104 1299 obtenditur,
1156 1233 1371 1303 quando
1402 1232 1486 1287 Itis
1513 1233 1934 1301 communicare,
1963 1232 2052 1302 qui

468 1330 525 1385 in
554 1329 816 1400 pravitate
859 1326 1185 1398 perdurant,
1226 1327 1346 1380 sine
1384 1324 1637 1395 ambiguo
1677 1325 1945 1392 reperitur
1975 1330 2055 1378 at-

464 1437 573 1492 que
608 1436 638 1474 a
676 1430 861 1475 nostra
892 1418 1269 1475 communione
1294 1415 1634 1471 omnifariam
1667 1415 1862 1471 merito
1886 1415 2053 1485 juste-

464 1528 574 1583 que
607 1512 907 1582 repellitur.
956 1510 1093 1565 Ecce
1123 1524 1281 1579 quam
1314 1509 1473 1563 nobis
1493 1508 1635 1576 justa
1665 1496 2053 1576 causasuppe-

466 1604 624 1667 ditat,
653 1602 701 1658 si
728 1602 888 1656 etiam
912 1598 1164 1655 Acacium
1191 1599 1282 1668 qui
1309 1598 1449 1652 Itunc
1477 1605 1531 1651 et
1556 1596 1698 1664 iuste
1718 1594 1903 1651 retulit
1929 1604 2055 1650 ante

465 1710 589 1751 esse
613 1694 950 1758 damnatum,
982 1699 1036 1747 et
1059 1701 1179 1760 post
1202 1705 1326 1744 cum
1370 1688 1573 1744 nefarie
1596 1689 1651 1743 in
1680 1703 1777 1743 sua
1806 1702 2052 1743 commu-

2155 510 2234 557 tas
2255 516 2415 572 quam
2444 502 2630 558 divino
2658 502 2825 559 cultui
2857 508 2911 557 et
2933 502 3204 573 religioni,
3231 501 3372 557 unde
3401 502 3580 557 omnia
3614 516 3747 571 pro—

2154 601 2462 662 sperantur,
2515 594 2657 649 unde
2686 594 2981 650 necessitas
3018 592 3190 664 magis
3223 594 3397 647 omnis
3424 592 3749 661 absolvitur,

2153 694 2209 741 et
2238 694 2431 741 cuncta
2460 684 2681 741 adversa
2730 694 3097 751 removentur,
3130 672 3251 740 esse
3288 684 3608 753 subjectum,
3645 697 3751 738 nec

2154 780 2202 835 ei
2235 777 2436 849 aliquid
2482 779 2702 835 omnino
2731 793 3077 851 praeponere;
3128 779 3252 848 quia
3291 794 3398 833 non
3421 787 3512 832 est
3560 776 3754 846 utique

2155 871 2297 943 quod
2323 872 2431 929 Deo
2453 872 2646 929 debeat
2678 875 2949 943 anteponi,
2980 888 3102 928 cum
3130 872 3177 927 ei
3206 872 3341 942 jussi
3365 872 3624 927 fuerimus
3648 884 3754 925 nec

2156 965 2362 1019 animas
2405 973 2619 1020 nostras
2661 965 2881 1020 omnino
2922 979 3239 1035 przeponere
3282 964 3419 1018 :illo
3461 964 3601 1018 enim
3649 963 3753 1017 de-

2156 1064 2342 1124 specto
2372 1056 2515 1110 nulla
2547 1064 2727 1125 potest
2756 1055 3049 1112 necessitas
3082 1055 3347 1127 expediri,
3384 1056 3478 1111 sed
3519 1072 3617 1110 nec
3664 1071 3757 1110 res

2155 1146 2412 1215 quaelibet
2453 1146 2688 1202 humana
2736 1157 3023 1203 constare:
3052 1148 3195 1203 unde
3236 1159 3456 1219 apparet
3487 1148 3755 1217 majorem
3848 1207 3857 1215 ,

2156 1237 2530 1294 necessitatem
2562 1249 2616 1295 et
2641 1237 2901 1309 majorem
2943 1256 3053 1309 pne
3086 1239 3341 1294 omnibus
3366 1255 3583 1295 causam
3628 1255 3757 1295 esse

2156 1340 2346 1387 cuncta
2376 1332 2550 1387 eidem
2583 1334 2962 1403 postponendi.
2995 1334 3171 1401 Adde,
3215 1337 3339 1405 quia
3387 1335 3533 1389 nulla
3563 1350 3755 1391 neces-

2157 1424 2289 1479 sitas
2306 1431 2409 1479 est.
2434 1425 2527 1480 sed
2551 1440 2672 1480 esse
2696 1425 3074 1495 praetenditur;
3105 1426 3285 1480 nullus
3303 1425 3410 1496 jam
3435 1442 3540 1481 non
3561 1436 3753 1481 est....

2159 1515 2235 1570 De
2264 1514 2575 1572 exclusione
2602 1515 2744 1572 Petri
2775 1515 2966 1571 seditio
3012 1532 3146 1571 vana
3173 1518 3520 1587 proponitur;
3552 1519 3756 1589 quippe

2156 1619 2277 1663 cum
2327 1616 2382 1663 et
2408 1607 2693 1663 Timotheo
2744 1606 3001 1664 haeretico
3049 1609 3204 1677 pulso
3248 1607 3759 1664 nemobresultare

2158 1698 2469 1763 tentaverit,
2520 1707 2574 1753 et
2623 1712 2721 1768 pro
2748 1697 2908 1754 Petro
2936 1708 3331 1768 consequenter
3357 1699 3535 1770 ejecto
3576 1701 3760 1754 nullus

470 1787 631 1841 nione
668 1784 928 1855 suscepit,
973 1798 1005 1838 a
1049 1790 1232 1837 nostra
1265 1781 1644 1836 communione
1677 1779 2050 1836 discrevimus.

2166 1789 2453 1845 obstiterit.
2491 1788 2650 1844 Falso
2690 1789 2853 1859 igitur
2894 1805 2997 1844 non
3041 1789 3156 1845 fieri
3208 1804 3365 1858 posse
3405 1791 3754 1861 conﬁngitur,

469 1879 604 1935 Cum
634 1878 828 1934 Acacio
854 1878 999 1933 enim
1030 1876 1184 1931 nobis
1217 1874 1313 1929 fuit
1349 1876 1528 1945 prisca
1554 1874 1891 1940 communio;
1942 1875 2056 1930 haec

464 1978 529 2024 ut
557 1978 864 2026 servaretur
886 1967 1073 2032 illaesa,
1106 1978 1133 2004 ιι
1163 1981 1257 2036 per
1283 1965 1711 2036 quinquennium
1744 1966 2056 2035 permonui-

468 2076 619 2127 mus;
649 2071 708 2117 et
732 2062 856 2117 licet
895 2075 997 2115 nec
1022 2059 1325 2115 rescribere
1352 2058 1683 2127 dignaretur,
1732 2073 1832 2112 nos
1854 2068 2055 2125 tamen,

472 2164 531 2210 ut
559 2153 881 2209 catholicam
914 2152 1074 2206 iidem
1103 2152 1383 2215 retineret,
1433 2164 1707 2220 nunquam
1757 2149 2059 2205 destitimus

467 2246 769 2302 adhortari.
812 2244 1096 2300 Postremo
1139 2245 1330 2313 legatis
1354 2242 1532 2299 missis
1561 2244 1875 2307 terruimus,
1905 2245 2056 2298 blan-

471 2340 574 2395 diti
596 2355 809 2410 suetus,
828 2339 1175 2410 praediximus
1199 2341 1616 2407 comminantes,
1640 2339 1946 2406 suadentes,
1965 2340 2060 2395 ob-

416 2474 417 2477 η
469 2446 754 2504 testantes,
798 2436 1202 2493 damnationem
1250 2438 1673 2508 praetendentes,
1720 2452 1790 2494 ne
1821 2449 2062 2492 comnm-

474 2530 621 2585 nioui
654 2530 872 2585 cederet
903 2529 1234 2599 perditorum
1263 2548 1276 2582 :
1316 2530 1560 2585 laborum
1587 2543 1806 2585 suorum
1833 2544 1927 2599 pro
1958 2528 2062 2584 fide

473 2623 740 2678 catholica
770 2624 1019 2692 primitus
1047 2623 1408 2692 impensarum
1432 2638 1555 2677 eum
1578 2623 1889 2677 meminisse
1910 2636 2062 2675 man-

471 2716 751 2781 davimus;
782 2723 837 2770 et
858 2714 1141 2770 incitantes
1172 2714 1240 2769 ad
1264 2714 1513 2783 gloriam,
1543 2723 1596 2769 et
1624 2729 1653 2768 a
1693 2713 1931 2784 periculo
1966 2712 2062 2766 de.

470 2815 762 2863 serrentes.
779 2805 910 2874 Quae
930 2813 1122 2861 cuncta
1139 2804 1441 2874 despiciens
1457 2806 1812 2861 circumvenit
1833 2804 2059 2873 legatos,

477 2909 539 2954 ut
564 2899 724 2953 veluti
752 2898 1027 2952 uobiscum
1056 2911 1121 2953 se
1149 2910 1335 2953 errare
1377 2896 1761 2968 praetenderet,
1808 2906 1859 2951 et
1888 2896 2061 2950 luere-

470 2992 585 3048 tien
612 2999 775 3060 atque
795 2990 1069 3054 damnato,
1102 3004 1263 3059 quem
1310 2987 1582 3059 praecipue
1622 2991 1735 3058 ipse
1780 2988 2060 3051 retulerat,

473 3084 857 3140 communione
901 3097 961 3137 se
1004 3082 1240 3137 miscuit.
1287 3081 1470 3137 Donec
1514 3082 1615 3135 ista
1657 3093 2060 3147 cognoscerem,

2160 1884 2304 1952 quod
2342 1883 2589 1952 exemplo
2613 1882 2921 1939 earumdem
2951 1898 3129 1939 rerum
3158 1884 3275 1939 sine
3302 1883 3528 1938 tumultu
3556 1883 3761 1938 iactum

2162 1987 2282 2029 esse
2305 1974 2413 2043 jam
2458 1982 2689 2030 constat.
2741 1974 2989 2030 Pecuniae
3038 1989 3195 2030 causa
3227 1988 3332 2030 non
3376 1974 3467 2040 sit,
3514 1983 3571 2029 et
3607 1976 3759 2029 nulla

2162 2068 2458 2122 necessitas
2487 2077 2588 2123 est.
2613 2066 2900 2123 Tumultus
2932 2067 2985 2121 in
3016 2068 3188 2124 sancti
3218 2069 3367 2125 ccede
3392 2068 3621 2125 Proierii
3651 2071 3761 2127 bas-

2161 2158 2453 2214 reticorum
2486 2158 2783 2228 irruptione
2814 2167 3114 2214 commotus
3143 2167 3245 2227 est,
3279 2175 3553 2230 nunquam
3574 2170 3757 2216 autem

2165 2264 2263 2318 per
2292 2249 2588 2305 catholicos
2618 2264 2746 2305 usus
2790 2260 2873 2304 est
2904 2250 3161 2304 tumultus
3200 2250 3463 2305 excitatus
3497 2269 3510 2304 :
3545 2260 3600 2306 et
3626 2266 3759 2305 con-

2165 2343 2314 2396 venit
2359 2341 2651 2396 seditiones
2690 2347 3135 2410 quorumcunqtte
3178 2342 3496 2410 pepulerunt
3543 2342 3757 2411 publica
3846 2340 3855 2349 ”

2166 2434 2485 2489 auctoritate
2515 2433 2802 2502 compesci.
2830 2433 3009 2502 Itaque
3028 2442 3087 2487 ut
3110 2447 3392 2502 pravorum
3418 2432 3759 2504 ittdulgcatur

2164 2526 2353 2589 furori,
2386 2524 2476 2594 qui
2508 2525 2606 2579 levi
2639 2532 2784 2579 metu
2816 2524 3088 2593 perterriti
3117 2523 3505 2593 conquiescere
3551 2525 3758 2594 potuis-

2164 2625 2308 2682 sent,
2354 2617 2540 2686 religio
2572 2616 2749 2671 divina
2791 2617 3141 2682 subvertitur,
3187 2625 3240 2670 et
3269 2616 3470 2672 Christi
3514 2616 3756 2674 Ecclesia

2166 2708 2453 2762 laceratur.
2482 2707 2758 2762 Postremo
2780 2707 2882 2761 hoc
2912 2708 3027 2777 ipso
3050 2707 3193 2778 quod
3223 2710 3601 2764 necessitatem
3635 2725 3757 2766 esse

2171 2800 2481 2869 prmtendit,
2511 2799 2707 2855 malum
2736 2813 2857 2856 esse
2884 2800 3196 2870 pronuntiat
3239 2800 3379 2871 quod
3423 2801 3579 2867 facit;
3614 2803 3755 2858 unde

2166 2892 2211 2945 si
2234 2895 2283 2945 ei
2313 2900 2395 2945 est
2440 2890 2733 2946 necessitas
2774 2899 2965 2946 contra
2999 2891 3181 2946 divina
3214 2892 3487 2959 tendendi,
3532 2893 3663 2947 mihi
3703 2894 3752 2947 id

2162 2982 2423 3049 operandi
2446 2982 2587 3036 nulla
2612 2983 2903 3038 necessitas
2932 2999 2942 3034 :
2967 2996 3159 3038 cavere
3180 2982 3349 3038 debeo
3370 2997 3401 3037 a
3424 2983 3590 3052 malo,
3612 2985 3754 3053 quod

2166 3073 2330 3127 etiam
2362 3083 2414 3127 ιιι
2454 3072 2636 3129 fateris
2681 3073 2902 3139 malum,
2954 3073 3078 3127 dum
3107 3074 3430 3130 necessitate
3482 3083 3535 3130 te
3579 3075 3753 3131 facere

474 3177 647 3247 potuit
670 3175 799 3237 milii
828 3188 952 3229 cum
978 3174 1071 3228 illo
1100 3173 1325 3243 pristina
1360 3186 1579 3228 manere
1599 3173 1936 3236 communio;
1968 3186 2061 3225 ve-
2088 3159 2138 3223 Ο
2168 3166 2382 3221 testaris
2420 3164 2644 3219 invitum
2675 3182 2687 3218 :
2720 3164 2831 3219 imo
2873 3164 3006 3219 mihi
3046 3164 3221 3234 major
3250 3166 3541 3221 necessitas
3570 3177 3653 3222 est
3677 3166 3754 3222 di-

476 3284 599 3323 rum
630 3268 719 3321 ubi
765 3267 870 3321 hoc
895 3266 1156 3335 comperi,
1203 3266 1252 3320 si
1293 3280 1401 3320 non
1436 3281 1563 3321 eum
1594 3265 1853 3321 continuo
1891 3280 1919 3319 a
1949 3280 2064 3318 mea

478 3359 863 3413 communione
890 3370 1249 3426 separassem,
1273 3357 1546 3411 videretur
1574 3355 1727 3424 mibi,
1752 3357 1913 3409 etiam
1943 3371 2064 3409 cum

481 3448 591 3517 jant
622 3448 1034 3517 praevaricatore
1076 3447 1427 3502 nihilominus
1470 3460 1690 3502 manere
1734 3447 2065 3514 Communi»,

483 3550 544 3595 et
578 3555 699 3609 que
724 3553 846 3593 cum
876 3538 1142 3593 catholico
1163 3537 1360 3606 fuerat,
1395 3554 1516 3595 esse
1542 3540 1702 3595 etiam
1728 3554 1852 3594 cunt
1881 3554 1948 3594 eo
1973 3541 2067 3609 qui

489 3629 863 3685 hereticorum
909 3630 1238 3685 censu-tium
1284 3630 1425 3685 inire
1468 3629 1748 3685 maluerat.
1802 3631 1953 3698 Quod
2002 3646 2070 3685 ne

487 3719 641 3774 lieret
691 3721 1054 3776 necessarium
1084 3721 1212 3776 mitti
1246 3721 1345 3777 fuit
1389 3723 1712 3790 abrumpere
1736 3723 2071 3778 communio-

486 3828 611 3869 nent
630 3812 771 3882 ejus,
792 3822 890 3868 et-a
908 3827 1031 3869 meo
1046 3813 1325 3869 consortio
1345 3823 1706 3883 sequestrare.
1733 3814 1855 3869 ideo
1876 3817 2071 3885 quippe

486 3919 713 3964 neeeBse
738 3904 840 3962 fuit
866 3906 972 3962 hoc
1003 3906 1196 3969 facere.
1225 3906 1346 3977 quia
1372 3906 1651 3962 catholica:
1677 3906 1798 3962 fidei
1826 3922 1929 3962 non
1953 3917 2073 3963 erat

483 4007 654 4056 tutum
682 3998 787 4054 ltoc
810 3999 1038 4055 omnino
1068 4015 1176 4054 non
1202 4000 1395 4055 facere.
1417 4000 1525 4054 Sed
1546 4000 1848 4071 imperator,
1872 3999 2068 4069 inquis,

479 4094 827 4148 necessitatem
851 4090 1159 4147 cum'Petro
1178 4094 1590 4147 communiendi
1615 4094 1833 4161 imponit
1862 4094 2069 4149 Acutio.

478 4185 557 4241 De
578 4185 682 4240 bac
703 4186 1026 4241 necessitate
1051 4194 1108 4240 et
1136 4186 1383 4254 superius
1409 4186 1519 4255 jam
1559 4186 1722 4240 multa
1752 4188 1893 4242 dicta
1922 4196 2067 4255 sunt,

467 4285 532 4331 et
558 4276 727 4332 multa
758 4275 1038 4340 dicentur;
1069 4275 1264 4344 quibus
1289 4284 1641 4343 appareat,et
1672 4277 2067 4343 necessitatem,

473 4363 526 4418 εἰ
551 4379 679 4421 vera
704 4373 871 4430 esset,
902 4362 1239 4418 sacerdotem
1258 4379 1368 4432 pro
1403 4364 1666 4431 catholica
1695 4366 1799 4420 fide
1823 4377 2069 4422 contem-

476 4466 610 4507 nere
639 4452 913 4518 debuisse,
934 4461 990 4507 et
1013 4452 1247 4507 tolerare
1273 4453 1532 4522 quidquid
1556 4454 1767 4509 adversi
1790 4465 1890 4520 est,
1914 4458 2071 4517 dum-

2170 3257 2277 3311 vini
2319 3257 2530 3311 timoris
2555 3265 2610 3312 et
2639 3256 2803 3312 futuri
2826 3256 3032 3326 judicii,
3065 3264 3123 3311 ut
3150 3270 3371 3312 caveam
3402 3256 3623 3313 malum.
3647 3256 3754 3313 Cur

2170 3363 2259 3402 me
2287 3348 2338 3401 in
2373 3356 2519 3401 tuum
2556 3347 2729 3413 nefas,
2778 3348 2920 3417 quod
2967 3347 3291 3403 necessitate
3336 3348 3497 3420 geris,
3543 3351 3753 3405 conaris

2169 3437 2462 3499 attrahere.
2489 3452 2610 3493 cum
2634 3438 2686 3493 id
2708 3438 2975 3495 subeundi
3002 3440 3149 3494 nulla
3180 3438 3472 3496 necessitas
3499 3442 3606 3496 sit?
3647 3440 3755 3497 lmo

2171 3539 2231 3584 ut
2254 3530 2452 3585 dictum
2481 3541 2587 3598 est,
2609 3544 2715 3585 non
2743 3530 2974 3587 faciendi
3001 3533 3071 3587 sit
3096 3543 3119 3572 ε
3163 3532 3266 3587 alia
3290 3545 3450 3588 causa
3479 3535 3755 3605 majorque

2172 3626 2486 3680 necessitas.
2538 3626 2644 3680 Sed
2671 3627 2871 3698 corrige
2898 3642 2998 3693 me,
3032 3629 3231 3697 inquis,
3281 3639 3329 3683 et
3354 3630 3459 3684 noti
3485 3646 3566 3683 me
3608 3648 3642 3685 a
3671 3640 3755 3686 tuo

2171 3718 2427 3773 consortio
2451 3728 2786 3789 sequestram.
2818 3720 3079 3790 Relinque
3106 3721 3325 3788 malum,
3356 3730 3673 3778 convertere
3689 3724 3753 3778 ad

2174 3815 2395 3878 bonum,
2416 3824 2688 3871 revertere
2717 3814 2782 3869 ad
2812 3829 2921 3883 me,
2946 3822 3003 3870 et
3021 3823 3295 3871 correctus
3323 3830 3399 3881 es,
3419 3828 3467 3872 et
3498 3817 3755 3873 liberatus

2174 3924 2205 3963 a
2236 3909 2398 3974 malo,
2429 3917 2484 3963 et
2509 3923 2537 3961 a
2569 3923 2656 3965 me
2683 3908 2989 3964 nullatenus
3028 3916 3328 3979 separatus.
3382 3908 3487 3965 Sed
3517 3925 3617 3963 non
3640 3924 3756 3981 pos-

2173 4016 2308 4066 sum,
2334 4000 2530 4069 inquis,
2561 4008 2607 4053 et
2629 3999 2915 4070 reiinquere
2942 4014 3024 4053 me
3066 4014 3166 4053 non
3194 4000 3362 4054 debes.
3390 3997 3468 4053 Tu
3498 3998 3672 4065 doles,
3701 4006 3756 4053 ut

2174 4091 2351 4157 video,
2390 4091 2513 4161 quia
2559 4099 2733 4147 tecum
2774 4104 2877 4161 ego
2926 4105 3033 4146 non
3065 4104 3309 4158 peream;
3362 4104 3420 4144 se
3460 4104 3563 4161 ego
3600 4089 3756 4146 doleo

2172 4196 2341 4251 quare
2369 4197 2579 4236 mecum
2611 4182 2727 4251 ipse
2773 4196 2878 4236 non
2910 4180 3134 4236 saiveris
3167 4199 3181 4235 :
3210 4182 3255 4236 si
3287 4190 3488 4237 tantum
3536 4182 3674 4251 apud
3705 4189 3757 4237 te

2175 4273 2318 4328 valet
2348 4287 2574 4342 persona
2602 4272 2744 4328 Petri
2786 4281 2843 4328 ut
2868 4272 3036 4328 Deum
3069 4281 3402 4339 contemnas,
3437 4281 3491 4327 tu
3519 4272 3754 4336 ‘videris;

2174 4378 2261 4419 me
2291 4364 2490 4431 facere,
2522 4377 2621 4418 nec
2650 4373 2864 4431 oportet
2893 4364 3134 4428 omnino,
3168 4380 3267 4418 nec
3295 4363 3444 4418 libet.
3480 4364 3632 4429 Quod
3662 4376 3755 4431 po-

2174 4464 2248 4507 tes
2272 4454 2401 4522 ﬁeri,
2438 4453 2634 4522 inquis,
2669 4456 2765 4507 hoc
2788 4455 2950 4523 exige.
2986 4455 3051 4509 Et
3076 4468 3179 4524 ego
3206 4454 3299 4509 tibi
3331 4455 3471 4523 dico,
3504 4456 3640 4525 quod
3666 4470 3757 4525 po-

480 4543 641 4597 tnodo
664 4541 735 4596 ab
765 4543 1071 4613 integritate
1095 4542 1218 4598 iidei
1245 4543 1529 4599 catholicae
1554 4545 1863 4601 nullatenus
1887 4547 2070 4602 devia-
2095 4525 2149 4588 Ῐ)
2172 4553 2266 4597 test
2300 4546 2430 4611 ﬁeri,
2462 4544 2559 4597 hoc
2582 4560 2660 4598 me
2699 4560 2882 4615 posce;
2932 4545 3139 4599 facilius
3168 4545 3312 4600 enim
3345 4545 3460 4600 fieri
3504 4552 3676 4613 potest
3701 4553 3759 4597 ut

480 4641 596 4698 ret;
622 4633 820 4691 deinde
840 4633 1125 4690 manifesta
1153 4636 1362 4690 ratione
1385 4644 1736 4704 monstretur,
1766 4637 1844 4692 sic
1864 4638 2065 4693 nullam

478 4725 856 4782 necessitatem
877 4727 1077 4784 Acacio
1097 4727 1167 4782 ab
1192 4729 1517 4799 imperatore
1540 4742 1763 4797 prorsus
1782 4728 2065 4798 ingestam,

478 4819 617 4874 sicut
640 4818 819 4888 potius
846 4820 1227 4889 imperatorem
1258 4821 1391 4877 satis
1434 4821 1605 4878 claret
1629 4832 1696 4877 es
1724 4822 1907 4877 Acacii
1936 4836 2069 4877 cun-

480 4920 567 4967 cta
617 4911 809 4966 fecisse
853 4912 1101 4966 consilio.
1146 4911 1320 4965 Etiam
1365 4913 1473 4983 ipse
1515 4914 1811 4981 imperator,
1866 4914 2064 4984 inquis,

478 5004 826 5058 necessitatum
853 5002 1002 5057 habet
1030 5003 1128 5058 ista
1155 5002 1396 5060 faciendi.
1445 5002 1798 5062 Necessitatis
1847 5018 2065 5063 causam

556 5190 582 5219 α
616 5179 1024 5237 Permonuimus
1046 5196 1062 5235 :
1088 5176 1314 5237 Romani
1354 5180 1562 5239 scilicet
1593 5182 1899 5247 Pontifices.
1952 5183 2054 5238 Per

521 5252 706 5323 nitique
722 5269 884 5306 annos
906 5251 1131 5321 legimus
1153 5251 1315 5308 etiam
1340 5252 1392 5307 in
1414 5250 1666 5308 Liberale
1689 5253 1839 5323 (Cap.
1864 5255 1986 5321 i8);
2011 5262 2065 5309 at

468 5322 733 5378 .Gelasius
757 5322 809 5377 in
828 5324 859 5378 8
882 5324 1129 5391 epistola,
1152 5332 1207 5378 et
1229 5325 1280 5377 in
1300 5322 1383 5389 i5,
1406 5340 1494 5389 per
1515 5322 1795 5379 triennium
1812 5324 1962 5380 dicit.
1992 5326 2066 5381 ita

487 5393 760 5448 conciliari
804 5405 1045 5460 possunt,
1082 5405 1139 5448 ut
1184 5405 1297 5448 tres
1332 5409 1501 5447 annos
1529 5392 1833 5463 Simplicius
1875 5396 2066 5450 admo-

490 5464 685 5536 nuerit,
713 5465 847 5536 duos
872 5478 1001 5536 v_e_ro
1027 5463 1196 5536 Felix.
1219 5464 1350 5536 llinc
1372 5466 1425 5536 in
1450 5464 1728 5519 Breviculo
1754 5483 1767 5520 :
1791 5464 1893 5520 Per
1912 5471 2071 5536 ferme

490 5535 766 5615 triennium
887 5531 965 5586 Μ.
981 5551 1116 5615 papa
1144 5534 1445 5615 Simplicius
1472 5552 1573 5588 non
1601 5536 1751 5615 desiit
1778 5531 2066 5615 scribendo.

495 5603 712 5657 Videtur
749 5612 928 5659 autem
967 5603 1387 5676 quinquennium
1429 5615 1552 5659 ante
1583 5606 1892 5662 missionem
1924 5608 2071 5676 lega-

493 5682 666 5749 torum
692 5676 1010 5749 computari.
1040 5689 1159 5730 cum
1186 5674 1434 5749 addatur,
1466 5679 1927 5749 postremolegatt‘s
1951 5674 2076 5730 niis-

494 5743 584 5811 δίε,
612 5754 740 5814 etc.,
768 5743 909 5815 quod
956 5744 1022 5801 iis
1060 5743 1473 5817 expendenduttt
1516 5759 1621 5814 est,
1669 5751 1756 5816 qui
1792 5743 2017 5807 censent
2040 5763 2071 5811 ι

2158 4635 2336 4689 ιιιόηιο
2383 4644 2734 4704 postponatur
2786 4637 2928 4704 Deo,
2980 4645 3037 4691 ut
3083 4636 3245 4692 homo
3292 4636 3552 4693 refutetur
3591 4637 3760 4705 magis

2173 4744 2329 4799 quam
2362 4728 2507 4785 Deus
2531 4743 2547 4782 :
2572 4727 2713 4798 quod
2743 4729 2788 4783 si
2814 4728 2867 4783 id
2892 4743 2998 4784 non
3022 4739 3199 4797 potest
3226 4729 3363 4799 fieri,
3394 4730 3564 4783 multo
3593 4729 3758 4797 magis

2177 4839 2282 4878 non
2312 4831 2489 4893 potest
2529 4822 2642 4876 fieri
2672 4837 2702 4876 a
2733 4823 2887 4878 nobis
2923 4831 2980 4877 ut
3009 4823 3240 4879 refutatu
3264 4821 3381 4879 Deo
3412 4823 3575 4877 homo
3596 4823 3760 4889 eliga-

2178 4916 2293 4981 tur;
2344 4916 2516 4984 major
2542 4914 2696 4970 noltis
2737 4924 2819 4969 est
2860 4905 3019 4969 causa
3052 4929 3155 4985 qua
3194 4930 3299 4970 non
3352 4916 3617 4983 possimus
3661 4915 3759 4965 bne

2178 5007 2377 5074 facere,
2405 5018 2564 5077 quam
2586 5004 2835 5071 vobis,ut
2862 5005 2993 5060 illud
3022 5005 3201 5061 facere
3231 5006 3410 5061 nolitis
3435 5021 3449 5059 :
3475 5017 3758 5075 possumus

2174 5183 2356 5310 geltce
2385 5184 2564 5237 statim
2595 5182 2663 5237 ab
2693 5182 3097 5251 inaugurationis
3126 5181 3334 5253 legatos
3374 5182 3587 5238 missos.
3617 5179 3757 5235 Sorr.

2230 5268 2466 5309 AFFBIUB.

2230 5268 2466 5309 AFFBlUB.

2248 5323 2273 5363 ι)
2303 5325 2475 5378 Sensu
2514 5322 2806 5377 obsistendi
2841 5339 2855 5376 :
2888 5323 2957 5376 ita
2997 5322 3274 5392 usurpavit
3301 5322 3546 5392 Gelasius
3578 5322 3630 5374 in
3661 5321 3757 5374 15:

2178 5394 2545 5467 subrogantur
2562 5393 2803 5467 _Ita’r_etict'
2845 5392 2983 5463 [lege
3019 5391 3462 5467 subregaftantu’r];
3499 5407 3643 5445 nemo
3682 5407 3764 5443 re-

2176 5461 2419 5519 sultabizt.
2444 5463 2497 5517 In
2528 5464 2593 5517 i3
2629 5479 2643 5516 :
2667 5461 2799 5534 Ecce
2818 5461 3084 5518 resultanti
3111 5461 3212 5518 ιιοῆ
3242 5461 3723 5534 institit—imperator
3743 5477 3763 5515 :

2182 5535 2268 5588 ubi
2295 5548 2521 5587 erronea
2552 5532 2858 5588 emendatio
2886 5544 2989 5599 est,
3016 5550 3110 5588 seu
3138 5535 3282 5588 varia
3314 5534 3472 5588 lectio
3498 5532 3763 5601 apposita,

2182 5605 2383 5658 restitit.
2418 5605 2643 5657 Aeacius
2670 5604 2814 5657 enim
2848 5605 3161 5671 imperatori
3194 5616 3318 5659 tunc
3348 5606 3564 5670 restitit,
3594 5610 3651 5657 et
3678 5617 3765 5657 re-

2181 5674 2388 5730 sistenti
2420 5675 2712 5741 imperator
2741 5688 2848 5728 non
2874 5676 3079 5728 institit.
3112 5676 3254 5730 SCIP.
3287 5675 3579 5731 MAH‘SIUS.

2307 5745 2363 5800 lu
2393 5759 2495 5801 ms.
2523 5754 2638 5802 erat
2670 5746 2833 5802 nulla.
2868 5745 3008 5803 SCIP.
3042 5747 3332 5804 MAFFEIUS.
