4096 6342
321 340 423 399 957

1525 329 1879 390 Εριετοιιε
1916 329 2005 388 ΕΤ
2046 328 2387 391 DICRETA.

324 457 521 523 dicere,
551 454 713 511 eicite
733 467 921 509 omnes
950 453 1231 509 anathema
1263 452 1453 518 Petro;
1486 454 1741 523 quamdiu
1758 451 1907 520 vivit,
1940 452 1989 511 Α
2016 452 2120 516 cio,
2150 460 2356 521 potest;
2386 453 2427 506 si
2458 450 2717 507 obediens
2749 451 2799 507 ei
2829 450 3121 522 imperator
3143 464 3250 506 non
3281 456 3382 515 est,
3409 463 3599 521 quant-

322 549 488 602 nolite
524 546 598 600 illi
633 544 1055 612 communicare,
1105 554 1159 601 et
1205 545 1672 600 communicamus
1720 544 1904 609 vobis;

316 648 375 693 et
398 652 556 709 quam
602 636 867 692 rationem
899 637 1157 693 reddituri
1208 652 1394 694 sumus
1436 636 1568 705 Deo,
1616 638 1664 693 si
1701 637 1910 692 animas

320 744 451 800 quas
482 730 569 785 ille
613 730 803 800 perdit,
852 732 1012 786 etiam
1043 729 1199 786 nobis
1244 730 1642 801 quodammodo
1687 730 1940 800 permit--

321 820 579 885 tantibus,
628 829 869 876 assumat
898 832 955 875 ut
994 822 1260 891 perimat?
1304 822 1422 889 Quo
1451 836 1539 878 me
1577 823 1792 877 trahere
1816 836 1910 877 co-

322 913 471 968 naris
498 911 564 966 ad
596 912 681 966 te?
728 927 825 966 cur
868 927 974 966 non
1006 912 1183 982 potius
1209 914 1500 968 revertaris
1542 913 1609 967 ad
1656 915 1782 968 me?
1830 911 1907 967 lbi

320 1005 555 1077 perditio
586 1016 689 1070 est,
737 1005 824 1059 hic
849 1005 1022 1071 salus;
1055 1005 1127 1060 ibi
1158 1007 1536 1076 praecipitium,
1572 1005 1659 1060 hic
1686 1004 1789 1060 tida
1820 1018 1909 1059 se-

319 1102 550 1165 curitas;
599 1099 673 1154 ibi
698 1100 966 1168 dcccptio,
1000 1099 1086 1154 hic
1112 1100 1365 1166 monitio;
1394 1108 1450 1154 tu
1472 1100 1541 1155 ad
1573 1100 1673 1154 ista
1702 1100 1903 1155 saluta-

318 1193 400 1248 ria
437 1193 616 1247 redire
644 1206 748 1246 non
789 1193 891 1257 vis,
937 1202 991 1247 et
1020 1208 1107 1246 me
1134 1192 1215 1248 vis
1244 1191 1311 1248 ad
1357 1194 1656 1263 periculosa
1683 1194 1911 1249 descen-

316 1285 469 1340 dere.
491 1283 680 1338 Nescio
701 1284 746 1337 si
769 1284 853 1338 vel
881 1292 934 1338 te
960 1284 1140 1353 judice
1167 1284 1395 1341 debeam
1424 1286 1524 1340 ista
1542 1287 1905 1341 committere.

322 1378 429 1433 Sed
457 1377 688 1442 Aeacius,
720 1376 917 1446 inquis,
962 1379 1008 1429 vi
1032 1393 1304 1447 oppressus
1335 1387 1430 1441 est,
1482 1389 1529 1433 et
1574 1380 1906 1450 opprimitur,

321 1476 379 1521 at
408 1477 498 1521 aut
523 1467 588 1519 ad
624 1466 721 1520 ista
752 1468 1053 1536 pervenerit,
1086 1477 1177 1522 aut
1222 1469 1323 1522 ista
1366 1486 1469 1523 non
1516 1471 1756 1539 corrigat.
1793 1470 1908 1524 Vim

256 1572 259 1573 '
318 1559 536 1628 quidem
564 1573 667 1613 non
700 1558 988 1627 pertulisse
1020 1559 1202 1614 multis
1246 1560 1544 1616 rationibus
1593 1561 1911 1629 comproba-

323 1661 429 1719 tur,
464 1651 574 1706 imo
598 1659 655 1706 et
684 1652 909 1733 docetur
934 1668 949 1706 :
974 1654 1097 1723 quia
1138 1652 1184 1707 si
1227 1653 1506 1720 noluisset,
1559 1668 1663 1708 non
1712 1653 1779 1708 ad
1808 1654 1909 1708 ista

321 1752 678 1812 pervenerat;
730 1744 857 1813 quin
906 1744 1127 1813 insuper
1173 1745 1287 1798 suis
1336 1744 1532 1800 litteris
1578 1745 1907 1812 confutatur,

318 1837 462 1908 quod
492 1837 659 1908 ipsius
704 1838 930 1893 consilio
959 1847 1151 1893 cuncta
1181 1838 1289 1893 sint
1326 1846 1497 1907 gesta,
1539 1852 1711 1908 eaque
1758 1838 1909 1892 velut
1936 1819 1987 1882 δ

322 1926 580 1983 divinitus
607 1926 865 1997 inspirata
895 1928 1181 1983 collaudat.
1232 1927 1339 1984 Sed
1370 1929 1583 1984 etiamsi
1629 1929 1737 1983 vim
1767 1926 1908 1998 apud

324 2020 702 2091 imperatorem
879 2036 985 2075 non
1021 2036 1116 2090 per
1147 2022 1528 2092 imperatorem
1560 2021 1798 2077 insidiari
1828 2022 1908 2076 le-

322 2112 483 2183 gatis,
511 2112 653 2183 quod
682 2120 987 2168 nostrorum
1015 2127 1228 2182 quoque
1255 2113 1549 2181 legatorum
1577 2112 1911 2181 professione

318 2204 432 2274 iam
456 2206 656 2260 dictum
692 2214 795 2260 est.
827 2204 980 2271 Quod
1012 2205 1058 2259 si
1095 2220 1286 2260 verum
1310 2215 1416 2272 est,
1446 2206 1536 2261 ille
1564 2219 1693 2267 reus
1717 2216 1833 2270 est;
1866 2206 1910 2260 si

323 2296 836 2366 falsum,gravamus
860 2297 992 2351 istos
1012 2297 1174 2352 etiam
1198 2297 1302 2352 hoc
1324 2298 1562 2368 insuper,
1581 2298 1724 2369 quod
1749 2313 1909 2367 supra

321 2389 816 2458 praevaricationem
847 2395 1056 2443 tantum
1098 2389 1353 2445 addidere
1404 2389 1764 2446 mendacium.
1803 2391 1911 2447 Sed

322 2487 446 2556 quia
475 2486 573 2541 hoc
598 2487 762 2541 etiam
805 2502 869 2542 ex
916 2486 1109 2542 litteris
1148 2487 1328 2542 Acacii
1367 2486 1790 2550 demonstratur,
1824 2487 1911 2541 isti

325 2580 428 2634 hoc
450 2594 555 2633 non
586 2578 721 2634 falso
760 2580 1047 2645 dixerunt;
1102 2580 1173 2633 ita
1214 2578 1357 2635 illius
1384 2592 1615 2648 persona
1638 2587 1907 2650 gravatur,

323 2685 443 2740 qua
470 2672 641 2726 noluit
682 2684 802 2725 cum
846 2671 1038 2741 legatis
1092 2672 1294 2726 nostris
1343 2671 1535 2736 anniti,
1592 2672 1687 2727 sed
1735 2672 1913 2741 potius

323 2764 523 2818 nostris
550 2773 632 2818 est
658 2764 907 2818 insidiata
1041 2763 1200 2819 Certe
1226 2764 1311 2819 vel
1339 2764 1613 2819 retulisset
1639 2764 1740 2819 hoc
1761 2774 1913 2819 ante-

322 2856 953 2924 quamcommunicaret,
987 2855 1386 2924 monuissetque
1430 2855 1553 2910 illos
1580 2870 1648 2909 ne
1671 2869 1915 2909 commu-

322 2946 587 3000 nicarent.
640 2946 920 3001 Postremo
966 2946 1176 3002 etiamsi
1217 2948 1266 3000 vi
1316 2947 1598 3016 premitur,
1649 2947 1759 3000 vim
1793 2961 1913 3013 pcr-

323 3036 470 3092 l‘erre
497 3037 701 3105 debuit,
722 3052 829 3092 non
857 3038 960 3093 ﬁde
984 3046 1040 3093 et
1057 3039 1437 3094 communione
1460 3038 1660 3093 calcata
1683 3038 1914 3106 prodere

324 3128 565 3198 perﬁdis,
609 3139 663 3184 et
691 3144 750 3184 se
798 3131 1027 3184 miscere
1062 3129 1360 3207 damnatis;
1393 3129 1531 3183 sicut
1560 3128 1684 3182 fecit
1710 3141 1911 3183 sanctae

320 3223 603 3277 memoriae
632 3222 942 3287 Flavianus,
993 3232 1048 3276 et
1076 3203 1179 3275 {alii
1207 3222 1309 3276 sub
1346 3223 1783 3290 persecutoribus
1811 3223 1912 3277 im-
1939 3193 1988 3257 Ο

324 3310 690 3381 peratoribus,
712 3314 800 3367 vel
824 3312 1112 3378 haereticis,
1144 3313 1227 3366 vel
1261 3313 1501 3383 paganis,
1532 3324 1583 3369 et
1608 3322 1632 3350 α
1664 3326 1833 3383 nuper
1862 3314 1916 3367 in

324 3402 502 3457 Africa
533 3404 727 3459 factum
755 3414 855 3458 est.
882 3404 1019 3471 Quid
1042 3405 1226 3460 enim?
1257 3406 1361 3459 vim
1389 3405 1673 3461 maximam
1702 3405 1777 3460 illi
1807 3419 1915 3459 non

327 3496 701 3566 patiebantur?
746 3505 800 3552 et
848 3496 973 3551 ideo
1016 3496 1305 3551 vincebant
1336 3497 1591 3566 patiendo
1628 3498 1753 3562 vim,
1806 3513 1914 3552 non

325 3586 596 3642 violentiae
627 3587 889 3642 cedendo.
923 3586 1171 3658 Nunquid
1203 3587 1303 3642 sub
1344 3588 1452 3642 illis
1482 3589 1916 3657 persecutoribus

325 3677 415 3747 qui
446 3678 710 3747 negabant
731 3677 1029 3744 Christum,
1054 3679 1136 3733 vel
1166 3679 1219 3732 in
1250 3679 1500 3735 hmresim
1532 3681 1854 3747 transibant,
1883 3698 1913 3736 a

326 3769 609 3823 catholicis
662 3779 718 3823 et
764 3768 1092 3823 Christianis
1151 3786 1257 3823 non
1311 3772 1433 3839 jure
1484 3772 1916 3827 damnabantur?

328 3856 577 3926 Nunquid
608 3867 725 3912 erat
753 3859 1045 3925 excusatio,
1098 3859 1238 3929 quod
1288 3860 1391 3914 vim
1437 3863 1579 3930 passi
1626 3866 1914 3931 persistere

330 3948 731 4017 nequivissent?
784 3949 934 4005 Unde
957 3966 1099 4020 ergo,
1150 3950 1345 4020 inquis,
1388 3953 1520 4022 lapsi
1548 3955 1773 4008 remedia
1799 3964 1917 4009 sunt

328 4045 565 4112 provisa?
609 4044 786 4099 Bene:
832 4044 1069 4112 suscipio
1097 4059 1228 4113 ergo
1253 4059 1396 4111 eum,
1439 4047 1482 4100 si
1513 4047 1708 4116 placet,
1764 4062 1916 4102 more

328 4138 595 4204 lapsorum
636 4137 1002 4205 pmnitentiam
1049 4144 1295 4207 agentem
1341 4146 1448 4191 tcta
1480 4138 1584 4193 vita
1615 4154 1730 4207 sua,
1779 4151 1831 4195 et
1862 4142 1914 4195 in

331 4228 438 4284 line
466 4239 789 4295 sumentem,
818 4229 843 4267 ι’
867 4231 1005 4285 sicut
1030 4230 1097 4285 de
1128 4230 1293 4299 lapsis
1317 4230 1509 4300 legitur
1536 4236 1909 4298 constitutum,

330 4323 624 4378 secundum
699 4323 855 4392 huius
910 4323 1110 4378 tenoris
1161 4321 1467 4377 formulam‘
1502 4323 1568 4377 ad
1618 4324 1911 4379 Ecclesiam

329 4428 663 4495 revocemus.
715 4414 865 4467 Nunc
903 4424 1081 4468 autem
1134 4415 1175 4468 si
1206 4415 1413 4469 curatio
1457 4414 1714 4470 Ecclesiae
1752 4417 1915 4470 totius

330 4504 567 4568 accedat,
602 4505 701 4558 erit
729 4506 859 4558 tanti
893 4505 1038 4576 (quia
1072 4506 1171 4560 hoc
1202 4503 1469 4575 pontiﬁcis
1501 4517 1583 4561 est
1612 4507 1757 4562 sedis
1788 4522 1917 4576 apo-

2015 546 2094 600 vis
2124 560 2246 617 eum
2289 544 2563 608 debuerit.
2616 552 2669 599 et
2697 543 2891 600 debeat
2920 552 3230 599 constanter
3269 541 3601 613 viriliterque

2014 649 2265 705 tractare,
2294 649 2440 695 certe
2469 638 2572 695 hoc
2597 638 2714 710 ipso
2745 653 2805 694 se
2835 637 3033 694 fatetur
3065 646 3250 692 contra
3281 636 3599 692 catholicam

2013 731 2363 788 succumbere
2408 731 2710 786 veritatem.
2758 731 2941 800 itaque
2987 744 3073 785 me
3114 730 3164 783 ei
3212 730 3265 783 in
3311 728 3414 784 huc
3457 736 3600 782 statu

2013 840 2189 880 rerum
2222 839 2326 881 non
2356 823 2569 879 misceri
2601 824 3056 889 communionem,
3101 822 3440 877 manifestum
3482 829 3597 886 est;

2010 933 2119 973 non
2143 918 2286 973 enim
2316 918 2361 971 si
2389 915 2481 972 ille
2508 917 2787 986 premitur,
2832 926 2886 970 et
2917 913 3107 970 adesse
3138 914 3238 969 sibi
3264 928 3373 967 non
3401 921 3598 982 potest,

2012 1026 2113 1083 ego
2137 1011 2499 1081 Oppressionis
2529 1010 2646 1080 ejus
2666 1019 2722 1065 et
2745 1008 3186 1080 transgressionis
3210 1008 3453 1077 complex
3481 1021 3602 1060 esse.

2011 1106 2120 1176 jam
2148 1104 2358 1160 debeo:
2390 1103 2483 1160 sed
2512 1104 2634 1172 quia
2665 1103 2899 1157 donante
2940 1099 3051 1156 Deo
3090 1101 3228 1157 liber
3265 1114 3403 1165 sum,
3444 1114 3605 1155 servo

2012 1201 2201 1255 saltem
2253 1213 2338 1253 me
2387 1198 2733 1262 incolumem,
2767 1206 2827 1251 ut
2872 1206 2925 1252 et
2954 1197 2998 1249 si
3045 1210 3187 1250 nunc
3235 1202 3431 1264 potest,
3478 1208 3599 1249 cum

2017 1274 2157 1346 Deus
2182 1290 2423 1361 jusserit,
2455 1289 2525 1344 sit
2549 1291 2633 1358 qui
2662 1290 2836 1343 valeat
2876 1302 2971 1357 pro
3016 1288 3327 1357 integritate
3353 1301 3601 1340 commu-

2014 1385 2191 1438 nionis
2215 1393 2267 1438 et
2295 1382 2416 1437 ﬁdei
2448 1382 2554 1438 illis
2606 1380 2914 1446 subvenire,
2946 1382 3035 1450 qui
3060 1381 3421 1450 integritatem
3454 1394 3602 1433 eont—

2013 1476 2286 1531 munionis
2328 1484 2383 1530 et
2427 1475 2548 1530 ﬂdei
2602 1474 2978 1543 perdiderunt;
3034 1473 3273 1542 alioquin
3321 1472 3364 1526 si
3415 1485 3603 1526 omnes

2016 1582 2132 1622 eam
2169 1565 2475 1635 perdamus,
2494 1564 2637 1635 quod
2667 1564 2830 1626 absit,
2855 1562 2999 1618 unde
3021 1571 3206 1633 postea
3230 1562 3603 1631 reparabitur?

2017 1659 2286 1727 praecipue
2316 1658 2359 1713 si
2387 1657 2440 1712 in
2473 1657 2616 1711 sedis
2640 1655 2972 1725 apostolicae,
2994 1654 3137 1725 quod
3159 1669 3429 1725 nunquam
3462 1655 3603 1708 Deus

2018 1750 2133 1806 tieri
2164 1752 2325 1816 sinat,
2360 1749 2518 1804 fuerit
2544 1755 2799 1805 temerata
2824 1745 3061 1816 fastigio.
3097 1745 3279 1816 itaque
3311 1747 3353 1798 si
3378 1745 3605 1800 Aeacius

2015 1845 2121 1900 vim
2157 1844 2393 1911 hominis
2414 1844 2664 1905 sustinet,
2710 1849 2770 1895 ut
2801 1850 2976 1896 errata
3006 1853 3115 1893 non
3144 1839 3402 1908 corrigat,
3435 1837 3607 1906 major

2015 1936 2146 1992 mihi
2177 1935 2471 1992 necessitas
2491 1943 2571 1989 est
2601 1932 2763 1988 divini
2794 1939 2993 1998 metus,
3039 1938 3095 1986 et
3126 1929 3338 1989 tuenda:
3368 1928 3595 1984 catholi‘

2015 2043 2094 2083 eae
2122 2026 2538 2090 communionis,
2570 2034 2626 2081 et
2655 2024 2804 2090 tldei,
2833 2022 3075 2095 quolibet
3104 2022 3263 2078 modo
3285 2032 3340 2076 et
3368 2020 3606 2092 qualibet

2015 2119 2325 2174 conditione
2372 2116 2425 2171 in
2457 2128 2644 2172 errore
2683 2116 2873 2183 positis
2912 2114 3055 2168 nulla
3091 2113 3206 2168 lleri
3236 2112 3447 2167 ratione
3478 2126 3607 2167 cun-

2016 2218 2238 2278 sortem,
2292 2207 2384 2263 sed
2411 2207 2479 2261 ab
2507 2220 2691 2261 eorum
2734 2219 2823 2261 me
2850 2207 3099 2275 contagio
3139 2217 3359 2259 servare
3384 2215 3607 2272 prorsus

2018 2303 2310 2356 immunem
2338 2314 2353 2352 :
2382 2298 2503 2368 quia
2534 2297 2578 2350 si
2610 2297 2699 2351 ille
2722 2312 2819 2365 per
2852 2296 2955 2350 vim
2988 2296 3147 2351 habet
3174 2295 3604 2356 excusationem,

2016 2405 2118 2462 ego
2148 2401 2435 2461 prmstante
2468 2384 2690 2445 Domino
2722 2390 2811 2459 qni
2840 2402 3064 2443 securus
3095 2400 3238 2453 sum,
3268 2400 3336 2441 ne
3379 2400 3474 2456 per
3505 2383 3607 2438 hoc

2017 2483 2232 2554 quidem
2277 2483 2706 2545 excusationem,
2762 2480 2925 2535 ullam
2980 2478 3182 2533 habere
3226 2478 3336 2547 jam
3391 2485 3605 2547 potero,

2017 2574 2119 2647 qui
2155 2576 2301 2631 nulla
2340 2583 2631 2645 przcstante
2680 2574 2929 2640 Domino,
2981 2572 3122 2627 sicut
3161 2571 3362 2626 dictum
3404 2579 3507 2636 est,
3556 2570 3607 2625 vi

2018 2685 2255 2739 premor.
2284 2669 2631 2723 Dimittantur
2669 2682 2798 2738 ergo
2839 2668 2937 2721 ista
2967 2666 3150 2721 divino
3179 2666 3403 2735 judicio,
3435 2665 3609 2721 donec

2019 2765 2156 2834 ipse,
2191 2764 2328 2817 sicut
2354 2762 2657 2829 smpissime
2687 2762 2891 2831 experti
2924 2774 3133 2824 sumus,
3162 2760 3462 2814 libertatem
3486 2757 3609 2812 red-

2019 2856 2112 2909 dat
2133 2853 2496 2909 communioni
2546 2852 2829 2907 catholictc
2876 2861 3037 2921 atque
3088 2850 3213 2905 lldei
3261 2850 3607 2913 Christianae;

2019 2956 2074 3000 ct
2118 2955 2245 2999 tunc
2269 2945 2337 2999 de
2366 2946 2447 3000 eis
2472 2945 2562 3014 qui
2605 2946 2656 2998 in
2690 2944 2833 2998 illius
2862 2953 2984 2998 sunt
3017 2958 3201 2998 errore
3232 2943 3607 3007 tractabimus;

2019 3049 2249 3106 persona
2277 3036 2421 3091 enim
2462 3036 2638 3090 Aeacii
2687 3036 2805 3089 sine
2833 3034 3112 3089 curatione
3161 3035 3325 3089 totius
3358 3034 3611 3089 Ecclesiae

2023 3128 2156 3182 solvi
2202 3141 2305 3181 non
2336 3135 2533 3196 potest,
2582 3140 2678 3196 per
2715 3138 2875 3196 quam
2908 3126 3146 3180 sauciata
3175 3135 3258 3180 est
3305 3129 3479 3181 munis
3510 3126 3611 3181 Ec-

2020 3223 2207 3278 clesia.
2240 3221 2344 3276 Sed
2366 3230 2409 3274 et
2443 3212 2581 3285 tunc,
2606 3220 2797 3289 inquit,
2830 3218 3049 3272 Aeacius
3077 3227 3241 3271 tecum
3268 3220 3612 3272 communica-

2023 3314 2137 3375 bat,
2172 3312 2377 3381 quando
2406 3309 2706 3364 Timotheus
2745 3309 3043 3369 famelicus.
3071 3310 3152 3362 uel
3190 3309 3283 3361 iste
3304 3307 3489 3362 Petrus
3518 3308 3612 3362 sub

2021 3416 2240 3473 tyranno
2295 3401 2543 3456 Basilisco
2598 3401 3002 3455 Alexandrinam
3056 3398 3254 3455 tenebat
3303 3399 3608 3454 Ecclesium.

2022 3494 2159 3551 Vere
2190 3495 2347 3559 dicis,
2399 3493 2496 3549 sed
2522 3493 2607 3548 his
2635 3502 2763 3549 tunc
2805 3492 3035 3546 Aeacius
3066 3491 3286 3545 minime
3312 3491 3613 3545 communi-

2019 3589 2199 3653 cabat,
2227 3596 2282 3642 et
2311 3588 2363 3640 in
2399 3600 2518 3641 mea
2543 3584 2925 3639 communione
2951 3582 3209 3647 durabat;
3261 3581 3405 3637 unde
3436 3584 3613 3650 potius

2020 3681 2064 3735 si
2097 3680 2201 3735 vim
2227 3679 2424 3748 patitur
2448 3678 2697 3743 Aeacius,
2739 3684 2795 3731 et
2826 3689 2969 3729 nunc
2997 3676 3154 3727 talem
3178 3689 3238 3729 se
3269 3675 3430 3729 debet
3457 3675 3613 3729 exhi-

2021 3771 2149 3825 bere
2178 3770 2394 3838 qualem
2445 3781 2504 3821 se
2530 3767 2779 3821 exhibuit
2816 3766 2917 3819 sub
2948 3765 3203 3818 Basilisco
3234 3774 3461 3834 tyranno
3502 3764 3613 3819 haec

2022 3863 2191 3916 retico
2221 3866 2567 3931 persecutore
2609 3872 2726 3912 suo.
2780 3856 2886 3911 Sed
2926 3872 3082 3921 nunc,
3130 3855 3326 3925 inquis,
3374 3856 3612 3909 utilitatis

2022 3955 2226 4007 interest
2264 3951 2585 4020 reipublice.
2652 3950 2758 4005 Sed
2808 3949 3065 4004 sacerdos
3122 3950 3356 4017 allegare
3404 3949 3610 4013 debuit,

2022 4045 2270 4100 utilitatis
2299 4044 2565 4098 interesse
2592 4042 2769 4112 potius
2792 4040 3041 4111 publicat,
3078 4048 3134 4093 ut
3162 4040 3341 4094 divina
3370 4053 3614 4094 commu-

2023 4136 2112 4191 nio
2132 4146 2188 4191 et
2210 4136 2356 4204 ,ﬁdes
2398 4136 2606 4205 integra
2636 4141 2946 4189 servaretur
2971 4147 2984 4185 :
3019 4131 3165 4186 utilis
3193 4142 3273 4186 est
3306 4130 3612 4201 reipublicae

2023 4228 2295 4299 religionis
2322 4227 2557 4291 eversio,
2608 4235 2664 4282 et
2702 4224 2849 4280 utilis
2878 4240 2984 4279 non
3008 4225 3115 4278 erit
3145 4222 3452 4292 reipublica:
3485 4224 3615 4277 reli-

2021 4321 2546 4393 gionis‘iutegritas?
2586 4318 2770 4375 aestio
2800 4318 2844 4372 si
2890 4325 3017 4371 sunt
3046 4315 3290 4386 ejusdem
3341 4316 3616 4385 religionis

2022 4414 2113 4483 qui
2143 4414 2238 4467 ista
2266 4411 2637 4481 praetendunt,
2658 4418 2717 4464 et
2737 4410 2781 4463 si
2809 4408 3049 4479 ejusdem
3082 4406 3356 4477 religionis
3385 4406 3615 4461 debeant

2023 4506 2269 4564 homines
2309 4506 2410 4562 ista
2455 4504 2794 4577 prmtenderc
2828 4513 2849 4541 ε
2876 4517 3034 4574 quem
3086 4501 3249 4555 vellet
3281 4500 3347 4555 de
3393 4499 3527 4566 suis,
3561 4510 3617 4555 et

331 4592 558 4656 stolicae,
608 4604 659 4647 et
687 4608 847 4648 causa
876 4570 1216 4650 universalis-
1234 4596 1532 4651 curationis
1580 4597 1681 4652 hoc
1709 4570 1917 4652 videtur
1942 4570 1999 4633 D
2022 4598 2127 4654 sibi
2153 4598 2399 4653 ﬁdelibus
2427 4570 2722 4652 subsistere
2747 4570 3110 4657 sacerdotem,
3134 4592 3358 4646 excluso
3384 4591 3614 4655 Joattne,

330 4684 568 4753 exigere)
614 4695 673 4737 ut
715 4699 943 4752 persona
970 4685 1149 4740 Acacii
1195 4687 1245 4739 in
1273 4688 1592 4743 sacerdotali
1627 4692 1791 4756 possit
1819 4691 1915 4744 ho-

331 4790 465 4832 nore
495 4775 753 4830 revocari.
788 4774 901 4829 Hoc
930 4776 1046 4844 ipso
1070 4778 1212 4831 enim
1244 4792 1303 4832 se
1332 4779 1566 4835 ostendit
1589 4795 1694 4835 non
1725 4782 1915 4837 volun-

333 4877 444 4923 tate
496 4866 859 4933 suCCubuisse,
906 4880 958 4921 et
1008 4866 1242 4921 animum
1294 4871 1527 4938 gessisse
1570 4873 1915 4941 catholicum,

332 4960 458 5017 dum
484 4958 747 5014 curationi
774 4966 1149 5028 competenter
1175 4959 1393 5014 insistit.
1425 4960 1580 5027 Quod
1629 4964 1675 5017 si
1698 4965 1836 5030 vult,
1863 4974 1920 5020 et

334 5066 441 5106 non
473 5059 667 5119 potest,
718 5066 814 5106 cur
866 5066 960 5120 per
1001 5052 1331 5120 imperialem
1376 5066 1661 5121 personam
1693 5066 1917 5115 cmteros

334 5143 621 5215 opprimit?
655 5144 713 5200 Si
742 5144 1054 5216 imperator,
1084 5154 1142 5200 ut
1167 5144 1358 5211 fertur,
1383 5146 1643 5205 obédiens
1672 5161 1755 5206 est
1783 5154 1918 5208 Aca-

409 5313 433 5340 °
464 5303 841 5357 Persecutione
876 5303 1191 5368 Vandalica,
1224 5320 1345 5371 quae
1376 5306 1478 5361 sub
1509 5306 1775 5364 llunerico
1815 5326 1919 5367 sre-

337 5375 467 5447 vtit,
513 5388 610 5447 nec
641 5374 1247 5447 _pr_imis__tiundabundi
1292 5379 1447 5447 annis
1489 5378 1710 5447 quievit,
1752 5392 1809 5435 ιιι
1854 5398 1918 5437 es

338 5444 598 5509 Proconio
623 5444 690 5497 de
717 5443 826 5496 Bel.
858 5442 1024 5497 Vand.
1056 5444 1147 5498 lib.
1181 5460 1217 5499 ι.
1254 5446 1383 5500 Vide
1409 5442 1615 5503 cardiu.
1649 5442 1917 5507 Norisiutn

338 5515 476 5570 litst.
513 5514 688 5581 l’clag.
721 5513 812 5566 lib.
850 5528 902 5565 ll.
953 5514 1093 5568 SCIP.
1131 5515 1420 5571 MAFFBIUS.

410 5584 437 5622 ι)
479 5584 627 5657 Quod
668 5585 735 5635 de
774 5584 938 5650 lapsis
979 5584 1030 5636 in
1058 5585 1259 5657 Africa,
1299 5589 1418 5643 sive
1452 5590 1822 5657 rebaptizatis,
1864 5595 1918 5649 in

337 5654 567 5730 concilio
609 5654 849 5730 limitatio
883 5654 1266 5730 constitutum
1292 5667 1392 5723 est,
1437 5654 1628 5727 legitur
1666 5664 1719 5714 in
1759 5654 1918 5730 epist.

338 5722 837 5802 septimalt‘elicis:
876 5722 1047 5802 Usque
1082 5726 1150 5777 ad
1188 5727 1352 5802 exitus
1391 5722 1636 5802 sui'diem
1669 5733 1721 5784 in
1759 5722 1921 5802 paeni-

341 5799 518 5863 tentia,
542 5796 586 5850 si
613 5796 928 5864 resipiscam,
948 5797 1125 5863 jacere
1147 5799 1427 5853 conveniat.
1455 5800 1594 5855 SCIP.
1620 5796 1913 5863 Marinus.
1968 5868 1975 5871 _

2023 4690 2315 4746 dummodo
2359 4688 2702 4752 catholicum,
2752 4696 2807 4740 et
2854 4685 3249 4738 communionis
3299 4694 3497 4738 nostm
3527 4698 3617 4738 su-

2025 4784 2227 4853 spectis
2255 4781 2384 4835 locis
2412 4786 2684 4849 pateretur
2716 4776 3007 4847 praesidere
3053 4777 3381 4843 pontiﬁcem.
3429 4775 3619 4829 Nonne

2024 4876 2302 4932 evidenter
2344 4873 2459 4926 haec
2502 4886 2588 4926 res
2624 4870 2751 4924 facit
2781 4883 2995 4923 causam
3032 4868 3253 4922 Joaattis
3283 4882 3402 4922 esse.
3426 4866 3617 4921 melio-

2024 4982 2161 5032 rem,
2206 4967 2334 5020 dum
2374 4978 2439 5017 eo
2476 4965 2696 5017 excluso
2740 4971 2794 5016 ct
2836 4961 3095 5015 haeretico
3140 4963 3451 5029 sulimgato,
3507 4971 3613 5011 non

2023 5074 2251 5133 persona
2296 5057 2404 5112 hoc
2451 5057 2714 5112 meruisse
2746 5064 3097 5119 monstratur,
3149 5053 3241 5107 sed
3291 5051 3614 5121 expugnatio

2025 5157 2149 5212 tidei
2167 5153 2447 5210 catholica:
2474 5159 2789 5220 procuratur
2806 5148 2828 5202 ?
2848 5145 2873 5185 ά
2898 5148 3005 5203 Nos
3024 5162 3126 5201 non
3152 5146 3201 5199 in
3218 5144 3469 5199 Acacium
3493 5143 3614 5198 ideo

2102 5324 2125 5353 ο
2179 5312 2494 5381 lmperfecta
2548 5310 2852 5373 sententia,
2909 5316 3296 5375 contextusque
3331 5306 3447 5381 sibi
3506 5320 3613 5381 non

2026 5374 2281 5438 constans
2312 5384 2555 5436 lacunam
2584 5381 3021 5447 luxationemque
3051 5374 3294 5431 testatur.
3330 5375 3491 5447 Forte
3533 5374 3611 5429 lo-

2024 5456 2269 5523 gebatur,
2313 5454 2521 5507 tolerari
2568 5460 2767 5519 posset,
2812 5452 2857 5503 si
2896 5446 3044 5519 quem
3088 5448 3265 5509 vellet,
3310 5460 3414 5501 etc.
3466 5446 3609 5501 Seu».

2382 5594 2625 5662 purgatio
2673 5592 2757 5647 illa
2808 5592 2927 5663 ejus
2960 5588 3215 5663 clausula:
3257 5598 3612 5663 nunquamque

2025 5656 2627 5719 anathematis'av'u'culis
2675 5656 2962 5721 emendus,
3018 5662 3089 5714 de
3135 5674 3237 5729 qua
3288 5656 3519 5729 diximus
3556 5657 3608 5713 in

2016 5736 2361 5806 prafetione.
2412 5734 2675 5789 Caeterum
2716 5732 2905 5806 Felicis
2940 5726 3175 5806 mentem
3219 5737 3273 5806 et
3307 5726 3607 5806 consilium,

2025 5799 2469 5874 immensumque.
2516 5807 2568 5861 in
2622 5801 3113 5859 reconciliationem
3185 5800 3421 5857 animum
3472 5799 3606 5858 illud

2256 5972 2282 5979 κ.
