4096 6342
437 347 443 353 .
462 298 568 354 989

1784 285 2044 344 FELICIS
2085 285 2286 343 PAPA‘J
2328 286 2392 341 lll

3635 282 3742 338 960

466 406 785 464 sententiam
819 404 1058 464 tulimus,
1081 415 1203 470 quia
1238 400 1396 454 homo
1420 408 1523 467 est,
1548 400 1669 469 quia
1701 402 1929 457 Aeacius
1960 404 2043 458 di-
2069 407 2120 466 Α
2147 406 2230 460 vel
2251 405 2444 469 everti,
2466 413 2519 458 et
2542 401 2789 473 plantari,
2811 408 2865 456 et
2889 400 3011 455 talia
3033 418 3045 455 :
3064 399 3335 461 Triduum,
3357 408 3405 475 et
3422 398 3608 454 Ninire
3625 402 3743 454 sub-

459 501 619 564 citur,
670 492 1117 566 quemadmodum
1161 492 1227 545 de
1253 489 1494 561 quolibet
1522 490 1776 546 haeretico
1816 492 1922 547 dici
1953 508 2047 563 po-

460 601 595 658 test;
642 590 733 645 sed
773 596 1053 657 propterea
1100 584 1224 655 quia
1255 587 1324 639 sit
1355 598 1583 654 persona
1624 584 2041 653 prtevaricatrix.

460 686 645 755 Itaque
669 680 1007 737 malefactum
1046 687 1150 747 est,
1181 676 1322 747 quod
1354 677 1406 731 in
1437 692 1503 733 eo
1533 686 1617 732 est
1638 677 1879 751 punitum
1910 677 2046 732 irro-

457 778 671 849 gatione
708 774 1027 847 sententias:
1054 787 1173 842 qua:
1212 771 1601 842 praevaricatio,
1653 771 1794 841 quod
1842 771 2045 826 maleﬁ-

456 869 593 927 cium
620 868 664 922 si
694 866 930 932 recedat,
974 864 1087 935 jam
1133 879 1238 919 non
1264 864 1367 919 erit
1401 863 1489 918 illa
1519 878 1770 940 persona,
1803 863 1856 917 in
1884 877 2043 933 quam

456 960 779 1018 sententiam
806 957 1146 1014 insolubilem
1172 942 1413 1031 proferre
1437 956 1752 1026 sum;visus.
1776 955 2043 1012 Remane-

459 1052 704 1108 bit'enim
753 1050 934 1116 homo,
983 1058 1039 1105 et
1080 1048 1701 1121 Acacius,quemqnon
1748 1048 1967 1103 damnat
1990 1050 2045 1102 in

458 1155 716 1214 quantum
741 1143 904 1198 homo
930 1153 1033 1210 est,
1061 1149 1117 1197 et
1146 1140 1377 1196 hominis
1403 1142 1621 1215 nomine
1649 1150 1917 1206 censetur,
1948 1138 2043 1195 sed

454 1236 509 1291 in
542 1242 799 1306 quantum
830 1232 1207 1303 praevaricator
1234 1244 1287 1288 et
1320 1232 1653 1288 malefactor.
1703 1231 1799 1287 Cui
1829 1240 2044 1287 senten-

457 1329 530 1382 tia
560 1344 677 1384 mea
709 1325 1009 1383 insolubilis
1038 1335 1141 1393 est,
1168 1324 1280 1395 jam
1312 1327 1362 1381 in
1395 1341 1461 1380 eo
1489 1325 1604 1380 haec
1633 1325 1895 1380 sententia
1926 1340 2041 1380 mea

454 1421 783 1489 insolubilis,
818 1430 1025 1477 remoto
1058 1421 1148 1476 illo
1177 1421 1261 1476 cui
1291 1421 1436 1475 illata
1465 1429 1569 1487 est,
1624 1420 1799 1474 locum
1829 1419 2042 1489 penitus

454 1531 560 1572 non
608 1517 1032 1575 liabebit:alter
1077 1517 1220 1571 enim
1269 1517 1370 1571 erit
1411 1531 1570 1587 quam
1620 1515 1713 1571 ille
1767 1517 1851 1571 cui
1894 1514 2042 1570 illata

452 1609 720 1664 sententia
760 1616 863 1674 est,
911 1606 1036 1662 dum
1082 1606 1301 1677 incipiet
1343 1622 1451 1661 nou
1491 1621 1613 1662 esse
1641 1607 1784 1677 quod
1810 1606 1928 1670 fuit,
1957 1606 2042 1662 vel

455 1716 560 1754 non
591 1699 693 1755 hoc
721 1714 863 1766 esse,
895 1699 980 1754 cui
1016 1698 1163 1754 illata
1194 1699 1459 1767 sententia
1488 1706 1593 1754 est.
1613 1697 1720 1753 Sed
1751 1698 2042 1768 incipiente

2152 506 2374 550 vertetur
2408 494 2751 567 (lon.m,4);
2799 496 2925 551 item
2958 493 3026 549 de
3064 509 3190 564 rege
3222 494 3474 560 Ezechia,
3517 494 3747 571 adjectis

2150 589 2457 660 quindecim
2485 592 2641 645 annis
2672 597 2792 660 post
2828 588 3289 644 denuntiationem
3329 588 3517 643 mortis
3555 588 3624 642 ad
3665 588 3746 643 vi-

2138 690 2295 747 tam;
2328 683 2455 738 item
2485 681 2554 738 de
2583 682 2746 737 ramis
2789 681 2971 739 fractis
3008 691 3063 736 et
3087 680 3420 747 inserendis;
3452 690 3507 737 et
3535 680 3604 737 de
3644 679 3747 737 iis-

2149 772 2271 829 dem
2325 773 2522 841 ramis,
2568 774 2614 827 si
2670 789 2773 828 non
2824 775 3193 845 permanserint
3253 776 3307 828 in
3358 756 3743 843 incredulitate,

2148 867 2550 921 misericordiam
2584 875 2971 937 consequentur.
3006 865 3091 920 Ne
3121 868 3351 937 quando,
3382 865 3579 938 inquit,
3617 882 3748 921 con-

2147 966 2443 1025 vertantur,
2488 967 2533 1011 et
2578 973 2755 1012 senem
2790 975 2903 1014 eos.
2946 958 3060 1013 Hoc
3094 958 3162 1013 de
3194 958 3302 1014 illis
3339 958 3429 1029 qui
3467 973 3564 1015 cor
3587 974 3744 1015 cras-

2148 1065 2267 1105 sum
2294 1048 2582 1117 habebant,
2613 1058 2669 1104 et
2699 1049 2943 1105 videntes
2970 1065 3079 1105 non
3108 1050 3390 1115 videbant;
3425 1060 3481 1105 et
3511 1051 3743 1106 audien-

2148 1149 2231 1197 tes
2262 1157 2366 1197 non
2396 1142 2704 1198 audiebant.
2732 1141 2981 1211 Nunquid
3014 1142 3126 1198 Deo
3156 1143 3456 1212 inspirante
3486 1157 3593 1198 non
3615 1152 3747 1198 sunt

2147 1248 2214 1287 es
2265 1232 2452 1289 iisdem
2496 1233 2696 1289 Judaais
2742 1233 2811 1289 de
2860 1233 3055 1304 quibus
3099 1233 3303 1289 dictum
3352 1244 3457 1303 est,
3515 1236 3744 1290 videntes

2145 1326 2402 1394 viderunt,
2450 1327 2714 1381 audientes
2756 1326 3054 1393 audierunt,
3093 1339 3140 1381 et
3186 1328 3339 1382 corde
3376 1329 3745 1384 crediderunt?

2145 1416 2284 1473 sicut
2312 1419 2567 1487 apostoli,
2598 1427 2655 1473 et
2683 1426 2760 1473 tot
2786 1418 2975 1483 millia,
3003 1434 3135 1489 quas
3165 1420 3417 1490 reliquias
3447 1420 3627 1476 salvas
3658 1420 3742 1475 fa-

2146 1517 2263 1564 ctas
2302 1524 2421 1564 esse
2464 1518 2691 1564 testatur
2728 1510 3048 1578 Apostolus,
3089 1510 3179 1579 qui
3222 1510 3365 1566 hunc
3394 1525 3613 1568 sensum
3667 1512 3741 1567 ita

2147 1610 2360 1667 tractat,
2397 1602 2487 1657 ubi
2527 1601 2697 1671 dicit:
2730 1601 2871 1655 Nam
2908 1612 2957 1656 et
2998 1619 3089 1673 ego
3121 1601 3363 1658 Israelita
3388 1620 3503 1659 sum
3555 1604 3737 1673 (Rom.

2146 1709 2221 1762 xi,
2252 1693 2326 1763 7).
2353 1694 2410 1749 Si
2440 1695 2491 1748 vi
2516 1694 2781 1764 imperiali
2809 1697 3069 1764 premitur
3091 1677 3336 1763 Aeacius,
3363 1707 3420 1753 ut
3451 1697 3555 1752 ista
3581 1697 3743 1753 iaciat

454 1806 575 1847 esse
604 1791 746 1861 quod
776 1805 885 1845 non
925 1790 1045 1857 fuit,
1089 1790 1171 1845 vel
1204 1789 1310 1844 hoc
1337 1798 1542 1844 tantum
1590 1788 1880 1858 incipiente
1914 1803 2037 1845 esse
2066 1797 2117 1859 Β
2143 1802 2263 1856 (iure
2294 1786 2439 1852 facit,
2473 1788 2703 1857 primum
2730 1787 3107 1857 imperatorem
3140 1800 3327 1846 contra
3360 1790 3520 1845 ﬁdem
3550 1790 3744 1845 catho-

452 1898 533 1949 se,
579 1899 700 1939 cum
731 1898 792 1939 ea
827 1899 930 1938 non
965 1892 1109 1938 esset
1134 1882 1276 1937 illata
1307 1882 1596 1950 sententia,
1648 1898 1754 1937 non
1787 1876 2037 1938 remane-

450 1975 531 2029 bit
557 1975 890 2031 omninofubi
922 1982 1027 2030 stet
1055 1976 1283 2045 prolata
1308 1974 1595 2030 sententia.
1640 1974 1774 2029 Nam
1802 1973 2037 2045 quandiu

452 2067 506 2122 iu
532 2068 634 2122 hoc
658 2077 859 2131 manet,
883 2068 967 2122 cui
992 2066 1135 2122 illata
1165 2066 1433 2122 sententia
1455 2074 1560 2131 est,
1593 2080 1718 2120 vere
1739 2065 2040 2120 insolubilis

453 2167 538 2214 est
562 2159 647 2213 illa
681 2160 944 2214 sententia
972 2174 1093 2214 cum
1124 2174 1189 2213 eo
1230 2159 1319 2214 cui
1350 2158 1494 2212 illata
1524 2166 1606 2213 est
1647 2156 2037 2223 insolubiliter;

450 2267 572 2306 cum
601 2263 780 2308 autem
813 2252 915 2306 hoc
949 2267 1056 2307 non
1092 2253 1196 2307 erit
1228 2270 1240 2303 :
1278 2251 1380 2306 etsi
1421 2252 1476 2304 in
1512 2264 1579 2306 eo
1620 2264 1727 2304 non
1758 2248 2037 2313 manserit,

451 2360 574 2399 cum
604 2345 695 2399 illo
724 2344 1015 2409 maleﬁcio,
1049 2342 1137 2399 cui
1164 2343 1309 2397 illata
1336 2339 1636 2397 insolubilis
1665 2348 1770 2406 est,
1804 2339 1891 2394 illa
1919 2353 2043 2393 sen-

454 2439 619 2490 tentia
666 2437 785 2490 sine
827 2435 1161 2490 dubitatione
1202 2433 1471 2488 transibit.
1515 2430 1572 2486 ln
1621 2432 1725 2486 isto
1774 2445 1902 2500 ergo
1939 2431 2042 2484 erit
2075 2445 2087 2460 ·

452 2528 714 2591 solubilis,
750 2528 857 2581 imo
884 2542 982 2581 nec
1010 2529 1113 2581 erit
1136 2527 1220 2582 cui
1245 2525 1392 2580 illata
1435 2540 1540 2578 non
1567 2533 1679 2589 est;
1710 2522 1819 2579 imo
1844 2521 1912 2575 ab
1940 2522 2042 2578 hoc

452 2620 557 2675 erit
582 2628 835 2676 extranea
867 2629 921 2673 et
948 2619 1143 2684 aliena,
1176 2619 1260 2673 cui
1288 2631 1407 2673 eam
1434 2631 1538 2671 non
1571 2625 1784 2670 constat
1808 2615 2037 2670 illatam:

453 2711 576 2780 quia
610 2710 660 2765 in
694 2710 888 2765 Acacio
932 2709 1275 2775 maleﬁcium,
1327 2717 1381 2761 et
1420 2705 1788 2777 praevaricatio
1832 2703 2039 2772 accepit

452 2801 600 2857 illam
633 2800 971 2856 insolubilem
1001 2799 1348 2865 sententiain,
1397 2813 1503 2852 non
1552 2797 1695 2866 quod
1734 2797 1896 2850 homo
1933 2804 2036 2862 est,

453 2888 565 2948 non
597 2892 737 2963 quod
766 2892 994 2948 A‘cacius
1023 2900 1361 2959 nuncupatur
1387 2908 1398 2943 :
1429 2899 1642 2946 remoto
1680 2891 1747 2944 ab
1785 2904 1852 2945 eo
1875 2890 2040 2945 male-

454 2986 600 3050 licio,
627 2986 725 3041 erit
754 3001 876 3040 cum
902 2985 1049 3040 omni
1080 2985 1131 3039 vi
1161 3000 1275 3047 sua,
1316 2992 1372 3038 et
1400 2998 1561 3038 causa
1593 2992 1795 3038 remota
1818 2993 2039 3039 senten-

454 3079 548 3134 tia.
582 3089 603 3115 ο
632 3079 684 3133 In
711 3078 1003 3148 Scripturis
1031 3088 1210 3134 autem
1233 3076 1536 3133 invenimus
1563 3085 1618 3132 et
1640 3077 1844 3132 illatam
1877 3079 2041 3135 inter-

2145 1880 2301 1957 licam
2328 1879 2525 1947 facere,
2557 1895 2619 1935 ac
2650 1895 2744 1951 per
2771 1881 2874 1936 hoc
2905 1897 3009 1937 non
3049 1897 3171 1937 esse
3215 1882 3569 1947 catholicum,
3618 1883 3741 1952 ipse

2145 1972 2427 2042 proﬁtetur
2451 1990 2465 2026 :
2498 1987 2604 2027 non
2628 1982 2709 2027 est
2738 1987 2868 2042 ergo
2897 1989 3064 2043 quare
3090 1989 3122 2028 a
3147 1973 3303 2029 nobis
3350 1975 3455 2030 dici
3504 1989 3735 2045 persua-

2144 2064 2290 2131 deat,
2337 2063 2479 2131 quod
2519 2066 2636 2134 ipse
2677 2063 2970 2134 depromit,
3012 2065 3096 2120 vel
3137 2066 3280 2136 quod
3326 2067 3441 2136 ipse
3488 2076 3737 2123 testatur.

2145 2156 2347 2212 Deinde
2375 2157 2474 2211 hoc
2518 2158 2635 2227 ipso
2656 2173 2763 2227 quo
2791 2172 2853 2214 se
2898 2159 3008 2213 vim
3058 2158 3166 2229 pati
3216 2158 3484 2227 perhibet,
3533 2161 3739 2216 malum

2145 2250 2431 2319 proﬁtetur
2459 2265 2598 2314 esse,
2624 2250 2767 2321 quod
2797 2249 2955 2316 facit,
2996 2259 3051 2306 et
3081 2261 3269 2307 contra
3304 2251 3463 2308 ﬁdem
3506 2253 3739 2308 catholi-

2144 2356 2261 2397 cam
2291 2356 2351 2398 se
2379 2358 2537 2413 agerc
2580 2343 2916 2399 demonstrat
2941 2361 2955 2398 :
2994 2360 3090 2399 cur
3116 2359 3245 2414 ergo
3270 2360 3362 2401 sne
3407 2345 3659 2402 hortatur
3686 2356 3740 2403 et

2146 2437 2276 2507 petit
2304 2436 2461 2507 hujus
2488 2438 2565 2494 rei
2592 2438 2911 2507 complicem
2948 2453 3070 2494 esse
3098 2438 3319 2505 debere,
3349 2454 3509 2510 quam
3538 2438 3740 2495 fatetur

2146 2543 2267 2583 esse
2299 2530 2645 2599 perversam?
2672 2528 2726 2584 Si
2772 2540 2953 2584 autem
2986 2530 3183 2585 malum
3231 2545 3339 2585 non
3365 2546 3489 2586 esse
3515 2542 3739 2587 conten-

2144 2618 2243 2685 dit,
2271 2627 2434 2674 restat
2462 2630 2519 2674 ut
2548 2634 2656 2675 non
2680 2620 2790 2690 jam
2818 2636 2878 2676 se
2904 2623 3009 2683 vim
3039 2622 3144 2691 pati
3176 2621 3242 2676 ab
3265 2622 3596 2692 imperatore
3619 2639 3713 2693 per

2146 2711 2385 2776 suadeat,
2415 2726 2536 2766 cum
2571 2722 2760 2780 sponte
2807 2726 2901 2767 sua
2929 2712 2981 2768 id
3010 2713 3170 2769 faciat
3197 2715 3340 2784 quod
3367 2715 3567 2771 bonum
3616 2733 3736 2773 esse

2146 2803 2454 2857 conﬁrmat.
2515 2801 2646 2857 Cum
2691 2804 2836 2859 enim
2868 2804 3067 2859 bonum
3112 2804 3239 2860 dicit
3264 2820 3385 2861 esse
3414 2808 3556 2878 quod
3585 2809 3735 2873 facit,

2145 2902 2338 2963 sponte
2368 2892 2469 2947 hoc
2490 2907 2549 2948 se
2580 2893 2779 2959 facere,
2821 2903 3076 2966 tanquam
3109 2897 3250 2966 quod
3283 2905 3434 2967 putat
3474 2913 3595 2955 esse
3644 2900 3737 2954 bo-

2146 2998 2295 3050 num,
2330 2985 2445 3040 sine
2471 2984 2808 3040 dubitatione
2836 2987 3082 3055 designat
3113 3006 3125 3041 :
3158 3004 3263 3043 non
3302 3004 3429 3060 ergo
3460 2991 3559 3045 hoc
3581 3005 3735 3047 com-

2147 3077 2331 3147 pulsus
2362 3074 2488 3131 facit
2514 3076 2763 3145 Acacius,
2790 3077 2933 3148 quod
2960 3078 3163 3134 invitus
3189 3095 3295 3134 non
3325 3079 3447 3135 facit
3478 3090 3734 3151 tanquam

457 3172 768 3228 minabilem
799 3172 1121 3227 sententiam
1153 3172 1204 3225 in
1238 3170 1522 3241 plerosque
1550 3180 1880 3241 peccatores,
1924 3172 2041 3241 qui-
2070 3178 2116 3242 ο
2150 3168 2374 3235 malum,
2407 3168 2500 3223 sed
2531 3177 2728 3239 sponte
2756 3178 3005 3239 tanquam
3038 3171 3257 3225 bonum.
3311 3172 3367 3228 Si
3412 3173 3553 3228 enim
3584 3187 3735 3228 com-

454 3267 554 3321 bus
603 3276 778 3322 tamen
817 3282 848 3320 a
889 3274 1107 3335 peccato
1151 3265 1552 3320 discedentibus
1589 3266 1660 3320 sit
1702 3266 1958 3323 remissa:
1987 3274 2069 3323 et.

453 3356 714 3425 quosdam
745 3357 915 3411 dictos
939 3356 1131 3423 occidi,
1157 3363 1211 3410 et
1236 3355 1495 3410 viviﬁcari
1526 3355 1674 3424 (dum
1696 3359 1751 3411 in
1775 3355 1860 3411 his
1880 3371 2040 3413 neca-

457 3457 545 3503 tur
570 3447 711 3518 quod
745 3446 981 3514 fuerunt,
1020 3456 1073 3501 et
1101 3447 1365 3515 incipiunt
1389 3461 1512 3502 esse
1536 3446 1678 3516 quod
1707 3462 1814 3502 non
1836 3447 2035 3517 erant),

456 3586 616 3640 etiam
663 3583 844 3655 prodit
890 3585 942 3639 in
972 3585 1211 3654 epistola
1249 3584 1317 3639 15
1348 3601 1363 3639 :
1400 3584 1551 3639 Unde
1594 3586 1728 3654 quod
1778 3602 1878 3639 non
1933 3586 2042 3641 sine

457 3657 616 3710 divini
634 3656 826 3727 judicii
850 3665 1041 3710 terrore
1076 3656 1345 3710 dicendum
1382 3664 1477 3725 est,
1518 3657 1669 3710 etiam
1698 3658 1864 3721 nobis,
1889 3658 1934 3711 si
1961 3673 2044 3710 re-

459 3729 709 3797 quisisset,
750 3729 1066 3794 optantibus,
1110 3744 1211 3781 non
1237 3738 1311 3781 est
1338 3727 1614 3795 permissus
1653 3727 1875 3792 absolvi;
1902 3737 1957 3782 et
1989 3730 2040 3783 in

456 3798 614 3865 epist.
642 3798 708 3853 15
737 3816 749 3851 :
784 3798 938 3851 etiam
966 3798 1107 3851 nobis
1136 3798 1452 3853 conantibus.
1496 3797 1550 3851 ln
1583 3799 1805 3867 epistola
1839 3799 1891 3864 6,
1922 3815 2041 3865 qua:

459 3878 805 3922 memoratam
848 3869 1141 3924 clausulam
1185 3869 1455 3940 continet,
1490 3869 1578 3923 ubi
1612 3869 1804 3937 legitur
1831 3885 2043 3940 respon-

458 3940 577 3992 dere
604 3940 877 4004 dissidens,
914 3942 1196 4007 legendum
1241 3939 1702 4009 forte'diﬁidens;
1752 3940 1841 3994 ubi
1887 3939 2037 4004 vero,

454 4022 501 4063 et
536 4009 816 4064 Humerius
854 4019 975 4064 tunc
1008 4010 1074 4064 de
1105 4011 1339 4063 diaconio
1365 4009 1629 4081 'dejectus,
1657 4012 1820 4065 estin
1851 4026 1952 4064 ms.
1995 4021 2042 4065 et

456 4082 634 4135 merito
668 4081 731 4152 de
764 4081 1002 4135 diaconio
1038 4081 1282 4152 defectos,
1316 4080 1511 4135 exinde
1544 4082 1788 4152 privatos,
1831 4091 1886 4135 et
1924 4096 2046 4150 pro-

458 4164 643 4206 vectos.
680 4151 823 4206 Scw.
857 4152 1148 4205 Marrmus.

525 4231 552 4258 ἰ
582 4222 878 4275 Conﬁrmat
911 4220 1177 4288 exemplis
1214 4221 1457 4287 pluribus
1492 4236 1559 4277 ex
1588 4222 1852 4289 scriptura
1890 4236 2041 4276 sacra

458 4291 759 4359 decerptis;
809 4291 1149 4357 ostenditque
1206 4289 1515 4360 frequenter
1563 4293 1614 4345 in
1657 4292 1842 4346 Bibliis
1880 4294 2044 4348 veluti

460 4361 817 4429 peremptorie
842 4360 1242 4426 pronuntiatum
1271 4376 1413 4423 esse,
1442 4362 1510 4414 ita
1538 4371 1595 4415 ut
1621 4362 1897 4417 videretur
1921 4377 2045 4429 Spes

461 4430 635 4483 omnis
674 4444 893 4498 prorsus
925 4429 1194 4495 abscindi,
1226 4438 1280 4483 et
1318 4430 1664 4485 nihilominus
1696 4432 2044 4499 paenitentia),

459 4516 523 4553 ac
556 4514 650 4564 per
676 4514 794 4553 eam
821 4500 1006 4565 gratiae
1034 4499 1230 4553 exinde
1259 4500 1461 4553 aditum
1494 4500 1834 4567 patefactum.
1865 4501 1933 4554 At
1964 4503 2049 4556 hic

461 4568 565 4622 loci
616 4568 963 4623 tenebricosae
1021 4570 1273 4639 ambages
1320 4572 1372 4623 in
1433 4585 1534 4625 ms.
1581 4582 1630 4625 et
1685 4571 2050 4626 inextricabilis

459 4620 630 4692 sua;
646 4620 660 4622 ’
674 4620 816 4694 Post
831 4620 1011 4694 verba
1026 4620 1269 4695 tanta;
1308 4620 1555 4696 suam
1583 4620 1952 4709 suasua:
1968 4620 2046 4697 '5;
2075 4620 2126 4681 Ι)

460 4710 713 4781 abrupto,
762 4726 824 4763 ne
869 4713 1097 4778 quando,
1138 4712 1323 4781 inquit,
1371 4722 1476 4766 etc.
1525 4712 1783 4767 Pcriodus
1828 4712 1937 4773 illa,
1978 4711 2046 4767 In

460 4779 743 4848 Scripturis
772 4790 962 4846 autem,
994 4791 1119 4847 etc.,
1150 4779 1267 4850 quae
1296 4784 1809 4851 coagmentationem
1847 4784 2042 4848 lirmat,

459 4865 523 4906 ac
553 4852 869 4923 testimoniis
895 4866 1015 4920 qua:
1040 4853 1441 4923 subsequuntur
1484 4855 1621 4907 viam
1679 4856 1894 4918 sternit,
1923 4864 2045 4922 post

460 4936 522 4975 ea
548 4921 725 4993 omnia
754 4921 967 4989 jacebat
992 4921 1269 4993 inutiliter
1306 4932 1465 4993 atque
1505 4923 1899 4992 intempestive.
1926 4921 2043 4979 illla

354 5020 367 5035 ο
461 5006 592 5046 vero
612 4990 883 5055 Triduum,
908 5002 953 5044 et
982 4990 1187 5058 Ninive,
1215 5003 1341 5060 etc.,
1372 4990 1539 5063 usque
1565 4995 1632 5049 ad
1662 4990 1881 5049 verbum
1913 5011 2040 5049 con-

456 5073 736 5131 sequenter,
765 5073 884 5131 post
913 5073 1020 5117 tres
1048 5063 1267 5131 paginas
1294 5064 1597 5129 sementim,
1626 5066 1709 5119 cui
1736 5066 2041 5120 nullatenus

463 5143 769 5204 competere
794 5142 1062 5201 poterant,
1098 5135 1293 5189 inserta
1328 5136 1526 5199 inveni,
1558 5148 1716 5204 atque
1762 5136 2041 5190 intermix-

464 5212 537 5256 ta.
569 5202 646 5257 [ιε
670 5214 774 5257 tam
807 5205 1036 5273 implexa
1061 5218 1124 5258 ac
1151 5204 1415 5268 involuta,
1452 5202 1776 5260 insanabiles
1802 5206 2039 5272 profecto

462 5273 780 5328 videbantur
809 5274 932 5339 loci,
967 5276 1356 5344 compositique
1384 5291 1573 5329 omnes
1616 5291 1683 5330 ex
1723 5277 1899 5331 verbis
1930 5276 2040 5332 for—

460 5345 596 5399 tuito
618 5345 910 5413 congestis.
939 5345 1133 5399 Videor
1164 5354 1343 5400 tamen
1370 5347 1500 5399 mihi
1528 5362 1631 5401 non
1655 5350 1878 5401 omnino
1906 5348 2040 5402 infe-

458 5416 632 5470 liciter
656 5424 914 5484 utrosque
942 5416 1261 5481 restituisse,
1297 5415 1348 5470 id
1380 5425 1580 5470 tantum
1612 5427 1875 5483 praestans
1901 5426 1960 5471 ut
1984 5418 2037 5472 in

458 5486 641 5540 sedem
664 5500 814 5538 suam
847 5486 1097 5554 quaelibet
1118 5486 1387 5552 redirent;
1420 5502 1593 5555 neque
1612 5487 1754 5541 enim
1784 5487 2042 5542 emenda-

460 5556 658 5611 tionem
686 5556 847 5610 ullam
870 5555 1106 5626 adhibui,
1133 5566 1483 5626 prmterquam
1508 5557 1647 5625 quod
1670 5557 1757 5611 ubi
1783 5559 2039 5625 scriptum

458 5635 545 5696 est
566 5628 620 5680 in
640 5627 845 5690 codice,
883 5625 1217 5696 Nunquideo
1257 5625 1543 5695 inspirante
1590 5628 1721 5680 sicut
1770 5644 1832 5681 ea:
1860 5629 2045 5681 iisdem

459 5692 674 5767 (adicis,
694 5698 970 5767 substitui,
999 5692 1246 5767 Nunquid
1268 5692 1376 5751 Deo
1398 5698 1680 5767 inspirante
1709 5714 1810 5752 non
1841 5709 1957 5752 sunt
1980 5714 2045 5753 ea:

456 5758 639 5825 iisdem
664 5758 895 5823 Judazis.
949 5758 1277 5827 Documento
1321 5783 1443 5825 esse
1478 5758 1663 5839 potest
1686 5769 1853 5841 locus
1879 5783 2043 5841 quam

2150 3263 2356 3334 pulsus,
2388 3262 2571 3332 utique
2601 3264 2833 3327 invitus;
2859 3263 2905 3319 si
2929 3264 3155 3331 invitus,
3178 3267 3360 3333 utique
3390 3266 3591 3321 malum
3613 3277 3731 3333 est;

2150 3368 2255 3409 non
2290 3368 2418 3424 ergo
2447 3364 2639 3423 sponte
2669 3352 2820 3419 facit,
2846 3363 3096 3425 tanquam
3127 3355 3229 3411 hoc
3252 3357 3475 3424 bonum,
3503 3357 3597 3412 sed
3620 3367 3736 3412 tan-

2144 3462 2303 3517 quam
2348 3447 2546 3502 malum
2589 3446 2828 3504 invitus:
2880 3448 2925 3503 si
2966 3464 3073 3504 non
3114 3449 3309 3506 invitus
3341 3461 3591 3522 tanquam
3617 3445 3731 3506 ina-

2150 3584 2345 3639 misere
2371 3584 2668 3659 deformata
2691 3600 2753 3640 ac
2782 3584 3049 3658 disceipta
3079 3589 3229 3656 plura
3258 3588 3592 3659 antiquitatis
3620 3606 3737 3645 mo-

2150 3666 2401 3710 numenta
2431 3656 2496 3709 ad
2527 3672 2716 3712 manus
2748 3656 3295 3715 nostras'devenerint
3334 3677 3350 3713 :
3378 3656 3493 3715 sive
3520 3672 3735 3727 pertur-

2148 3728 2292 3781 batio
2323 3742 2389 3781 ex
2410 3727 2715 3795 disiunctis,
2744 3738 2835 3783 aut
2860 3730 3105 3794 revulsis,
3137 3739 3192 3785 et
3221 3732 3566 3787 volitantibus
3594 3734 3737 3788 foliis

2147 3808 2322 3852 ortum
2357 3797 2598 3870 duxerit,
2634 3799 3001 3870 qumlibrarii
3059 3801 3345 3870 aliquando
3402 3803 3734 3858 transcribe-

2146 3878 2297 3933 rent;
2325 3868 2438 3922 sive
2458 3884 2523 3922 ex
2554 3883 2620 3922 eo
2644 3869 2784 3938 quod
2809 3870 3007 3925 incuria
3049 3868 3385 3938 diffluentes,
3434 3874 3614 3940 aliqua
3652 3875 3735 3929 in-

2148 3943 2355 3994 terdum
2379 3940 2684 3994 emitterent
2710 3981 2725 4002 ,
2766 3956 2884 4010 quae
2927 3944 3267 4011 postmodum
3299 3944 3735 3999 animadverten-

2151 4020 2253 4072 tes,
2287 4024 2353 4063 eo
2378 4011 2499 4064 loco
2521 4024 2782 4084 reponere
2814 4026 2919 4066 non
2957 4012 3265 4084 dubitarent
3305 4014 3371 4068 ad
3408 4030 3568 4084 queat
3610 4024 3735 4071 tunc

2150 4088 2538 4150 pervenerant;
2578 4081 2800 4147 perinde
2842 4096 2903 4135 ac
2946 4083 3312 4140 si'sufﬁceret
3348 4081 3732 4142 ne'deesscut.

2149 4150 2301 4217 Quod
2333 4150 2521 4205 attinet
2546 4152 2610 4223 ad
2629 4166 2842 4223 sensum
2870 4167 3054 4207 eorum
3077 4170 3197 4223 quae
3229 4156 3313 4209 ltic
3338 4171 3365 4209 a
3394 4155 3571 4211 Felice
3600 4157 3736 4212 all'e-

2152 4231 2362 4289 runtur,
2396 4221 2676 4288 perspicua
2698 4222 2832 4275 ﬁunt
2859 4225 3036 4278 omnia
3059 4221 3179 4279 cum
3222 4242 3251 4279 a
3295 4236 3547 4282 contextu
3589 4229 3734 4282 Ioco-

2151 4306 2268 4345 rum
2291 4292 2344 4345 in
2376 4291 2556 4345 Bibliis
2587 4292 2728 4346 unde
2752 4304 2905 4347 eruta
2934 4304 3080 4359 sunt,
3115 4306 3225 4349 tum
3247 4313 3275 4350 a
3325 4297 3489 4352 simili
3522 4299 3737 4354 ratioei«

2153 4362 2372 4416 natione
2401 4377 2560 4437 quam
2584 4362 2636 4437 in
2663 4371 2889 4437 tractatu
2921 4365 2987 4420 de
3026 4368 3382 4422 Anatliemate
3414 4383 3733 4437 percurrere

2152 4446 2461 4505 possumus,
2490 4432 2556 4486 ab
2591 4434 2654 4487 iis
2684 4434 2985 4503 incipiendo
3022 4454 3035 4489 :
3082 4436 3173 4491 Sic
3222 4437 3387 4505 Tyrus
3415 4432 3471 4493 ἐι
3512 4438 3730 4504 Beritos,

2152 4510 2256 4579 etc.
2292 4502 2365 4556 lbi
2390 4503 2739 4579 etiamsacraz
2770 4502 3060 4579 Scriptum
3083 4502 3320 4575 aperitur
3350 4523 3542 4564 sensus
3574 4502 3737 4579 atque

2153 4571 2470 4652 illustratur.
2505 4572 2587 4652 Ne
2612 4571 2967 4652 convertantur
2992 4618 3007 4642 ,
3042 4571 3143 4633 hoc
3170 4589 3273 4652 est,
3307 4595 3372 4633 ne
3416 4583 3523 4633 suis
3566 4571 3735 4652 operi-

2154 4640 2267 4715 bus,
2290 4643 2470 4712 quibus
2498 4645 2670 4712 utique
2693 4640 3033 4715 conﬁdebant,
3064 4658 3167 4703 etc.
3201 4640 3270 4702 Et
3285 4666 3460 4705 sanant
3479 4667 3568 4705 eos
3583 4640 3610 4713 ;’
3630 4651 3737 4705 scio

2157 4712 2387 4789 licetme
2410 4729 2582 4789 eorum
2603 4717 2750 4782 quasi
2771 4712 2962 4771 meritis
2992 4720 3200 4789 propria
3236 4720 3481 4789 facultate
3524 4712 3727 4775 uenien-

2155 4784 2286 4836 tibus
2309 4785 2561 4843 salvatrix,
2573 4789 2740 4852 gratia
2763 4784 3001 4854 daretur,
3019 4784 3121 4843 etc.
3150 4784 3375 4845 Ad'euni
3410 4792 3584 4846 locum
3613 4791 3730 4844 Tri-

2155 4855 2342 4917 duum,
2365 4864 2410 4908 et
2436 4854 2621 4909 Ninive
2649 4860 2984 4923 subvertetur,
3017 4861 3318 4916 versionem
3345 4861 3587 4916 Grmcam
3636 4878 3734 4915 au-

2152 4934 2267 4999 ctor
2292 4925 2630 4999 amplectitur
2659 4944 2814 4999 quam
2861 4932 3215 4999 Symmachus
3253 4943 3307 4987 et
3339 4933 3641 4988 Theodotio
3663 4949 3729 4988 es

2153 4994 2417 5068 Hebraico
2450 4994 2998 5053 testu'emendarunl.
3039 5001 3292 5056 Eamdem
3325 5004 3729 5068 sequitur‘san-

2152 5074 2267 5119 ctus
2292 5065 2678 5139 Prosper,_sivc
2706 5072 2825 5139 quis
2848 5070 3261 5126 alius’cartninis
3284 5074 3351 5127 de
3381 5065 3727 5128 Providcntia

2146 5146 2333 5191 auctor
2372 5138 2490 5191 fuit.
2548 5136 2755 5192 Videsis
2799 5140 2857 5193 ἰ).
2917 5144 3271 5209 Augustinum
3320 5146 3387 5198 de
3418 5145 3532 5198 Civ.
3570 5146 3661 5197 Dei
3691 5148 3728 5199 l.

2148 5221 2295 5271 xvnt,
2325 5223 2442 5274 cap.
2476 5209 2562 5262 Η.
2599 5209 2650 5261 In
2694 5210 2757 5263 iis
2804 5211 3027 5264 ridentes
3070 5215 3323 5275 viderunt,
3368 5226 3473 5268 etc.
3513 5227 3732 5269 senten-

2150 5278 2273 5330 tiam
2307 5279 2525 5355 respicit
2555 5280 2934 5355 versiculorum
2958 5286 3129 5355 octavi
3174 5294 3229 5337 ct
3274 5285 3529 5355 trigesimi
3573 5286 3731 5355 primi

2147 5361 2265 5418 cap.
2303 5364 2337 5401 ιι
2378 5350 2442 5402 ad
2487 5348 2667 5413 llom.,
2698 5351 2942 5418 quamvis
2985 5354 3149 5407 verba
3202 5348 3388 5410 ηιιιιεῖ.
3421 5348 3730 5410 ΙιοιηίΙΙιηΙ

2148 5416 2297 5492 Isaias
2327 5418 2512 5492 v1.10,
2539 5436 2600 5471 ne
2629 5416 2760 5492 forte
2802 5420 3007 5474 videant
3047 5426 3208 5479 oculis
3236 5429 3343 5480 suis
3366 5468 3381 5492 ,
3435 5436 3480 5478 rt
3522 5428 3732 5482 auribus

2151 5488 2258 5541 suis
2283 5490 2530 5559 audiant;
2559 5489 2698 5556 quod
2729 5491 2781 5544 in
2804 5493 3019 5559 antiqua
3052 5498 3300 5551 versione
3341 5488 3421 5552 sic
3471 5499 3733 5552 reddeba-

2156 5567 2238 5610 tur
2261 5575 2275 5612 ε
2300 5570 2345 5612 et
2368 5558 2591 5632 videntes
2622 5575 2721 5612 non
2746 5558 2971 5627 videant,
3003 5573 3049 5617 et
3076 5567 3336 5620 audientes
3364 5584 3464 5621 non
3491 5569 3730 5632 audiant,

2154 5639 2292 5703 etc.,
2316 5638 2371 5682 ut
2414 5629 2563 5682 disco
2589 5640 2914 5703 estractatn
2953 5634 3020 5688 de
3062 5639 3421 5692 anatlieinatis
3463 5629 3727 5703 Vinculo,

2156 5698 2246 5779 ubi
2284 5701 2328 5779 is
2368 5714 2553 5779 versus
2583 5700 3099 5779 add_ucitur,_Verbo
3136 5708 3183 5760 si
3217 5709 3263 5761 vi
3301 5708 3561 5779 imperiali
3590 5698 3731 5766 redit

2102 5854 2123 5858 Δ,
2156 5768 2220 5824 ad
2251 5769 2453 5840 pluries
2482 5770 2642 5827 dicta.
2676 5772 2821 5829 SCIP.
2864 5774 3155 5834 blsrrstus.
