4096 6342
254 330 348 390 9M

1460 323 1815 403 armum:
1855 325 1944 381 ET
1984 321 2322 386 occasu.

3424 330 3533 391 962

249 461 375 512 tum,
408 450 651 515 sequitur
669 450 727 499 ut
747 438 940 513 sponte
970 448 1221 513 tanquam
1244 435 1461 495 bonum.
1489 438 1679 495 Studio
1700 454 1831 509 ergo
1854 435 2164 514 A’nemque
2187 443 2422 511 ﬁrmare,
2441 451 2500 499 ut
2521 456 2689 515 magis
2714 458 2779 500 ac
2799 420 2969 515 magis
2984 444 3167 500 videar
3192 436 3526 513 inconstans,

248 550 302 599 et
325 548 470 599 voto.
497 548 551 593 et
569 538 861 603 voluntate,
892 547 941 593 et
968 536 1171 606 judicio
1193 533 1432 605 proprio,
1454 547 1559 587 non
1588 542 1836 598 coactus;

249 648 360 689 non
392 646 522 700 ergo
550 630 660 684 vim
694 630 915 700 patitur,
947 628 1040 683 sed
1071 636 1261 697 sponte
1302 624 1584 695 delinquit.
1616 623 1724 679 Sed
1753 625 1838 677 ob.

248 725 524 783 stinatione
554 732 742 786 vestra,
777 720 975 790 inquis,
1000 721 1055 772 in
1094 716 1380 789 periculum
1428 732 1638 769 causam
1688 715 1844 769 totius

250 816 499 871 Ecclesia:
527 811 811 868 adducitis.
863 811 920 866 Si
951 808 1082 865 ﬁdes
1120 807 1535 877 communioque
1579 806 1844 861 catholica

250 904 572 971 custoditur,
605 903 659 958 in
690 902 989 973 periculum
1029 900 1222 969 religio
1264 899 1429 965 venit,
1456 898 1543 952 vel
1572 897 1841 968 periclita-

250 1007 339 1053 tur
372 996 596 1067 religio?
645 995 792 1061 etsi,
843 993 985 1064 quod
1027 992 1196 1057 absit,
1251 989 1847 1067 ﬁdes-communioque

250 1088 518 1144 catholica
552 1087 805 1149 violatur,
841 1086 894 1139 in
925 1084 1222 1155 periculum
1250 1082 1460 1153 'religio
1491 1098 1597 1137 non
1628 1080 1847 1137 adduci-

251 1190 362 1246 tur,
388 1180 474 1234 vel
502 1178 652 1233 salva
686 1176 877 1246 religio
911 1177 1032 1231 est?
1053 1175 1212 1230 Absit
1239 1184 1294 1228 ut
1322 1173 1428 1230 hoc
1451 1176 1732 1246 quisquam
1760 1190 1849 1229 ca-

252 1273 487 1327 tltolicus
514 1281 569 1326 et
599 1270 910 1342 apostolicae
937 1270 1058 1324 ﬁdei
1086 1269 1229 1323 filius
1255 1269 1417 1324 dicat.
1466 1269 1573 1325 Sed
1586 1256 1850 1341 ἀρυειοιί-

252 1382 326 1420 ue
351 1366 488 1420 sedis
508 1365 807 1436 dignitatem
829 1365 930 1419 ista
962 1365 1298 1417 obstinatione
1328 1364 1579 1417 minuitis.
1634 1364 1688 1419 Si
1718 1363 1850 1418 fides

252 1458 677 1529 communioque
702 1456 963 1512 catholica
987 1468 1255 1524 servatur,
1287 1456 1518 1528 dignitas
1552 1458 1695 1513 sedis
1718 1472 1848 1527 apo-

255 1550 461 1604 stolicm
515 1550 811 1604 minuitur?
858 1549 916 1603 Si
948 1548 1038 1602 illa
1078 1549 1329 1615 violatur,
1361 1548 1509 1603 sedis
1538 1548 1849 1619 apostolica:

255 1640 489 1710 dignitas
518 1641 744 1695 manet?
771 1638 925 1694 Absit
952 1648 1007 1692 ut
1039 1638 1141 1693 hoc
1161 1637 1503 1695 Christianus
1525 1640 1859 1697 catholicus-7

265 1747 371 1802 que
390 1732 694 1801 depromat.
723 1731 780 1787 Si
808 1730 942 1786 ﬁdes
971 1729 1241 1785 catholica
1282 1739 1337 1785 et
1365 1732 1673 1785 communio
1699 1730 1850 1786 laedi-

1942 546 1994 592 et
2021 551 2154 591 meae
2180 536 2477 590 contrarius
2503 550 2639 592 esse
2669 536 2989 592 sententize?
3032 537 3143 607 Ego
3173 537 3239 602 si,
3266 538 3409 608 quod
3437 541 3529 595 ab-

1942 628 2034 694 sit,
2059 626 2304 697 complex
2335 626 2460 680 mali
2489 641 2663 682 essem
2686 627 2929 695 etlectus,
2958 644 3101 706 nunc
3138 629 3381 685 remedio
3406 646 3530 701 ege-

1944 736 2082 785 rem,
2108 736 2215 776 non
2244 719 2542 776 remedium
2574 722 2967 787 ministrarem;
3004 730 3059 777 et
3085 722 3240 778 sedes
3271 723 3333 777 Β.
3362 723 3528 790 Petri,

1945 811 2086 882 quod
2117 812 2258 868 Deus
2289 826 2397 866 non
2422 812 2563 867 sinat
2594 811 2731 879 ﬁeri,
2763 812 2980 869 aliunde
3008 821 3237 882 peteret,
3263 829 3367 868 non
3395 830 3535 885 pra:-

1947 905 2103 959 beret
2130 903 2249 972 ipsa
2281 902 2602 958 remedium.
2637 902 2833 971 Quare,
2882 902 3007 974 quia
3058 904 3379 959 sententiam
3418 906 3539 961 tuli-

1950 1009 2068 1049 mus
2095 994 2148 1049 in
2188 994 2443 1049 Acacium
2484 994 2868 1064 indignemini,
2900 994 3044 1063 quod
3088 996 3189 1050 nisi
3222 996 3538 1053 fecissemus

1948 1086 2269 1143 catholicam
2308 1086 2742 1140 communionem
2789 1085 2858 1139 ab
2894 1084 3146 1141 ltzeretica
3191 1094 3246 1140 et
3292 1086 3541 1143 damnata

1949 1178 2351 1245 communione,
2401 1178 2486 1234 cui
2536 1193 2595 1233 se
2633 1178 2720 1233 hic
2772 1178 3088 1245 miscuerat,
3138 1179 3434 1237 decernere
3487 1189 3544 1237 et

1951 1274 2113 1338 tueri,
2143 1282 2195 1329 et
2238 1272 2545 1328 inviolatam
2588 1287 2810 1329 servare
2848 1273 3156 1329 nullatenus
3182 1280 3541 1343 ,poteramus?

1950 1366 1979 1406 ιδ
2008 1365 2291 1432 Quomodo
2344 1380 2445 1420 nos
2484 1364 2805 1435 compellitis
2825 1392 2853 1432 -,
2912 1366 3100 1420 iterata
3146 1367 3545 1435 quodammodo

1952 1459 2338 1515 constitutione
2372 1503 2387 1527 ,
2437 1472 2558 1513 cum
2615 1458 3029 1528 exaggeratione
3082 1460 3543 1527 prmvarieationis

1953 1552 2135 1608 Aeacii
2177 1552 2378 1621 justam
2422 1550 2540 1605 sine
2588 1550 2752 1605 dubio
2796 1551 3012 1606 ﬁrmare
3063 1559 3119 1604 et
3163 1552 3544 1619 congeminare

1953 1644 2312 1700 sententiam?
2341 1642 2598 1713 Nunquid
2628 1643 2865 1698 Misenus
2894 1654 2949 1699 et
2970 1643 3157 1698 Vitalis
3184 1653 3433 1713 poterunt
3454 1661 3543 1702 re-

1953 1737 2079 1806 cipi,
2129 1736 2232 1790 nisi
2293 1736 2475 1793 dicant
2532 1734 2815 1801 anathema
2867 1733 3027 1790 Petro
3075 1736 3441 1793 Alexandrino
3492 1745 3547 1793 et

258 1822 709 1894 tur,‘respublica
751 1824 1003 1893 juvatur?
1052 1831 1107 1878 et
1146 1822 1191 1878 si
1237 1821 1326 1877 illa
1367 1822 1514 1877 salva
1543 1824 1633 1886 sit,
1664 1837 1852 1892 respu-

1955 1830 2209 1886 omnibus
2236 1829 2324 1899 qui
2353 1830 2403 1884 ei
2431 1836 2554 1899 post
2587 1828 2876 1885 anathema
2904 1829 3435 1886 communicaverunt
3460 1832 3545 1887 vel

256 1921 393 1977 blica
425 1919 677 1975 laeditur?
706 1918 859 1973 Absit
886 1927 946 1973 ut
973 1919 1080 1973 hoc
1106 1916 1445 1971 Christianus
1473 1925 1529 1970 et
1554 1916 1852 1994 catholicus

258 2012 591 2083 proﬁteatur.
620 2010 674 2067 Si
703 2010 834 2065 ﬁdes
859 2009 1121 2065 catholica
1149 2018 1204 2064 et
1239 2008 1552 2063 communio
1582 2015 1848 2073 servetur,

258 2108 553 2177 imperator
596 2104 862 2160 laeditur?
906 2115 956 2158 et
1000 2101 1109 2156 illis
1145 2101 1360 2155 violatis
1398 2100 1692 2170 imperator
1744 2116 1852 2155 non

258 2201 510 2257 laeditur?
549 2201 703 2256 Absit
734 2209 792 2255 ut
834 2199 935 2253 hoc
973 2198 1309 2253 Christianus
1339 2205 1395 2252 et
1420 2195 1718 2251 catholicus
1751 2195 1852 2251 im-

260 2301 477 2364 perator
506 2293 667 2358 dicat,
697 2292 780 2347 vel
803 2290 995 2360 aliquis
1024 2287 1325 2343 catholicus
1354 2285 1688 2342 Christianus
1709 2286 1854 2341 dicat

260 2386 459 2442 debere
507 2367 621 2439 fieri
649 2402 664 2440 :
697 2384 802 2441 hoc
824 2391 908 2439 est
953 2380 1074 2436 laedi
1111 2379 1272 2435 ﬁdem
1310 2388 1362 2434 et
1416 2379 1851 2434 communionem

261 2478 444 2535 deberi
467 2476 809 2539 catholicam,
840 2488 908 2529 ne
930 2473 1222 2541 imperator
1244 2471 1491 2535 laedatur,
1522 2470 1645 2540 quia
1671 2470 1716 2526 si
1738 2485 1853 2526 ser-

261 2581 414 2629 vetur
458 2570 589 2626 ﬁdes
630 2567 897 2625 catholica
941 2564 1496 2636 atque‘communio,
1558 2564 1851 2652 imperator

264 2668 506 2723 ltedatur.
533 2666 640 2722 N05
671 2667 1051 2735 imperatorem
1075 2673 1282 2719 tantum
1312 2679 1578 2728 amamus,
1604 2672 1667 2719 ut
1706 2664 1841 2719 veli-

266 2776 381 2815 mus
408 2775 530 2815 eum
556 2758 733 2813 facere
762 2756 904 2827 quod
935 2770 1033 2825 pro
1071 2756 1242 2810 salute
1269 2755 1435 2825 ipsius
1461 2756 1552 2823 sit,
1582 2754 1722 2825 quod
1755 2769 1852 2825 pro

264 2850 464 2917 anima,
499 2865 594 2919 pro
620 2848 948 2903 conscientia
978 2846 1145 2917 ipsius
1167 2854 1272 2902 est.
1323 2855 1351 2884 ι
1384 2846 1733 2902 Pontiﬁcibus
1762 2861 1851 2901 ca-

266 2942 479 2997 tholicis
526 2941 739 2997 etiamsi
782 2956 903 3011 qua:
941 2940 1233 3010 probatur,
1282 2940 1553 3021 relasetur
1601 2938 1852 3004 offensa;

267 3035 432 3104 ipsius
476 3045 588 3100 est,
630 3034 773 3104 quod
807 3033 1173 3098 conscientiae,
1209 3033 1350 3103 quod
1390 3034 1585 3087 anima:
1626 3047 1759 3097 suae,
1801 3040 1856 3086 et

264 3125 424 3180 saluti
453 3126 555 3180 scit
581 3125 859 3195 prodesse,
893 3124 1073 3179 facere
1106 3137 1121 3176 :
1154 3124 1199 3178 si
1235 3138 1341 3178 non
1368 3124 1503 3189 vult,
1534 3139 1654 3193 qua:
1682 3124 1734 3178 in
1772 3123 1855 3177 his

1955 1920 2402 1976 communicant?
2441 1919 2780 1974 Damnabunt
2825 1934 2956 1989 ergo
2986 1919 3141 1975 nobis
3171 1920 3549 1978 deﬁnientibus

1956 2016 2145 2069 iterum
2184 2014 2283 2085 ipsi
2320 2020 2717 2081 consequenter
2761 2013 3035 2068 Acacium.
3090 2013 3371 2081 Quomodo
3418 2029 3549 2085 ergo

1955 2121 2078 2161 eum
2106 2105 2268 2159 vultis
2296 2105 2621 2160 absolvere?
2647 2115 2720 2160 An
2771 2119 2935 2173 grave
2966 2104 3176 2159 videtur
3203 2106 3368 2160 semel
3400 2107 3550 2159 dam-

1956 2199 2138 2246 natum
2172 2190 2422 2245 Acacium
2445 2231 2459 2256 ,
2498 2197 2552 2245 et
2594 2188 2676 2243 bis
2713 2190 3023 2243 damnatum
3067 2204 3171 2243 non
3204 2191 3308 2245 erit
3341 2192 3549 2260 grave?

1956 2298 2024 2337 an
2081 2282 2244 2336 vultis
2273 2280 2386 2336 sive
2429 2297 2523 2351 per
2570 2296 2703 2348 vos,
2751 2282 2864 2336 sive
2904 2294 2999 2350 per
3044 2297 3144 2336 nos
3197 2280 3366 2337 videri
3393 2324 3408 2347 ,
3460 2283 3545 2338 vel

1958 2374 2063 2431 dici
2094 2375 2277 2431 sedem
2306 2374 2653 2443 apostolicam
2684 2375 3100 2449 circumventam
3130 2374 3329 2431 fuisse?
3356 2387 3377 2414 ο
3410 2376 3548 2434 Ecce

1961 2467 2307 2539 poposcimus
2342 2482 2508 2532 vos;
2563 2481 2688 2522 ecce
2734 2466 3068 2537 scripsistis;
3120 2482 3246 2523 ecce
3305 2484 3408 2523 non
3465 2470 3547 2525 di-

1971 2571 2167 2633 gnatus
2193 2571 2275 2617 est
2306 2560 2729 2616 illerescribere
2761 2602 2775 2625 ,
2828 2575 2927 2615 nec
2976 2561 3128 2615 vobis
3159 2602 3174 2627 ,
3226 2576 3325 2617 nec
3370 2562 3540 2618 mihi:

1968 2654 2183 2710 videtis
2222 2654 2549 2708 obstinatam
2614 2652 2907 2721 perniciem
2963 2653 3240 2721 pravitatis
3286 2669 3301 2708 :
3360 2670 3540 2710 nonne

1958 2755 2013 2801 et
2078 2753 2295 2815 propter
2342 2742 2709 2811 religionem,
2760 2751 2814 2797 et
2867 2752 3083 2814 propter
3138 2743 3387 2812 injuriam
3445 2760 3541 2801 ve-

1959 2847 2124 2894 stram
2152 2837 2363 2892 debetis
2412 2835 2692 2890 unanimes
2719 2848 2839 2889 esse
2889 2835 3211 2889 nobiscum?
3254 2834 3417 2889 Dicite
3448 2852 3540 2889 no-

1959 2933 2053 2997 bis,
2083 2930 2365 3000 inquiunt,
2398 2937 2569 2981 utrum
2596 2926 2820 2980 Vitalem
2873 2934 2919 2978 et
2967 2924 3225 2979 Misenum
3256 2927 3541 2980 absoluturi

1958 3022 2089 3088 sitis,
2116 3039 2183 3077 an
2211 3039 2333 3075 non.
2365 3019 2769 3089 Respondemus
2796 3028 2849 3074 et
2867 3019 3167 3088 qumrimus
3198 3028 3252 3073 et
3272 3034 3373 3073 nos
3392 3031 3422 3071 a
3445 3034 3543 3075 vo-

1964 3116 2069 3179 bis,
2099 3124 2275 3169 utrum
2307 3127 2401 3168 eos
2427 3112 2577 3166 salva
2611 3112 2738 3175 ﬁde,
2767 3118 2823 3166 et
2850 3109 3228 3166 communione
3265 3093 3549 3175 catholica,

264 3226 393 3271 sunt
418 3189 807 3281 utilia-facere,
834 3216 949 3283 ipse
973 3214 1187 3269 viderit.
1232 3212 1338 3268 Nos
1377 3221 1433 3267 et
1469 3189 1608 3282 apud
1659 3213 1850 3280 Deum,
1881 3189 1930 3253 (ἶ
1958 3217 2014 3263 et
2045 3207 2187 3262 sedis
2215 3205 2519 3274 apostolica:
2549 3202 2851 3271 reverentia
2875 3200 3080 3255 absolvi
3108 3199 3305 3265 velitis,
3331 3215 3398 3255 an
3420 3216 3549 3257 non.

264 3320 320 3366 et
348 3308 487 3378 apud
518 3308 762 3362 hemines
787 3306 1017 3362 absoluti
1049 3320 1264 3371 sumus;
1295 3321 1418 3361 nam
1447 3307 1492 3361 si
1513 3306 1654 3375 apud
1684 3306 1853 3361 Deum
1957 3301 2013 3356 Si
2043 3299 2207 3364 salvis
2233 3298 2337 3353 illis
2368 3312 2474 3352 non
2501 3295 2682 3359 vultis,
2717 3310 2823 3348 non
2858 3308 2954 3347 eos
2986 3293 3087 3347 hoc
3116 3292 3278 3347 modo
3318 3292 3402 3348 vel
3452 3292 3549 3348 bu-

267 3403 431 3457 etiam
484 3413 581 3468 pro
624 3397 927 3453 criminosis
973 3398 1299 3453 intervenire
1348 3397 1630 3469 pontiﬁces
1673 3398 1867 3464 decet,
1955 3390 2189 3463 jusmodi
2221 3390 2427 3469 ratione
2447 3387 2739 3443 salvemus.
2789 3380 2892 3440 Sed
2919 3385 3245 3455 promisistis,
3280 3384 3546 3454 inquiunt.

269 3499 471 3562 quanto
490 3489 631 3559 apud
661 3489 829 3545 Deum
871 3488 1040 3560 magis
1067 3489 1474 3545 convenientius
1516 3497 1600 3545 est
1637 3504 1733 3558 pro
1769 3502 1855 3544 sa-
1960 3486 2110 3555 Quod
2145 3484 2362 3555 promisi
2394 3482 2625 3551 legitur;
2660 3479 2762 3534 hoc
2788 3492 2928 3542 nunc
2974 3479 3198 3545 implere
3227 3478 3497 3533 contendo
3529 3495 3547 3534 :
3602 3542 3608 3549 ,

269 3590 576 3647 cerdotibus
623 3588 948 3645 intervenire
997 3586 1311 3658 pontiﬁces?
1348 3588 1405 3643 Si
1440 3602 1537 3656 pro
1582 3585 1859 3655 sacrilegis

270 3686 387 3756 ipse
414 3683 719 3748 intervenit,
749 3691 950 3752 quanto
981 3682 1152 3752 magis
1172 3695 1272 3750 pro
1299 3681 1365 3735 iis
1390 3695 1491 3735 nos
1523 3681 1854 3735 intervenire

271 3776 521 3835 convenit
566 3777 688 3847 qui,
726 3776 864 3831 sicut
896 3774 1047 3843 dicit,
1092 3789 1217 3829 eum
1252 3774 1531 3830 laeserunt.
1582 3772 1721 3841 Quid
1770 3784 1858 3826 me

271 3869 432 3925 vultis
458 3881 781 3939 exaggerare
811 3864 1305 3935 praevaricationem
1334 3864 1537 3929 Acacii,
1567 3864 1862 3919 damnatio-

286 4019 290 4021 Α
343 4034 371 4063 ι
401 4022 660 4091 Olfensas,
690 4036 809 4091 quae
838 4017 1115 4091 catholicis
1152 4016 1418 4091 episcopis
1449 4015 1853 4091 imputabantur

270 4086 497 4181 epistola
533 4095 599 4148 ad
624 4086 915 4175 Dardaniae
940 4086 1223 4159 episcopos
1250 4088 1532 4181 eprlic‘at,‘
1567 4086 1674 4181 Sed
1704 4097 1810 4141 esto
1835 4101 1851 4140 :

271 4154 557 4223 Calendion
617 4162 944 4231 imperatoris
976 4154 1183 4215 'uomen
1262 4154 1568 4231 abstulerit;
1626 4154 1854 4231 Joannes

272 4238 508 4303 Principi
535 4227 774 4289 mentitus
811 4234 970 4301 fuisse
1012 4234 1261 4303 jartetar.
1309 4227 1674 4303 Interrogandi
1706 4237 1852 4295 nota,

272 4326 392 4379 quae
414 4300 480 4362 eo
511 4307 612 4379 loci
646 4305 698 4360 in
726 4300 980 4379 editione
1005 4300 1291 4379 Labbeana
1325 4300 1691 4379 subsequitur,
1723 4313 1858 4379 sen-

272 4369 393 4435 sum
425 4378 670 4441 invertit,
703 4391 875 4444 neque
896 4373 1038 4428 cnim
1070 4382 1231 4444 negat
1258 4370 1316 4427 S.
1351 4369 1612 4440 pontifex,
1643 4369 1734 4444 sed
1758 4369 1850 4444 af:

274 4452 472 4518 firmat,
505 4449 575 4503 ob
605 4440 978 4518 nevascausas
999 4440 1391 4499 discussionem
1420 4454 1614 4496 novam
1647 4440 1850 4496 institui

270 4517 545 4576 debuisSe.
569 4519 712 4573 SCIP.
741 4517 1035 4571 MAFFEIUS.

346 4590 372 4627 δ
404 4588 723 4657 Aggreditur
748 4589 887 4657 quod
919 4589 1076 4654 paulo
1105 4595 1229 4641 ante
1268 4584 1433 4654 cmpit
1473 4584 1734 4653 attingere
1776 4583 1850 4657 iis

271 4653 644 4724 verbisI'Quid
674 4653 951 4710 me'vultis
996 4671 1325 4725 emggrmre,
1361 4653 1474 4710 'ctc.
1500 4670 1513 4713 :
1543 4657 1636 4709 sed
1666 4653 1847 4708 statim

274 4730 523 4785 familiari
551 4727 825 4781 luxatione
871 4726 1191 4795 quibusdam
1249 4725 1544 4793 interjectis
1588 4726 1848 4779 deseruit.

275 4801 549 4856 instabant
571 4795 743 4852 Graeci
788 4807 844 4850 ut
872 4796 1027 4865 legati
1070 4810 1284 4864 quoque
1317 4795 1505 4849 Vitatis
1532 4804 1586 4849 et
1619 4796 1853 4850 Misenus

274 4872 700 4927 absolverentur.
731 4867 1041 4937 Respondet
1084 4865 1232 4937 Fotis
1272 4865 1663 4937 absolutionem
1724 4867 1855 4920 isto-

277 4959 392 4997 rum
423 4943 540 4997 sine
579 4934 863 4995 iteratione
905 4935 1266 4991 damnationis
1298 4936 1477 4989 Acacii
1506 4934 1718 4989 decerni
1746 4952 1852 4991 non

278 5029 457 5083 posse,
480 5023 534 5067 et
561 5025 652 5065 eas
677 5006 1062 5083 postulationes
1095 5021 1329 5083 pugnare
1354 5004 1584 5083 ostendit
1608 5005 1748 5060 inter
1772 5021 1852 5083 se,

274 5076 341 5139 im
370 5076 500 5138 enim
522 5076 888 5153 grave—videtur
905 5079 1059 5153 semel
1078 5076 1674 5153 _darrtrtatum_.ftca_cium,
1700 5086 1747 5130 et
1782 5077 1856 5131 bis

275 5147 573 5208 damnamur
602 5169 704 5206 non
723 5153 818 5207 erit
857 5152 1044 5221 grave?
1075 5149 1171 5203 llic
1201 5163 1353 5221 vero
1395 5147 1598 5218 liquido
1623 5155 1854 5221 constat,

275 5224 418 5295 quod
447 5234 501 5279 et
548 5225 686 5295 intra
729 5219 895 5295 magis
925 5222 1149 5295 patebit,
1180 5219 1461 5295 deceptum
1510 5220 1856 5295 esse-procul

240 5288 439 5351 ‘dubio
461 5296 523 5349 γ.
551 5296 614 5347 C.
644 5288 942 5349 lienriéum‘
976 5291 1269 5356 Valesium,
1303 5290 1391 5360 qui
1424 5289 1487 5360 in
1520 5288 1887 5360 observation

276 5367 434 5422 nibus
474 5366 540 5420 ad
569 5364 873 5433 Evagrium,
907 5364 996 5418 lib.
1032 5380 1087 5426 ιι,
1122 5358 1376 5433 Acacium
1402 5374 1430 5433 a
1457 5358 1858 5433 duabus_sy_no-

274 5438 359 5507 dis
387 5430 701 5507 damnatum
722 5434 949 5507 probare
978 5432 1285 5507 contend“,
1303 5431 1547 5507 laudatus
1576 5446 1605 5481 a
1645 5430 1714 5484 cl.
1752 5430 1857 5506 Pas

272 5504 363 5579 gio
386 5509 475 5577 (ad
497 5524 586 5579 an.
608 5501 736 5570 481,
761 5504 912 5572 485),
936 5504 1026 5579 qui
1050 5503 1243 5579 par-iter
1273 5503 1355 5557 bis
1382 5502 1690 5579 damnatum
1724 5501 1861 5579 ce_n-'

273 5572 401 5635 ξεί.⁷
440 5578 804 5633 Fundamenta
862 5572 1059 5644 quibus
1098 5573 1339 5627 nituntur
1393 5573 1501 5627 duo
1550 5572 1849 5641 praesertim

273 5660 400 5705 sunt
425 5668 437 5703 :
470 5650 693 5702 alterum
721 5646 928 5700 scilicet
951 5644 1201 5713 synodica
1237 5644 1303 5696 ad
1333 5644 1560 5699 clericos
1582 5653 1637 5697 et
1668 5658 1853 5697 mona-

270 5722 405 5776 chos
433 5717 756 5784 Orientales,
784 5732 902 5787 qute
931 5716 1080 5785 plura
1111 5728 1241 5768 sane
1273 5713 1563 5787 incongrua
1588 5714 1852 5787 continet,

272 5807 375 5847 nec
425 5795 477 5847 in
509 5798 693 5848 nostro
737 5784 1172 5856 codiee’apparet
1226 5798 1291 5840 ex
1342 5784 1733 5853 pertinentibus
1788 5784 1856 5839 ad

1961 3580 2181 3653 proinisi
2210 3578 2353 3634 enim
2378 3575 2800 3641 deliberaturum
2843 3570 3114 3640 quomodo
3159 3570 3305 3637 juste
3337 3571 3550 3628 videan-

1964 3681 2049 3727 tur
2092 3670 2330 3733 ahsolvi;
2361 3668 2464 3722 h'oc
2493 3667 2653 3720 etiam
2696 3677 2835 3718 nunc
2883 3662 3000 3716 sine
3048 3661 3382 3717 dubitatione
3426 3677 3550 3728 pro-

1965 3767 2141 3822 mitto.
2171 3764 2373 3819 Scitote
2399 3775 2527 3827 ergo
2556 3754 2994 3813 deliberationem
3028 3764 3265 3811 nostram
3298 3756 3367 3810 ad
3406 3757 3549 3811 hunc

1969 3859 2187 3915 modum
2213 3868 2333 3911 esse
2367 3851 2714 3923 perductam;
2757 3847 2785 3886 ει
2814 3848 2937 3918 quia
2984 3848 3115 3903 iStos
3134 3848 3415 3903 absolvere
3442 3862 3549 3904 non

1898 3997 1931 4008 ”
1964 4010 2146 4066 Acacii
2174 4020 2389 4063 causam
2416 4000 2715 4073 praecipuas
2760 4007 3110 4073 recensente;
3152 4006 3355 4073 etquze
3393 4001 3437 4054 si
3465 4016 3550 4056 re-

1962 4093 2048 4137 cte
2092 4069 2452 4147 expendatur,
2483 4075 2726 4126 iteratam
2769 4070 2948 4147 Acacii
2980 4069 3380 4147 damnationem
3424 4074 3547 4126 n'ul-

1960 4153 2067 4208 lam
2113 4139 2314 4221 profert
2348 4165 2390 4221 _:_
2417 4147 2644 4221 alterum
2693 4158 2762 4196 ex
2810 4141 2876 4221 iis
2919 4139 3099 4195 verbis
3147 4141 3452 4221 desumitur
3494 4147 3547 4198 in

1959 4213 2186 4291 epistola
2236 4220 2301 4273 ad
2348 4214 2754 4291 Vetranionem2
2803 4213 2989 4291 iterata
3032 4213 3550 4291 excommunicationi:

1960 4282 2202 4365 depulsus
2224 4300 2302 4365 est
2327 4305 2345 4342 :
2364 4303 2496 4365 quae
2526 4294 2712 4365 tamen
2730 4282 3342 4365 ﬂentium-explicantur
3363 4299 3376 4348 ;
3395 4294 3550 4365 post-

1959 4352 2293 4435 qu'amicnim
2346 4352 2553 4435 dixerat
2584 4354 2826 4435 rFelixqa
2866 4352 3299 4435 Chalcedonensi
3340 4355 3549 4435 synodo

1960 4425 2326 4505 Eutychianos
2374 4429 2798 4505 dattntatosg,‘_et
2849 4433 3244 4505 consequenter
3269 4425 3549 4505 Acacium,

1957 4494 2137 4561 subdit
2169 4522 2182 4558 :
2210 4502 2344 4557 unde
2373 4502 2555 4567 merito
2587 4496 2862 4563 praedictus
2892 4494 3451 4567 AcaciusuAposhtottcw
3472 4512 3552 4550 se-

1956 4579 2058 4641 llis,
2089 4593 2205 4644 qua:
2234 4589 2368 4626 mmo
2398 4566 2681 4644 exsecutrix
2713 4568 2889 4644 utique
2920 4580 3056 4633 sirpe
3086 4565 3210 4644 dicti
3258 4563 3553 4644 Chalcedo:

1876 4638 1929 4699 D
1954 4636 2123 4703 ueritis
2154 4643 2357 4700 concilii
2383 4657 2474 4709 pro
2501 4640 2601 4707 ﬁde
2628 4636 2877 4709 catholica
2915 4644 3039 4709 tunc
3077 4636 3278 4709 probati
3310 4652 3409 4709 non
3460 4636 3547 4690 de-

1958 4721 2077 4788 fuit,
2130 4720 2311 4788 iterata
2366 4704 2894 4788 excbminutticatione
2936 4704 3177 4786 depulsus
3215 4713 3309 4758 est.
3344 4706 3550 4788 _R0lll_tl:

1959 4774 2222 4858 siquidem
2254 4780 2613 4858 Chalcedonis
2663 4774 2928 4858 sententia
2972 4776 3160 4858 iterata
3190 4787 3294 4858 est.
3342 4776 3396 4829 In
3427 4778 3553 4831 sub-

1958 4845 2307 4929 scqttcntibus
2336 4845 3003 4929 verbis'loconreddamush
3020 4847 3150 4929 lege.
3166 4846 3464 4929 reddantur,
3494 4856 3550 4902 et

1960 4917 2473 4999 marginalinottnin
2511 4917 2768 4999 ponciliis
2797 4918 3056 4998 apposita:
3086 4917 3553 4999 atlde‘nuiteﬂua

1959 4985 2374 5069 saneuparticula
2405 4992 2492 5046 hic
2514 4991 2617 5046 loci
2647 4987 2751 5043 noti
2781 4985 2969 5058 parum
3018 4988 3207 5043 refert.
3235 4988 3378 5041 SCIP.
3410 4985 3569 5041 Mar;

1962 5086 2131 5126 FEIUS.

2038 5153 2060 5180 ε
2097 5142 2220 5195 llaec
2252 5151 2414 5208 prave
2444 5132 2758 5208 interposita
2788 5134 3055 5208 suspicor,
3115 5145 3234 5183 cum
3292 5127 3405 5208 alio
3430 5142 3552 5208 Spe-

1961 5222 2123 5268 ctent.
2169 5198 2470 5265 Orientales
2500 5198 2715 5275 quidam
2744 5202 3005 5272 episcOpi,
3041 5217 3068 5253 a
3116 5214 3336 5275 summo
3370 5198 3553 5275 Ponti-

1963 5288 2061 5338 fice
2095 5284 2353 5353 impulsi,
2380 5270 2627 5353 videntur
2675 5270 2930 5353 Acacium
2991 5287 3084 5353 per
3116 5272 3324 5352 litteras
3366 5270 3553 5324 admm

1960 5342 2533 5420 nuissefQua'legitur
2564 5361 2654 5400 nec
2676 5344 2815 5398 vobis
2843 5359 2933 5396 nec
2956 5342 3101 5420 ini/ri,
3132 5351 3215 5395 cst
3247 5342 3296 5393 in
3324 5354 3428 5420 ms.
3462 5356 3553 5420 nec

1960 5427 2098 5479 vobis
2123 5410 2554 5494 necwregifnulla
2582 5430 2901 5494 veroquam
2948 5413 3157 5494 videam
3211 5427 3316 5465 non
3371 5410 3551 5494 inepta

1963 5483 2333 5563 interpretatio
2388 5489 2671 5546 lectionem
2724 5483 2866 5542 illam
2924 5484 3061 5538 tueri
3120 5492 3347 5553 poterat.
3400 5483 3545 5541 SCIP.

1964 5568 2256 5621 MAFI‘EIUS.

2036 5636 2221 5691 “Cum
2274 5648 2426 5690 mens
2459 5632 2620 5687 fuerit
2648 5629 3041 5685 absolutionem
3094 5626 3386 5694 legatorum
3438 5624 3554 5678 uni-

1967 5708 2159 5764 versali
2198 5707 2455 5762 Ecclesia:
2486 5699 2857 5771 tranquillitati
2891 5700 3237 5767 conjungere,
3267 5710 3372 5749 non
3401 5696 3553 5774 aliter

1968 5796 2152 5837 eorum
2183 5778 2504 5837 sententiam
2530 5782 2905 5844 separaturum
2962 5784 3083 5825 esse
3110 5782 3168 5822 88
3216 5782 3276 5823 ac
3309 5781 3553 5835 praernis-
