4096 6342
516 346 651 410 ιω

1776 338 1779 339 ⁷
1831 337 2098 398 FELICIS
2136 335 2340 395 ΡΑΡᾹΞ
2381 334 2446 392 lli

3708 338 3823 397 96‘

514 463 783 531 valemus,
813 461 917 518 nisi
943 468 1001 516 ut
1042 458 1188 530 juste
1237 464 1421 513 nostra
1444 454 1717 513 sententia
1739 464 1865 510 ante
1901 463 2114 525 tempus
2138 454 2192 517 Α
2216 452 2502 507 sententia:
2526 453 2863 508 resolutione
2890 459 3119 509 tractare
3154 470 3167 509 :
3216 466 3340 509 cum
3377 467 3498 509 eam
3542 454 3819 524 geminata

519 558 766 614 videatur
793 569 914 611 esse
940 554 1132 617 laxata,
1160 550 1264 607 nisi
1294 565 1390 607 eos
1412 563 1780 605 exoneremus
1802 548 2114 619 prevarica-

520 652 683 707 tionis
712 648 969 717 pondere,
1000 646 1463 715 curabilioresqne
1505 644 1815 709 reddamus,
1862 644 2112 713 dignum-

519 757 626 814 que
652 742 725 796 sit
752 747 991 796 nostram
1036 738 1088 792 in
1139 751 1235 792 eos
1260 738 1552 806 anticipare
1595 735 1947 800 sententiam,
1976 746 2112 804 quos

517 831 741 887 minoris
764 830 935 898 culpa:
961 828 1363 898 probaverimus
1390 828 1642 882 inventos
1672 843 1684 879 :
1718 825 1958 905 satisque
1989 837 2113 879 esse

517 924 781 989 dicamus,
814 936 879 978 ex
907 935 973 976 co
1001 921 1114 991 ipso
1135 920 1273 992 quod
1298 918 1499 989 aliquid
1525 919 1577 973 in
1610 933 1712 973 sua
1748 916 1956 972 desidia
1975 914 2112 971 deli-

519 1014 759 1085 querint,
787 1013 1062 1083 hucusque
1086 1020 1363 1069 correctos
1390 1021 1447 1067 et
1474 1024 1503 1064 a
1532 1024 1685 1065 sacra
1725 1008 2110 1064 communione

521 1107 826 1164 submotos.
869 1105 926 1160 Si
978 1114 1154 1159 autem
1185 1146 1200 1170 ,
1254 1112 1312 1157 ut
1349 1118 1443 1158 eos
1488 1102 1790 1156 relaxemus
1815 1141 1829 1166 ,
1871 1100 2113 1157 circum-

525 1208 718 1256 ventos
764 1199 1125 1269 deeeptosque
1153 1195 1414 1262 dicimus,
1472 1194 1713 1264 sequitur
1754 1203 1812 1248 ut
1849 1199 2109 1262 quantum

529 1293 662 1349 istos
708 1292 971 1356 levamus,
1019 1298 1221 1345 tantum
1273 1287 1641 1356 opprimamus
1688 1285 1979 1347 Acacium;
2020 1298 2115 1338 nec

528 1397 633 1453 quo
664 1384 806 1440 enim
849 1382 959 1452 jam
1024 1379 1200 1435 velitis
1238 1378 1383 1435 aliud
1438 1378 1619 1435 dicere
1650 1416 1667 1444 ,
1706 1377 1788 1432 vel
1846 1375 2002 1430 nobis
2042 1376 2114 1429 Ii-

521 1484 609 1531 cet
670 1474 814 1529 aliud
864 1472 1171 1537 aestimare,
1216 1486 1375 1540 quam
1412 1470 1558 1524 illum
1598 1484 1719 1527 esse
1762 1467 1923 1524 totius
1971 1482 2112 1537 prte-

520 1563 866 1620 varicationis
908 1571 1183 1621 auctorem
1223 1578 1238 1626 ;
1277 1559 1541 1630 siquidem
1571 1560 1623 1617 id
1648 1560 1873 1615 istorum
1901 1558 2107 1616 confes-

522 1660 608 1716 sio
639 1668 664 1696 “
695 1658 1043 1730 synodalibus
1065 1657 1266 1712 dixisse
1293 1665 1576 1711 teneantur
1621 1654 1675 1710 in
1713 1654 1904 1725 gestis.
1929 1652 2113 1723 Itaque

512 1754 557 1808 si
586 1752 971 1809 assertionibus
1001 1751 1228 1816 iteratis,
1253 1758 1307 1807 et
1328 1748 1679 1824 professione
1702 1749 1995 1818 geminata,
2027 1763 2112 1804 re-

2219 544 2558 612 professione
2586 545 2905 613 ﬁrmavere,
2937 546 3065 615 quid
3099 562 3187 603 me
3219 548 3442 603 remedii
3466 549 3546 603 vis
3576 549 3821 607 habere!

2218 637 2459 692 maxime
2493 637 2538 692 si
2562 637 2724 691 etiam
2767 651 2834 691 eo
2866 646 3112 705 tempore
3163 638 3304 694 hanc
3347 639 3677 697 conﬁrmare
3721 644 3819 699 de-

2218 737 2534 795 monstrem,
2558 743 2667 798 quo
2698 728 2843 785 nitor
2881 730 3187 785 absolvere.
3235 730 3341 786 Sed
3382 732 3677 802 imperator
3709 738 3819 792 vim

2217 820 2342 876 fecit
2372 822 2591 876 Acacio.
2618 821 2732 877 Hoc
2779 836 2881 891 ego
2917 821 3159 876 dicturus
3203 836 3309 876 non
3348 835 3492 888 sum,
3538 825 3664 891 quia
3714 842 3819 882 nec

2217 930 2405 971 verum
2434 923 2539 981 est,
2563 924 2616 968 et
2637 928 2893 969 accusare
2924 916 3096 983 palam
3121 914 3419 984 principem
3453 918 3677 971 omnino
3706 935 3818 974 non

2217 1022 2435 1077 possum
2470 1023 2483 1064 :
2512 1014 2677 1061 certe
2691 1021 2783 1060 vos
2804 1015 2979 1061 estote
3008 1005 3169 1075 hujus
3199 1003 3227 1044 δ
3248 1008 3609 1062 accusationis
3630 1022 3818 1062 aucto-

2217 1118 2323 1158 res.
2355 1113 2378 1141 ε
2407 1102 2509 1156 Ρει·
2536 1100 2589 1155 id
2617 1100 2757 1171 quod
2785 1099 2987 1154 dictum
3018 1108 3103 1155 est
3125 1100 3176 1155 in
3209 1099 3434 1169 prolatas
3474 1109 3662 1156 tenore
3688 1118 3817 1158 seu-

2216 1197 2421 1261 tentiae,
2445 1210 2566 1249 cum
2595 1194 2785 1249 adnisu
2827 1193 3083 1263 principis
3120 1193 3439 1261 Christiani,
3488 1195 3577 1249 vel
3629 1198 3816 1265 populi

2218 1302 2303 1343 res
2332 1303 2452 1342 esse
2477 1286 2775 1351 curandas,
2833 1285 2934 1339 boe
2985 1286 3161 1341 minus
3204 1300 3396 1341 eorum
3444 1286 3817 1344 obstinatione

2218 1382 2481 1452 provenit.
2533 1381 2590 1436 Si
2640 1380 2971 1435 voluerimus
3017 1393 3233 1435 causam
3283 1379 3475 1435 Miseni
3518 1380 3817 1450 Vitalisquo

2216 1482 2467 1539 tractare,
2514 1488 2741 1542 quorum
2784 1470 3163 1526 communione
3218 1482 3274 1525 et
3317 1471 3683 1526 consensione
3735 1472 3815 1527 illi

2216 1565 2468 1620 obStinati
2497 1574 2622 1620 sunt
2648 1564 2871 1628 redditi;
2904 1572 2957 1616 ει
2988 1563 3121 1617 istos
3145 1576 3434 1618 oneramus
3478 1578 3617 1633 quos
3647 1574 3813 1634 puta-

2219 1678 2342 1718 mus
2372 1663 2605 1725 absolvi,
2639 1663 2873 1730 itemque
2910 1660 3134 1714 istorum
3169 1644 3578 1729 exaggeratione
3602 1661 3814 1731 peccati

2217 1755 2488 1810 sententia
2531 1761 2713 1808 nostra
2759 1753 2812 1806 lit
2852 1750 3223 1806 irrevocabilis
3252 1764 3282 1803 a
3312 1757 3557 1819 tempore
3598 1752 3821 1821 praesti-

512 1845 763 1915 centique
790 1853 1039 1911 tractatu,
1063 1853 1225 1914 atque
1250 1844 1472 1900 decreto
1504 1845 1704 1913 justam
1736 1858 1861 1898 esse
1888 1854 2104 1897 senten-
2136 1836 2189 1897 Β
2214 1858 2347 1905 ιιιιο.
2389 1847 2481 1903 Sic
2529 1847 2673 1900 enim
2724 1846 2792 1900 de
2843 1845 3067 1899 istorum
3108 1843 3418 1912 receptione
3472 1828 3813 1897 tractandum

516 1937 671 2001 liam,
700 1951 819 2006 qua:
852 1938 905 1991 in
930 1935 1185 1992 Acacium
1207 1937 1276 1991 sit
1304 1935 1533 2005 prolata,
1567 1949 1691 1990 cum
1724 1936 1886 1990 totius
1919 1935 2109 2005 utique

514 2028 975 2099 praevaricationis
1004 2028 1424 2099 exaggeratione
1450 2026 1762 2091 ﬁrmemus;
1814 2041 1909 2081 vos
1938 2040 2105 2095 -repe-

513 2123 617 2179 rite
663 2121 931 2192 quomodo
968 2130 1156 2191 postea
1191 2120 1362 2191 possit
1401 2119 1633 2187 absolvi,
1674 2134 1835 2189 quem
1882 2119 2112 2189 repetita

512 2214 906 2285 quodammodo
954 2214 1349 2269 contestatione
1374 2212 1712 2267 damnamus.
1751 2212 2112 2279 Quemadmo-

513 2307 667 2370 dum,
715 2306 930 2376 inquam
962 2342 977 2373 ,
1017 2307 1272 2360 molimur
1317 2304 1622 2370 absolvere,
1675 2306 1838 2360 totius
1882 2305 2112 2361 vinculis

514 2401 972 2472 prmaricationis
1001 2400 1387 2468 obstringimus
1417 2414 1431 2463 ;
1479 2408 1535 2453 ct
1572 2412 1731 2468 quem
1773 2398 1955 2452 levare.
1983 2399 2111 2452 niti.

517 2510 656 2558 mur,
682 2502 795 2547 toto
822 2492 1058 2561 pondere
1085 2490 1448 2546 damnationis
1472 2490 1774 2545 obruimus.
1810 2489 1993 2560 Itaque
2019 2498 2113 2545 aut

516 2570 601 2640 iin
624 2574 963 2654 exspectent
1007 2594 1066 2639 ut
1102 2585 1382 2639 curatione
1422 2584 1585 2638 totius
1623 2583 1878 2638 Ecclesia:
1916 2599 2109 2639 secun-

514 2681 641 2735 dum
665 2680 989 2736 sententiam
1021 2679 1353 2742 liberentur;
1394 2687 1485 2731 aut
1531 2676 1792 2745 spondete
1827 2677 1979 2731 nobis
2008 2677 2109 2732 sub

514 2773 863 2843 jurejurando
885 2787 1156 2844 nunquam
1180 2772 1249 2828 de
1265 2771 1447 2827 Acacii
1471 2771 1811 2828 absolutiOue
1831 2772 2105 2843 quippiam

512 2881 637 2923 esse
666 2869 1015 2937 poscendum.
1077 2867 1185 2923 Cur
1232 2867 1377 2922 enim
1406 2876 1491 2922 est
1528 2875 1584 2921 ut
1627 2881 1751 2921 eum
1799 2867 1878 2921 sic
1931 2867 2108 2921 velitis

513 2962 744 3027 absolvi,
779 2970 837 3016 ut
863 2962 915 3016 in
952 2962 1202 3017 omnibus
1223 3002 1236 3025 ,
1287 2969 1342 3015 et
1369 2961 1754 3031 conscientiam
1786 2970 2022 3016 nostram
2053 2970 2110 3015 et

513 3053 708 3109 famam
740 3054 945 3109 faciatis
990 3054 1231 3124 exponi?
1261 3051 1682 3121 Conscientiam,
1740 3053 1785 3109 si
1830 3053 2104 3107 absolvam

514 3164 673 3223 quem
706 3148 871 3203 totius
902 3147 1221 3217 proditionis
1252 3155 1525 3201 auctorem
1564 3161 1624 3200 se
1679 3148 1791 3215 ipse
1835 3145 2107 3215 professus

514 3209 627 3309 est;
650 3243 868 3309 famam,
900 3240 1062 3294 totius
1088 3247 1309 3293 mutata:
1332 3238 1636 3294 sententia}.
1663 3238 1770 3294 Nec
1800 3248 1973 3306 potest
1998 3238 2104 3293 dici
2134 3209 2189 3273 ο

514 3334 654 3405 quod
680 3349 800 3388 cum
850 3332 903 3386 in
932 3331 1091 3396 istos,
1127 3340 1378 3399 tanquam
1420 3330 1473 3384 in
1502 3340 1749 3384 auctores
1789 3329 2104 3384 malefacto«

516 3440 673 3491 rum,
726 3422 888 3476 fuerit
934 3434 1101 3489 usque
1148 3419 1217 3473 ad
1256 3428 1466 3473 certum
1510 3430 1719 3488 tempus
1773 3421 2106 3491 promulgata

515 3516 803 3581 sententia,
824 3515 945 3571 ideo
985 3514 1054 3569 ab
1085 3514 1168 3568 liis
1193 3522 1425 3568 retracta
1457 3515 1546 3577 sit,
1576 3523 1826 3583 tanquam
1852 3515 2101 3583 innoxiis,

516 3620 575 3666 nt
604 3612 655 3666 in
707 3610 901 3665 Acacio
948 3623 1116 3679 usque
1160 3608 1227 3663 ad
1278 3608 1327 3661 id
1383 3618 1613 3677 tempus,
1646 3608 1787 3678 quod
1820 3609 1902 3663 his
1933 3610 2107 3666 fuerat

515 3704 889 3776 prmstitutum,
925 3704 1047 3773 quia
1071 3710 1261 3757 auctor
1290 3702 1452 3757 totius
1483 3710 1565 3757 est
1592 3702 1737 3770 mali,
1770 3703 1958 3758 cadem
1984 3720 2105 3774 qua:

517 3799 568 3852 in
599 3797 731 3851 istos
759 3796 897 3851 ratio
925 3804 1189 3850 servetur.
1216 3793 1350 3862 Quia
1388 3794 1439 3848 in
1490 3791 1767 3858 Acacium,
1798 3803 1854 3849 ut
1885 3806 2011 3870 pate
2050 3797 2105 3852 in

515 3900 815 3953 auctorem,
857 3886 1199 3943 insolubilem
1244 3885 1355 3941 dixi
1396 3902 1566 3943 meam
1617 3888 1730 3944 fore
1755 3889 2100 3959 sententiam,

515 3997 618 4039 non
648 3992 798 4039 certo
827 3990 1069 4051 tempore
1093 3980 1438 4035 relaxandam
1469 3996 1485 4034 :
1514 3996 1673 4051 quam
1698 3982 1740 4036 si
1765 3982 1942 4037 denuo
1973 3998 2104 4038 con-

516 4075 694 4139 ﬁrmo,
723 4072 1049 4130 definitionis
1078 4087 1190 4127 sua:
1230 4080 1421 4129 tenore
1458 4087 1712 4128 mansura
1748 4084 1851 4141 est,
1887 4085 1945 4129 ut
1992 4091 2102 4133 non

516 4170 687 4237 possit
713 4165 916 4221 absolvi
950 4184 963 4218 :
995 4179 1095 4220 nec
1140 4165 1284 4219 enim
1329 4164 1439 4217 illic
1478 4164 1677 4219 dictum
1712 4177 1813 4229 est,
1845 4182 2006 4236 usque
2033 4168 2102 4221 ad

516 4261 649 4315 illud
673 4269 887 4331 tempus,
908 4258 1003 4312 sed
1041 4258 1239 4311 dictum
1283 4266 1385 4321 est,
1433 4273 1691 4328 nunquam
1724 4272 1845 4313 esse
1889 4260 2105 4313 solven-

516 4353 660 4407 dam.
686 4350 791 4405 Sed
819 4364 933 4403 cum
955 4348 1071 4413 hoc,
1108 4347 1305 4416 inquis,
1327 4349 1441 4415 jam
1484 4348 1696 4413 dixeris,
1747 4360 1914 4405 tamen
1966 4368 2102 4405 nunc

517 4460 635 4497 eum
663 4442 860 4495 metiris
887 4439 1166 4493 absoluere.
1220 4438 1428 4493 Sufficit
1458 4440 1541 4494 vel
1579 4441 1749 4495 semel
1791 4442 1949 4498 dicta:
1978 4459 2101 4498 sen-

518 4536 698 4590 tentia:
721 4546 1015 4603 procurare
1045 4531 1366 4586 solutionem
1400 4544 1429 4582 ε’
1449 4531 1573 4599 quid
1601 4547 1717 4587 eam
1750 4549 1836 4587 me
1864 4536 1944 4588 vis
1979 4552 2100 4590 meo

520 4627 717 4680 iterare
742 4622 998 4679 decreto?
1028 4621 1085 4678 Si
1117 4621 1280 4679 semel
1312 4620 1471 4677 latam
1504 4621 1877 4693 indignamini,
1905 4641 2000 4680 cur
2020 4642 2105 4698 ge-

518 4720 726 4774 minare
755 4716 1115 4773 contenditis?
1135 4716 1192 4771 Si
1214 4715 1381 4771 semel
1420 4715 1687 4784 prolatam
1716 4716 1997 4774 absolvere
2029 4721 2104 4774 vi-

518 4811 674 4867 detur
694 4825 815 4866 esse
862 4810 1102 4874 difﬁcile,
1145 4809 1271 4880 quid
1321 4809 1579 4864 faciemus
1628 4809 1697 4865 de
1734 4812 2102 4880 geminatione

519 4902 839 4961 sententias?
863 4901 1107 4957 Forsitan
1138 4910 1191 4955 ct
1214 4900 1322 4957 illic
1352 4901 1552 4970 aliquid
1584 4901 1760 4957 minus
1790 4918 1876 4959 me
1904 4919 2105 4975 cogno-

519 4998 681 5063 visse,
709 5010 867 5067 quam
897 4992 1100 5051 dictum
1144 5001 1247 5060 est,
1289 5001 1475 5067 potero
1525 4993 1575 5047 in
1625 4993 1794 5050 semel
1837 4997 2107 5067 prolatae

520 5151 701 5191 surum
733 5135 790 5195 S.
824 5131 1060 5205 pontifex
1108 5131 1327 5195 asserit,
1358 5146 1523 5205 quam
1562 5130 1604 5205 si
1638 5130 1792 5205 hujus
1844 5134 2105 5202 anticipa-

522 5208 681 5261 tionis
705 5201 845 5275 justa
870 5202 1112 5275 quaedam
1134 5218 1197 5275 ex
1211 5216 1400 5275 eorum
1424 5201 1604 5255 delicti
1632 5204 1853 5271 probata
1888 5201 2102 5263 levitate

520 5292 678 5333 causa
707 5273 979 5345 appareat.
1009 5273 1148 5345 Scin.
1180 5273 1470 5326 MH-‘FEIL'S.

594 5356 619 5385 ι
650 5343 886 5416 δγιίόάο,
919 5354 972 5399 ut
1028 5343 1257 5416 videtur,
1293 5358 1394 5416 qua
1427 5354 1615 5398 auctor
1647 5344 1912 5401 Breviculi
1963 5361 2099 5413 opus

522 5413 767 5475 absolvit.
817 5416 874 5471 ιιι
928 5430 990 5470 ea
1042 5415 1197 5483 legati
1244 5413 1506 5468 malorum
1540 5417 1779 5469 omnium
1828 5423 2098 5473 auctorem

524 5490 774 5545 Acacium
801 5488 1137 5543 detexerant.
1159 5484 1299 5538 SCIP.
1335 5483 1629 5539 Muretus.
2060 5514 2073 5521 ο

594 5559 620 5597 b
652 5560 776 5613 Post
800 5560 913 5611 haec
942 5557 1109 5625 pergit
1158 5554 1323 5627 codex
1360 5572 1375 5627 :_
1406 5552 1466 5607 Si
1515 5565 1723 5623 putatur
1761 5557 2099 5613 absolvendus

523 5631 607 5701 qui
636 5630 695 5695 in
740 5630 898 5683 Deum
936 5619 1205 5701 deliquisse
1236 5619 1566 5701 euitvineitur,
1598 5640 1787 5701 quanto
1820 5630 1979 5698 magis
2015 5619 2113 5682 ab;

525 5693 788 5755 Solvendus
820 5712 887 5752 est
914 5699 998 5765 qui
1036 5693 1087 5749 in
1119 5696 1370 5747 hominem
1401 5693 1586 5748 dicitur
1612 5693 1924 5765 (fl-liquisse?
1952 5701 2096 5751 lluuc

525 5788 654 5826 vero
700 5770 1014 5825 sententiain
1064 5768 1217 5834 plane
1264 5770 1519 5819 ιιιιι·ιι›ίιιιι
1559 5776 1605 5820 cl
1659 5782 1722 5819 cn
1764 5780 2097 5836 spectantem

527 5841 619 5901 ubi
642 5840 869 5895 Joannes
896 5840 1073 5895 Talaia
1119 5846 1425 5903 excusatur,
1458 5852 1521 5892 ne
1552 5840 1710 5892 etiam
1740 5850 1895 5909 atque
1939 5845 2095 5895 etiam

2211 1934 2313 2006 est,
2360 1948 2417 1994 ut
2455 1938 2786 1994 conscientia
2857 1945 3042 1990 nostra
3096 1944 3151 1990 et
3203 1935 3531 1990 existimatio
3580 1951 3814 2005 quorum

2215 2035 2452 2089 interest
2477 2032 2731 2097 maxime,
2751 2029 2803 2083 in
2826 2028 3108 2083 sententia:
3135 2041 3245 2081 sua:
3278 2027 3624 2082 revocatione
3652 2044 3814 2083 cure-

2214 2136 2322 2195 tur,
2356 2133 2411 2180 et
2439 2124 2576 2194 iuste
2606 2138 2703 2178 nos
2730 2138 2847 2177 eam
2877 2131 3001 2176 ante
3035 2132 3243 2190 tempus
3271 2134 3579 2189 revocasse,
3609 2122 3693 2176 vel
3727 2138 3814 2175 re-

2213 2221 2427 2275 llllSisSB
2452 2218 2739 2272 doceamus
2772 2234 2785 2270 :
2820 2226 2878 2270 ιιι
2909 2215 3073 2270 etiam
3114 2213 3456 2270 consolemur
3504 2228 3599 2270 eos
3629 2217 3716 2285 qui
3752 2219 3807 2271 in

2219 2313 2322 2367 tlde
2351 2309 2616 2365 catholica
2648 2316 3017 2377 perseverant,
3051 2307 3119 2361 de
3169 2306 3393 2360 istorum
3443 2308 3813 2359 communica-

2214 2404 2360 2458 tione
2387 2402 2678 2472 probantes
2708 2416 2812 2456 non
2847 2409 3033 2453 nostro
3069 2413 3163 2453 eos
3212 2407 3338 2452 tunc
3380 2398 3813 2454 communicasse

2212 2498 2484 2564 mandato,
2518 2511 2616 2551 nec
2642 2510 2829 2549 eorum
2858 2492 3225 2548 communioni
3258 2492 3552 2561 praebuisse
3575 2506 3810 2545 consce-

2212 2607 2352 2655 sum,
2386 2600 2442 2646 et
2472 2590 2652 2643 secum
2682 2604 2780 2642 nos
2817 2590 2867 2641 in
2900 2586 3004 2641 ﬁde
3053 2586 3318 2641 catholica
3366 2584 3679 2654 perdurare.
3743 2582 3808 2637 Et

2214 2684 2334 2738 ideo
2364 2684 2465 2751 ipsi
2494 2697 2709 2752 quoque
2736 2679 3013 2735 nobiscum
3048 2678 3290 2732 nituntur
3315 2693 3437 2733 esse
3464 2686 3806 2741 constantes;

2210 2778 2351 2848 quod
2384 2779 2425 2831 si
2459 2778 2576 2833 istis
2607 2777 2726 2831 sine
2750 2775 2930 2845 aliquo
2971 2773 3155 2829 colore
3180 2772 3400 2842 justitim
3428 2782 3553 2824 ante
3597 2772 3806 2837 praesti-

2212 2880 2383 2924 tutum
2431 2878 2641 2937 tempus
2686 2864 3006 2921 sententiain
3059 2864 3351 2918 relaxatam
3401 2862 3689 2926 audierint,
3739 2876 3805 2916 ex

2212 2974 2392 3018 nosu'a
2418 2962 2691 3037 voluntate
2721 2974 2815 3013 eos
2863 2957 3297 3012 communicasse
3340 2954 3599 3009 credituri
3651 2964 3806 3007 sum.

2212 3057 2277 3111 Et
2305 3055 2427 3120 hoc,
2456 3052 2597 3125 quod
2625 3050 2956 3122 suspendere
2982 3050 3077 3104 visi
3112 3062 3318 3111 sumus,
3356 3047 3577 3102 fortasse
3620 3044 3799 3099 simn-

2212 3146 2457 3202 latorium
2487 3144 2551 3200 ad
2579 3140 2937 3199 excusationis
2977 3140 3244 3203 umbram,
3274 3148 3329 3192 et
3371 3152 3463 3192 nos
3495 3147 3805 3205 transgres-

2213 3255 2365 3295 sores
2408 3238 2598 3293 merito
2638 3234 3001 3305 judicabnnt:
3053 3233 3260 3302 ipsique
3310 3240 3403 3285 aut
3445 3230 3701 3284 deﬁcient
3750 3238 3805 3286 et

2213 3333 2424 3384 illorum
2448 3328 2809 3383 communioni
2834 3341 2894 3381 se
2925 3325 3157 3389 tradent,
3192 3324 3423 3393 autjure
3453 3330 3551 3376 nos
3580 3322 3802 3376 damna-

2212 3425 2362 3488 bunt,
2395 3422 2645 3490 tanq’nam
2677 3420 3073 3476 communionis
3123 3418 3331 3481 alicam,
3387 3417 3469 3470 vel
3524 3416 3803 3472 catholica!

2211 3518 2501 3569 violatores
2523 3513 2935 3568 communionis.
2985 3511 3269 3577 Quomodo
3299 3525 3428 3580 ergo
3480 3510 3580 3563 ista
3608 3525 3803 3563 ειιι-ειι-

2214 3618 2327 3672 tur,
2372 3606 2513 3679 justa
2569 3606 2707 3659 ratio
2759 3613 2845 3659 est
2888 3603 3212 3673 qumrenda;
3242 3620 3359 3671 qttzlt
3393 3603 3539 3657 nulla
3565 3615 3641 3657 εει
3677 3604 3800 3671 alia,

2212 3701 2310 3754 nisi
2355 3708 2411 3753 ut
2440 3699 2526 3753 isti
2570 3698 2877 3752 releventur
2919 3704 2975 3751 et
3014 3708 3343 3751 excusentur
3388 3710 3525 3764 quos
3557 3693 3801 3748 volumus

2210 3802 2334 3849 ante
2354 3793 2705 3849 constitutum
2736 3798 2947 3857 tempus
2990 3788 3231 3850 absolvi;
3272 3788 3525 3857 justeque
3556 3788 3800 3842 videatur

2208 3896 2392 3943 nostra
2422 3885 2670 3940 remissio
2698 3902 2709 3934 :
2757 3883 2857 3936 hoc
2889 3890 3067 3936 autem
3110 3881 3224 3935 ﬁeri
3256 3888 3455 3949 potest,
3487 3881 3531 3933 si
3574 3880 3628 3934 in
3665 3878 3801 3934 Aea-

2208 3983 2348 4035 cinm
2393 3986 2582 4031 cuncta
2615 3974 2971 4043 transgressio
3022 3971 3394 4027 transferatur.
3432 3969 3584 4038 Quod
3626 3981 3682 4026 et
3726 3971 3797 4025 illi

2209 4072 2308 4141 ipsi
2340 4070 2427 4140 qui
2464 4071 2515 4123 in
2564 4067 2666 4121 fide
2704 4066 2966 4121 catholica
3022 4074 3399 4136 perseverant,
3458 4064 3630 4130 magis
3685 4064 3798 4119 fieri

2208 4163 2462 4219 ardenter
2506 4171 2855 4230 exspectant,
2918 4159 2970 4213 in
3022 4159 3170 4213 illum
3215 4159 3358 4213 enim
3408 4158 3526 4227 plus
3573 4160 3796 4216 steviunl

2207 4271 2365 4326 quam
2386 4256 2437 4309 in
2455 4254 2618 4317 istos;
2646 4254 2882 4322 tantique
2910 4251 3184 4305 habebunt
3212 4252 3344 4306 istos
3367 4250 3621 4313 relaxari,
3647 4250 3800 4305 dum-

2208 4349 2369 4405 modo
2411 4349 2461 4402 in
2494 4348 2663 4408 illum,
2694 4355 2945 4415 tanquam
2993 4352 3268 4397 auctorem
3317 4344 3794 4415 prmvarieatiauis,

2208 4444 2384 4499 omnia
2414 4442 2633 4495 audiant
2659 4437 2937 4495 malefacta
2969 4436 3272 4493 transferri.
3316 4434 3469 4502 Quod
3510 4450 3640 4489 cum
3678 4435 3796 4491 fuc-

2206 4537 2298 4604 rit,
2332 4536 2449 4589 sine
2478 4533 2811 4587 dubitatione
2860 4531 3225 4600 subsequitur,
3267 4539 3319 4584 ιιι
3344 4527 3488 4597 justa
3521 4531 3592 4582 sit
3615 4541 3794 4596 pruna,

2214 4629 2264 4683 id
2292 4627 2435 4697 justa
2464 4625 2759 4687 damnatio,
2791 4638 2909 4697 quae
2936 4624 2983 4677 ei
3018 4636 3113 4692 pro
3160 4621 3243 4675 bis
3283 4620 3525 4673 videatur
3553 4620 3749 4673 inﬂicta
3782 4635 3795 4671 :

2210 4737 2328 4792 qua:
2358 4718 2633 4777 damnatio
2656 4716 2709 4770 in
2742 4715 2822 4770 sui
2850 4724 3037 4769 tenore
3061 4710 3360 4768 insolubilis
3386 4726 3507 4767 esse
3534 4720 3796 4764 monstra-

2213 4825 2315 4869 tur.
2352 4814 2532 4881 Itaque
2561 4810 2618 4863 fit
2644 4822 2871 4879 persona
2896 4803 3307 4861 irremediabilis
3338 4802 3518 4857 Acacii
3553 4801 3604 4855 in
3634 4816 3797 4868 exag-

2212 4905 2483 4975 gerationc
2520 4899 2756 4955 criminis
2786 4907 2839 4952 et
2866 4897 3225 4952 conventione
3268 4893 3512 4947 vindictm
3545 4909 3557 4946 :
3590 4909 3711 4945 nam
3752 4890 3797 4945 si

2214 4998 2489 5052 curatione
2530 4992 2693 5048 totius
2743 4990 2999 5046 Ecclesia:
3047 5001 3275 5059 persona
3305 4985 3483 5041 Acacii
3519 4984 3795 5048 liberetur,

2211 5145 2494 5191 contexms
2524 5130 2909 5201 implicaretur.
2940 5125 3187 5181 subduxi.
3212 5126 3365 5201 Scip.
3393 5126 3769 5201 Marrsws.”

2284 5218 2304 5244 ε
2332 5207 2404 5261 lta
2437 5214 2490 5259 et
2530 5203 2580 5257 in
2603 5191 2842 5258 'coucilio
2871 5199 3114 5253 Romano
3143 5196 3244 5251 sub
3273 5196 3508 5257 Gelasio,
3555 5208 3675 5246 cum
3705 5191 3795 5245 Mi-

2209 5292 2370 5332 senus
2422 5274 2696 5329 absolutus
2743 5283 2841 5325 est.
2896 5269 3103 5323 Dictum
3141 5276 3214 5322 est
3251 5268 3388 5320 enim
3444 5266 3628 5318 tandiu
3676 5264 3795 5314 istos

2206 5348 2319 5415 fore
2355 5359 2642 5415 suspensos,
2677 5344 2838 5415 donec
2864 5350 3073 5415 auctare
3085 5337 3227 5415 per),
3256 5346 3320 5415 Δει
3344 5338 3537 5415 annisu
3565 5333 3795 5415 fullio-li-

2212 5403 2384 5472 'corum
2430 5403 2824 5484 princip-uniuni
2868 5409 3043 5484 pepuli
3074 5403 3377 5484 Christiani,
3425 5406 3668 5484 etc._Pe_r
3713 5403 3794 5484 illa

2213 5490 2369 5542 verba
2401 5478 2575 5540 eorum
2600 5478 2992 5542 'obstinatioue,’
3020 5488 3075 5533 et
3119 5480 3256 5533 infra
3298 5480 3376 5532 illi
3408 5478 3651 5530 obstinati
3681 5480 3797 5526 sunt

2206 5560 2415 5623 redditi,
2460 5556 2708 5610 videntur
2760 5552 3239 5623 aliquiconnotari
3268 5552 3358 5623 qui
3391 5565 3454 5601 ex
3502 5547 3795 5623 legatorum

2206 5614 2475 5682 eri'ore'in
2528 5638 2770 5679 errorem
2828 5614 3062 5692 prolapsi
3097 5614 3300 5687 essent,
3330 5620 3396 5673 de
3440 5614 3791 5692 quibusdalia

2209 5699 2547 5766 pmwcssissc
2580 5686 2840 5748 indiriuni
2883 5686 2999 5758 est;
3027 5707 3145 5761 qua!
3189 5705 3294 5744 non
3347 5686 3623 5761 apparent.
3652 5686 3790 5737 Sum.

2210 5774 2304 5823 :‘la'
2330 5784 2495 5822 ritus.
