4096 6342
260 390 369 448 965

1470 389 1825 448 EPI‘S’I‘OL/E
1869 390 1956 447 ET
2000 387 2346 448 DECRETA.

3420 388 3527 445 966

263 514 321 560 et
348 502 438 558 isti
486 502 784 560 secundum
834 507 1158 563 sententiam
1205 514 1442 560 nostram
1485 513 1643 560 erunt
1690 502 1864 560 modis
1890 507 1945 567 Α
1970 502 2143 569 rimis,
2174 520 2334 575 quam
2377 505 2655 561 veritatem
2684 508 2998 563 servandam
3032 512 3388 585 tuendamque
3425 514 3547 571 cum

260 596 511 651 omnibus
537 597 792 653 absoluti.
821 608 845 635 ι
870 599 943 653 lta
975 600 1307 669 boe'genus,
1350 598 1489 670 quod
1522 612 1682 667 supra
1713 596 1850 651 dixi-

260 701 403 752 mus,
430 685 551 757 quia
580 703 687 742 non
708 689 965 744 adnititur
989 691 1278 759 imperator
1299 700 1391 745 aut
1416 692 1664 761 populus,
1687 692 1849 746 alter-

260 788 433 834 utram
480 788 682 850 partem
727 796 829 836 non
878 783 1132 849 expedire
1183 783 1406 850 poterit,
1460 783 1553 838 sed
1580 799 1846 853 gravare:

258 873 403 928 unde
435 874 645 929 nonnisi
671 874 763 928 illo
784 875 899 931 solo
929 876 1090 930 modo
1121 877 1281 933 rebus
1326 877 1625 932 remedium
1666 879 1846 948 provi-

257 965 493 1021 dendum
525 976 625 1032 est,
680 975 736 1021 ut
784 968 928 1036 prius
974 968 1040 1022 de
1086 967 1422 1023 absolutionc
1453 977 1639 1042 agatur
1672 971 1846 1025 Acacii

258 1074 380 1115 cum
425 1060 589 1113 totius
635 1060 892 1115 duntaxat
923 1060 1180 1116 Ecclesia:
1216 1062 1466 1129 sanitate,
1515 1075 1567 1118 et
1608 1063 1686 1117 sic
1734 1064 1849 1118 istis

256 1151 328 1205 sit
354 1165 451 1204 suo
483 1150 672 1206 ordine
701 1151 1023 1206 relaxatum.
1072 1152 1128 1207 Si
1181 1154 1408 1208 Aeacius
1450 1161 1627 1209 autem
1676 1156 1849 1212 modis

178 1249 192 1315 ς
256 1243 506 1298 omnibus
531 1243 739 1298 absolvi
770 1244 1024 1311 noluerit,
1058 1245 1279 1300 istorum
1325 1261 1552 1313 persona
1586 1247 1727 1302 illius
1754 1264 1847 1319 ag-

254 1337 567 1404 gravatione
599 1335 883 1391 levabitur.
922 1337 997 1390 Eo
1030 1337 1198 1406 magis
1227 1338 1367 1408 quod
1394 1349 1445 1393 et
1471 1340 1706 1393 oblatum
1745 1341 1845 1396 sibi

254 1427 484 1482 Aeacius
515 1428 789 1496 respuisse
810 1428 1164 1496 convincitur,
1189 1438 1245 1485 et
1267 1439 1446 1485 nostra
1472 1432 1568 1485 erit
1598 1442 1846 1488 excusata

254 1518 551 1585 sententia,
604 1530 655 1574 et
698 1520 767 1576 de
817 1520 1043 1576 istorum
1092 1521 1427 1589 absolutione
1474 1533 1598 1580 ante
1639 1534 1847 1595 tempus

253 1614 520 1682 impensa,
571 1621 625 1667 et
662 1612 728 1667 de
772 1613 919 1669 illius
964 1630 1084 1671 cum
1134 1618 1549 1688 exaggeratione
1606 1619 1845 1676 criminis

252 1704 600 1759 damnatione
630 1703 859 1759 firmata.
914 1705 1037 1761 Ideo
1068 1706 1142 1761 illi
1174 1715 1415 1777 perstant
1447 1709 1497 1763 in
1525 1708 1629 1765 fide
1661 1710 1845 1767 catho-

250 1797 378 1861 lica,
411 1794 500 1865 qui
531 1798 582 1850 in
613 1796 833 1873 oriente
872 1799 1201 1867 persistunt,
1252 1800 1374 1870 quia
1407 1818 1437 1855 a
1480 1817 1564 1858 me
1596 1818 1712 1858 eam
1744 1804 1840 1860 de-

1961 598 2167 667 pineis.
2192 598 2273 651 An
2295 596 2414 652 ideo
2430 598 2634 653 falsitas
2653 614 2757 654 non
2779 600 2880 656 erit
2899 601 3119 670 falsitas,
3136 604 3253 675 quia
3269 622 3387 662 cum
3413 600 3549 665 mul-

1977 687 2200 742 titudine
2233 690 2482 743 tenetur?
2511 689 2633 743 ldeo
2665 691 2861 745 veritas
2894 709 2997 746 non
3036 696 3133 748 erit
3167 697 3385 761 veritas,
3426 700 3545 769 quia

1954 778 2181 834 habetur
2211 780 2260 834 in
2297 780 2524 850 paucis?
2552 780 2685 835 Cum
2723 782 2924 838 Veritas
2969 801 3071 839 non
3102 785 3152 840 in
3181 787 3543 856 multitudine,

1952 871 2047 925 sed
2082 874 2133 926 itt
2164 882 2597 944 quantacumque
2646 875 2728 929 sui
2776 887 2926 946 parte
2967 877 3047 931 vel
3091 880 3334 947 portione
3368 884 3544 936 οηιιεὶ-

1953 974 2078 1035 stat,
2111 966 2298 1036 religio
2324 979 2501 1022 autem
2532 970 2748 1024 nonnisi
2794 971 2844 1023 in
2885 971 3108 1025 veritate
3148 973 3220 1027 sit
3250 973 3383 1041 lixa,
3438 976 3545 1044 pri-

1951 1059 2142 1130 vilegia
2171 1076 2300 1115 vero
2328 1060 2444 1130 ejus
2474 1062 2688 1116 nonnisi
2722 1063 2771 1117 in
2798 1077 2863 1117 eo
2879 1072 3150 1131 constent,
3169 1066 3256 1119 ubi
3285 1075 3365 1121 est
3394 1066 3543 1121 lirma

1954 1150 2065 1218 ipsa
2100 1150 2309 1221 religio.
2342 1152 2422 1207 An
2465 1152 2665 1208 veritas
2708 1153 2753 1208 si
2797 1155 2851 1208 in
2883 1158 3066 1222 paucis
3096 1154 3294 1222 fuerit,
3343 1158 3544 1212 veritas

1951 1256 2057 1295 non
2084 1243 2185 1297 erit
2211 1283 2224 1306 ,
2254 1251 2306 1297 et
2336 1242 2536 1298 falsitas
2581 1245 2633 1297 in
2677 1245 2859 1301 multis
2892 1260 2996 1299 non
3025 1248 3129 1301 erit
3160 1247 3542 1303 falsitaleal-

1951 1336 2082 1392 sitas
2105 1336 2154 1391 iu
2184 1337 2365 1392 multis
2391 1337 2562 1407 major
2588 1348 2670 1394 est
2699 1354 2881 1403 error;
2917 1340 3114 1395 veritas
3144 1341 3197 1394 in
3228 1356 3395 1410 parvo
3423 1342 3541 1397 nul.

1951 1429 2059 1483 lum
2082 1429 2310 1484 sustinet
2338 1428 2746 1496 detrimentum,
2779 1432 2901 1501 quia
2933 1431 2985 1485 in
3017 1440 3430 1502 quantacunque
3460 1434 3541 1488 sui

1949 1531 2102 1592 parte
2154 1523 2347 1577 veritas
2382 1522 2483 1577 fixa
2531 1524 2816 1590 consistit;
2860 1532 2913 1579 et
2943 1524 3079 1580 sicut
3120 1522 3404 1580 multitudo
3431 1542 3540 1581 non

1947 1613 2111 1668 efficit
2139 1626 2191 1667 ut
2217 1612 2420 1670 falsitas
2441 1629 2549 1669 non
2572 1614 2640 1671 sit
2668 1614 2895 1681 falsitas,
2928 1616 2996 1670 ita
3026 1630 3126 1671 nec
3156 1617 3391 1685 parvitas
3420 1618 3540 1672 elfi-

1947 1704 2022 1759 cit
2050 1715 2107 1759 ttt
2130 1705 2326 1760 veritas
2347 1721 2451 1760 non
2478 1708 2547 1760 sit
2569 1710 2790 1764 veritas.
2823 1712 2957 1763 Sunt
2982 1709 3256 1763 innumera
3285 1711 3531 1780 exempla

1954 1793 2147 1864 quibus
2164 1796 2442 1863 doceatur,
2469 1796 2520 1851 in
2546 1798 2725 1853 multis
2758 1799 2987 1853 falsitate
3011 1811 3303 1865 crassanle,
3330 1800 3381 1854 in
3407 1817 3538 1870 pau-

251 1884 397 1941 fendi
425 1885 628 1954 vident,
674 1897 727 1942 et
758 1888 1063 1945 animantur
1110 1906 1178 1946 ex
1224 1906 1340 1948 me:
1387 1890 1625 1964 alioquin
1669 1906 1758 1949 aut
1787 1905 1843 1950 et
1873 1880 1919 1943 Β
1946 1892 2025 1946 cis
2069 1891 2376 1946 constitisse
2416 1893 2716 1947 veritatem.
2753 1892 2857 1947 Sed
2897 1892 3252 1973 abominamur
3293 1895 3416 1959 lioc,
3450 1894 3537 1947 ii-

247 1978 328 2033 illi
350 1990 603 2034 corruent
630 1994 715 2033 me
748 1978 1001 2047 faciente,
1029 1990 1121 2035 aut
1150 1983 1194 2036 si
1226 1998 1332 2047 me,
1364 1984 1505 2053 quod
1537 1985 1695 2049 absit,
1740 1986 1835 2041 de-

246 2070 464 2125 cidente
491 2070 567 2124 illi
592 2071 928 2140 perstabant,
967 2071 1106 2141 apud
1144 2071 1310 2127 Deum
1354 2072 1704 2145 hominesque
1751 2091 1837 2132 me

244 2162 367 2231 jure
393 2162 742 2216 damnabunt.
780 2162 858 2217 Illi
892 2179 977 2218 me
1020 2164 1183 2218 etiam
1208 2164 1308 2220 sub
1340 2166 1714 2234 persecutione
1747 2184 1838 2238 po-

245 2255 337 2309 siti
372 2270 475 2308 non
508 2256 878 2321 deseruerunt,
913 2270 1012 2325 ego
1042 2256 1161 2311 illos
1191 2257 1309 2311 sine
1341 2258 1715 2327 persecutione
1745 2260 1837 2314 de-

244 2358 492 2403 scrtnrus
519 2349 678 2403 sum?
703 2348 841 2415 Quid
874 2349 1004 2417 Deo,
1031 2348 1157 2419 quid
1188 2349 1494 2405 hominibus
1516 2350 1638 2406 inde
1665 2353 1837 2408 dictu-

245 2443 378 2495 rus?
410 2441 630 2496 Pnssum
665 2441 772 2495 illis
800 2441 1014 2508 dicere;
1046 2442 1205 2497 aliter
1249 2457 1334 2497 me
1360 2444 1753 2500 damnationem
1782 2445 1834 2500 in

242 2535 498 2589 Acacium
554 2550 656 2588 non
707 2533 922 2589 firmare
966 2536 1237 2605 potuisse,
1289 2535 1392 2591 nisi
1442 2545 1496 2589 ut
1524 2536 1750 2593 Vitalem
1782 2550 1835 2594 ct

242 2626 508 2680 Misenum
540 2626 875 2681 absolverem
906 2627 1045 2681 illius
1076 2628 1491 2699 exaggeratione
1514 2628 1751 2699 peccati;
1781 2639 1836 2687 ut

242 2729 426 2772 autem
455 2717 707 2772 Acacium
733 2727 1052 2788 exaggerato
1080 2718 1196 2790 ejus
1221 2718 1361 2773 malo
1385 2719 1726 2788 postmodum
1752 2733 1836 2775 co-

242 2828 345 2882 {ar
370 2812 679 2875 θὺδμΙνιτθ,
728 2812 851 2882 quid
897 2811 945 2866 ei
992 2826 1110 2866 sum
1164 2810 1407 2875 rationis,
1456 2811 1581 2880 quid
1638 2813 1833 2882 negotii

243 2905 590 2961 redditurus?
623 2905 728 2961 Sed
758 2906 801 2959 si
834 2922 921 2975 per
955 2904 1196 2959 Acacium
1224 2915 1436 2958 curatur
1466 2904 1630 2959 omnis
1662 2904 1834 2959 Eccle-

241 3000 345 3063 sia,
370 2998 562 3069 inquis,
588 3007 661 3052 est
695 2999 824 3052 tanti
872 3000 1018 3052 unius
1046 2999 1266 3052 hominis
1292 2998 1567 3064 absolutio,
1600 3008 1674 3051 est
1707 3000 1836 3052 tanti

240 3092 423 3159 quovis
450 3099 688 3161 tempore,
719 3101 764 3144 et
795 3094 1199 3159 quandocunque
1242 3090 1393 3144 unius
1424 3090 1643 3144 hominis
1688 3091 1834 3144 abso-

241 3184 392 3238 lutio.
430 3184 533 3239 Sed
566 3200 699 3237 mete
722 3168 1330 3247 interestcouscientim,
1362 3191 1416 3237 et
1442 3198 1575 3236 mete
1606 3183 1833 3238 levitatis

1941 1984 2083 2055 quis.
2135 1985 2272 2051 Quid
2314 1986 2474 2055 igitur
2504 1986 2794 2042 faciemus?
2821 1986 2895 2043 Ne
2937 1988 3218 2043 veritatem
3252 1996 3534 2047 teneamus

1942 2078 1995 2131 in
2015 2076 2227 2146 paucis,
2264 2092 2508 2131 erremus
2545 2076 2597 2131 iu
2628 2078 2847 2131 multis?
2879 2078 3040 2142 Absit,
3073 2078 3271 2147 inquis.
3297 2078 3539 2148 Respua-

1943 2184 2060 2223 mus
2107 2184 2236 2240 ergo
2285 2169 2370 2224 vel
2419 2184 2539 2223 cum
2591 2168 2834 2236 plurimis
2886 2167 3194 2234 falsitatem,
3244 2169 3536 2224 dummodo

1942 2247 2219 2313 teneamus
2261 2258 2343 2315 vel
2393 2260 2443 2311 in
2499 2257 2836 2327 paueiSsimis
2880 2257 3179 2313 veritatem.
3212 2258 3397 2314 Nonne
3426 2248 3536 2313 toto

1943 2350 2146 2405 mundo
2177 2349 2462 2404 falsitatem
2512 2358 2755 2416 tenente,
2784 2350 2833 2404 in
2867 2349 3136 2419 Apostolis
3162 2352 3230 2403 ita
3256 2352 3536 2407 constabat

1940 2444 2181 2500 Ecclesia
2202 2485 2217 2512 ,
2261 2443 2399 2498 sicut
2431 2444 2793 2498 mandabatet
2822 2443 3059 2499 veritas?
3094 2458 3272 2498 nonne
3297 2452 3410 2499 toto
3442 2460 3534 2513 po-

1940 2536 2067 2606 pulo
2099 2535 2386 2590 deerrante
2441 2534 2495 2588 in
2534 2542 2739 2603 septem
2797 2533 3031 2587 millibus
3077 2534 3216 2601 apud
3268 2526 3539 2590 Israelitas

1941 2628 2136 2684 mansit
2181 2626 2460 2681 Ecclesia?
2492 2625 2560 2679 Et
2590 2625 2633 2679 si
2673 2632 2861 2679 cuneta
2891 2638 3199 2690 curramus,
3236 2623 3535 2678 invenimus

1943 2720 2228 2775 innumera
2265 2737 2278 2773 :
2327 2732 2507 2772 nonne
2546 2717 2802 2787 scriptum
2830 2724 2914 2771 est
2944 2723 3142 2770 arctam
3175 2726 3225 2769 et
3254 2726 3533 2786 angustam

1938 2828 2059 2868 esse
2090 2814 2229 2866 viam
2275 2827 2394 2879 qua:
2426 2792 2571 2865 ducit
2600 2808 2665 2863 ad
2700 2810 2895 2871 vitam;
2945 2807 3107 2862 latam
3140 2808 3535 2879 spatiosatnqne

1938 2922 2059 2977 quae
2102 2904 2273 2959 tendit
2320 2903 2385 2957 ad
2434 2912 2660 2956 mortem
2710 2900 2922 2971 (Matth.
2955 2915 3061 2964 vn,
3098 2900 3189 2960 15,
3225 2899 3350 2967 ll)?
3396 2899 3539 2963 Quid

1936 2998 2074 3065 quod
2101 2996 2197 3059 illi,
2232 2993 2439 3063 inquies
2463 3037 2476 3059 ,
2528 2993 2705 3055 dicunt
2750 3008 2803 3044 se
2829 3000 2997 3044 tenere
3017 2990 3157 3056 quod
3203 2990 3387 3043 rectius
3426 2991 3538 3043 est?

1938 3090 2156 3146 Interim
2184 3085 2293 3156 jam
2339 3085 2531 3139 falsum
2563 3084 2699 3145 erit,
2730 3080 2871 3151 quod
2904 3096 2962 3135 se
3004 3079 3239 3134 fatentur
3270 3081 3318 3133 id
3351 3089 3534 3136 tenere

1938 3181 2081 3253 quod
2115 3195 2212 3235 nos
2234 3221 2248 3245 ,
2280 3179 2323 3233 si
2349 3179 2490 3232 enim
2524 3175 2719 3230 melius
2753 3182 2971 3238 tenent,
2998 3171 3141 3227 aliud
3176 3183 3391 3237 tenent;
3422 3173 3529 3241 jam

238 3276 595 3346 Opp"obriiim
620 3277 808 3345 agitur.
843 3276 974 3330 Nam
1016 3269 1060 3331 ᾗ
1092 3291 1187 3346 per
1210 3276 1464 3331 Acacium
1494 3290 1709 3332 curatur
1737 3277 1835 3331 Ec-
1867 3261 1913 3324 Ο
1943 3287 2278 3344 consequens
2330 3276 2413 3327 est
2458 3279 2516 3323 ut
2563 3283 2623 3323 se
2666 3268 2895 3336 probent
2935 3265 3128 3320 melius
3160 3275 3342 3321 tenere
3372 3280 3531 3337 quam

242 3368 433 3431 clesia,
465 3367 564 3421 hoc
597 3368 714 3436 ipso
746 3367 987 3431 (locetur,
1021 3368 1143 3437 quia
1174 3382 1295 3435 qua:
1328 3367 1499 3436 potuit
1550 3384 1646 3437 per
1699 3368 1837 3423 hunc

244 3460 447 3524 eurari,
478 3458 526 3510 id
569 3468 652 3512 est
705 3473 770 3512 eo
815 3468 1077 3524 correcta,
1117 3474 1210 3527 per
1240 3457 1383 3513 hunc
1408 3458 1569 3513 etiam
1605 3459 1727 3513 Lesa
1760 3461 1837 3513 vi-

247 3552 456 3616 deatur,
501 3566 620 3604 cum
656 3548 888 3619 potuerit
937 3550 1030 3604 illo
1080 3566 1186 3605 non
1232 3559 1489 3619 peccante
1536 3568 1641 3606 non
1694 3552 1833 3606 laedi.

249 3642 355 3697 Sed
378 3642 421 3694 si
447 3642 679 3707 istorum,
704 3641 897 3711 inquis,
940 3642 1138 3707 pondus
1169 3643 1220 3695 in
1259 3642 1499 3695 Acacium
1532 3646 1832 3713 jactareris,

247 3737 370 3787 istos
398 3742 528 3786 recte
557 3732 806 3789 absolvis:
828 3750 944 3785 cum
975 3735 1094 3785 item
1127 3736 1343 3787 Aeacius
1374 3736 1532 3803 egerit
1558 3746 1613 3789 ut
1637 3747 1838 3789 curetur

249 3825 505 3888 Ecclesia,
545 3824 788 3876 Acacium
835 3825 1188 3876 convenienter
1228 3825 1474 3878 absolves.
1525 3826 1582 3881 Si
1634 3828 1686 3880 in
1737 3826 1838 3882 hoc

246 3930 367 3984 spes
400 3927 503 3980 est,
543 3930 641 3970 cur
679 3930 799 3969 cum
842 3914 1198 3969 damnationis
1233 3916 1472 3983 pondere
1517 3932 1602 3970 me
1648 3933 1838 3986 urgere

246 4006 545 4077 cmnpellis,
575 4022 732 4077 quem
768 4022 922 4076 passe
950 4006 1034 4060 vel
1079 4006 1276 4061 debere
1324 4008 1538 4063 testeris
1584 4008 1836 4063 absolvi?

248 4100 379 4153 Esto
412 4100 463 4152 hi
494 4099 701 4153 absolvi
734 4100 939 4169 possint
964 4099 1143 4153 Acarii
1170 4098 1424 4165 pondere,
1458 4116 1541 4155 me
1568 4116 1731 4170 quare
1759 4100 1837 4156 vis

245 4208 366 4249 eum
390 4208 637 4259 onerare,
669 4207 827 4262 quem
862 4192 1003 4245 nitnr
1049 4192 1371 4245 absolvere?
1400 4194 1523 4262 quia
1553 4194 1721 4259 aliter,
1757 4194 1839 4247 in-

244 4287 388 4354 quis,
417 4285 528 4337 istis
563 4301 663 4337 non
709 4292 871 4351 potest
910 4282 1165 4336 subveniri
1192 4299 1209 4336 :
1241 4291 1294 4336 at
1345 4298 1439 4353 per
1470 4283 1592 4343 hoc,
1640 4294 1732 4339 aut
1775 4287 1837 4341 il-

244 4377 353 4431 lum
398 4378 475 4431 vis
507 4377 703 4441 obrui,
736 4386 827 4429 aut
857 4390 943 4430 me
993 4375 1215 4445 exponi.
1268 4374 1373 4430 Sed
1418 4376 1704 4447 priuilegia,
1757 4379 1840 4433 itt-

242 4470 387 4540 quis,
432 4481 595 4524 vestra
643 4471 739 4524 hac
789 4468 1127 4525 obstinatione
1173 4469 1422 4523 minuitis.
1481 4469 1645 4540 Igitur
1687 4471 1713 4509 δ
1770 4489 1837 4529 ne

241 4563 423 4618 minus
450 4562 585 4630 juris
633 4562 953 4625 habeamus,
996 4562 1296 4617 efficiamur
1342 4562 1580 4617 haeretici
1608 4605 1622 4628 ,
1673 4574 1723 4619 et
1768 4580 1835 4621 ne

240 4656 554 4710 amittamus
579 4654 957 4707 ecclesiasticae
988 4655 1262 4724 privilegia
1294 4656 1592 4724 potestatis,
1622 4658 1837 4711 amitta-
1860 4623 1915 4684 θ

241 4765 364 4805 mus
394 4748 561 4817 ipsam
597 4746 909 4815 religionem
939 4764 953 4800 :
1008 4763 1075 4802 ne
1108 4748 1282 4803 minor
1325 4750 1395 4802 sit
1429 4749 1660 4818 dignitas
1699 4766 1833 4819 apo-

243 4842 448 4897 stolicae
478 4839 621 4894 sedis
654 4838 705 4892 in
736 4838 955 4909 paucis,
1001 4847 1147 4892 erret
1202 4841 1253 4892 in
1302 4841 1503 4894 multis.
1554 4841 1743 4896 Nescio
1790 4843 1835 4897 si

243 4936 365 5006 quis
386 4934 527 4988 dicat
556 4931 841 4989 falsitatem
865 4931 1194 5003 sequendam
1226 4934 1401 5002 potius
1422 4947 1541 4989 esse
1567 4950 1689 4989 cum
1718 4936 1833 5005 plu-

318 5062 345 5091 ⁸
372 5051 572 5121 Supple
601 5048 957 5121 absolutionis.
982 5048 1251 5121 Optimam
1288 5062 1413 5099 vero
1445 5047 1639 5121 Felicis
1676 5063 1829 5121 men-

251 5134 387 5197 tem,
416 5117 589 5197 neque
627 5120 753 5173 odio
776 5118 832 5197 _in
878 5117 1132 5197 Acacium
1173 5118 1302 5182 ullo,
1335 5131 1507 5197 neque
1546 5118 1831 5197 allec-tione

247 5188 657 5262 aliaimptilsam
689 5190 819 5243 satis
853 5189 1225 5262 perSpicimus,
1269 5202 1391 5262 cum
1425 5188 1583 5262 instet
1637 5188 1744 5253 hic,
1778 5201 1829 5243 ut

252 5268 392 5335 prius
412 5258 1025 5335 deabsolutioneagatur
1051 5259 1241 5335 Acacii.
1262 5258 1416 5335 _Scw.
1444 5258 1738 5335 Marrftus.

320 5336 349 5376 ιι
377 5332 616 5388 Indicant
635 5330 799 5385 verba
823 5327 936 5383 haec
959 5330 1009 5383 id
1040 5333 1199 5384 etiam
1227 5329 1443 5383 allatum
1485 5328 1553 5383 ab
1580 5327 1829 5384 Orienta-

248 5409 411 5473 libus,
434 5414 502 5458 ⁴ιιι
531 5402 837 5472 pontificem
867 5410 1256 5473 expugnarent,
1301 5414 1495 5473 nempe
1538 5414 1647 5454 rem
1675 5414 1827 5455 suam

250 5479 366 5546 agi;
399 5471 592 5529 Acacin
618 5474 762 5546 enim
802 5484 922 5546 eum
966 5472 1282 5546 sequacibus
1324 5472 1392 5524 ab
1427 5471 1557 5546 _e_jus
1586 5485 1830 5546 commu-

252 5541 416 5605 nione
443 5546 701 5607 abscisso,
731 5542 1161 5611 jurisdietionem
1185 5557 1332 5597 suam
1361 5541 1513 5596 valde
1548 5541 1744 5607 minui,
1778 5551 1833 5596 et

253 5622 309 5675 in
330 5620 588 5673 arctiores
610 5613 811 5669 limites
838 5612 1023 5681 redigi.
1060 5612 1132 5665 Ex
1157 5627 1263 5679 quo
1290 5614 1501 5667 videtur
1523 5612 1833 5666 conflrmari

253 5707 321 5747 eo
344 5691 455 5759 jam
488 5702 601 5741 navo
629 5699 736 5755 quo
766 5685 1128 5759 incorruptum
1152 5683 1423 5759 _Eeclesize
1455 5686 1715 5759 regimen‘
1739 5683 1834 5736 do-

254 5752 453 5817 ctiores
484 5752 740 5813 etinm'eit
773 5754 1115 5807 heterodoxis
1148 5752 1400 5824 fatentur,
1436 5771 1540 5807 non
1571 5753 1833 5824 dignitate

259 5843 487 5893 tantum,
519 5830 610 5881 sed
651 5827 767 5894 jure
798 5838 859 5878 ac
898 5822 1486 5894 potestate’llomanuim
1518 5822 1830 5892 episcopum

256 5904 374 5961 orbi
416 5893 714 5957 Christiana
744 5896 1035 5967 praefuisse.
1072 5894 1215 5950 Idem
1248 5903 1393 5950 certe
1425 5893 1570 5949 Felix
1605 5896 1669 5951 de
1701 5896 1829 5951 sede

1945 3384 2065 3425 nos.
2095 3367 2150 3424 Si
2182 3366 2371 3421 melius
2400 3369 2585 3419 tenent
2612 3404 2626 3427 ,
2668 3360 2973 3416 abstineant
2993 3374 3051 3415 se
3077 3376 3105 3413 a
3140 3374 3244 3425 me,
3276 3360 3363 3429 qui
3395 3360 3536 3417 male

1942 3472 2100 3518 teneo
2135 3479 2146 3513 :
2191 3457 2387 3529 corrigi
2432 3456 2496 3510 ad
2532 3455 2687 3509 fidem
2714 3495 2729 3519 ,
2772 3460 2827 3507 et
2853 3450 3007 3522 sequi
3038 3451 3179 3520 quod
3231 3451 3420 3505 melius
3450 3459 3535 3506 est

1941 3558 2213 3610 voluntate
2233 3552 2393 3607 debet
2414 3548 2620 3612 venire,
2651 3562 2757 3601 non
2785 3546 2857 3599 vi.
2894 3544 3003 3613 Ego
3033 3543 3108 3598 illi
3140 3544 3396 3598 molestus
3426 3560 3537 3619 non
3564 3575 3568 3578 ~

1940 3662 2080 3709 sum,
2114 3645 2203 3699 ille
2236 3642 2363 3698 mihi
2395 3655 2561 3712 quare
2594 3638 2856 3693 molestus
2886 3636 3010 3691 est?
3046 3636 3156 3703 Ego
3189 3645 3244 3689 ut
3275 3651 3359 3690 me
3403 3649 3531 3690 cor-

1940 3738 2079 3805 rigat
2101 3751 2203 3789 non
2240 3746 2396 3803 peto;
2431 3748 2538 3786 non
2568 3728 2771 3799 petenti
2799 3727 2925 3797 quid
2954 3727 3169 3796 ingerit,
3202 3726 3327 3795 quid
3369 3741 3427 3781 se
3452 3728 3533 3780 in-

1944 3828 2043 3881 fert
2077 3826 2283 3880 invito‘?
2313 3824 2368 3884 Si
2404 3824 2601 3877 nullam
2632 3825 2807 3875 meam
2841 3828 2991 3887 putat
3023 3832 3143 3872 esse
3171 3820 3492 3874 sententiam
3515 3859 3529 3880 ,

1942 3924 2253 3976 contemnat
2298 3915 2474 3980 illam;
2513 3913 2639 3983 quid
2670 3920 2948 3980 tantopere
2981 3910 3155 3979 poscit
3206 3910 3448 3964 absolvi?
3475 3913 3531 3968 Si

1942 4010 2114 4081 poscit
2152 4007 2355 4063 absolvi
2398 4015 2453 4062 et
2482 4020 2601 4060 esse
2635 4003 2861 4073 alicujus
2902 4004 3085 4072 utique
3128 4005 3381 4059 momenti
3414 4019 3543 4084 non

1941 4104 2149 4160 dubitat
2177 4145 2189 4167 ,
2219 4111 2271 4158 et
2292 4102 2450 4165 justzn
2478 4097 2834 4155 damnationis
2860 4110 2982 4151 e~se
3003 4092 3302 4158 confirmat,
3332 4111 3436 4169 qua
3464 4110 3524 4152 se

1944 4196 2110 4252 teneri
2149 4209 2254 4249 non
2282 4192 2512 4248 declinat
2532 4189 2871 4245 obstrictum.
2914 4188 3098 4258 Itaque
3123 4188 3350 4241 fateatur
3378 4203 3532 4242 erro-

1942 4304 2056 4344 rem
2100 4286 2185 4342 cui
2235 4296 2316 4340 est
2359 4284 2502 4339 illata
2551 4281 2848 4345 sententia;
2880 4280 3121 4360 deponat
3161 4294 3425 4345 errorem,
3477 4290 3532 4337 et

1941 4396 2106 4435 vacua
2138 4376 2405 4436 sententia
2437 4386 2538 4432 est.
2570 4375 2626 4432 Si
2656 4374 2848 4442 injusta
2880 4383 2994 4440 est,
3024 4382 3170 4428 tanto
3199 4388 3315 4428 eam
3343 4376 3545 4433 curare

1941 4487 2046 4529 non
2091 4471 2273 4535 debet,
2298 4477 2497 4539 quanto
2526 4467 2666 4538 apud
2695 4466 2862 4521 Deum
2891 4473 2945 4519 et
2974 4464 3269 4519 Ecclesium
3296 4465 3412 4535 ejus
3439 4481 3533 4521 ne.

1930 4568 2140 4623 minem
2170 4572 2348 4634 potest
2369 4562 2786 4633 iniquagravare
2808 4558 3095 4614 sententia.
3127 4556 3201 4612 fta
3229 4572 3358 4627 ergo
3390 4574 3449 4612 ea
3475 4575 3534 4614 se

1940 4658 2146 4715 absolvi
2188 4673 2294 4712 non
2343 4656 2611 4711 desideret
2644 4696 2659 4720 ,
2692 4668 2795 4723 qua
2829 4667 2887 4707 se
2929 4650 3235 4707 nullatenus
3274 4652 3534 4722 perspicit

1939 4751 2269 4820 obligatum;
2301 4747 2345 4802 si
2380 4762 2507 4801 vero
2538 4758 2599 4799 ea
2628 4759 2685 4799 se
2707 4743 2909 4813 judicat
2938 4743 3252 4813 obligatum,
3283 4752 3339 4798 et
3361 4743 3532 4811 poscit

1939 4845 2164 4909 absolvi,
2214 4842 2399 4908 utique
2434 4852 2549 4897 non
2592 4835 2885 4906 praetendit
2938 4836 3211 4902 injustam,
3255 4850 3375 4905 quae
3410 4851 3533 4892 cum

1941 4935 2117 5006 potuit
2136 4932 2410 5001 obligare,
2443 4937 2606 5000 atque
2635 4926 2704 4983 ab
2724 4925 2914 4983 eadem
2944 4926 3117 4998 poscit
3144 4925 3379 4992 absolvi,
3410 4926 3532 4997 quia

1935 5046 2252 5117 apostolica,
2284 5045 2352 5100 ad
2393 5059 2551 5115 quam
2582 5040 2785 5117 Flavita
2818 5041 3023 5117 legatos
3054 5040 3295 5117 miserat,
3347 5040 3531 5117 ita_l_o~

1934 5110 2220 5190 quebatur,
2254 5133 2345 5187 per
2394 5110 2549 5190 quam
2577 5112 2823 5190 largiente
2852 5111 3056 5190 Ch_t_‘isto
3082 5110 3533 5190 otttniun‘t‘solida.

1935 5181 2018 5245 tur
2066 5181 2290 5254 dignitas
2338 5181 2684 5241 sacerdotum:
2729 5181 2973 5254 Ostendit
3039 5182 3348 5254 autem___S.
3398 5195 3533 5247 pun.

1937 5260 2064 5316 tifex
2103 5250 2301 5329 (Epist.
2330 5255 2572 5331 Ἰᾇῌιιῐεο
2601 5253 2901 5331 privilegia.
2931 5260 3153 5331 eatenus
3192 5250 3497 5331 sibipropu
3516 5281 3532 5297 .

1933 5322 2144 5401 gnand‘a
2165 5322 2190 5396 ,⁷
2213 5328 2385 5401 quoad
2402 5322 2905 5401 :Cbristiauagulidei
2937 5322 3203 5401 conducat
3226 5339 3256 5401 _:
3304 5322 3532 5401 interest

1934 5392 2198 5471 siquidem
2229 5392 2536 5471 christiani;
2560 5396 2866 5471 reipublicae
2890 5402 2949 5448 ut
2975 5404 3135 5471 caput
3156 5392 3371 5455 habeat,
3403 5407 3523 5471 eum

1944 5462 2295 5544 ecclesiastici
2330 5467 2608 5544 regiminis
2645 5462 2835 5544 potior
2888 5480 3010 5544 pars
3048 5466 3103 5544 in
3144 5479 3304 5544 unum
3336 5462 3533 5544 collata

1937 5546 2029 5609 sit,
2079 5553 2135 5598 ut
2161 5542 2329 5611 capite
2362 5537 2636 5595 constituto
2657 5537 2973 5611 schismatis
3011 5537 3278 5611 tolleretur
3309 5537 3529 5599 occasio,

1938 5604 2081 5681 quod
2139 5615 2200 5669 D.
2225 5604 2607 5681 Hieronymus
2638 5608 2827 5681 docuit
2866 5606 3025 5681 (Adv.
3055 5604 3173 5681 lae.
3202 5605 3292 5681 lib.
3327 5618 3363 5681 ι,
3412 5620 3529 5681 cap.

1940 5674 2053 5749 Η).
2083 5685 2196 5742 Sub
2235 5684 2394 5755 finem
2421 5674 2662 5755 epistola}
2693 5694 2787 5755 pro
2814 5678 2881 5733 iis
2907 5679 3078 5755 itaque
3103 5677 3166 5755 de
3193 5674 3524 5755 absolvenda,

1938 5746 2082 5824 ete.,
2136 5753 2419 5824 legendum
2455 5746 2703 5824 ὀρίιιοῇζ
2744 5747 2929 5824 Itaque
2976 5746 3334 5801 absolvendam
3375 5748 3533 5811 justtv

1944 5819 2300 5898 obligationem
2330 5819 2607 5880 sententiae.
2635 5822 2778 5877 Sorr.
2811 5819 3105 5874 Muretus.
