4096 6342
524 333 632 396 967

1863 326 2111 385 FELICIS
2149 326 2354 386 ΡΑΡΑΞ
2395 329 2460 386 Ill
2530 368 2535 371 -

3695 337 3821 402 968

526 467 632 508 non
661 448 833 522 potuit
859 444 1099 517 obligare
1142 443 1243 499 nisi
1282 442 1447 513 justa.
1490 442 1641 497 Justa
1685 450 1865 496 autem
1918 442 1964 497 si
2007 448 2111 509 est,
2142 445 2199 506 Α
2223 442 2416 514 vilegia
2450 444 2694 513 posuisti,
2724 452 2862 502 utea
2897 454 3157 517 perpetua
3189 448 3431 516 recipere
3471 450 3731 507 mercaris
3755 468 3815 510 ιιι

526 542 739 599 nonnisi
770 541 1021 595 damnato
1046 550 1233 593 errore
1265 535 1409 606 justa
1430 534 1792 605 cognoscitur.
1822 533 2013 605 Itaque
2039 534 2106 589 ad

446 620 447 623 “
526 633 831 688 solvendam
877 630 1039 700 iusta:
1082 628 1464 699 obligationem
1514 625 1820 691 sentcntiae,
1864 640 2107 681 errorem
2152 693 2158 697 η

527 726 800 780 fateatur:
846 731 1008 793 ponat
1053 736 1316 785 errorem,
1367 734 1474 791 quo
1523 733 1644 774 cum
1700 718 1918 790 ligatum
1962 726 2112 774 tenet

524 819 661 890 iusta
704 815 969 872 sententia
1006 832 1017 868 :
1068 829 1134 870 eo
1170 813 1380 870 sublato
1430 813 1773 886 obligationis
1812 826 1973 869 causa
2020 826 2107 869 re-

525 910 770 968 solvitur.
1810 920 1813 925 ”

795 1032 820 1059 ⁸
861 1020 1168 1078 EIUSDEM
1206 1021 1463 1079 FELICIS
1504 1022 1834 1081 EPISTULA

650 1153 733 1193 (UI
774 1151 1002 1192 TITULUS
1040 1152 1092 1191 IN
1133 1152 1307 1191 EODEM
1347 1152 1536 1191 CODICE
1576 1153 1848 1192 PR£FIXUS
1889 1151 1987 1192 EST

1155 1223 1441 1262 ιιωυεδιοω
1470 1225 1480 1260 ξ

530 1324 935 1405 Ερίειοζίξραρω
954 1322 1146 1404 Gelasii
1170 1323 1242 1405 ad
1268 1323 1581 1405 Succoninm
1601 1323 1901 1404 episcopum
1924 1324 2109 1405 Afrum

595 1396 734 1465 apud
754 1392 1254 1465 Constantinopolim
1280 1394 1637 1465 constitutum,
1674 1395 1761 1460 qui
1777 1392 1783 1393 ⁷
1799 1395 2111 1462 persecutio-

596 1463 711 1519 nem
743 1465 1053 1517 Arianorum
1076 1467 1140 1516 de
1166 1463 1340 1532 Africa
1364 1465 1563 1534 fugiens
1585 1463 2107 1535 Constantinopolim,

596 1535 880 1603 improvide
905 1535 1347 1617 coritiituiticando,
1381 1533 1435 1587 iu
1455 1533 1930 1617 praevaricationem
1955 1533 2111 1590 Chal-

599 1606 896 1661 cedonensis
924 1606 1105 1675 synodi
1133 1606 1365 1674 arguitur
1389 1606 1639 1659 corruisse
1664 1620 1683 1660 .'
1716 1614 1770 1658 ut
1796 1606 2038 1676 eon‘igal.

596 1744 731 1797 Cum
779 1751 884 1796 tua:
932 1741 1232 1796 dilectionis
1260 1742 1312 1795 in
1344 1738 1560 1795 Christo
1602 1740 1960 1796 constantiam
2006 1739 2113 1796 fcr-

2213 533 2469 590 Christo?
2493 534 2631 602 Quid
2659 536 2823 605 igitur
2854 551 2999 593 nunc
3053 538 3302 608 agimus?
3330 539 3651 599 decolorasti
3696 546 3818 617 glo-

2214 626 2371 693 riam,
2411 624 2623 681 violasti
2668 626 3087 696 confessionem,
3142 630 3469 701 intercepiin
3508 634 3815 703 victoriam,

2215 728 2525 789 quantoque
2560 706 2701 790 apud
2744 720 3096 790 apostolicam
3124 724 3309 779 sedem
3332 725 3404 781 de
3452 735 3544 782 tuo
3586 730 3817 787 nomine

2215 809 2408 865 ﬁducia
2426 849 2441 876 ,
2475 811 2759 881 gratiaque
2791 813 3089 878 crescebat,
3117 822 3266 868 tanto
3295 830 3436 872 nunc
3464 820 3677 875 accedit
3706 823 3816 876 mi-

2214 902 2447 957 seranda
2479 904 2743 957 confusio.
2781 903 2932 959 Itane
2961 920 3066 960 non
3101 919 3375 975 senseras,
3405 909 3548 979 quod
3598 911 3818 970 duobus

2219 994 2475 1048 cornibus
2527 993 2873 1063 praeludendo
2924 1009 3031 1051 uno
3058 997 3358 1069 eodemque
3415 1011 3660 1071 tempore
3702 1021 3815 1062 non

2215 1087 2393 1141 minus
2422 1087 2474 1142 in
2499 1087 2719 1143 Oriente
2746 1103 2904 1159 quam
2938 1089 2990 1145 in
3015 1090 3195 1147 Africa
3217 1093 3401 1149 Iesum
3436 1096 3645 1154 solvere
3676 1101 3818 1157 nite-

2217 1188 2403 1235 rentur
2430 1179 2827 1236 Antichristus?
2876 1196 2997 1238 cum
3026 1191 3082 1239 et
3121 1184 3195 1240 illi
3222 1186 3301 1242 sic
3328 1187 3493 1243 Deum
3517 1189 3813 1258 fateantur,

2218 1280 2276 1325 ut
2304 1271 2450 1327 Deus
2494 1286 2599 1327 non
2640 1272 2727 1340 sit,
2761 1281 2817 1327 et
2857 1274 2945 1328 isti
2990 1274 3069 1330 sic
3098 1276 3370 1333 hominem
3403 1280 3723 1349 praedicent,
3756 1293 3820 1339 ut

2223 1363 2494 1420 hominem
2529 1380 2756 1422 vacuare
2786 1368 3136 1425 contendant.
3170 1369 3312 1427 Inter
3337 1388 3457 1443 quae
3482 1373 3692 1431 funesta
3724 1394 3818 1447 pec

2219 1454 2386 1509 ricula
2409 1455 2537 1525 quid
2563 1456 2785 1527 prodest
2805 1459 3047 1516 evasisse
3080 1462 3439 1532 prmcipitium
3459 1465 3504 1520 si
3527 1467 3819 1527 recedatur

2216 1548 2268 1603 in
2327 1547 2633 1603 baratrum?
2660 1550 2800 1606 Ante
2847 1552 3035 1606 oculos
3089 1568 3196 1609 non
3229 1556 3462 1627 redibat,
3509 1562 3653 1630 quod
3704 1579 3816 1621 non

2215 1641 2389 1695 solum
2416 1640 2506 1711 qui
2549 1656 2611 1697 ea
2640 1642 2864 1709 faciunt,
2918 1643 3013 1700 sed
3038 1646 3200 1702 etiam
3228 1650 3319 1718 qui
3361 1656 3715 1711 consentiunt
3740 1659 3820 1712 fa-

2216 1734 2500 1799 cientibus,
2535 1735 2696 1791 simili
2726 1736 3073 1796 damnatione
3105 1746 3433 1799 Censentur?
3484 1747 3578 1802 Va:
3610 1750 3655 1804 si
3684 1766 3820 1807 eru-

527 1842 849 1901 ventcmque
904 1831 934 1885 d
977 1833 1204 1887 ctrinam
1255 1831 1604 1886 celeberrima
1646 1831 1956 1901 loqueretur
1990 1830 2111 1901 opi-
2142 1819 2192 1881 Β
2217 1825 2474 1881 ditionem
2506 1836 2648 1882 tuam
2683 1837 2888 1905 tantum
2935 1832 3091 1889 latuit
3119 1835 3325 1890 scelus!
3362 1852 3444 1892 vae
3487 1841 3725 1910 amplius
3768 1846 3819 1901 si

527 1927 639 1992 nio,
670 1924 778 1981 dici
807 1940 912 1981 non
940 1847 1124 1996 ﬁotest
1147 1925 1362 1995 quantis
1391 1925 1607 1995 gaudiis
1636 1925 2033 1981 exsultavimus
2056 1927 2111 1981 in
2216 1933 2322 1974 non
2354 1919 2574 1986 latebat,
2603 1929 2659 1976 et
2684 1930 2893 1992 gestum
2921 1928 3040 1979 est!
3074 1924 3207 1981 Nam
3240 1928 3284 1983 si
3332 1928 3465 1985 nihil
3512 1933 3683 1996 aliud,
3713 1934 3819 1992 hoc

527 1927 639 1992 nio,
670 1924 778 1981 dici
807 1940 912 1981 non
944 1924 1124 1995 potest
1147 1925 1362 1995 quantis
1391 1925 1607 1995 gaudiis
1636 1925 2033 1981 exsultavimus
2056 1927 2111 1981 in

530 2018 778 2086 Domino,
812 2018 952 2088 quod
1007 2030 1101 2071 vas
1130 2017 1401 2087 egregium
1435 2016 1556 2071 belli
1614 2026 1854 2087 tempore
1881 2018 2113 2075 maxime

528 2112 862 2182 profuturum
912 2108 1092 2162 divina
1123 2109 1290 2179 gratia
1331 2120 1718 2178 przeparasset;
1771 2118 1929 2179 teque
1975 2110 2112 2166 votis

528 2202 777 2257 omnibus
797 2202 1118 2267 ambientes,
1146 2210 1200 2257 et
1250 2202 1402 2272 quasi
1444 2201 1689 2257 cominus
1738 2203 2107 2270 constitutum,

530 2302 642 2351 tito
660 2294 838 2350 cordis
865 2295 1060 2351 affectu
1089 2296 1478 2351 comitabamur
1504 2294 1806 2353 absente'm.
1846 2297 1951 2354 Sed
1977 2298 2111 2355 tristi

528 2388 705 2443 subito
734 2403 950 2444 rumore
982 2391 1250 2458 percussi,
1282 2400 1626 2446 consternata
1676 2391 1904 2449 fatemur
1932 2404 2112 2449 mente

527 2480 889 2547 concidimus;
938 2481 1302 2552 lnesimusquc
1358 2482 1448 2537 diu
1491 2493 1664 2538 utrum
1719 2485 1787 2539 ad
1834 2490 2111 2542 caritatem
2141 2530 2155 2546 .

533 2580 678 2626 tuam
708 2587 871 2644 super
899 2571 982 2627 his
1008 2574 1214 2629 litteras
1241 2574 1577 2631 mitteremus
1610 2617 1626 2642 ,
1662 2592 1784 2631 nam
1815 2576 1961 2648 loqui
1990 2594 2113 2647 pro-

529 2662 747 2717 hibebat
787 2663 962 2729 dolor,
1014 2674 1191 2719 tacere
1216 2663 1413 2719 Christi
1466 2666 1677 2721 all’ectio
1729 2682 1834 2722 non
1879 2669 2108 2725 sinebat.

524 2754 674 2810 lnter
703 2755 802 2810 ista
832 2755 1153 2811 ﬂuctuantes
1184 2757 1314 2812 vicit
1359 2758 1538 2813 divina
1581 2760 1826 2829 scientia,
1871 2777 1971 2831 qua
2002 2771 2114 2818 toto

528 2844 928 2916 Scripturarnm
975 2834 1201 2916 corpore
1252 2847 1609 2918 perdocemur
1638 2851 1813 2922 aliqua
1865 2854 2113 2909 tentatio-

529 2956 655 2995 num
694 2939 1043 3009 subreptione
1064 2940 1142 2995 sic
1172 2950 1475 3010 praeventos
1516 2945 1740 2999 caritate
1780 2945 1944 3001 libera
1993 2962 2115 3018 per-

529 3046 771 3086 monere.
812 3030 1225 3088 Communicare
1277 3034 1422 3089 enim
1468 3032 1809 3093 dilectionem
1864 3048 2007 3095 tuam
2059 3041 2112 3097 in

533 3123 776 3195 partibus
810 3122 1047 3179 Orientis
1089 3125 1661 3199 adversariiveritatis
1711 3133 1939 3200 primum
1971 3135 2111 3190 fama

528 3216 751 3275 detulit:
786 3215 978 3271 deinde
1022 3216 1373 3297 plurimorum
1430 3222 1621 3278 relatio
1662 3240 1767 3279 non
1808 3230 2108 3298 spernenda

530 3305 777 3374 patefecit
803 3323 814 3357 :
846 3306 987 3375 quod
1017 3321 1084 3361 ne
1112 3290 1318 3364 temere
1344 3311 1639 3368 credidisse
1686 3330 1783 3369 nos
1822 3333 2033 3389 arguas,
2065 3322 2109 3377 si

531 3395 724 3450 falsum
750 3406 854 3461 est,
879 3397 1020 3465 quod
1042 3386 1313 3469 optamus,
1342 3402 1408 3454 da
1441 3405 1647 3459 veniant
1682 3408 1746 3462 de
1789 3419 1837 3462 tc
1868 3386 2109 3469 sollicitae

532 3488 749 3557 pieiati;
782 3489 827 3541 si
854 3503 1038 3544 verum
1068 3499 1173 3558 est,
1220 3492 1662 3564 accipesalubria
1689 3515 1872 3569 quaeso
1904 3505 2105 3573 patien-

531 3588 614 3635 ter
644 3582 941 3635 amicorum
974 3582 1192 3638 vulnera
1243 3574 1621 3658 caStigantum,
1671 3594 1760 3661 qui
1812 3597 2108 3663 perniciosa

527 3673 716 3728 subisti
746 3666 1037 3730 amicorum
1080 3675 1210 3748 [lege
1239 3678 1583 3755 inimicorum]
1615 3687 1797 3742 oscula
1843 3688 2109 3750 blandien-

528 3772 664 3819 tum.
689 3764 836 3821 Itane
866 3775 941 3834 tu,
967 3769 1334 3826 amantissime
1361 3772 1824 3845 et-dilectissime,
1856 3781 2109 3841 adversa-

529 3852 607 3911 ria
655 3858 931 3912 catholica:
977 3859 1179 3931 regulae
1224 3866 1496 3919 consortia
1547 3869 1820 3939 suscipere
1863 3877 2105 3945 potuisti,

529 3958 841 4020 tantumque
887 3951 1035 4006 nefas
1082 3953 1132 4007 in
1184 3962 1236 4009 te
1285 3956 1490 4013 invenit
1529 3961 1800 4031 ell‘ectum,
1843 3970 1984 4036 quod
2025 3974 2107 4029 vel

526 4042 1070 4110 agitationibustuis
1105 4045 1370 4118 obrepere
1418 4055 1654 4120 potuisse
1702 4073 1809 4113 non
1835 4062 2107 4121 creditur?

526 4135 673 4188 Itane
704 4142 759 4187 tu
789 4135 1035 4204 delegisti
1082 4142 1362 4206 praesentis
1399 4148 1656 4215 temporis
1685 4148 1827 4206 ferre
1856 4153 2106 4221 jucundi-

528 4236 711 4294 talem,
746 4230 913 4299 magis
955 4244 1114 4313 quam
1165 4232 1328 4303 afﬂigi
1375 4251 1494 4291 cum
1549 4243 1745 4310 populo
1768 4244 2107 4321 Dei?Stupet

524 4322 756 4387 animus,
790 4324 1208 4378 menssauciata
1252 4329 1567 4395 succumbit,
1617 4340 1895 4395 maerentia
1942 4345 2103 4401 corda

525 4410 815 4475 deficiunt,
846 4428 945 4466 nec
973 4404 1148 4467 tamen
1182 4414 1354 4470 dolori
1388 4427 1533 4473 tanto
1559 4437 1652 4491 par
1682 4424 1992 4487 lamentatio
2019 4451 2105 4492 re-

526 4500 748 4569 peritur.
775 4501 962 4556 Nonne
992 4511 1048 4557 tu
1070 4503 1161 4559 ille
1189 4519 1246 4559 es
1273 4509 1382 4575 qui,
1412 4514 1605 4578 spretis
1631 4494 1816 4591 regum
1846 4522 2025 4591 minis,
2050 4536 2103 4583 et

526 4593 860 4650 saavientium
911 4596 1261 4653 barbarorum
1294 4597 1480 4656 feralia
1530 4604 1647 4673 jura
1680 4608 2003 4685 despiciens,
2032 4620 2102 4675 si-

526 4690 631 4743 mul
664 4690 913 4759 patriam,
939 4689 1237 4761 facultates,
1285 4704 1339 4750 et
1370 4695 1589 4754 honoris
1616 4705 1967 4766 sacerdotalis
1994 4718 2102 4785 pri-

597 4830 623 4861 Α
655 4825 708 4879 In
740 4826 982 4912 catalogo
1014 4828 1398 4912 episcoporum
1426 4835 1535 4912 qui_
1544 4835 1868 4911 Carthagine
1898 4866 2097 4912 cunvc-
2128 4846 2133 4849 Χ

524 4907 722 4979 nerunt
744 4912 806 4978 ex
832 4897 1171 4979 edictoregis
1201 4897 1473 4984 Hunerici',
1501 4897 2096 4984 $acconiu'sVU—zalven's‘i;

524 4969 662 5054 inter
690 4967 1172 5054 primosrecitatur
1194 4985 1265 5054 ex_
1291 4974 1560 5038 provincia
1602 4967 2096 5054 proconsulari:

524 5039 672 5124 illum
722 5037 1007 5124 epistolam
1052 5040 1189 5124 hanc
1234 5037 1413 5124 datam
1456 5061 1575 5101 esse
1602 5037 2095 5124 puto,ern'fam

523 5109 711 5190 eodem
732 5107 942 5193 codice,
966 5111 1103 5163 sicut
1131 5118 1186 5193 et
1199 5107 1649 5193 subsequentem.
1693 5107 1775 5179 An
1791 5107 2096 5193 '{vé'raus'u‘}:

524 5179 700 5269 equina
732 5179 827 5269 legi
858 5179 1096 5269 debeat,‘
1115 5181 1359 5269 nt‘inﬁo
1383 5179 1493 5269 est,
1514 5202 1580 5243 au
1603 5179 1930 5269 .Saceonins:
1957 5179 2089 5265 iiii;

524 5248 704 5342 editi?!
729 5250 817 5342 alii
861 5249 1120 5342 juqieem,
1148 5251 1647 5342 Egllfricanis
1675 5248 1940 5342 episcopis

524 5319 744 5383 coactis,
772 5321 1070 5406 huncinter
1090 5322 1274 5406 eos_‘2_8
1296 5322 1463 5381 fuisse
1484 5331 1572 5399 qui
1604 5319 1725 5406 fuga
1744 5319 2093 5406 ἐξίξῦὧῦἦῖ

525 5399 668 5470 runt,
702 5405 841 5445 nunc
872 5390 1147 5446 discimus.
1180 5390 1697 5485 At‘cumannoﬁs'i
1724 5390 2090 5485 ςξῇἶεξξξῖξξ

525 5462 684 5560 net-Iit,
714 5474 959 5560 Sunii-Ille
985 5478 1102 5560 non
1135 5465 1304 5560 multo
1335 5473 1677 5549 postscripta
1708 5462 2092 5560 νίξιέᾶῖιῖτνθνρῖ-
2126 5488 2129 5493 ,

525 5538 658 5560 ιιΙηη
761 5546 877 5560 nun:
930 5542 995 5560 1--
1042 5548 1140 5560 “nn
1184 5549 1265 5560 Α...
1321 5547 1555 5560 Α.....ι.-..-
1694 5548 1706 5559 ι
1835 5555 1866 5560 -.

524 5531 683 5595 stola,
714 5528 884 5585 Felici
930 5533 1267 5589 tribuendam

525 5600 593 5697 ad
614 5616 807 5697 annum
832 5602 957 5685 s92,
981 5606 1226 5687 quamvis
1240 5605 1447 5697 Pelasii
1469 5600 1701 5692 nomine,
1719 5600 2083 5697 ids'ci'ib&”§iﬁ

526 5670 729 5752 Locum
755 5670 1012 5771 Ieremia!
1035 5671 1187 5771 :aqtiils
1210 5676 1371 5771 ndabit
1399 5670 1549 5751 captu
1587 5670 1688 5741 ακεά
1718 5670 2085 5771 ἆὸῖῖἁὸὶἲ

528 5751 686 5771 Διισιοιι
719 5759 768 5771 ιιι
795 5747 961 5771 ηηῖι-ΙΑ
988 5760 1011 5771 Α
1112 5761 1153 5771 n,
1253 5754 1418 5771 Λι--..μ-
1462 5753 1553 5771 ___?,
1698 5756 1701 5761 “
1813 5770 1818 5771 ,
1910 5770 1914 5771 ,

1317 5536 1730 5631 ξξξξξὶφοίῃυί.
1757 5536 2091 5631 sedi‘twusq'u'e

528 5742 1013 5829 etiat'ti‘itrepistola
1053 5747 1421 5829 sail-Petrum
1453 5742 2089 5829 cpiscopumwxn't'ioc’buia;
2132 5764 2137 5773 ’

526 5810 701 5866 attulit
747 5810 915 5869 Felix.
965 5815 1309 5875 Haesitatione
1361 5810 1533 5879 tamen
1586 5810 2095 5899 ’qhid'in‘f'ib‘éiiih";

2216 1933 2322 1974 non
2354 1919 2574 1986 latebat,
2603 1929 2659 1976 et
2684 1930 2893 1992 gestum
2921 1928 3040 1979 est!
3074 1924 3207 1981 Nam
3240 1928 3284 1983 si
3332 1928 3465 1985 nihil
3512 1933 3683 2000 aliud,
3713 1934 3819 1992 hoc

2216 2027 2379 2065 unum
2411 2013 2685 2069 dilectioni
2714 2023 2819 2071 tua:
2836 2018 3007 2086 potuit
3040 2019 3105 2074 ad
3130 2019 3246 2077 lucc
3272 2026 3627 2092 pramavenda
3654 2029 3819 2084 suffi-

2215 2117 2358 2169 cere,
2402 2119 2470 2159 ne
2525 2113 2576 2160 te
2630 2106 2842 2162 illorum
2873 2112 3238 2187 communioni
3277 2114 3556 2184 misceres,
3615 2120 3818 2189 quibus

2215 2196 2649 2252 communionem
2678 2212 2830 2253 suam
2884 2200 3100 2256 beatum
3131 2200 3347 2259 Petrum
3378 2221 3611 2263 noveras
3649 2211 3819 2269 dene-

2215 2276 2526 2355 gasse.Sed
2551 2302 2672 2342 cum
2706 2296 2760 2344 te
2789 2288 3086 2359 Scripturis
3127 2293 3410 2361 refertum,
3458 2307 3513 2353 et
3539 2300 3813 2359 catholica

2216 2378 2547 2436 institutione
2583 2382 2875 2451 pollentem
2899 2385 3246 2453 respicimus,
3284 2396 3433 2444 tanto
3482 2395 3817 2450 consolatio-

2216 2472 2300 2525 nis
2350 2472 2553 2528 exitum
2596 2489 2701 2527 non
2762 2474 3041 2546 habemus,
3075 2487 3275 2547 quanto
3330 2490 3382 2536 te
3429 2486 3816 2553 perpendimus

2217 2563 2479 2618 scientem
2536 2566 2734 2634 petisse
2777 2566 2975 2622 foedera
3033 2568 3388 2637 perditorum.
3451 2572 3579 2640 Qui:
3633 2576 3816 2647 itaque

2217 2656 2356 2710 dabit
2393 2657 2553 2726 capiti
2593 2670 2765 2713 nostra
2796 2674 3002 2729 aquam,
3033 2670 3082 2713 et
3112 2663 3270 2715 oculis
3300 2666 3487 2719 nostris
3518 2667 3712 2734 [autem
3735 2668 3815 2723 la-

2218 2766 2509 2819 crymarum
2533 2749 2747 2818 (Jercm.
2776 2766 2850 2817 lx,
2874 2752 2961 2822 l)?
2984 2770 3125 2809 nunc
3141 2771 3267 2812 vere
3288 2756 3356 2813 de
3379 2761 3553 2828 patria
3580 2776 3814 2821 conver-

2216 2843 2421 2898 satione
2446 2844 2741 2901 discessum
2766 2857 2870 2912 cst,
2905 2863 3049 2904 nunc
3074 2865 3257 2905 verum
3275 2854 3507 2910 sentitur
3525 2858 3812 2926 exsilium;

2218 2949 2340 2988 nam
2376 2934 2502 2989 illud
2533 2936 2720 2991 salutis
2750 2952 2911 2995 causa
2939 2949 3043 3007 est,
3081 2941 3181 2997 hoc
3204 2943 3394 3000 ruinze.
3428 2945 3538 3003 Nec
3568 2964 3669 3005 nos
3691 2952 3814 3009 ina-

2220 3028 2362 3081 niter
2390 3029 2440 3081 in
2470 3038 2521 3083 te
2548 3045 2653 3083 uno
2680 3033 2888 3103 perpeti
2921 3043 3115 3089 cuncta
3133 3035 3424 3104 iactamus;
3458 3054 3578 3095 cum
3606 3058 3814 3101 secun-

2217 3118 2342 3172 dum
2390 3118 2738 3189 Apostolum,
2796 3132 2853 3178 et
2916 3124 2967 3179 in
3019 3125 3307 3196 cujuslibet
3354 3132 3577 3187 membri
3633 3135 3814 3204 gloria

2135 3201 2181 3263 C
2214 3219 2403 3265 cuncta
2428 3213 2666 3267 membra
2689 3215 3083 3285 eongaudeant,
3121 3228 3175 3274 et
3219 3220 3271 3275 in
3303 3236 3623 3293 quacunque
3641 3201 3811 3297 parte

2214 3305 2456 3371 corporis
2506 3307 2762 3361 convulsa.
2808 3310 2985 3363 omnis
3032 3325 3296 3381 compago
3332 3324 3577 3372 vexetur.
3615 3317 3681 3371 Et
3711 3334 3810 3374 nos

2215 3393 2428 3465 quidem
2463 3412 2560 3464 pro
2611 3398 2805 3453 affectu
2849 3414 3004 3469 quem
3039 3401 3136 3457 tibi
3183 3403 3468 3471 debemus,
3508 3408 3809 3477 prudentia:

2216 3496 2320 3540 tum
2366 3488 2663 3542 cruciatum
2716 3500 3024 3547 nostrorum
3080 3493 3346 3550 viscerum
3390 3497 3640 3554 duximus
3684 3501 3808 3555 inti-

2215 3579 2489 3635 mandum.
2513 3581 2644 3636 Tua:
2670 3585 3018 3640 conscientia:
3050 3586 3314 3655 intererit,
3351 3592 3805 3660 quemadmodum

2212 3671 2280 3724 ab
2313 3670 2396 3726 his
2442 3672 2648 3742 laqueis
2679 3676 2924 3745 expediri
2957 3691 3064 3733 non
3109 3695 3331 3735 renuas.
3382 3682 3546 3740 Nobis
3574 3684 3717 3741 enim
3750 3690 3803 3743 in

2214 3772 2439 3833 utroque
2468 3762 2674 3819 fructus
2704 3780 2812 3821 non
2842 3783 3042 3824 vacuus
3076 3770 3201 3838 erit,
3243 3773 3286 3826 si
3318 3774 3399 3829 vel
3430 3776 3571 3845 quod
3597 3778 3805 3835 deside-

2212 3854 2305 3909 riis
2359 3856 2608 3912 omnibus
2654 3858 3031 3929 imploramus,
3063 3863 3131 3919 de
3167 3873 3270 3918 tua:
3303 3866 3515 3933 salutis,
3545 3878 3599 3923 et
3647 3870 3801 3927 fama:

2211 3951 2671 4023 redintegratione
2692 3959 3061 4026 gratulemur;
3121 3944 3205 4015 vel
3228 3961 3295 4030 si,
3341 3964 3483 4035 quod
3513 3966 3676 4035 absit,
3708 3983 3800 4023 no-

2209 4052 2319 4097 stra
2350 4044 2545 4113 scripta
2577 4049 2990 4119 contempseris,
3026 4050 3331 4122 adjuvando
3375 4054 3527 4112 fratri
3580 4059 3799 4117 minime

2210 4134 2443 4191 defuisse
2472 4136 2767 4193 videamur.

2690 4229 2934 4288 INCIPIT
2978 4234 3333 4293 EPISTOLA.

2362 4336 2516 4375 ΒΕΛΤΙ
2556 4337 2700 4376 ΡΑΡᾸΞ
2739 4338 2942 4379 θΕιΑειι
2980 4343 3047 4381 AD
3084 4343 3336 4386 ΝΑτΑιειι
3374 4348 3643 4390 ΑΒΒΔΤΕΜ.

2290 4433 2647 4489 Dilectissimo
2676 4435 2786 4493 lilio
2804 4436 2975 4493 Natali
3005 4440 3184 4497 abbati
3216 4441 3462 4501 Gelasius
3488 4448 3792 4519 episcopus.

2219 4598 2224 4604 θ
2276 4524 2529 4591 Quamvis
2561 4541 2657 4595 pro
2686 4528 2824 4583 beati
2858 4530 2998 4585 Petri
3030 4535 3264 4603 apostoli
3310 4536 3683 4596 moderamine
3700 4540 3781 4596 di-

2210 4615 2408 4671 vinitus
2437 4619 2699 4684 instituto,
2727 4635 2834 4690 quo
2854 4622 2999 4678 sedis
3027 4624 3142 4695 ejus
3168 4626 3375 4695 vicarii,
3404 4636 3512 4684 etc.

2287 4728 2460 4797 (lianc
2486 4730 2766 4800 epistolam
2800 4733 2980 4805 legere
3004 4745 3088 4792 est
3114 4738 3254 4794 inter
3282 4755 3446 4809 Opera
3474 4742 3722 4816 Gelasii.)

2211 4878 2351 4926 sum,
2384 4879 2503 4919 cum
2534 4867 2750 4951 omnino
2776 4869 3058 4951 absonum
3078 4888 3183 4928 non
3206 4876 3459 4951 _videatur
3486 4893 3517 4933 a
3556 4880 3794 4951 Gelasio,

2209 4946 2493 5020 antequam
2538 4937 2792 5020 catholici
2823 4941 3059 5020 episcopi
3092 4946 3523 5020 restituerentur,
3555 4937 3791 5020 potuisse

2208 5005 2475 5087 censor-ibi
2508 5023 2520 5058 :
2553 5008 2786 5087 obscura
2827 5005 3088 5087 siquidem
3136 5031 3304 5087 usque
3332 5018 3399 5073 ad
3425 5005 3791 5079 eam'revoca:

2208 5075 2406 5155 tionem
2433 5076 2787 5135 Gundabundi
2835 5075 2974 5150 ac'ta,
3005 5075 3234 5141 Victoris
3274 5088 3513 5155 Vitensis
3554 5075 3786 5150 Historia

2206 5145 2531 5229 llunericum
2577 5164 2696 5229 .non
2739 5145 3263 5229 pectergrediente,
3337 5145 3502 5229 atque
3556 5145 3781 5220 invicem

2203 5216 2693 5292 contradicentibus
2734 5216 2996 5292 Procopio
3026 5234 3082 5281 et
3118 5216 3324 5283 Isidoro
3355 5248 3368 5283 :
3400 5216 3471 5286 i'ta
3518 5241 3574 5287 ut
3600 5216 3785 5292 s'ér'é".

2199 5286 2350 5367 dibili
2391 5302 2495 5342 non
2526 5288 2814 5372 abhorreat
2855 5286 3023 5363 usque
3050 5296 3354 5372 adGelasii
3382 5286 3632 5372 tempora
3657 5286 3790 5362 suc-

2205 5357 2416 5432 genium
2447 5358 2692 5432 exsilium
2725 5357 3004 5420 tolerasse.
3054 5367 3282 5426 Arianos
3333 5374 3385 5427 in
3414 5357 3688 5431 Africae;
3703 5357 3783 5432 win

2203 5426 2423 5502 oriente
2447 5429 2810 5500 Eutychianos
2836 5447 3147 5501 grassantes
3170 5440 3278 5495 duo
3304 5426 3783 5502 Amiéiiiisfu'én'r'.‘

2200 5512 2301 5578 nua
2336 5497 2422 5578 hic
2444 5497 2633 5578 auctor
2653 5497 3103 5578 vocat,‘quiwmeo
3125 5512 3339 5578 quidem
3358 5497 3578 5571 calculo
3590 5497 3780 5575 cense-

2200 5567 2357 5651 hitur
2373 5568 2544 5651 Felix.
2601 5567 2898 5651 succonius
2946 5567 3783 5651 Constantinopoli"fo'tueﬂeum

2201 5639 2396 5728 Aeacio
2445 5640 2722 5724 improuida
2772 5650 3208 5728 communicavit.
3247 5639 3782 5728 “Dicitur—inerit;

2197 5716 2397 5800 mento,
2430 5720 2484 5791 ut
2505 5713 2725 5800 corrigat
2755 5731 2771 5778 ;
2807 5720 2875 5770 ita
2915 5716 2967 5798 in
2990 5723 3221 5786 concilio
3246 5724 3489 5800 Romano
3509 5729 3608 5783 aevi
3637 5713 3783 5800 ejus-

2196 5780 2316 5867 deut
2347 5795 2359 5832 :
2394 5782 2591 5864 etiamsi
2618 5780 2750 5867 forte
2790 5782 3081 5867 corrigeret,
3117 5809 3234 5863 quae
3275 5797 3421 5853 verbi
3442 5780 3780 5867 acceptio—et

2197 5848 2323 5907 alibi
2345 5853 2599 5908 occurrit.
2618 5848 2771 5911 ευρ.
2812 5848 3106 5919 Marianos.
