  <div class='ocr_page' id='page_1' title='image "/cluster/home/n/w/nwhite01/storage/ocr_20150623/58/hvd.32044073505240/546.png"; bbox 0 0 4096 6342; ppageno 0'>
   <div class='ocr_carea' id='block_1_1' title="bbox 312 341 416 400">
    <p class='ocr_par' dir='ltr' id='par_1_1' title="bbox 312 341 416 400">
     <span class='ocr_line' id='line_1_1' title="bbox 312 341 416 400; baseline -0.019 0"><span class='ocrx_word' id='word_1_1' title='bbox 312 341 416 400; x_wconf 79' lang='lat'><strong>969</strong></span> 
     </span>
    </p>
   </div>
   <div class='ocr_carea' id='block_1_2' title="bbox 857 457 1341 516">
    <p class='ocr_par' dir='ltr' id='par_1_2' title="bbox 857 457 1341 516">
     <span class='ocr_line' id='line_1_2' title="bbox 857 457 1341 516; baseline 0.002 -3"><span class='ocrx_word' id='word_1_2' title='bbox 857 457 1188 516; x_wconf 80' lang='lat' dir='ltr'><strong>EPISTOLA</strong></span> <span class='ocrx_word' id='word_1_3' title='bbox 1228 459 1341 514; x_wconf 86' lang='lat' dir='ltr'><strong>XII.</strong></span> 
     </span>
    </p>
   </div>
   <div class='ocr_carea' id='block_1_3' title="bbox 445 586 1751 631">
    <p class='ocr_par' dir='ltr' id='par_1_3' title="bbox 445 586 1751 631">
     <span class='ocr_line' id='line_1_3' title="bbox 445 586 1751 631; baseline 0.003 -4"><span class='ocrx_word' id='word_1_4' title='bbox 445 586 645 628; x_wconf 73' lang='lat' dir='ltr'><strong>FELICIS</strong></span> <span class='ocrx_word' id='word_1_5' title='bbox 683 586 739 627; x_wconf 84' lang='lat' dir='ltr'><strong>Ill</strong></span> <span class='ocrx_word' id='word_1_6' title='bbox 778 589 922 628; x_wconf 68' lang='grc' dir='ltr'><strong>ΡΑΡᾹΞ</strong></span> <span class='ocrx_word' id='word_1_7' title='bbox 960 590 1027 629; x_wconf 77' lang='grc' dir='ltr'><strong>ΑΙ)</strong></span> <span class='ocrx_word' id='word_1_8' title='bbox 1066 588 1309 629; x_wconf 72' lang='lat' dir='ltr'><strong>ZENONEII</strong></span> <span class='ocrx_word' id='word_1_9' title='bbox 1358 589 1751 631; x_wconf 67' lang='lat' dir='ltr'><strong>IIIPEBATOREN.</strong></span> 
     </span>
    </p>
   </div>
   <div class='ocr_carea' id='block_1_4' title="bbox 314 688 1886 763">
    <p class='ocr_par' dir='ltr' id='par_1_4' title="bbox 314 688 1886 763">
     <span class='ocr_line' id='line_1_4' title="bbox 314 688 1886 763; baseline 0.003 -19"><span class='ocrx_word' id='word_1_10' title='bbox 314 688 544 744; x_wconf 78' lang='lat' dir='ltr'><strong>Laudato</strong></span> <span class='ocrx_word' id='word_1_11' title='bbox 570 690 682 763; x_wconf 72' lang='lat' dir='ltr'><strong>ejus</strong></span> <span class='ocrx_word' id='word_1_12' title='bbox 711 688 897 763; x_wconf 69' lang='lat' dir='ltr'><strong>studio</strong></span> <span class='ocrx_word' id='word_1_13' title='bbox 915 689 983 763; x_wconf 53' lang='lat' dir='ltr'><strong>iit</strong></span> <span class='ocrx_word' id='word_1_14' title='bbox 995 690 1315 763; x_wconf 73' lang='lat' dir='ltr'><strong>ordinatione</strong></span> <span class='ocrx_word' id='word_1_15' title='bbox 1341 693 1458 763; x_wconf 77' lang='lat' dir='ltr'><strong>novi</strong></span> <span class='ocrx_word' id='word_1_16' title='bbox 1485 694 1726 763; x_wconf 76' lang='lat' dir='ltr'><strong>episcopi,</strong></span> <span class='ocrx_word' id='word_1_17' title='bbox 1757 695 1886 747; x_wconf 86' lang='lat' dir='ltr'><strong>hor-</strong></span> 
     </span>
    </p>
   </div>
   <div class='ocr_carea' id='block_1_5' title="bbox 383 757 1884 831">
    <p class='ocr_par' dir='ltr' id='par_1_5' title="bbox 383 757 1884 831">
     <span class='ocr_line' id='line_1_5' title="bbox 383 757 1884 831; baseline 0.005 -20"><span class='ocrx_word' id='word_1_18' title='bbox 383 769 519 813; x_wconf 87' lang='lat' dir='ltr'><strong>tatur</strong></span> <span class='ocrx_word' id='word_1_19' title='bbox 547 757 603 811; x_wconf 75' lang='lat' dir='ltr'><strong>ut</strong></span> <span class='ocrx_word' id='word_1_20' title='bbox 627 760 678 831; x_wconf 83' lang='lat' dir='ltr'><strong>in</strong></span> <span class='ocrx_word' id='word_1_21' title='bbox 706 758 899 831; x_wconf 13' lang='lat' dir='ltr'><strong>VAcacit‘</strong></span> <span class='ocrx_word' id='word_1_22' title='bbox 942 757 1180 831; x_wconf 74' lang='lat' dir='ltr'><strong>Patrique</strong></span> <span class='ocrx_word' id='word_1_23' title='bbox 1223 762 1490 815; x_wconf 75' lang='lat' dir='ltr'><strong>nominum</strong></span> <span class='ocrx_word' id='word_1_24' title='bbox 1512 757 1884 831; x_wconf 64' lang='lat' dir='ltr'><strong>&#39;dnmnatione,</strong></span> 
     </span>
    </p>
   </div>
   <div class='ocr_carea' id='block_1_6' title="bbox 382 829 1881 905">
    <p class='ocr_par' dir='ltr' id='par_1_6' title="bbox 382 829 1881 905">
     <span class='ocr_line' id='line_1_6' title="bbox 382 829 1881 905; baseline 0.005 -22"><span class='ocrx_word' id='word_1_25' title='bbox 382 831 446 883; x_wconf 85' lang='lat' dir='ltr'><strong>de</strong></span> <span class='ocrx_word' id='word_1_26' title='bbox 467 845 568 905; x_wconf 67' lang='lat' dir='ltr'><strong>qug</strong></span> <span class='ocrx_word' id='word_1_27' title='bbox 593 829 716 905; x_wconf 63' lang='lat' dir='ltr'><strong>cieri</strong></span> <span class='ocrx_word' id='word_1_28' title='bbox 735 829 887 905; x_wconf 61' lang='lat' dir='ltr'><strong>legati</strong></span> <span class='ocrx_word' id='word_1_29' title='bbox 903 830 1030 884; x_wconf 75' lang='lat' dir='ltr'><strong>nihil</strong></span> <span class='ocrx_word' id='word_1_30' title='bbox 1051 830 1148 884; x_wconf 85' lang='lat' dir='ltr'><strong>sibi</strong></span> <span class='ocrx_word' id='word_1_31' title='bbox 1170 831 1471 905; x_wconf 66' lang='lat' dir='ltr'><strong>mandatum</strong></span> <span class='ocrx_word' id='word_1_32' title='bbox 1498 829 1881 905; x_wconf 66' lang='lat' dir='ltr'><strong>responderant,</strong></span> 
     </span>
    </p>
   </div>
   <div class='ocr_carea' id='block_1_7' title="bbox 382 897 1763 956">
    <p class='ocr_par' dir='ltr' id='par_1_7' title="bbox 382 897 1763 956">
     <span class='ocr_line' id='line_1_7' title="bbox 382 897 1763 956; baseline 0.002 -2"><span class='ocrx_word' id='word_1_33' title='bbox 382 897 498 954; x_wconf 81' lang='lat' dir='ltr'><strong>cum</strong></span> <span class='ocrx_word' id='word_1_34' title='bbox 521 897 750 953; x_wconf 81' lang='lat' dir='ltr'><strong>Ecclesia</strong></span> <span class='ocrx_word' id='word_1_35' title='bbox 766 899 1001 954; x_wconf 83' lang='lat' dir='ltr'><strong>Romana</strong></span> <span class='ocrx_word' id='word_1_36' title='bbox 1021 902 1321 956; x_wconf 73' lang='lat' dir='ltr'><strong>consentiat.</strong></span> <span class='ocrx_word' id='word_1_37' title='bbox 1580 897 1590 905; x_wconf 85' lang='grc'><em>’</em></span> <span class='ocrx_word' id='word_1_38' title='bbox 1748 915 1763 923; x_wconf 64' lang='lat'><strong>“</strong></span> 
     </span>
    </p>
   </div>
   <div class='ocr_carea' id='block_1_8' title="bbox 386 1008 1126 1082">
    <p class='ocr_par' dir='ltr' id='par_1_8' title="bbox 386 1008 1126 1082">
     <span class='ocr_line' id='line_1_8' title="bbox 386 1008 1126 1082; baseline -0.001 -15"><span class='ocrx_word' id='word_1_39' title='bbox 386 1010 538 1067; x_wconf 78' lang='lat' dir='ltr'><strong>Felix</strong></span> <span class='ocrx_word' id='word_1_40' title='bbox 570 1008 772 1066; x_wconf 84' lang='lat' dir='ltr'><strong>Zenoni</strong></span> <span class='ocrx_word' id='word_1_41' title='bbox 796 1010 1126 1082; x_wconf 74' lang='lat' dir='ltr'><strong>imperatori.</strong></span> 
     </span>
    </p>
   </div>
   <div class='ocr_carea' id='block_1_9' title="bbox 386 1103 1891 1177">
    <p class='ocr_par' dir='ltr' id='par_1_9' title="bbox 386 1103 1891 1177">
     <span class='ocr_line' id='line_1_9' title="bbox 386 1103 1891 1177; baseline 0.007 -19"><span class='ocrx_word' id='word_1_42' title='bbox 386 1104 579 1173; x_wconf 82' lang='lat' dir='ltr'><strong>Dig’nas</strong></span> <span class='ocrx_word' id='word_1_43' title='bbox 608 1103 809 1160; x_wconf 86' lang='lat' dir='ltr'><strong>referre</strong></span> <span class='ocrx_word' id='word_1_44' title='bbox 841 1105 952 1161; x_wconf 89' lang='lat' dir='ltr'><strong>Deo</strong></span> <span class='ocrx_word' id='word_1_45' title='bbox 980 1114 1164 1161; x_wconf 90' lang='lat' dir='ltr'><strong>nostro</strong></span> <span class='ocrx_word' id='word_1_46' title='bbox 1191 1108 1390 1177; x_wconf 82' lang='lat' dir='ltr'><strong>gratias</strong></span> <span class='ocrx_word' id='word_1_47' title='bbox 1414 1110 1584 1166; x_wconf 90' lang='lat' dir='ltr'><strong>fateor</strong></span> <span class='ocrx_word' id='word_1_48' title='bbox 1610 1125 1763 1167; x_wconf 89' lang='lat' dir='ltr'><strong>mens</strong></span> <span class='ocrx_word' id='word_1_49' title='bbox 1792 1112 1891 1167; x_wconf 88' lang='lat' dir='ltr'><strong>hu-</strong></span> 
     </span>
    </p>
   </div>
   <div class='ocr_carea' id='block_1_10' title="bbox 311 1195 1888 1271">
    <p class='ocr_par' dir='ltr' id='par_1_10' title="bbox 311 1195 1888 1271">
     <span class='ocr_line' id='line_1_10' title="bbox 311 1195 1888 1271; baseline 0.006 -22"><span class='ocrx_word' id='word_1_50' title='bbox 311 1209 467 1250; x_wconf 88' lang='lat' dir='ltr'><strong>mana</strong></span> <span class='ocrx_word' id='word_1_51' title='bbox 498 1210 606 1251; x_wconf 89' lang='lat' dir='ltr'><strong>non</strong></span> <span class='ocrx_word' id='word_1_52' title='bbox 638 1195 857 1263; x_wconf 92' lang='lat' dir='ltr'><strong>sufﬁcit,</strong></span> <span class='ocrx_word' id='word_1_53' title='bbox 900 1197 1043 1267; x_wconf 90' lang='lat' dir='ltr'><strong>quod</strong></span> <span class='ocrx_word' id='word_1_54' title='bbox 1075 1206 1275 1253; x_wconf 89' lang='lat' dir='ltr'><strong>tantam</strong></span> <span class='ocrx_word' id='word_1_55' title='bbox 1307 1202 1581 1271; x_wconf 72' lang='lat' dir='ltr'><strong>religionis</strong></span> <span class='ocrx_word' id='word_1_56' title='bbox 1621 1218 1804 1258; x_wconf 88' lang='lat' dir='ltr'><strong>curam</strong></span> <span class='ocrx_word' id='word_1_57' title='bbox 1835 1204 1888 1259; x_wconf 91' lang='lat' dir='ltr'><strong>in</strong></span> 
     </span>
    </p>
   </div>
   <div class='ocr_carea' id='block_1_11' title="bbox 312 1286 1888 1360">
    <p class='ocr_par' dir='ltr' id='par_1_11' title="bbox 312 1286 1888 1360">
     <span class='ocr_line' id='line_1_11' title="bbox 312 1286 1888 1360; baseline 0.006 -22"><span class='ocrx_word' id='word_1_58' title='bbox 312 1293 507 1341; x_wconf 80' lang='lat' dir='ltr'><strong>vestra:</strong></span> <span class='ocrx_word' id='word_1_59' title='bbox 544 1286 760 1357; x_wconf 90' lang='lat' dir='ltr'><strong>pietatis</strong></span> <span class='ocrx_word' id='word_1_60' title='bbox 790 1286 1040 1342; x_wconf 85' lang='lat' dir='ltr'><strong>sensibus</strong></span> <span class='ocrx_word' id='word_1_61' title='bbox 1075 1287 1351 1345; x_wconf 91' lang='lat' dir='ltr'><strong>miseratio</strong></span> <span class='ocrx_word' id='word_1_62' title='bbox 1380 1289 1559 1346; x_wconf 88' lang='lat' dir='ltr'><strong>divina</strong></span> <span class='ocrx_word' id='word_1_63' title='bbox 1588 1294 1888 1360; x_wconf 74' lang='lat' dir='ltr'><strong>constituit,</strong></span> 
     </span>
    </p>
   </div>
   <div class='ocr_carea' id='block_1_12' title="bbox 316 1376 1891 1452">
    <p class='ocr_par' dir='ltr' id='par_1_12' title="bbox 316 1376 1891 1452">
     <span class='ocr_line' id='line_1_12' title="bbox 316 1376 1891 1452; baseline 0.007 -22"><span class='ocrx_word' id='word_1_64' title='bbox 316 1385 375 1430; x_wconf 93' lang='lat' dir='ltr'><strong>ut</strong></span> <span class='ocrx_word' id='word_1_65' title='bbox 399 1392 517 1431; x_wconf 91' lang='lat' dir='ltr'><strong>eam</strong></span> <span class='ocrx_word' id='word_1_66' title='bbox 548 1386 603 1431; x_wconf 91' lang='lat' dir='ltr'><strong>et</strong></span> <span class='ocrx_word' id='word_1_67' title='bbox 632 1376 896 1434; x_wconf 86' lang='lat' dir='ltr'><strong>universis</strong></span> <span class='ocrx_word' id='word_1_68' title='bbox 939 1380 1169 1450; x_wconf 88' lang='lat' dir='ltr'><strong>negotiis</strong></span> <span class='ocrx_word' id='word_1_69' title='bbox 1206 1384 1479 1452; x_wconf 86' lang='lat' dir='ltr'><strong>anteponi,</strong></span> <span class='ocrx_word' id='word_1_70' title='bbox 1518 1393 1573 1438; x_wconf 89' lang='lat' dir='ltr'><strong>et</strong></span> <span class='ocrx_word' id='word_1_71' title='bbox 1621 1385 1891 1443; x_wconf 76' lang='lat' dir='ltr'><strong>soliditate</strong></span> 
     </span>
    </p>
   </div>
   <div class='ocr_carea' id='block_1_13' title="bbox 308 1466 1887 1543">
    <p class='ocr_par' dir='ltr' id='par_1_13' title="bbox 308 1466 1887 1543">
     <span class='ocr_line' id='line_1_13' title="bbox 308 1466 1887 1543; baseline 0.007 -22"><span class='ocrx_word' id='word_1_72' title='bbox 308 1466 621 1534; x_wconf 65' lang='lat' dir='ltr'><strong>reipublicae</strong></span> <span class='ocrx_word' id='word_1_73' title='bbox 640 1466 927 1533; x_wconf 86' lang='lat' dir='ltr'><strong>contineri,</strong></span> <span class='ocrx_word' id='word_1_74' title='bbox 950 1484 1109 1537; x_wconf 89' lang='lat' dir='ltr'><strong>quam</strong></span> <span class='ocrx_word' id='word_1_75' title='bbox 1142 1473 1402 1526; x_wconf 85' lang='lat' dir='ltr'><strong>veraciter</strong></span> <span class='ocrx_word' id='word_1_76' title='bbox 1427 1472 1752 1543; x_wconf 78' lang='lat' dir='ltr'><strong>Christiano,</strong></span> <span class='ocrx_word' id='word_1_77' title='bbox 1781 1487 1887 1532; x_wconf 87' lang='lat' dir='ltr'><strong>tam</strong></span> 
     </span>
    </p>
   </div>
   <div class='ocr_carea' id='block_1_14' title="bbox 310 1558 1889 1637">
    <p class='ocr_par' dir='ltr' id='par_1_14' title="bbox 310 1558 1889 1637">
     <span class='ocr_line' id='line_1_14' title="bbox 310 1558 1889 1637; baseline 0.009 -26"><span class='ocrx_word' id='word_1_78' title='bbox 310 1566 537 1628; x_wconf 85' lang='lat' dir='ltr'><strong>augusto</strong></span> <span class='ocrx_word' id='word_1_79' title='bbox 554 1558 756 1628; x_wconf 90' lang='lat' dir='ltr'><strong>judicio</strong></span> <span class='ocrx_word' id='word_1_80' title='bbox 785 1563 1107 1628; x_wconf 88' lang='lat' dir='ltr'><strong>ecnseretis,</strong></span> <span class='ocrx_word' id='word_1_81' title='bbox 1129 1563 1252 1631; x_wconf 84' lang='lat' dir='ltr'><strong>quia</strong></span> <span class='ocrx_word' id='word_1_82' title='bbox 1284 1579 1477 1620; x_wconf 91' lang='lat' dir='ltr'><strong>revera</strong></span> <span class='ocrx_word' id='word_1_83' title='bbox 1511 1568 1889 1637; x_wconf 87' lang='lat' dir='ltr'><strong>propitiationc</strong></span> 
     </span>
    </p>
   </div>
   <div class='ocr_carea' id='block_1_15' title="bbox 312 1650 1887 1727">
    <p class='ocr_par' dir='ltr' id='par_1_15' title="bbox 312 1650 1887 1727">
     <span class='ocr_line' id='line_1_15' title="bbox 312 1650 1887 1727; baseline 0.008 -23"><span class='ocrx_word' id='word_1_84' title='bbox 312 1651 519 1706; x_wconf 77' lang='lat' dir='ltr'><strong>ctelesti</strong></span> <span class='ocrx_word' id='word_1_85' title='bbox 545 1664 723 1705; x_wconf 90' lang='lat' dir='ltr'><strong>rerum</strong></span> <span class='ocrx_word' id='word_1_86' title='bbox 747 1650 993 1707; x_wconf 85' lang='lat' dir='ltr'><strong>subsistit</strong></span> <span class='ocrx_word' id='word_1_87' title='bbox 1030 1654 1370 1711; x_wconf 77' lang='lat' dir='ltr'><strong>universitas.</strong></span> <span class='ocrx_word' id='word_1_88' title='bbox 1402 1657 1477 1711; x_wconf 82' lang='lat' dir='ltr'><strong>Ex</strong></span> <span class='ocrx_word' id='word_1_89' title='bbox 1523 1672 1624 1727; x_wconf 86' lang='lat' dir='ltr'><strong>qua</strong></span> <span class='ocrx_word' id='word_1_90' title='bbox 1657 1660 1887 1716; x_wconf 85' lang='lat' dir='ltr'><strong>mirabili</strong></span> 
     </span>
    </p>
   </div>
   <div class='ocr_carea' id='block_1_16' title="bbox 242 1744 1890 1822">
    <p class='ocr_par' dir='ltr' id='par_1_16' title="bbox 242 1744 1890 1822">
     <span class='ocr_line' id='line_1_16' title="bbox 242 1744 1890 1822; baseline 0.008 -26"><span class='ocrx_word' id='word_1_91' title='bbox 242 1804 245 1807; x_wconf 24' lang='grc' dir='ltr'>λ</span> <span class='ocrx_word' id='word_1_92' title='bbox 309 1744 597 1799; x_wconf 79' lang='lat' dir='ltr'><strong>devotione</strong></span> <span class='ocrx_word' id='word_1_93' title='bbox 642 1753 832 1800; x_wconf 81' lang='lat' dir='ltr'><strong>vestrae</strong></span> <span class='ocrx_word' id='word_1_94' title='bbox 885 1747 1186 1801; x_wconf 82' lang='lat' dir='ltr'><strong>clementiae</strong></span> <span class='ocrx_word' id='word_1_95' title='bbox 1250 1749 1577 1817; x_wconf 85' lang='lat' dir='ltr'><strong>processisse</strong></span> <span class='ocrx_word' id='word_1_96' title='bbox 1624 1766 1890 1822; x_wconf 76' lang='lat' dir='ltr'><strong>cognosco</strong></span> 
     </span>
    </p>
   </div>
   <div class='ocr_carea' id='block_1_17' title="bbox 1444 344 2367 409">
    <p class='ocr_par' dir='ltr' id='par_1_17' title="bbox 1444 344 2367 409">
     <span class='ocr_line' id='line_1_17' title="bbox 1444 344 2367 409; baseline -0.008 0"><span class='ocrx_word' id='word_1_97' title='bbox 1444 401 1451 409; x_wconf 91' lang='lat'><strong>.</strong></span> <span class='ocrx_word' id='word_1_98' title='bbox 1512 344 1863 403; x_wconf 62' lang='lat' dir='ltr'><strong>EPISTOLA‘Z</strong></span> <span class='ocrx_word' id='word_1_99' title='bbox 1901 346 1987 403; x_wconf 83' lang='grc' dir='ltr'><strong>ΕΤ</strong></span> <span class='ocrx_word' id='word_1_100' title='bbox 2027 346 2367 404; x_wconf 74' lang='lat' dir='ltr'><strong>DECRETA.</strong></span> 
     </span>
    </p>
   </div>
   <div class='ocr_carea' id='block_1_18' title="bbox 1918 461 3575 539">
    <p class='ocr_par' dir='ltr' id='par_1_18' title="bbox 1918 461 3575 539">
     <span class='ocr_line' id='line_1_18' title="bbox 1918 461 3575 539; baseline 0.009 -24"><span class='ocrx_word' id='word_1_101' title='bbox 1918 466 1966 524; x_wconf 78' lang='grc' dir='ltr'><strong>Α</strong></span> <span class='ocrx_word' id='word_1_102' title='bbox 1998 463 2091 516; x_wconf 87' lang='lat' dir='ltr'><strong>tio.</strong></span> <span class='ocrx_word' id='word_1_103' title='bbox 2141 461 2443 533; x_wconf 85' lang='lat' dir='ltr'><strong>Puramque</strong></span> <span class='ocrx_word' id='word_1_104' title='bbox 2480 464 2668 522; x_wconf 87' lang='lat' dir='ltr'><strong>volens</strong></span> <span class='ocrx_word' id='word_1_105' title='bbox 2712 481 2833 522; x_wconf 90' lang='lat' dir='ltr'><strong>eum</strong></span> <span class='ocrx_word' id='word_1_106' title='bbox 2879 482 2945 524; x_wconf 87' lang='lat' dir='ltr'><strong>eo</strong></span> <span class='ocrx_word' id='word_1_107' title='bbox 2978 482 3066 539; x_wconf 73' lang='lat' dir='ltr'><strong>qui</strong></span> <span class='ocrx_word' id='word_1_108' title='bbox 3100 470 3333 538; x_wconf 81' lang='lat' dir='ltr'><strong>pontifex</strong></span> <span class='ocrx_word' id='word_1_109' title='bbox 3360 481 3575 530; x_wconf 80' lang='lat' dir='ltr'><strong>crcatus</strong></span> 
     </span>
    </p>
   </div>
   <div class='ocr_carea' id='block_1_19' title="bbox 3467 356 3573 414">
    <p class='ocr_par' dir='ltr' id='par_1_19' title="bbox 3467 356 3573 414">
     <span class='ocr_line' id='line_1_19' title="bbox 3467 356 3573 414; baseline 0.028 -3"><span class='ocrx_word' id='word_1_110' title='bbox 3467 356 3573 414; x_wconf 80' lang='lat'><strong>910</strong></span> 
     </span>
    </p>
   </div>
   <div class='ocr_carea' id='block_1_20' title="bbox 1994 555 3577 636">
    <p class='ocr_par' dir='ltr' id='par_1_20' title="bbox 1994 555 3577 636">
     <span class='ocr_line' id='line_1_20' title="bbox 1994 555 3577 636; baseline 0.012 -31"><span class='ocrx_word' id='word_1_111' title='bbox 1994 555 2253 610; x_wconf 87' lang='lat' dir='ltr'><strong>asseritur</strong></span> <span class='ocrx_word' id='word_1_112' title='bbox 2283 555 2420 610; x_wconf 91' lang='lat' dir='ltr'><strong>inire</strong></span> <span class='ocrx_word' id='word_1_113' title='bbox 2450 556 2817 626; x_wconf 82' lang='lat' dir='ltr'><strong>concordiam,</strong></span> <span class='ocrx_word' id='word_1_114' title='bbox 2855 560 3040 628; x_wconf 64' lang='lat' dir='ltr'><strong>gloria:</strong></span> <span class='ocrx_word' id='word_1_115' title='bbox 3065 574 3259 619; x_wconf 74' lang='lat' dir='ltr'><strong>vestra:</strong></span> <span class='ocrx_word' id='word_1_116' title='bbox 3286 580 3577 636; x_wconf 72' lang='lat' dir='ltr'><strong>suggerere</strong></span> 
     </span>
    </p>
   </div>
   <div class='ocr_carea' id='block_1_21' title="bbox 1993 644 3575 727">
    <p class='ocr_par' dir='ltr' id='par_1_21' title="bbox 1993 644 3575 727">
     <span class='ocr_line' id='line_1_21' title="bbox 1993 644 3575 727; baseline 0.013 -30"><span class='ocrx_word' id='word_1_117' title='bbox 1993 644 2313 712; x_wconf 82' lang='lat' dir='ltr'><strong>properavi,</strong></span> <span class='ocrx_word' id='word_1_118' title='bbox 2356 653 2411 700; x_wconf 92' lang='lat' dir='ltr'><strong>ut</strong></span> <span class='ocrx_word' id='word_1_119' title='bbox 2452 647 2585 702; x_wconf 87' lang='lat' dir='ltr'><strong>nihil</strong></span> <span class='ocrx_word' id='word_1_120' title='bbox 2637 650 2874 706; x_wconf 85' lang='lat' dir='ltr'><strong>residere</strong></span> <span class='ocrx_word' id='word_1_121' title='bbox 2921 653 3195 719; x_wconf 85' lang='lat' dir='ltr'><strong>patiamini</strong></span> <span class='ocrx_word' id='word_1_122' title='bbox 3251 672 3359 727; x_wconf 92' lang='lat' dir='ltr'><strong>quo</strong></span> <span class='ocrx_word' id='word_1_123' title='bbox 3397 660 3575 717; x_wconf 86' lang='lat' dir='ltr'><strong>denuo</strong></span> 
     </span>
    </p>
   </div>
   <div class='ocr_carea' id='block_1_22' title="bbox 1991 736 3574 824">
    <p class='ocr_par' dir='ltr' id='par_1_22' title="bbox 1991 736 3574 824">
     <span class='ocr_line' id='line_1_22' title="bbox 1991 736 3574 824; baseline 0.013 -35"><span class='ocrx_word' id='word_1_124' title='bbox 1991 736 2286 808; x_wconf 83' lang='lat' dir='ltr'><strong>quidquam</strong></span> <span class='ocrx_word' id='word_1_125' title='bbox 2319 739 2492 794; x_wconf 83' lang='lat' dir='ltr'><strong>valeat</strong></span> <span class='ocrx_word' id='word_1_126' title='bbox 2518 740 2875 799; x_wconf 78' lang='lat' dir='ltr'><strong>dissensionis</strong></span> <span class='ocrx_word' id='word_1_127' title='bbox 2917 745 3140 802; x_wconf 92' lang='lat' dir='ltr'><strong>oboriri.</strong></span> <span class='ocrx_word' id='word_1_128' title='bbox 3173 749 3306 817; x_wconf 88' lang='lat' dir='ltr'><strong>Quia</strong></span> <span class='ocrx_word' id='word_1_129' title='bbox 3326 751 3452 807; x_wconf 93' lang='lat' dir='ltr'><strong>dum</strong></span> <span class='ocrx_word' id='word_1_130' title='bbox 3476 769 3574 824; x_wconf 87' lang='lat' dir='ltr'><strong>per</strong></span> 
     </span>
    </p>
   </div>
   <div class='ocr_carea' id='block_1_23' title="bbox 1991 826 3574 905">
    <p class='ocr_par' dir='ltr' id='par_1_23' title="bbox 1991 826 3574 905">
     <span class='ocr_line' id='line_1_23' title="bbox 1991 826 3574 905; baseline 0.013 -25"><span class='ocrx_word' id='word_1_131' title='bbox 1991 826 2255 898; x_wconf 80' lang='lat' dir='ltr'><strong>synodum</strong></span> <span class='ocrx_word' id='word_1_132' title='bbox 2282 826 2800 901; x_wconf 89' lang='lat' dir='ltr'><strong>Chalcedonensem,</strong></span> <span class='ocrx_word' id='word_1_133' title='bbox 2846 850 3006 905; x_wconf 89' lang='lat' dir='ltr'><strong>quam</strong></span> <span class='ocrx_word' id='word_1_134' title='bbox 3054 853 3113 893; x_wconf 88' lang='lat' dir='ltr'><strong>se</strong></span> <span class='ocrx_word' id='word_1_135' title='bbox 3135 838 3336 895; x_wconf 89' lang='lat' dir='ltr'><strong>dudum</strong></span> <span class='ocrx_word' id='word_1_136' title='bbox 3377 842 3574 901; x_wconf 90' lang='lat' dir='ltr'><strong>litteris</strong></span> 
     </span>
    </p>
   </div>
   <div class='ocr_carea' id='block_1_24' title="bbox 1992 917 3576 1005">
    <p class='ocr_par' dir='ltr' id='par_1_24' title="bbox 1992 917 3576 1005">
     <span class='ocr_line' id='line_1_24' title="bbox 1992 917 3576 1005; baseline 0.013 -33"><span class='ocrx_word' id='word_1_137' title='bbox 1992 917 2291 988; x_wconf 88' lang='lat' dir='ltr'><strong>designavit</strong></span> <span class='ocrx_word' id='word_1_138' title='bbox 2310 928 2399 974; x_wconf 85' lang='lat' dir='ltr'><strong>tua</strong></span> <span class='ocrx_word' id='word_1_139' title='bbox 2450 922 2731 979; x_wconf 90' lang='lat' dir='ltr'><strong>clementia</strong></span> <span class='ocrx_word' id='word_1_140' title='bbox 2753 930 3038 994; x_wconf 83' lang='lat' dir='ltr'><strong>venerari,</strong></span> <span class='ocrx_word' id='word_1_141' title='bbox 3070 929 3363 1001; x_wconf 87' lang='lat' dir='ltr'><strong>Eutychem</strong></span> <span class='ocrx_word' id='word_1_142' title='bbox 3414 943 3576 1005; x_wconf 84' lang='lat' dir='ltr'><strong>atque</strong></span> 
     </span>
    </p>
   </div>
   <div class='ocr_carea' id='block_1_25' title="bbox 1993 1007 3571 1086">
    <p class='ocr_par' dir='ltr' id='par_1_25' title="bbox 1993 1007 3571 1086">
     <span class='ocr_line' id='line_1_25' title="bbox 1993 1007 3571 1086; baseline 0.014 -25"><span class='ocrx_word' id='word_1_143' title='bbox 1993 1007 2306 1064; x_wconf 87' lang='lat' dir='ltr'><strong>Dioscorum</strong></span> <span class='ocrx_word' id='word_1_144' title='bbox 2337 1020 2548 1068; x_wconf 70' lang='lat' dir='ltr'><strong>consmt</strong></span> <span class='ocrx_word' id='word_1_145' title='bbox 2591 1029 2712 1070; x_wconf 88' lang='lat' dir='ltr'><strong>esse</strong></span> <span class='ocrx_word' id='word_1_146' title='bbox 2751 1015 3050 1086; x_wconf 90' lang='lat' dir='ltr'><strong>damnatos,</strong></span> <span class='ocrx_word' id='word_1_147' title='bbox 3094 1030 3360 1079; x_wconf 90' lang='lat' dir='ltr'><strong>eteorum</strong></span> <span class='ocrx_word' id='word_1_148' title='bbox 3400 1036 3571 1082; x_wconf 88' lang='lat' dir='ltr'><strong>secta-</strong></span> 
     </span>
    </p>
   </div>
   <div class='ocr_carea' id='block_1_26' title="bbox 1994 1100 3574 1189">
    <p class='ocr_par' dir='ltr' id='par_1_26' title="bbox 1994 1100 3574 1189">
     <span class='ocr_line' id='line_1_26' title="bbox 1994 1100 3574 1189; baseline 0.013 -36"><span class='ocrx_word' id='word_1_149' title='bbox 1994 1107 2139 1155; x_wconf 90' lang='lat' dir='ltr'><strong>tores</strong></span> <span class='ocrx_word' id='word_1_150' title='bbox 2169 1100 2409 1170; x_wconf 87' lang='lat' dir='ltr'><strong>plurimis</strong></span> <span class='ocrx_word' id='word_1_151' title='bbox 2440 1102 2648 1161; x_wconf 87' lang='lat' dir='ltr'><strong>illarum</strong></span> <span class='ocrx_word' id='word_1_152' title='bbox 2672 1106 2895 1175; x_wconf 89' lang='lat' dir='ltr'><strong>partium</strong></span> <span class='ocrx_word' id='word_1_153' title='bbox 2912 1109 3245 1168; x_wconf 88' lang='lat' dir='ltr'><strong>documentis</strong></span> <span class='ocrx_word' id='word_1_154' title='bbox 3261 1113 3574 1189; x_wconf 84' lang='lat' dir='ltr'><strong>Timotheus</strong></span> 
     </span>
    </p>
   </div>
   <div class='ocr_carea' id='block_1_27' title="bbox 1992 1190 3564 1272">
    <p class='ocr_par' dir='ltr' id='par_1_27' title="bbox 1992 1190 3564 1272">
     <span class='ocr_line' id='line_1_27' title="bbox 1992 1190 3564 1272; baseline 0.013 -28"><span class='ocrx_word' id='word_1_155' title='bbox 1992 1198 2049 1244; x_wconf 92' lang='lat' dir='ltr'><strong>ct</strong></span> <span class='ocrx_word' id='word_1_156' title='bbox 2078 1190 2270 1245; x_wconf 83' lang='lat' dir='ltr'><strong>Petrus</strong></span> <span class='ocrx_word' id='word_1_157' title='bbox 2298 1193 2573 1249; x_wconf 80' lang='lat' dir='ltr'><strong>exstitisse</strong></span> <span class='ocrx_word' id='word_1_158' title='bbox 2602 1206 2988 1266; x_wconf 76' lang='lat' dir='ltr'><strong>monstrantur,</strong></span> <span class='ocrx_word' id='word_1_159' title='bbox 3028 1210 3186 1272; x_wconf 90' lang='lat' dir='ltr'><strong>atque</strong></span> <span class='ocrx_word' id='word_1_160' title='bbox 3217 1218 3403 1261; x_wconf 89' lang='lat' dir='ltr'><strong>eorum</strong></span> <span class='ocrx_word' id='word_1_161' title='bbox 3425 1221 3564 1265; x_wconf 86' lang='lat' dir='ltr'><strong>cout-</strong></span> 
     </span>
    </p>
   </div>
   <div class='ocr_carea' id='block_1_28' title="bbox 1994 1282 3569 1369">
    <p class='ocr_par' dir='ltr' id='par_1_28' title="bbox 1994 1282 3569 1369">
     <span class='ocr_line' id='line_1_28' title="bbox 1994 1282 3569 1369; baseline 0.013 -34"><span class='ocrx_word' id='word_1_162' title='bbox 1994 1282 2303 1339; x_wconf 89' lang='lat' dir='ltr'><strong>munionem</strong></span> <span class='ocrx_word' id='word_1_163' title='bbox 2331 1323 2346 1348; x_wconf 88' lang='lat'><strong>,</strong></span> <span class='ocrx_word' id='word_1_164' title='bbox 2398 1286 2606 1342; x_wconf 90' lang='lat' dir='ltr'><strong>etiamsi</strong></span> <span class='ocrx_word' id='word_1_165' title='bbox 2657 1290 3012 1359; x_wconf 76' lang='lat' dir='ltr'><strong>prohibitam,</strong></span> <span class='ocrx_word' id='word_1_166' title='bbox 3053 1305 3269 1352; x_wconf 90' lang='lat' dir='ltr'><strong>secutus</strong></span> <span class='ocrx_word' id='word_1_167' title='bbox 3310 1298 3569 1369; x_wconf 82' lang='lat' dir='ltr'><strong>Aeacius,</strong></span> 
     </span>
    </p>
   </div>
   <div class='ocr_carea' id='block_1_29' title="bbox 1990 1375 3570 1449">
    <p class='ocr_par' dir='ltr' id='par_1_29' title="bbox 1990 1375 3570 1449">
     <span class='ocr_line' id='line_1_29' title="bbox 1990 1375 3570 1449; baseline 0.016 -24"><span class='ocrx_word' id='word_1_168' title='bbox 1990 1387 2127 1443; x_wconf 88' lang='lat' dir='ltr'><strong>quos</strong></span> <span class='ocrx_word' id='word_1_169' title='bbox 2150 1375 2266 1443; x_wconf 87' lang='lat' dir='ltr'><strong>ipse</strong></span> <span class='ocrx_word' id='word_1_170' title='bbox 2286 1376 2527 1446; x_wconf 85' lang='lat' dir='ltr'><strong>epistolis</strong></span> <span class='ocrx_word' id='word_1_171' title='bbox 2551 1379 2663 1434; x_wconf 87' lang='lat' dir='ltr'><strong>suis</strong></span> <span class='ocrx_word' id='word_1_172' title='bbox 2683 1380 2967 1439; x_wconf 69' lang='lat' dir='ltr'><strong>haereticos</strong></span> <span class='ocrx_word' id='word_1_173' title='bbox 2986 1385 3198 1442; x_wconf 82' lang='lat' dir='ltr'><strong>dixerat</strong></span> <span class='ocrx_word' id='word_1_174' title='bbox 3214 1403 3334 1445; x_wconf 90' lang='lat' dir='ltr'><strong>esse</strong></span> <span class='ocrx_word' id='word_1_175' title='bbox 3354 1390 3570 1449; x_wconf 83' lang='lat' dir='ltr'><strong>damna-</strong></span> 
     </span>
    </p>
   </div>
   <div class='ocr_carea' id='block_1_30' title="bbox 1994 1468 3570 1555">
    <p class='ocr_par' dir='ltr' id='par_1_30' title="bbox 1994 1468 3570 1555">
     <span class='ocr_line' id='line_1_30' title="bbox 1994 1468 3570 1555; baseline 0.012 -37"><span class='ocrx_word' id='word_1_176' title='bbox 1994 1473 2078 1518; x_wconf 84' lang='lat' dir='ltr'><strong>tos</strong></span> <span class='ocrx_word' id='word_1_177' title='bbox 2112 1484 2124 1519; x_wconf 90' lang='lat'><strong>:</strong></span> <span class='ocrx_word' id='word_1_178' title='bbox 2153 1469 2415 1522; x_wconf 80' lang='lat' dir='ltr'><strong>sententia</strong></span> <span class='ocrx_word' id='word_1_179' title='bbox 2443 1468 2585 1525; x_wconf 89' lang='lat' dir='ltr'><strong>illius</strong></span> <span class='ocrx_word' id='word_1_180' title='bbox 2639 1473 2850 1529; x_wconf 89' lang='lat' dir='ltr'><strong>concilii</strong></span> <span class='ocrx_word' id='word_1_181' title='bbox 2895 1477 3283 1537; x_wconf 86' lang='lat' dir='ltr'><strong>convincuntur</strong></span> <span class='ocrx_word' id='word_1_182' title='bbox 3325 1484 3570 1555; x_wconf 88' lang='lat' dir='ltr'><strong>astringi,</strong></span> 
     </span>
    </p>
   </div>
   <div class='ocr_carea' id='block_1_31' title="bbox 1990 1557 3559 1643">
    <p class='ocr_par' dir='ltr' id='par_1_31' title="bbox 1990 1557 3559 1643">
     <span class='ocr_line' id='line_1_31' title="bbox 1990 1557 3559 1643; baseline 0.014 -33"><span class='ocrx_word' id='word_1_183' title='bbox 1990 1566 2046 1611; x_wconf 88' lang='lat' dir='ltr'><strong>et</strong></span> <span class='ocrx_word' id='word_1_184' title='bbox 2076 1557 2128 1613; x_wconf 91' lang='lat' dir='ltr'><strong>in</strong></span> <span class='ocrx_word' id='word_1_185' title='bbox 2159 1558 2394 1629; x_wconf 86' lang='lat' dir='ltr'><strong>ipsorum</strong></span> <span class='ocrx_word' id='word_1_186' title='bbox 2426 1577 2638 1631; x_wconf 77' lang='lat' dir='ltr'><strong>pmnam</strong></span> <span class='ocrx_word' id='word_1_187' title='bbox 2673 1567 2865 1623; x_wconf 90' lang='lat' dir='ltr'><strong>merito</strong></span> <span class='ocrx_word' id='word_1_188' title='bbox 2899 1569 3173 1639; x_wconf 86' lang='lat' dir='ltr'><strong>recidisse,</strong></span> <span class='ocrx_word' id='word_1_189' title='bbox 3207 1589 3431 1643; x_wconf 89' lang='lat' dir='ltr'><strong>quorum</strong></span> <span class='ocrx_word' id='word_1_190' title='bbox 3463 1577 3559 1632; x_wconf 46' lang='lat' dir='ltr'><strong>cle.</strong></span> 
     </span>
    </p>
   </div>
   <div class='ocr_carea' id='block_1_32' title="bbox 1989 1652 3571 1726">
    <p class='ocr_par' dir='ltr' id='par_1_32' title="bbox 1989 1652 3571 1726">
     <span class='ocr_line' id='line_1_32' title="bbox 1989 1652 3571 1726; baseline 0.015 -24"><span class='ocrx_word' id='word_1_191' title='bbox 1989 1663 2117 1717; x_wconf 86' lang='lat' dir='ltr'><strong>gere</strong></span> <span class='ocrx_word' id='word_1_192' title='bbox 2150 1652 2481 1707; x_wconf 83' lang='lat' dir='ltr'><strong>consortium</strong></span> <span class='ocrx_word' id='word_1_193' title='bbox 2519 1655 2701 1712; x_wconf 86' lang='lat' dir='ltr'><strong>:sicut</strong></span> <span class='ocrx_word' id='word_1_194' title='bbox 2730 1658 2781 1712; x_wconf 93' lang='lat' dir='ltr'><strong>in</strong></span> <span class='ocrx_word' id='word_1_195' title='bbox 2826 1662 3035 1716; x_wconf 63' lang='lat' dir='ltr'><strong>exteris</strong></span> <span class='ocrx_word' id='word_1_196' title='bbox 3088 1662 3383 1722; x_wconf 74' lang='lat' dir='ltr'><strong>Interesibus</strong></span> <span class='ocrx_word' id='word_1_197' title='bbox 3434 1668 3571 1726; x_wconf 86' lang='lat' dir='ltr'><strong>facta</strong></span> 
     </span>
    </p>
   </div>
   <div class='ocr_carea' id='block_1_33' title="bbox 1990 1741 3571 1817">
    <p class='ocr_par' dir='ltr' id='par_1_33' title="bbox 1990 1741 3571 1817">
     <span class='ocr_line' id='line_1_33' title="bbox 1990 1741 3571 1817; baseline 0.016 -24"><span class='ocrx_word' id='word_1_198' title='bbox 1990 1741 2156 1797; x_wconf 86' lang='lat' dir='ltr'><strong>semel</strong></span> <span class='ocrx_word' id='word_1_199' title='bbox 2182 1744 2422 1813; x_wconf 78' lang='lat' dir='ltr'><strong>synodus</strong></span> <span class='ocrx_word' id='word_1_200' title='bbox 2459 1746 2650 1814; x_wconf 87' lang='lat' dir='ltr'><strong>abjecti</strong></span> <span class='ocrx_word' id='word_1_201' title='bbox 2695 1751 2981 1817; x_wconf 83' lang='lat' dir='ltr'><strong>cujuslibet</strong></span> <span class='ocrx_word' id='word_1_202' title='bbox 3016 1757 3217 1811; x_wconf 87' lang='lat' dir='ltr'><strong>erroris</strong></span> <span class='ocrx_word' id='word_1_203' title='bbox 3238 1769 3459 1816; x_wconf 82' lang='lat' dir='ltr'><strong>cunctos</strong></span> <span class='ocrx_word' id='word_1_204' title='bbox 3482 1778 3571 1817; x_wconf 88' lang='lat' dir='ltr'><strong>sc-</strong></span> 
     </span>
    </p>
   </div>
   <div class='ocr_carea' id='block_1_34' title="bbox 312 1832 1885 1922">
    <p class='ocr_par' dir='ltr' id='par_1_34' title="bbox 312 1834 1885 1905">
     <span class='ocr_line' id='line_1_34' title="bbox 312 1834 1885 1905; baseline 0.007 -17"><span class='ocrx_word' id='word_1_205' title='bbox 312 1834 567 1905; x_wconf 88' lang='lat' dir='ltr'><strong>quidquid</strong></span> <span class='ocrx_word' id='word_1_206' title='bbox 591 1849 687 1904; x_wconf 89' lang='lat' dir='ltr'><strong>pro</strong></span> <span class='ocrx_word' id='word_1_207' title='bbox 712 1834 878 1891; x_wconf 87' lang='lat' dir='ltr'><strong>divini</strong></span> <span class='ocrx_word' id='word_1_208' title='bbox 903 1838 1079 1892; x_wconf 91' lang='lat' dir='ltr'><strong>cultus</strong></span> <span class='ocrx_word' id='word_1_209' title='bbox 1096 1839 1396 1894; x_wconf 81' lang='lat' dir='ltr'><strong>reverentia</strong></span> <span class='ocrx_word' id='word_1_210' title='bbox 1421 1840 1721 1897; x_wconf 88' lang='lat' dir='ltr'><strong>celebratus</strong></span> <span class='ocrx_word' id='word_1_211' title='bbox 1743 1853 1885 1899; x_wconf 88' lang='lat' dir='ltr'><strong>tran-</strong></span> 
     </span>
    </p>
   </div>
   <div class='ocr_carea' id='block_1_35' title="bbox 1987 1832 3572 1922">
    <p class='ocr_par' dir='ltr' id='par_1_35' title="bbox 1994 1840 3572 1922">
     <span class='ocr_line' id='line_1_35' title="bbox 1994 1840 3572 1922; baseline 0.015 -37"><span class='ocrx_word' id='word_1_212' title='bbox 1994 1846 2189 1900; x_wconf 91' lang='lat' dir='ltr'><strong>quaees</strong></span> <span class='ocrx_word' id='word_1_213' title='bbox 2220 1848 2616 1907; x_wconf 86' lang='lat' dir='ltr'><strong>consequenter</strong></span> <span class='ocrx_word' id='word_1_214' title='bbox 2653 1840 2893 1898; x_wconf 80' lang='lat' dir='ltr'><strong>involvit.</strong></span> <span class='ocrx_word' id='word_1_215' title='bbox 2920 1845 3129 1921; x_wconf 68' lang='lat' dir='ltr'><strong>Quaeso</strong></span> <span class='ocrx_word' id='word_1_216' title='bbox 3168 1850 3344 1919; x_wconf 85' lang='lat' dir='ltr'><strong>igitur,</strong></span> <span class='ocrx_word' id='word_1_217' title='bbox 3376 1854 3572 1922; x_wconf 86' lang='lat' dir='ltr'><strong>glorio-</strong></span> 
     </span>
    </p>
   </div>
   <div class='ocr_carea' id='block_1_36' title="bbox 313 1925 1888 2000">
    <p class='ocr_par' dir='ltr' id='par_1_36' title="bbox 313 1925 1888 2000">
     <span class='ocr_line' id='line_1_36' title="bbox 313 1925 1888 2000; baseline 0.007 -20"><span class='ocrx_word' id='word_1_218' title='bbox 313 1925 597 1995; x_wconf 87' lang='lat' dir='ltr'><strong>quillitatis</strong></span> <span class='ocrx_word' id='word_1_219' title='bbox 633 1935 825 1983; x_wconf 79' lang='lat' dir='ltr'><strong>vestrae</strong></span> <span class='ocrx_word' id='word_1_220' title='bbox 863 1942 1043 1983; x_wconf 90' lang='lat' dir='ltr'><strong>sermo</strong></span> <span class='ocrx_word' id='word_1_221' title='bbox 1068 1929 1426 2000; x_wconf 86' lang='lat' dir='ltr'><strong>deprompsit.</strong></span> <span class='ocrx_word' id='word_1_222' title='bbox 1459 1932 1529 1988; x_wconf 91' lang='lat' dir='ltr'><strong>Ut</strong></span> <span class='ocrx_word' id='word_1_223' title='bbox 1554 1933 1763 1990; x_wconf 88' lang='lat' dir='ltr'><strong>scilicet</strong></span> <span class='ocrx_word' id='word_1_224' title='bbox 1782 1936 1888 1990; x_wconf 80' lang='lat' dir='ltr'><strong>fir-</strong></span> 
     </span>
    </p>
   </div>
   <div class='ocr_carea' id='block_1_37' title="bbox 310 2016 1890 2089">
    <p class='ocr_par' dir='ltr' id='par_1_37' title="bbox 310 2016 1890 2089">
     <span class='ocr_line' id='line_1_37' title="bbox 310 2016 1890 2089; baseline 0.006 -17"><span class='ocrx_word' id='word_1_225' title='bbox 310 2032 461 2073; x_wconf 84' lang='lat' dir='ltr'><strong>mare</strong></span> <span class='ocrx_word' id='word_1_226' title='bbox 489 2016 768 2073; x_wconf 70' lang='lat' dir='ltr'><strong>catholica:</strong></span> <span class='ocrx_word' id='word_1_227' title='bbox 812 2017 931 2073; x_wconf 85' lang='lat' dir='ltr'><strong>ﬁdei</strong></span> <span class='ocrx_word' id='word_1_228' title='bbox 954 2021 1247 2088; x_wconf 81' lang='lat' dir='ltr'><strong>cupientes</strong></span> <span class='ocrx_word' id='word_1_229' title='bbox 1289 2023 1544 2078; x_wconf 89' lang='lat' dir='ltr'><strong>unitatem</strong></span> <span class='ocrx_word' id='word_1_230' title='bbox 1567 2065 1581 2089; x_wconf 90' lang='lat'><strong>,</strong></span> <span class='ocrx_word' id='word_1_231' title='bbox 1615 2024 1890 2082; x_wconf 85' lang='lat' dir='ltr'><strong>Ecclesia-</strong></span> 
     </span>
    </p>
   </div>
   <div class='ocr_carea' id='block_1_38' title="bbox 309 2112 1889 2180">
    <p class='ocr_par' dir='ltr' id='par_1_38' title="bbox 309 2112 1889 2180">
     <span class='ocr_line' id='line_1_38' title="bbox 309 2112 1889 2180; baseline 0.006 -17"><span class='ocrx_word' id='word_1_232' title='bbox 309 2123 534 2178; x_wconf 89' lang='lat' dir='ltr'><strong>rnmque</strong></span> <span class='ocrx_word' id='word_1_233' title='bbox 553 2123 733 2178; x_wconf 89' lang='lat' dir='ltr'><strong>pacem</strong></span> <span class='ocrx_word' id='word_1_234' title='bbox 761 2124 1085 2180; x_wconf 81' lang='lat' dir='ltr'><strong>magnopere</strong></span> <span class='ocrx_word' id='word_1_235' title='bbox 1112 2112 1375 2177; x_wconf 90' lang='lat' dir='ltr'><strong>roborari,</strong></span> <span class='ocrx_word' id='word_1_236' title='bbox 1409 2115 1567 2170; x_wconf 89' lang='lat' dir='ltr'><strong>talem</strong></span> <span class='ocrx_word' id='word_1_237' title='bbox 1600 2116 1889 2173; x_wconf 88' lang='lat' dir='ltr'><strong>studeretis</strong></span> 
     </span>
    </p>
   </div>
   <div class='ocr_carea' id='block_1_39' title="bbox 308 2200 1890 2276">
    <p class='ocr_par' dir='ltr' id='par_1_39' title="bbox 308 2200 1890 2276">
     <span class='ocr_line' id='line_1_39' title="bbox 308 2200 1890 2276; baseline 0.006 -21"><span class='ocrx_word' id='word_1_238' title='bbox 308 2200 506 2271; x_wconf 66' lang='lat' dir='ltr'><strong>praefici</strong></span> <span class='ocrx_word' id='word_1_239' title='bbox 529 2200 1137 2271; x_wconf 87' lang='lat' dir='ltr'><strong>Constantinopolitanis</strong></span> <span class='ocrx_word' id='word_1_240' title='bbox 1175 2203 1492 2272; x_wconf 88' lang='lat' dir='ltr'><strong>antistitem,</strong></span> <span class='ocrx_word' id='word_1_241' title='bbox 1524 2207 1613 2276; x_wconf 91' lang='lat' dir='ltr'><strong>qui</strong></span> <span class='ocrx_word' id='word_1_242' title='bbox 1654 2222 1890 2276; x_wconf 82' lang='lat' dir='ltr'><strong>superno</strong></span> 
     </span>
    </p>
   </div>
   <div class='ocr_carea' id='block_1_40' title="bbox 308 2297 1884 2369">
    <p class='ocr_par' dir='ltr' id='par_1_40' title="bbox 308 2297 1884 2369">
     <span class='ocr_line' id='line_1_40' title="bbox 308 2297 1884 2369; baseline 0.004 -21"><span class='ocrx_word' id='word_1_243' title='bbox 308 2306 534 2349; x_wconf 90' lang='lat' dir='ltr'><strong>munere</strong></span> <span class='ocrx_word' id='word_1_244' title='bbox 565 2302 943 2363; x_wconf 74' lang='lat' dir='ltr'><strong>prosequente;</strong></span> <span class='ocrx_word' id='word_1_245' title='bbox 995 2303 1048 2350; x_wconf 89' lang='lat' dir='ltr'><strong>et</strong></span> <span class='ocrx_word' id='word_1_246' title='bbox 1076 2309 1285 2350; x_wconf 90' lang='lat' dir='ltr'><strong>morum</strong></span> <span class='ocrx_word' id='word_1_247' title='bbox 1332 2297 1597 2365; x_wconf 88' lang='lat' dir='ltr'><strong>probitate</strong></span> <span class='ocrx_word' id='word_1_248' title='bbox 1627 2298 1884 2369; x_wconf 89' lang='lat' dir='ltr'><strong>fulgeret.</strong></span> 
     </span>
    </p>
   </div>
   <div class='ocr_carea' id='block_1_41' title="bbox 307 2383 1884 2460">
    <p class='ocr_par' dir='ltr' id='par_1_41' title="bbox 307 2383 1884 2460">
     <span class='ocr_line' id='line_1_41' title="bbox 307 2383 1884 2460; baseline 0.006 -22"><span class='ocrx_word' id='word_1_249' title='bbox 307 2392 362 2439; x_wconf 91' lang='lat' dir='ltr'><strong>et</strong></span> <span class='ocrx_word' id='word_1_250' title='bbox 388 2398 497 2454; x_wconf 84' lang='lat' dir='ltr'><strong>prae</strong></span> <span class='ocrx_word' id='word_1_251' title='bbox 534 2383 783 2441; x_wconf 87' lang='lat' dir='ltr'><strong>omnibus</strong></span> <span class='ocrx_word' id='word_1_252' title='bbox 818 2385 1134 2442; x_wconf 66' lang='lat' dir='ltr'><strong>orthodoxa:</strong></span> <span class='ocrx_word' id='word_1_253' title='bbox 1156 2387 1395 2445; x_wconf 83' lang='lat' dir='ltr'><strong>veritatis</strong></span> <span class='ocrx_word' id='word_1_254' title='bbox 1424 2390 1649 2460; x_wconf 85' lang='lat' dir='ltr'><strong>polleret</strong></span> <span class='ocrx_word' id='word_1_255' title='bbox 1669 2391 1884 2449; x_wconf 79' lang='lat' dir='ltr'><strong>affectu.</strong></span> 
     </span>
    </p>
   </div>
   <div class='ocr_carea' id='block_1_42' title="bbox 308 2473 1926 2557">
    <p class='ocr_par' dir='ltr' id='par_1_42' title="bbox 308 2473 1926 2557">
     <span class='ocr_line' id='line_1_42' title="bbox 308 2473 1926 2557; baseline 0.009 -29"><span class='ocrx_word' id='word_1_256' title='bbox 308 2473 548 2545; x_wconf 74' lang='lat' dir='ltr'><strong>Magnam</strong></span> <span class='ocrx_word' id='word_1_257' title='bbox 593 2475 774 2546; x_wconf 88' lang='lat' dir='ltr'><strong>igitur,</strong></span> <span class='ocrx_word' id='word_1_258' title='bbox 820 2479 1034 2548; x_wconf 78' lang='lat' dir='ltr'><strong>egregie</strong></span> <span class='ocrx_word' id='word_1_259' title='bbox 1088 2479 1354 2550; x_wconf 88' lang='lat' dir='ltr'><strong>princeps,</strong></span> <span class='ocrx_word' id='word_1_260' title='bbox 1380 2483 1533 2551; x_wconf 86' lang='lat' dir='ltr'><strong>capio</strong></span> <span class='ocrx_word' id='word_1_261' title='bbox 1560 2485 1627 2540; x_wconf 92' lang='lat' dir='ltr'><strong>de</strong></span> <span class='ocrx_word' id='word_1_262' title='bbox 1661 2494 1887 2557; x_wconf 88' lang='lat' dir='ltr'><strong>utroque</strong></span> <span class='ocrx_word' id='word_1_263' title='bbox 1922 2501 1926 2504; x_wconf 74' lang='lat'><em>‘</em></span> 
     </span>
    </p>
   </div>
   <div class='ocr_carea' id='block_1_43' title="bbox 308 2568 1880 2643">
    <p class='ocr_par' dir='ltr' id='par_1_43' title="bbox 308 2568 1880 2643">
     <span class='ocr_line' id='line_1_43' title="bbox 308 2568 1880 2643; baseline 0.008 -21"><span class='ocrx_word' id='word_1_264' title='bbox 308 2568 546 2623; x_wconf 84' lang='lat' dir='ltr'><strong>laetitiam</strong></span> <span class='ocrx_word' id='word_1_265' title='bbox 580 2586 593 2623; x_wconf 91' lang='lat'><strong>:</strong></span> <span class='ocrx_word' id='word_1_266' title='bbox 619 2583 742 2626; x_wconf 89' lang='lat' dir='ltr'><strong>cum</strong></span> <span class='ocrx_word' id='word_1_267' title='bbox 770 2581 819 2626; x_wconf 91' lang='lat' dir='ltr'><strong>et</strong></span> <span class='ocrx_word' id='word_1_268' title='bbox 853 2572 907 2625; x_wconf 94' lang='lat' dir='ltr'><strong>in</strong></span> <span class='ocrx_word' id='word_1_269' title='bbox 944 2580 1050 2627; x_wconf 75' lang='lat' dir='ltr'><strong>tua:</strong></span> <span class='ocrx_word' id='word_1_270' title='bbox 1080 2574 1387 2630; x_wconf 87' lang='lat' dir='ltr'><strong>serenitatis</strong></span> <span class='ocrx_word' id='word_1_271' title='bbox 1414 2578 1629 2643; x_wconf 89' lang='lat' dir='ltr'><strong>animo,</strong></span> <span class='ocrx_word' id='word_1_272' title='bbox 1661 2578 1801 2633; x_wconf 89' lang='lat' dir='ltr'><strong>sicut</strong></span> <span class='ocrx_word' id='word_1_273' title='bbox 1826 2580 1880 2635; x_wconf 92' lang='lat' dir='ltr'><strong>in</strong></span> 
     </span>
    </p>
   </div>
   <div class='ocr_carea' id='block_1_44' title="bbox 306 2659 1885 2737">
    <p class='ocr_par' dir='ltr' id='par_1_44' title="bbox 306 2659 1885 2737">
     <span class='ocr_line' id='line_1_44' title="bbox 306 2659 1885 2737; baseline 0.008 -24"><span class='ocrx_word' id='word_1_274' title='bbox 306 2659 489 2714; x_wconf 81' lang='lat' dir='ltr'><strong>saeculi</strong></span> <span class='ocrx_word' id='word_1_275' title='bbox 522 2660 731 2731; x_wconf 86' lang='lat' dir='ltr'><strong>fastigio</strong></span> <span class='ocrx_word' id='word_1_276' title='bbox 774 2662 1142 2731; x_wconf 84' lang='lat' dir='ltr'><strong>constitutum,</strong></span> <span class='ocrx_word' id='word_1_277' title='bbox 1172 2665 1242 2720; x_wconf 90' lang='lat' dir='ltr'><strong>ita</strong></span> <span class='ocrx_word' id='word_1_278' title='bbox 1293 2667 1620 2737; x_wconf 69' lang='lat' dir='ltr'><strong>praecipuum</strong></span> <span class='ocrx_word' id='word_1_279' title='bbox 1644 2668 1885 2727; x_wconf 87' lang='lat' dir='ltr'><strong>Ecclesia</strong></span> 
     </span>
    </p>
   </div>
   <div class='ocr_carea' id='block_1_45' title="bbox 308 2749 1885 2831">
    <p class='ocr_par' dir='ltr' id='par_1_45' title="bbox 308 2749 1885 2831">
     <span class='ocr_line' id='line_1_45' title="bbox 308 2749 1885 2831; baseline 0.009 -28"><span class='ocrx_word' id='word_1_280' title='bbox 308 2749 475 2807; x_wconf 87' lang='lat' dir='ltr'><strong>tilium</strong></span> <span class='ocrx_word' id='word_1_281' title='bbox 506 2751 617 2807; x_wconf 88' lang='lat' dir='ltr'><strong>Deo</strong></span> <span class='ocrx_word' id='word_1_282' title='bbox 648 2751 847 2808; x_wconf 89' lang='lat' dir='ltr'><strong>factore</strong></span> <span class='ocrx_word' id='word_1_283' title='bbox 878 2755 1116 2823; x_wconf 86' lang='lat' dir='ltr'><strong>suscepit</strong></span> <span class='ocrx_word' id='word_1_284' title='bbox 1148 2772 1160 2806; x_wconf 86' lang='lat'><strong>:</strong></span> <span class='ocrx_word' id='word_1_285' title='bbox 1192 2764 1249 2811; x_wconf 92' lang='lat' dir='ltr'><strong>et</strong></span> <span class='ocrx_word' id='word_1_286' title='bbox 1275 2771 1395 2812; x_wconf 87' lang='lat' dir='ltr'><strong>eum</strong></span> <span class='ocrx_word' id='word_1_287' title='bbox 1420 2758 1615 2827; x_wconf 89' lang='lat' dir='ltr'><strong>ipsum,</strong></span> <span class='ocrx_word' id='word_1_288' title='bbox 1646 2762 1714 2815; x_wconf 90' lang='lat' dir='ltr'><strong>de</strong></span> <span class='ocrx_word' id='word_1_289' title='bbox 1734 2760 1885 2831; x_wconf 87' lang='lat' dir='ltr'><strong>cujus</strong></span> 
     </span>
    </p>
   </div>
   <div class='ocr_carea' id='block_1_46' title="bbox 310 2842 1886 2920">
    <p class='ocr_par' dir='ltr' id='par_1_46' title="bbox 310 2842 1886 2920">
     <span class='ocr_line' id='line_1_46' title="bbox 310 2842 1886 2920; baseline 0.006 -23"><span class='ocrx_word' id='word_1_290' title='bbox 310 2843 589 2911; x_wconf 89' lang='lat' dir='ltr'><strong>pontiﬁcio</strong></span> <span class='ocrx_word' id='word_1_291' title='bbox 617 2842 943 2914; x_wconf 81' lang='lat' dir='ltr'><strong>gloriamini,</strong></span> <span class='ocrx_word' id='word_1_292' title='bbox 974 2844 1099 2900; x_wconf 91' lang='lat' dir='ltr'><strong>dum</strong></span> <span class='ocrx_word' id='word_1_293' title='bbox 1123 2845 1188 2901; x_wconf 91' lang='lat' dir='ltr'><strong>ad</strong></span> <span class='ocrx_word' id='word_1_294' title='bbox 1215 2847 1353 2903; x_wconf 87' lang='lat' dir='ltr'><strong>beati</strong></span> <span class='ocrx_word' id='word_1_295' title='bbox 1383 2848 1525 2905; x_wconf 86' lang='lat' dir='ltr'><strong>Petri</strong></span> <span class='ocrx_word' id='word_1_296' title='bbox 1553 2852 1782 2920; x_wconf 87' lang='lat' dir='ltr'><strong>apostoli</strong></span> <span class='ocrx_word' id='word_1_297' title='bbox 1800 2867 1886 2907; x_wconf 86' lang='lat' dir='ltr'><strong>se-</strong></span> 
     </span>
    </p>
   </div>
   <div class='ocr_carea' id='block_1_47' title="bbox 312 2922 1886 3010">
    <p class='ocr_par' dir='ltr' id='par_1_47' title="bbox 312 2922 1886 3010">
     <span class='ocr_line' id='line_1_47' title="bbox 312 2922 1886 3010; baseline 0.007 -20"><span class='ocrx_word' id='word_1_298' title='bbox 312 2934 435 2991; x_wconf 90' lang='lat' dir='ltr'><strong>dem</strong></span> <span class='ocrx_word' id='word_1_299' title='bbox 464 2922 587 2991; x_wconf 54' lang='lat' dir='ltr'><strong>sua!</strong></span> <span class='ocrx_word' id='word_1_300' title='bbox 606 2936 771 2991; x_wconf 78' lang='lat' dir='ltr'><strong>refert</strong></span> <span class='ocrx_word' id='word_1_301' title='bbox 789 2936 1060 3007; x_wconf 88' lang='lat' dir='ltr'><strong>dignitatis</strong></span> <span class='ocrx_word' id='word_1_302' title='bbox 1087 2941 1388 3006; x_wconf 82' lang='lat' dir='ltr'><strong>exordium,</strong></span> <span class='ocrx_word' id='word_1_303' title='bbox 1412 2941 1523 3010; x_wconf 87' lang='lat' dir='ltr'><strong>jam</strong></span> <span class='ocrx_word' id='word_1_304' title='bbox 1539 2952 1651 2999; x_wconf 63' lang='lat' dir='ltr'><strong>Suae</strong></span> <span class='ocrx_word' id='word_1_305' title='bbox 1670 2944 1886 3001; x_wconf 90' lang='lat' dir='ltr'><strong>dedisse</strong></span> 
     </span>
    </p>
   </div>
   <div class='ocr_carea' id='block_1_48' title="bbox 304 3028 1882 3106">
    <p class='ocr_par' dir='ltr' id='par_1_48' title="bbox 304 3028 1882 3106">
     <span class='ocr_line' id='line_1_48' title="bbox 304 3028 1882 3106; baseline 0.004 -24"><span class='ocrx_word' id='word_1_306' title='bbox 304 3028 513 3099; x_wconf 89' lang='lat' dir='ltr'><strong>gaudeo</strong></span> <span class='ocrx_word' id='word_1_307' title='bbox 532 3029 914 3087; x_wconf 88' lang='lat' dir='ltr'><strong>moderationis</strong></span> <span class='ocrx_word' id='word_1_308' title='bbox 953 3031 1227 3087; x_wconf 90' lang='lat' dir='ltr'><strong>indicium.</strong></span> <span class='ocrx_word' id='word_1_309' title='bbox 1261 3032 1356 3088; x_wconf 86' lang='lat' dir='ltr'><strong>Ubi</strong></span> <span class='ocrx_word' id='word_1_310' title='bbox 1388 3035 1548 3091; x_wconf 91' lang='lat' dir='ltr'><strong>simul</strong></span> <span class='ocrx_word' id='word_1_311' title='bbox 1573 3046 1625 3090; x_wconf 90' lang='lat' dir='ltr'><strong>et</strong></span> <span class='ocrx_word' id='word_1_312' title='bbox 1660 3051 1882 3106; x_wconf 88' lang='lat' dir='ltr'><strong>magna-</strong></span> 
     </span>
    </p>
   </div>
   <div class='ocr_carea' id='block_1_49' title="bbox 307 3119 1876 3195">
    <p class='ocr_par' dir='ltr' id='par_1_49' title="bbox 307 3119 1876 3195">
     <span class='ocr_line' id='line_1_49' title="bbox 307 3119 1876 3195; baseline 0.005 -21"><span class='ocrx_word' id='word_1_313' title='bbox 307 3119 526 3176; x_wconf 89' lang='lat' dir='ltr'><strong>nimitas</strong></span> <span class='ocrx_word' id='word_1_314' title='bbox 548 3131 724 3176; x_wconf 86' lang='lat' dir='ltr'><strong>vestra</strong></span> <span class='ocrx_word' id='word_1_315' title='bbox 757 3122 1081 3191; x_wconf 89' lang='lat' dir='ltr'><strong>resplendet,</strong></span> <span class='ocrx_word' id='word_1_316' title='bbox 1105 3124 1318 3193; x_wconf 89' lang='lat' dir='ltr'><strong>quando</strong></span> <span class='ocrx_word' id='word_1_317' title='bbox 1354 3124 1605 3181; x_wconf 69' lang='lat' dir='ltr'><strong>Ecclesiae</strong></span> <span class='ocrx_word' id='word_1_318' title='bbox 1636 3141 1876 3195; x_wconf 88' lang='lat' dir='ltr'><strong>causam,</strong></span> 
     </span>
    </p>
   </div>
   <div class='ocr_carea' id='block_1_50' title="bbox 1992 1926 3572 2014">
    <p class='ocr_par' dir='ltr' id='par_1_50' title="bbox 1992 1926 3572 2014">
     <span class='ocr_line' id='line_1_50' title="bbox 1992 1926 3572 2014; baseline 0.015 -34"><span class='ocrx_word' id='word_1_319' title='bbox 1992 1926 2232 1993; x_wconf 89' lang='lat' dir='ltr'><strong>sissime,</strong></span> <span class='ocrx_word' id='word_1_320' title='bbox 2290 1944 2392 1985; x_wconf 90' lang='lat' dir='ltr'><strong>nec</strong></span> <span class='ocrx_word' id='word_1_321' title='bbox 2444 1932 2495 1984; x_wconf 92' lang='lat' dir='ltr'><strong>in</strong></span> <span class='ocrx_word' id='word_1_322' title='bbox 2532 1937 2937 1993; x_wconf 86' lang='lat' dir='ltr'><strong>successoribus</strong></span> <span class='ocrx_word' id='word_1_323' title='bbox 2986 1938 3229 1998; x_wconf 87' lang='lat' dir='ltr'><strong>refovere</strong></span> <span class='ocrx_word' id='word_1_324' title='bbox 3270 1945 3572 2014; x_wconf 89' lang='lat' dir='ltr'><strong>judicemur</strong></span> 
     </span>
    </p>
   </div>
   <div class='ocr_carea' id='block_1_51' title="bbox 1991 2018 3571 2102">
    <p class='ocr_par' dir='ltr' id='par_1_51' title="bbox 1991 2018 3571 2102">
     <span class='ocr_line' id='line_1_51' title="bbox 1991 2018 3571 2102; baseline 0.015 -32"><span class='ocrx_word' id='word_1_325' title='bbox 1991 2018 2133 2085; x_wconf 90' lang='lat' dir='ltr'><strong>quod</strong></span> <span class='ocrx_word' id='word_1_326' title='bbox 2160 2018 2502 2075; x_wconf 83' lang='lat' dir='ltr'><strong>manifestum</strong></span> <span class='ocrx_word' id='word_1_327' title='bbox 2525 2024 2677 2078; x_wconf 89' lang='lat' dir='ltr'><strong>estin</strong></span> <span class='ocrx_word' id='word_1_328' title='bbox 2708 2028 3015 2084; x_wconf 88' lang='lat' dir='ltr'><strong>auctoribus</strong></span> <span class='ocrx_word' id='word_1_329' title='bbox 3046 2030 3209 2087; x_wconf 90' lang='lat' dir='ltr'><strong>fuisse</strong></span> <span class='ocrx_word' id='word_1_330' title='bbox 3230 2034 3571 2102; x_wconf 85' lang='lat' dir='ltr'><strong>damnatum;</strong></span> 
     </span>
    </p>
   </div>
   <div class='ocr_carea' id='block_1_52' title="bbox 1991 2108 3569 2200">
    <p class='ocr_par' dir='ltr' id='par_1_52' title="bbox 1991 2108 3569 2200">
     <span class='ocr_line' id='line_1_52' title="bbox 1991 2108 3569 2200; baseline 0.015 -38"><span class='ocrx_word' id='word_1_331' title='bbox 1991 2123 2092 2163; x_wconf 84' lang='lat' dir='ltr'><strong>nec</strong></span> <span class='ocrx_word' id='word_1_332' title='bbox 2122 2108 2262 2163; x_wconf 80' lang='lat' dir='ltr'><strong>Petri</strong></span> <span class='ocrx_word' id='word_1_333' title='bbox 2298 2119 2515 2179; x_wconf 90' lang='lat' dir='ltr'><strong>putetur</strong></span> <span class='ocrx_word' id='word_1_334' title='bbox 2541 2115 2774 2185; x_wconf 81' lang='lat' dir='ltr'><strong>legitima</strong></span> <span class='ocrx_word' id='word_1_335' title='bbox 2792 2124 3100 2185; x_wconf 87' lang='lat' dir='ltr'><strong>provenisse</strong></span> <span class='ocrx_word' id='word_1_336' title='bbox 3123 2130 3385 2196; x_wconf 84' lang='lat' dir='ltr'><strong>purgatio,</strong></span> <span class='ocrx_word' id='word_1_337' title='bbox 3410 2146 3569 2200; x_wconf 89' lang='lat' dir='ltr'><strong>quem</strong></span> 
     </span>
    </p>
   </div>
   <div class='ocr_carea' id='block_1_53' title="bbox 1992 2203 3571 2294">
    <p class='ocr_par' dir='ltr' id='par_1_53' title="bbox 1992 2203 3571 2294">
     <span class='ocr_line' id='line_1_53' title="bbox 1992 2203 3571 2294; baseline 0.019 -43"><span class='ocrx_word' id='word_1_338' title='bbox 1992 2214 2100 2253; x_wconf 91' lang='lat' dir='ltr'><strong>non</strong></span> <span class='ocrx_word' id='word_1_339' title='bbox 2127 2203 2420 2257; x_wconf 84' lang='lat' dir='ltr'><strong>secundum</strong></span> <span class='ocrx_word' id='word_1_340' title='bbox 2441 2220 2646 2262; x_wconf 91' lang='lat' dir='ltr'><strong>morem</strong></span> <span class='ocrx_word' id='word_1_341' title='bbox 2668 2217 2907 2266; x_wconf 90' lang='lat' dir='ltr'><strong>veterum</strong></span> <span class='ocrx_word' id='word_1_342' title='bbox 2931 2218 3222 2282; x_wconf 89' lang='lat' dir='ltr'><strong>apostolica</strong></span> <span class='ocrx_word' id='word_1_343' title='bbox 3245 2222 3421 2289; x_wconf 87' lang='lat' dir='ltr'><strong>sedes,</strong></span> <span class='ocrx_word' id='word_1_344' title='bbox 3451 2240 3571 2294; x_wconf 75' lang='lat' dir='ltr'><strong>qua:</strong></span> 
     </span>
    </p>
   </div>
   <div class='ocr_carea' id='block_1_54' title="bbox 1990 2289 3571 2380">
    <p class='ocr_par' dir='ltr' id='par_1_54' title="bbox 1990 2289 3571 2380">
     <span class='ocr_line' id='line_1_54' title="bbox 1990 2289 3571 2380; baseline 0.018 -38"><span class='ocrx_word' id='word_1_345' title='bbox 1990 2289 2194 2360; x_wconf 86' lang='lat' dir='ltr'><strong>ligavit,</strong></span> <span class='ocrx_word' id='word_1_346' title='bbox 2223 2292 2474 2351; x_wconf 80' lang='lat' dir='ltr'><strong>absolvit.</strong></span> <span class='ocrx_word' id='word_1_347' title='bbox 2505 2298 2617 2353; x_wconf 87' lang='lat' dir='ltr'><strong>Scit</strong></span> <span class='ocrx_word' id='word_1_348' title='bbox 2643 2302 2785 2355; x_wconf 88' lang='lat' dir='ltr'><strong>enim</strong></span> <span class='ocrx_word' id='word_1_349' title='bbox 2810 2301 3112 2361; x_wconf 89' lang='lat' dir='ltr'><strong>Christiana</strong></span> <span class='ocrx_word' id='word_1_350' title='bbox 3165 2324 3320 2365; x_wconf 89' lang='lat' dir='ltr'><strong>mens</strong></span> <span class='ocrx_word' id='word_1_351' title='bbox 3341 2289 3571 2380; x_wconf 42' lang='lat' dir='ltr'><strong>tua,-ve-</strong></span> 
     </span>
    </p>
   </div>
   <div class='ocr_carea' id='block_1_55' title="bbox 1990 2384 3570 2464">
    <p class='ocr_par' dir='ltr' id='par_1_55' title="bbox 1990 2384 3570 2464">
     <span class='ocr_line' id='line_1_55' title="bbox 1990 2384 3570 2464; baseline 0.017 -26"><span class='ocrx_word' id='word_1_352' title='bbox 1990 2384 2247 2441; x_wconf 85' lang='lat' dir='ltr'><strong>nerabilis</strong></span> <span class='ocrx_word' id='word_1_353' title='bbox 2276 2388 2584 2458; x_wconf 88' lang='lat' dir='ltr'><strong>imperator.</strong></span> <span class='ocrx_word' id='word_1_354' title='bbox 2629 2395 2881 2463; x_wconf 85' lang='lat' dir='ltr'><strong>quoniam</strong></span> <span class='ocrx_word' id='word_1_355' title='bbox 2928 2397 3119 2454; x_wconf 88' lang='lat' dir='ltr'><strong>delicta</strong></span> <span class='ocrx_word' id='word_1_356' title='bbox 3149 2405 3452 2461; x_wconf 89' lang='lat' dir='ltr'><strong>mortalium</strong></span> <span class='ocrx_word' id='word_1_357' title='bbox 3481 2424 3570 2464; x_wconf 83' lang='lat' dir='ltr'><strong>se-</strong></span> 
     </span>
    </p>
   </div>
   <div class='ocr_carea' id='block_1_56' title="bbox 1988 2476 3570 2565">
    <p class='ocr_par' dir='ltr' id='par_1_56' title="bbox 1988 2476 3570 2565">
     <span class='ocr_line' id='line_1_56' title="bbox 1988 2476 3570 2565; baseline 0.017 -34"><span class='ocrx_word' id='word_1_358' title='bbox 1988 2476 2226 2533; x_wconf 75' lang='lat' dir='ltr'><strong>cundum</strong></span> <span class='ocrx_word' id='word_1_359' title='bbox 2250 2482 2639 2538; x_wconf 83' lang='lat' dir='ltr'><strong>conscientiam</strong></span> <span class='ocrx_word' id='word_1_360' title='bbox 2670 2487 2948 2544; x_wconf 81' lang='lat' dir='ltr'><strong>relaxandi</strong></span> <span class='ocrx_word' id='word_1_361' title='bbox 2970 2506 3077 2546; x_wconf 91' lang='lat' dir='ltr'><strong>non</strong></span> <span class='ocrx_word' id='word_1_362' title='bbox 3096 2493 3196 2548; x_wconf 88' lang='lat' dir='ltr'><strong>nisi</strong></span> <span class='ocrx_word' id='word_1_363' title='bbox 3227 2498 3570 2565; x_wconf 71' lang='lat' dir='ltr'><strong>pontificibus</strong></span> 
     </span>
    </p>
   </div>
   <div class='ocr_carea' id='block_1_57' title="bbox 1988 2569 3570 2658">
    <p class='ocr_par' dir='ltr' id='par_1_57' title="bbox 1988 2569 3570 2658">
     <span class='ocr_line' id='line_1_57' title="bbox 1988 2569 3570 2658; baseline 0.016 -37"><span class='ocrx_word' id='word_1_364' title='bbox 1988 2572 2101 2624; x_wconf 88' lang='lat' dir='ltr'><strong>suis</strong></span> <span class='ocrx_word' id='word_1_365' title='bbox 2127 2569 2314 2626; x_wconf 90' lang='lat' dir='ltr'><strong>ordine</strong></span> <span class='ocrx_word' id='word_1_366' title='bbox 2360 2578 2684 2642; x_wconf 80' lang='lat' dir='ltr'><strong>competenti</strong></span> <span class='ocrx_word' id='word_1_367' title='bbox 2726 2593 2956 2647; x_wconf 89' lang='lat' dir='ltr'><strong>superna</strong></span> <span class='ocrx_word' id='word_1_368' title='bbox 2986 2581 3197 2640; x_wconf 90' lang='lat' dir='ltr'><strong>dederit</strong></span> <span class='ocrx_word' id='word_1_369' title='bbox 3242 2586 3570 2658; x_wconf 88' lang='lat' dir='ltr'><strong>dispensatio</strong></span> 
     </span>
    </p>
   </div>
   <div class='ocr_carea' id='block_1_58' title="bbox 1990 2661 3567 2751">
    <p class='ocr_par' dir='ltr' id='par_1_58' title="bbox 1990 2661 3567 2751">
     <span class='ocr_line' id='line_1_58' title="bbox 1990 2661 3567 2751; baseline 0.016 -35"><span class='ocrx_word' id='word_1_370' title='bbox 1990 2661 2319 2719; x_wconf 79' lang='lat' dir='ltr'><strong>facultatem.</strong></span> <span class='ocrx_word' id='word_1_371' title='bbox 2344 2668 2442 2734; x_wconf 91' lang='lat' dir='ltr'><strong>Qui</strong></span> <span class='ocrx_word' id='word_1_372' title='bbox 2469 2668 2657 2725; x_wconf 86' lang='lat' dir='ltr'><strong>Petrus</strong></span> <span class='ocrx_word' id='word_1_373' title='bbox 2686 2680 2885 2738; x_wconf 85' lang='lat' dir='ltr'><strong>tamen,</strong></span> <span class='ocrx_word' id='word_1_374' title='bbox 2917 2675 2962 2729; x_wconf 91' lang='lat' dir='ltr'><strong>si</strong></span> <span class='ocrx_word' id='word_1_375' title='bbox 2985 2691 3109 2733; x_wconf 84' lang='lat' dir='ltr'><strong>vere</strong></span> <span class='ocrx_word' id='word_1_376' title='bbox 3130 2692 3377 2751; x_wconf 87' lang='lat' dir='ltr'><strong>receptus</strong></span> <span class='ocrx_word' id='word_1_377' title='bbox 3403 2695 3567 2748; x_wconf 87' lang='lat' dir='ltr'><strong>esset.</strong></span> 
     </span>
    </p>
   </div>
   <div class='ocr_carea' id='block_1_59' title="bbox 1990 2755 3570 2841">
    <p class='ocr_par' dir='ltr' id='par_1_59' title="bbox 1990 2755 3570 2841">
     <span class='ocr_line' id='line_1_59' title="bbox 1990 2755 3570 2841; baseline 0.018 -36"><span class='ocrx_word' id='word_1_378' title='bbox 1990 2755 2198 2810; x_wconf 77' lang='lat' dir='ltr'><strong>teniam</strong></span> <span class='ocrx_word' id='word_1_379' title='bbox 2227 2758 2419 2813; x_wconf 88' lang='lat' dir='ltr'><strong>mereri</strong></span> <span class='ocrx_word' id='word_1_380' title='bbox 2450 2759 2652 2827; x_wconf 90' lang='lat' dir='ltr'><strong>debuit,</strong></span> <span class='ocrx_word' id='word_1_381' title='bbox 2681 2778 2786 2818; x_wconf 92' lang='lat' dir='ltr'><strong>non</strong></span> <span class='ocrx_word' id='word_1_382' title='bbox 2804 2763 3065 2823; x_wconf 91' lang='lat' dir='ltr'><strong>honorem</strong></span> <span class='ocrx_word' id='word_1_383' title='bbox 3093 2787 3106 2823; x_wconf 91' lang='lat'><strong>:</strong></span> <span class='ocrx_word' id='word_1_384' title='bbox 3131 2773 3219 2841; x_wconf 85' lang='lat' dir='ltr'><strong>qui</strong></span> <span class='ocrx_word' id='word_1_385' title='bbox 3248 2788 3279 2827; x_wconf 87' lang='lat' dir='ltr'><strong>a</strong></span> <span class='ocrx_word' id='word_1_386' title='bbox 3303 2776 3570 2834; x_wconf 88' lang='lat' dir='ltr'><strong>damnatis</strong></span> 
     </span>
    </p>
   </div>
   <div class='ocr_carea' id='block_1_60' title="bbox 1988 2849 3569 2936">
    <p class='ocr_par' dir='ltr' id='par_1_60' title="bbox 1988 2849 3569 2936">
     <span class='ocr_line' id='line_1_60' title="bbox 1988 2849 3569 2936; baseline 0.017 -39"><span class='ocrx_word' id='word_1_387' title='bbox 1988 2852 2149 2914; x_wconf 90' lang='lat' dir='ltr'><strong>atque</strong></span> <span class='ocrx_word' id='word_1_388' title='bbox 2180 2849 2448 2903; x_wconf 80' lang='lat' dir='ltr'><strong>lueretieis</strong></span> <span class='ocrx_word' id='word_1_389' title='bbox 2489 2850 2680 2908; x_wconf 90' lang='lat' dir='ltr'><strong>falsum</strong></span> <span class='ocrx_word' id='word_1_390' title='bbox 2722 2856 3010 2913; x_wconf 88' lang='lat' dir='ltr'><strong>sacerdotii</strong></span> <span class='ocrx_word' id='word_1_391' title='bbox 3060 2876 3256 2918; x_wconf 90' lang='lat' dir='ltr'><strong>nomen</strong></span> <span class='ocrx_word' id='word_1_392' title='bbox 3298 2867 3569 2936; x_wconf 87' lang='lat' dir='ltr'><strong>accipiens</strong></span> 
     </span>
    </p>
   </div>
   <div class='ocr_carea' id='block_1_61' title="bbox 1987 2937 3563 3029">
    <p class='ocr_par' dir='ltr' id='par_1_61' title="bbox 1987 2937 3563 3029">
     <span class='ocr_line' id='line_1_61' title="bbox 1987 2937 3563 3029; baseline 0.016 -40"><span class='ocrx_word' id='word_1_393' title='bbox 1987 2937 2265 2993; x_wconf 64' lang='lat' dir='ltr'><strong>catholicas</strong></span> <span class='ocrx_word' id='word_1_394' title='bbox 2294 2956 2398 2995; x_wconf 92' lang='lat' dir='ltr'><strong>non</strong></span> <span class='ocrx_word' id='word_1_395' title='bbox 2431 2952 2638 3011; x_wconf 88' lang='lat' dir='ltr'><strong>poterat</strong></span> <span class='ocrx_word' id='word_1_396' title='bbox 2673 2946 2926 3004; x_wconf 82' lang='lat' dir='ltr'><strong>Ecclesiae</strong></span> <span class='ocrx_word' id='word_1_397' title='bbox 2954 2952 3264 3017; x_wconf 64' lang='lat' dir='ltr'><strong>praesidere.</strong></span> <span class='ocrx_word' id='word_1_398' title='bbox 3296 2955 3420 3013; x_wconf 85' lang='lat' dir='ltr'><strong>Haec</strong></span> <span class='ocrx_word' id='word_1_399' title='bbox 3440 2974 3563 3029; x_wconf 86' lang='lat' dir='ltr'><strong>ego,</strong></span> 
     </span>
    </p>
   </div>
   <div class='ocr_carea' id='block_1_62' title="bbox 1988 3031 3569 3121">
    <p class='ocr_par' dir='ltr' id='par_1_62' title="bbox 1988 3031 3569 3121">
     <span class='ocr_line' id='line_1_62' title="bbox 1988 3031 3569 3121; baseline 0.018 -40"><span class='ocrx_word' id='word_1_400' title='bbox 1988 3031 2424 3086; x_wconf 89' lang='lat' dir='ltr'><strong>reverentissime</strong></span> <span class='ocrx_word' id='word_1_401' title='bbox 2472 3034 2755 3105; x_wconf 84' lang='lat' dir='ltr'><strong>princeps,</strong></span> <span class='ocrx_word' id='word_1_402' title='bbox 2806 3039 2948 3121; x_wconf 79' lang='lat' dir='ltr'><strong>beati</strong></span> <span class='ocrx_word' id='word_1_403' title='bbox 2993 3042 3147 3098; x_wconf 84' lang='lat' dir='ltr'><strong>Petri</strong></span> <span class='ocrx_word' id='word_1_404' title='bbox 3182 3048 3569 3121; x_wconf 86' lang='lat' dir='ltr'><strong>qualiscunque</strong></span> 
     </span>
    </p>
   </div>
   <div class='ocr_carea' id='block_1_63' title="bbox 1986 3114 3567 3208">
    <p class='ocr_par' dir='ltr' id='par_1_63' title="bbox 1986 3114 3567 3208">
     <span class='ocr_line' id='line_1_63' title="bbox 1986 3114 3567 3208; baseline 0.018 -39"><span class='ocrx_word' id='word_1_405' title='bbox 1986 3119 2240 3188; x_wconf 87' lang='lat' dir='ltr'><strong>vicarius,</strong></span> <span class='ocrx_word' id='word_1_406' title='bbox 2274 3136 2379 3177; x_wconf 91' lang='lat' dir='ltr'><strong>non</strong></span> <span class='ocrx_word' id='word_1_407' title='bbox 2423 3127 2744 3184; x_wconf 88' lang='lat' dir='ltr'><strong>auctoritate</strong></span> <span class='ocrx_word' id='word_1_408' title='bbox 2770 3114 2915 3185; x_wconf 82' lang='lat' dir='ltr'><strong>velut</strong></span> <span class='ocrx_word' id='word_1_409' title='bbox 2944 3114 3255 3203; x_wconf 66' lang='lat' dir='ltr'><strong>apostolicae</strong></span> <span class='ocrx_word' id='word_1_410' title='bbox 3286 3114 3567 3208; x_wconf 73' lang='lat' dir='ltr'><strong>potestatis</strong></span> 
     </span>
    </p>
   </div>
   <div class='ocr_carea' id='block_1_64' title="bbox 303 3198 1885 3307">
    <p class='ocr_par' dir='ltr' id='par_1_64' title="bbox 303 3211 1882 3284">
     <span class='ocr_line' id='line_1_64' title="bbox 303 3211 1882 3284; baseline 0.006 -18"><span class='ocrx_word' id='word_1_411' title='bbox 303 3212 445 3268; x_wconf 87' lang='lat' dir='ltr'><strong>sicut</strong></span> <span class='ocrx_word' id='word_1_412' title='bbox 469 3211 723 3267; x_wconf 90' lang='lat' dir='ltr'><strong>divinitus</strong></span> <span class='ocrx_word' id='word_1_413' title='bbox 762 3212 1060 3268; x_wconf 89' lang='lat' dir='ltr'><strong>institutum</strong></span> <span class='ocrx_word' id='word_1_414' title='bbox 1104 3223 1219 3281; x_wconf 88' lang='lat' dir='ltr'><strong>est,</strong></span> <span class='ocrx_word' id='word_1_415' title='bbox 1262 3215 1567 3284; x_wconf 87' lang='lat' dir='ltr'><strong>pontificum</strong></span> <span class='ocrx_word' id='word_1_416' title='bbox 1609 3217 1882 3275; x_wconf 85' lang='lat' dir='ltr'><strong>desiderat</strong></span> 
     </span>
    </p>
   </div>
   <div class='ocr_carea' id='block_1_65' title="bbox 1987 3198 3567 3307">
    <p class='ocr_par' dir='ltr' id='par_1_65' title="bbox 1987 3198 3567 3307">
     <span class='ocr_line' id='line_1_65' title="bbox 1987 3198 3567 3307; baseline 0.018 -43"><span class='ocrx_word' id='word_1_417' title='bbox 1987 3219 2294 3281; x_wconf 80' lang='lat' dir='ltr'><strong>extorqueo,</strong></span> <span class='ocrx_word' id='word_1_418' title='bbox 2321 3215 2413 3270; x_wconf 91' lang='lat' dir='ltr'><strong>sed</strong></span> <span class='ocrx_word' id='word_1_419' title='bbox 2433 3225 2680 3287; x_wconf 88' lang='lat' dir='ltr'><strong>tanquam</strong></span> <span class='ocrx_word' id='word_1_420' title='bbox 2710 3198 3161 3296; x_wconf 30' lang='lat' dir='ltr'><strong>sollieitusvpater,</strong></span> <span class='ocrx_word' id='word_1_421' title='bbox 3192 3198 3417 3289; x_wconf 79' lang='lat' dir='ltr'><strong>salutem</strong></span> <span class='ocrx_word' id='word_1_422' title='bbox 3441 3252 3567 3307; x_wconf 89' lang='lat' dir='ltr'><strong>pro-</strong></span> 
     </span>
    </p>
   </div>
   <div class='ocr_carea' id='block_1_66' title="bbox 305 3301 1883 3378">
    <p class='ocr_par' dir='ltr' id='par_1_66' title="bbox 305 3301 1883 3378">
     <span class='ocr_line' id='line_1_66' title="bbox 305 3301 1883 3378; baseline 0.006 -21"><span class='ocrx_word' id='word_1_423' title='bbox 305 3301 645 3357; x_wconf 90' lang='lat' dir='ltr'><strong>ordinatione</strong></span> <span class='ocrx_word' id='word_1_424' title='bbox 673 3303 943 3373; x_wconf 90' lang='lat' dir='ltr'><strong>componi,</strong></span> <span class='ocrx_word' id='word_1_425' title='bbox 981 3312 1037 3359; x_wconf 90' lang='lat' dir='ltr'><strong>et</strong></span> <span class='ocrx_word' id='word_1_426' title='bbox 1066 3304 1156 3375; x_wconf 91' lang='lat' dir='ltr'><strong>qui</strong></span> <span class='ocrx_word' id='word_1_427' title='bbox 1181 3305 1234 3361; x_wconf 92' lang='lat' dir='ltr'><strong>in</strong></span> <span class='ocrx_word' id='word_1_428' title='bbox 1257 3305 1541 3362; x_wconf 88' lang='lat' dir='ltr'><strong>sacerdotii</strong></span> <span class='ocrx_word' id='word_1_429' title='bbox 1570 3308 1883 3378; x_wconf 90' lang='lat' dir='ltr'><strong>perhibetur</strong></span> 
     </span>
    </p>
   </div>
   <div class='ocr_carea' id='block_1_67' title="bbox 304 3392 1881 3465">
    <p class='ocr_par' dir='ltr' id='par_1_67' title="bbox 304 3392 1881 3465">
     <span class='ocr_line' id='line_1_67' title="bbox 304 3392 1881 3465; baseline 0.007 -18"><span class='ocrx_word' id='word_1_430' title='bbox 304 3404 592 3463; x_wconf 88' lang='lat' dir='ltr'><strong>provectus</strong></span> <span class='ocrx_word' id='word_1_431' title='bbox 622 3392 876 3458; x_wconf 90' lang='lat' dir='ltr'><strong>ofﬁcium,</strong></span> <span class='ocrx_word' id='word_1_432' title='bbox 924 3404 1074 3465; x_wconf 89' lang='lat' dir='ltr'><strong>optat</strong></span> <span class='ocrx_word' id='word_1_433' title='bbox 1099 3395 1223 3452; x_wconf 90' lang='lat' dir='ltr'><strong>inde</strong></span> <span class='ocrx_word' id='word_1_434' title='bbox 1246 3397 1443 3463; x_wconf 82' lang='lat' dir='ltr'><strong>fulciri,</strong></span> <span class='ocrx_word' id='word_1_435' title='bbox 1475 3398 1614 3454; x_wconf 89' lang='lat' dir='ltr'><strong>unde</strong></span> <span class='ocrx_word' id='word_1_436' title='bbox 1661 3399 1881 3458; x_wconf 86' lang='lat' dir='ltr'><strong>Christo</strong></span> 
     </span>
    </p>
   </div>
   <div class='ocr_carea' id='block_1_68' title="bbox 305 3485 1875 3561">
    <p class='ocr_par' dir='ltr' id='par_1_68' title="bbox 305 3485 1875 3561">
     <span class='ocr_line' id='line_1_68' title="bbox 305 3485 1875 3561; baseline 0.004 -21"><span class='ocrx_word' id='word_1_437' title='bbox 305 3485 556 3556; x_wconf 90' lang='lat' dir='ltr'><strong>cupiente</strong></span> <span class='ocrx_word' id='word_1_438' title='bbox 575 3485 790 3555; x_wconf 90' lang='lat' dir='ltr'><strong>proﬁuit</strong></span> <span class='ocrx_word' id='word_1_439' title='bbox 816 3497 1129 3543; x_wconf 90' lang='lat' dir='ltr'><strong>cunctorum</strong></span> <span class='ocrx_word' id='word_1_440' title='bbox 1158 3491 1326 3559; x_wconf 89' lang='lat' dir='ltr'><strong>gratia</strong></span> <span class='ocrx_word' id='word_1_441' title='bbox 1360 3491 1513 3560; x_wconf 89' lang='lat' dir='ltr'><strong>plena</strong></span> <span class='ocrx_word' id='word_1_442' title='bbox 1538 3494 1875 3561; x_wconf 90' lang='lat' dir='ltr'><strong>pontiﬁcum.</strong></span> 
     </span>
    </p>
   </div>
   <div class='ocr_carea' id='block_1_69' title="bbox 306 3576 1883 3655">
    <p class='ocr_par' dir='ltr' id='par_1_69' title="bbox 306 3576 1883 3655">
     <span class='ocr_line' id='line_1_69' title="bbox 306 3576 1883 3655; baseline 0.008 -25"><span class='ocrx_word' id='word_1_443' title='bbox 306 3576 470 3646; x_wconf 79' lang='lat' dir='ltr'><strong>Cujus</strong></span> <span class='ocrx_word' id='word_1_444' title='bbox 501 3577 660 3632; x_wconf 88' lang='lat' dir='ltr'><strong>etiam</strong></span> <span class='ocrx_word' id='word_1_445' title='bbox 683 3578 978 3634; x_wconf 89' lang='lat' dir='ltr'><strong>litterarum</strong></span> <span class='ocrx_word' id='word_1_446' title='bbox 1003 3595 1089 3636; x_wconf 85' lang='lat' dir='ltr'><strong>tne</strong></span> <span class='ocrx_word' id='word_1_447' title='bbox 1110 3583 1313 3638; x_wconf 91' lang='lat' dir='ltr'><strong>refovet</strong></span> <span class='ocrx_word' id='word_1_448' title='bbox 1345 3583 1591 3648; x_wconf 88' lang='lat' dir='ltr'><strong>intentio,</strong></span> <span class='ocrx_word' id='word_1_449' title='bbox 1614 3602 1717 3655; x_wconf 88' lang='lat' dir='ltr'><strong>qua</strong></span> <span class='ocrx_word' id='word_1_450' title='bbox 1742 3587 1883 3643; x_wconf 88' lang='lat' dir='ltr'><strong>sicut</strong></span> 
     </span>
    </p>
   </div>
   <div class='ocr_carea' id='block_1_70' title="bbox 307 3666 1881 3746">
    <p class='ocr_par' dir='ltr' id='par_1_70' title="bbox 307 3666 1881 3746">
     <span class='ocr_line' id='line_1_70' title="bbox 307 3666 1881 3746; baseline 0.008 -26"><span class='ocrx_word' id='word_1_451' title='bbox 307 3667 463 3723; x_wconf 89' lang='lat' dir='ltr'><strong>decet</strong></span> <span class='ocrx_word' id='word_1_452' title='bbox 492 3666 706 3723; x_wconf 88' lang='lat' dir='ltr'><strong>Christo</strong></span> <span class='ocrx_word' id='word_1_453' title='bbox 736 3671 946 3737; x_wconf 85' lang='lat' dir='ltr'><strong>placere</strong></span> <span class='ocrx_word' id='word_1_454' title='bbox 972 3672 1249 3740; x_wconf 87' lang='lat' dir='ltr'><strong>nitentem,</strong></span> <span class='ocrx_word' id='word_1_455' title='bbox 1280 3684 1337 3729; x_wconf 91' lang='lat' dir='ltr'><strong>et</strong></span> <span class='ocrx_word' id='word_1_456' title='bbox 1372 3687 1637 3730; x_wconf 89' lang='lat' dir='ltr'><strong>summum</strong></span> <span class='ocrx_word' id='word_1_457' title='bbox 1663 3688 1881 3746; x_wconf 85' lang='lat' dir='ltr'><strong>aposto-</strong></span> 
     </span>
    </p>
   </div>
   <div class='ocr_carea' id='block_1_71' title="bbox 311 3759 1880 3833">
    <p class='ocr_par' dir='ltr' id='par_1_71' title="bbox 311 3759 1880 3833">
     <span class='ocr_line' id='line_1_71' title="bbox 311 3759 1880 3833; baseline 0.008 -20"><span class='ocrx_word' id='word_1_458' title='bbox 311 3759 480 3814; x_wconf 89' lang='lat' dir='ltr'><strong>lorum</strong></span> <span class='ocrx_word' id='word_1_459' title='bbox 522 3760 738 3815; x_wconf 89' lang='lat' dir='ltr'><strong>beatum</strong></span> <span class='ocrx_word' id='word_1_460' title='bbox 769 3760 1007 3825; x_wconf 88' lang='lat' dir='ltr'><strong>Petrum,</strong></span> <span class='ocrx_word' id='word_1_461' title='bbox 1041 3772 1095 3817; x_wconf 89' lang='lat' dir='ltr'><strong>et</strong></span> <span class='ocrx_word' id='word_1_462' title='bbox 1125 3773 1329 3833; x_wconf 89' lang='lat' dir='ltr'><strong>petram</strong></span> <span class='ocrx_word' id='word_1_463' title='bbox 1367 3765 1488 3821; x_wconf 87' lang='lat' dir='ltr'><strong>ﬁdei</strong></span> <span class='ocrx_word' id='word_1_464' title='bbox 1515 3782 1636 3823; x_wconf 89' lang='lat' dir='ltr'><strong>esse</strong></span> <span class='ocrx_word' id='word_1_465' title='bbox 1666 3784 1771 3824; x_wconf 92' lang='lat' dir='ltr'><strong>non</strong></span> <span class='ocrx_word' id='word_1_466' title='bbox 1802 3781 1880 3826; x_wconf 88' lang='lat' dir='ltr'><strong>ta-</strong></span> 
     </span>
    </p>
   </div>
   <div class='ocr_carea' id='block_1_72' title="bbox 308 3849 1879 3925">
    <p class='ocr_par' dir='ltr' id='par_1_72' title="bbox 308 3849 1879 3925">
     <span class='ocr_line' id='line_1_72' title="bbox 308 3849 1879 3925; baseline 0.009 -20"><span class='ocrx_word' id='word_1_467' title='bbox 308 3852 417 3905; x_wconf 88' lang='lat' dir='ltr'><strong>cuit</strong></span> <span class='ocrx_word' id='word_1_468' title='bbox 463 3849 675 3921; x_wconf 76' lang='lat' dir='ltr'><strong>(Hatth.</strong></span> <span class='ocrx_word' id='word_1_469' title='bbox 698 3853 829 3920; x_wconf 64' lang='lat' dir='ltr'><strong>xvi),</strong></span> <span class='ocrx_word' id='word_1_470' title='bbox 858 3860 911 3907; x_wconf 87' lang='lat' dir='ltr'><strong>et</strong></span> <span class='ocrx_word' id='word_1_471' title='bbox 940 3854 1112 3908; x_wconf 90' lang='lat' dir='ltr'><strong>eidem</strong></span> <span class='ocrx_word' id='word_1_472' title='bbox 1152 3858 1529 3925; x_wconf 82' lang='lat' dir='ltr'><strong>mysteriorum</strong></span> <span class='ocrx_word' id='word_1_473' title='bbox 1555 3861 1731 3917; x_wconf 86' lang='lat' dir='ltr'><strong>claves</strong></span> <span class='ocrx_word' id='word_1_474' title='bbox 1756 3877 1879 3919; x_wconf 84' lang='lat' dir='ltr'><strong>cre-</strong></span> 
     </span>
    </p>
   </div>
   <div class='ocr_carea' id='block_1_73' title="bbox 309 3942 1881 4023">
    <p class='ocr_par' dir='ltr' id='par_1_73' title="bbox 309 3942 1881 4023">
     <span class='ocr_line' id='line_1_73' title="bbox 309 3942 1881 4023; baseline 0.008 -26"><span class='ocrx_word' id='word_1_475' title='bbox 309 3942 448 3997; x_wconf 89' lang='lat' dir='ltr'><strong>ditas</strong></span> <span class='ocrx_word' id='word_1_476' title='bbox 470 3943 634 3999; x_wconf 88' lang='lat' dir='ltr'><strong>fuisse</strong></span> <span class='ocrx_word' id='word_1_477' title='bbox 673 3945 972 4000; x_wconf 75' lang='lat' dir='ltr'><strong>ctelestium</strong></span> <span class='ocrx_word' id='word_1_478' title='bbox 1015 3945 1304 4015; x_wconf 90' lang='lat' dir='ltr'><strong>prudenter</strong></span> <span class='ocrx_word' id='word_1_479' title='bbox 1341 3952 1557 4015; x_wconf 81' lang='lat' dir='ltr'><strong>struxit,</strong></span> <span class='ocrx_word' id='word_1_480' title='bbox 1588 3963 1749 4023; x_wconf 82' lang='lat' dir='ltr'><strong>utque</strong></span> <span class='ocrx_word' id='word_1_481' title='bbox 1782 3971 1881 4009; x_wconf 80' lang='lat' dir='ltr'><strong>no-</strong></span> 
     </span>
    </p>
   </div>
   <div class='ocr_carea' id='block_1_74' title="bbox 308 4034 1883 4100">
    <p class='ocr_par' dir='ltr' id='par_1_74' title="bbox 308 4034 1883 4100">
     <span class='ocr_line' id='line_1_74' title="bbox 308 4034 1883 4100; baseline 0.007 -11"><span class='ocrx_word' id='word_1_482' title='bbox 308 4034 514 4090; x_wconf 85' lang='lat' dir='ltr'><strong>hiscum</strong></span> <span class='ocrx_word' id='word_1_483' title='bbox 544 4037 685 4090; x_wconf 87' lang='lat' dir='ltr'><strong>circa</strong></span> <span class='ocrx_word' id='word_1_484' title='bbox 710 4035 1067 4091; x_wconf 81' lang='lat' dir='ltr'><strong>orthodoxam</strong></span> <span class='ocrx_word' id='word_1_485' title='bbox 1097 4037 1256 4095; x_wconf 91' lang='lat' dir='ltr'><strong>fidem</strong></span> <span class='ocrx_word' id='word_1_486' title='bbox 1278 4043 1698 4099; x_wconf 89' lang='lat' dir='ltr'><strong>consentientem</strong></span> <span class='ocrx_word' id='word_1_487' title='bbox 1720 4045 1883 4100; x_wconf 85' lang='lat' dir='ltr'><strong>habe-</strong></span> 
     </span>
    </p>
   </div>
   <div class='ocr_carea' id='block_1_75' title="bbox 310 4128 1879 4201">
    <p class='ocr_par' dir='ltr' id='par_1_75' title="bbox 310 4128 1879 4201">
     <span class='ocr_line' id='line_1_75' title="bbox 310 4128 1879 4201; baseline 0.008 -23"><span class='ocrx_word' id='word_1_488' title='bbox 310 4134 394 4179; x_wconf 91' lang='lat' dir='ltr'><strong>ret</strong></span> <span class='ocrx_word' id='word_1_489' title='bbox 434 4139 744 4190; x_wconf 85' lang='lat' dir='ltr'><strong>assensum,</strong></span> <span class='ocrx_word' id='word_1_490' title='bbox 790 4142 897 4197; x_wconf 92' lang='lat' dir='ltr'><strong>quo</strong></span> <span class='ocrx_word' id='word_1_491' title='bbox 943 4128 1174 4199; x_wconf 88' lang='lat' dir='ltr'><strong>amplius</strong></span> <span class='ocrx_word' id='word_1_492' title='bbox 1220 4132 1486 4187; x_wconf 86' lang='lat' dir='ltr'><strong>unanimis</strong></span> <span class='ocrx_word' id='word_1_493' title='bbox 1529 4132 1879 4201; x_wconf 87' lang='lat' dir='ltr'><strong>redderetur,</strong></span> 
     </span>
    </p>
   </div>
   <div class='ocr_carea' id='block_1_76' title="bbox 310 4217 1885 4297">
    <p class='ocr_par' dir='ltr' id='par_1_76' title="bbox 310 4217 1885 4297">
     <span class='ocr_line' id='line_1_76' title="bbox 310 4217 1885 4297; baseline 0.007 -25"><span class='ocrx_word' id='word_1_494' title='bbox 310 4217 553 4285; x_wconf 82' lang='lat' dir='ltr'><strong>expetiit.</strong></span> <span class='ocrx_word' id='word_1_495' title='bbox 596 4218 931 4277; x_wconf 81' lang='lat' dir='ltr'><strong>Gratissimis</strong></span> <span class='ocrx_word' id='word_1_496' title='bbox 965 4221 1127 4293; x_wconf 89' lang='lat' dir='ltr'><strong>igitur</strong></span> <span class='ocrx_word' id='word_1_497' title='bbox 1163 4224 1583 4293; x_wconf 83' lang='lat' dir='ltr'><strong>professionibus</strong></span> <span class='ocrx_word' id='word_1_498' title='bbox 1619 4227 1797 4297; x_wconf 87' lang='lat' dir='ltr'><strong>hujus,</strong></span> <span class='ocrx_word' id='word_1_499' title='bbox 1829 4236 1885 4283; x_wconf 91' lang='lat' dir='ltr'><strong>et</strong></span> 
     </span>
    </p>
   </div>
   <div class='ocr_carea' id='block_1_77' title="bbox 312 4309 1881 4385">
    <p class='ocr_par' dir='ltr' id='par_1_77' title="bbox 312 4309 1881 4385">
     <span class='ocr_line' id='line_1_77' title="bbox 312 4309 1881 4385; baseline 0.01 -23"><span class='ocrx_word' id='word_1_500' title='bbox 312 4309 454 4364; x_wconf 92' lang='lat' dir='ltr'><strong>votis</strong></span> <span class='ocrx_word' id='word_1_501' title='bbox 481 4312 697 4380; x_wconf 89' lang='lat' dir='ltr'><strong>copiosa</strong></span> <span class='ocrx_word' id='word_1_502' title='bbox 723 4312 950 4369; x_wconf 88' lang='lat' dir='ltr'><strong>lectione</strong></span> <span class='ocrx_word' id='word_1_503' title='bbox 991 4315 1290 4385; x_wconf 87' lang='lat' dir='ltr'><strong>patefactis,</strong></span> <span class='ocrx_word' id='word_1_504' title='bbox 1332 4331 1456 4371; x_wconf 83' lang='lat' dir='ltr'><strong>mox</strong></span> <span class='ocrx_word' id='word_1_505' title='bbox 1482 4327 1539 4373; x_wconf 91' lang='lat' dir='ltr'><strong>ut</strong></span> <span class='ocrx_word' id='word_1_506' title='bbox 1557 4320 1718 4374; x_wconf 90' lang='lat' dir='ltr'><strong>etiam</strong></span> <span class='ocrx_word' id='word_1_507' title='bbox 1744 4320 1881 4377; x_wconf 89' lang='lat' dir='ltr'><strong>fllios</strong></span> 
     </span>
    </p>
   </div>
   <div class='ocr_carea' id='block_1_78' title="bbox 309 4401 1884 4478">
    <p class='ocr_par' dir='ltr' id='par_1_78' title="bbox 309 4401 1884 4478">
     <span class='ocr_line' id='line_1_78' title="bbox 309 4401 1884 4478; baseline 0.008 -23"><span class='ocrx_word' id='word_1_508' title='bbox 309 4415 462 4456; x_wconf 90' lang='lat' dir='ltr'><strong>meos</strong></span> <span class='ocrx_word' id='word_1_509' title='bbox 490 4401 660 4456; x_wconf 90' lang='lat' dir='ltr'><strong>sancti</strong></span> <span class='ocrx_word' id='word_1_510' title='bbox 689 4405 945 4473; x_wconf 85' lang='lat' dir='ltr'><strong>propositi</strong></span> <span class='ocrx_word' id='word_1_511' title='bbox 976 4405 1266 4468; x_wconf 86' lang='lat' dir='ltr'><strong>monachos</strong></span> <span class='ocrx_word' id='word_1_512' title='bbox 1291 4408 1490 4478; x_wconf 90' lang='lat' dir='ltr'><strong>pariter</strong></span> <span class='ocrx_word' id='word_1_513' title='bbox 1515 4411 1724 4467; x_wconf 85' lang='lat' dir='ltr'><strong>venisse</strong></span> <span class='ocrx_word' id='word_1_514' title='bbox 1754 4426 1884 4467; x_wconf 91' lang='lat' dir='ltr'><strong>con-</strong></span> 
     </span>
    </p>
   </div>
   <div class='ocr_carea' id='block_1_79' title="bbox 307 4492 1877 4572">
    <p class='ocr_par' dir='ltr' id='par_1_79' title="bbox 307 4492 1877 4572">
     <span class='ocr_line' id='line_1_79' title="bbox 307 4492 1877 4572; baseline 0.007 -28"><span class='ocrx_word' id='word_1_515' title='bbox 307 4492 484 4562; x_wconf 75' lang='lat' dir='ltr'><strong>spexi,</strong></span> <span class='ocrx_word' id='word_1_516' title='bbox 515 4493 858 4550; x_wconf 85' lang='lat' dir='ltr'><strong>difﬁcultates</strong></span> <span class='ocrx_word' id='word_1_517' title='bbox 877 4510 1195 4569; x_wconf 79' lang='lat' dir='ltr'><strong>omnesun</strong></span> <span class='ocrx_word' id='word_1_518' title='bbox 1209 4499 1457 4569; x_wconf 89' lang='lat' dir='ltr'><strong>primitus</strong></span> <span class='ocrx_word' id='word_1_519' title='bbox 1481 4501 1877 4572; x_wconf 88' lang='lat' dir='ltr'><strong>obstrepehant,</strong></span> 
     </span>
    </p>
   </div>
   <div class='ocr_carea' id='block_1_80' title="bbox 308 4568 1967 4660">
    <p class='ocr_par' dir='ltr' id='par_1_80' title="bbox 308 4568 1967 4660">
     <span class='ocr_line' id='line_1_80' title="bbox 308 4568 1967 4660; baseline 0.008 -24"><span class='ocrx_word' id='word_1_520' title='bbox 308 4581 413 4637; x_wconf 86' lang='lat' dir='ltr'><strong>hac</strong></span> <span class='ocrx_word' id='word_1_521' title='bbox 449 4582 651 4637; x_wconf 84' lang='lat' dir='ltr'><strong>credidi</strong></span> <span class='ocrx_word' id='word_1_522' title='bbox 695 4584 1045 4652; x_wconf 87' lang='lat' dir='ltr'><strong>dispositione</strong></span> <span class='ocrx_word' id='word_1_523' title='bbox 1078 4568 1353 4646; x_wconf 87' lang='lat' dir='ltr'><strong>submotas</strong></span> <span class='ocrx_word' id='word_1_524' title='bbox 1386 4607 1399 4643; x_wconf 87' lang='lat'>:</span> <span class='ocrx_word' id='word_1_525' title='bbox 1434 4600 1595 4660; x_wconf 87' lang='lat' dir='ltr'><strong>atque</strong></span> <span class='ocrx_word' id='word_1_526' title='bbox 1634 4568 1755 4649; x_wconf 85' lang='lat' dir='ltr'><strong>ideo</strong></span> <span class='ocrx_word' id='word_1_527' title='bbox 1791 4568 1884 4650; x_wconf 78' lang='lat' dir='ltr'><strong>ve-</strong></span> <span class='ocrx_word' id='word_1_528' title='bbox 1912 4568 1967 4632; x_wconf 75' lang='lat' dir='ltr'><strong><em>D</em></strong></span> 
     </span>
    </p>
   </div>
   <div class='ocr_carea' id='block_1_81' title="bbox 307 4672 1881 4745">
    <p class='ocr_par' dir='ltr' id='par_1_81' title="bbox 307 4672 1881 4745">
     <span class='ocr_line' id='line_1_81' title="bbox 307 4672 1881 4745; baseline 0.011 -19"><span class='ocrx_word' id='word_1_529' title='bbox 307 4672 578 4732; x_wconf 88' lang='lat' dir='ltr'><strong>nientibus</strong></span> <span class='ocrx_word' id='word_1_530' title='bbox 608 4673 817 4729; x_wconf 88' lang='lat' dir='ltr'><strong>clericis</strong></span> <span class='ocrx_word' id='word_1_531' title='bbox 844 4691 941 4732; x_wconf 88' lang='lat' dir='ltr'><strong>eas</strong></span> <span class='ocrx_word' id='word_1_532' title='bbox 975 4689 1168 4745; x_wconf 86' lang='lat' dir='ltr'><strong>praeter</strong></span> <span class='ocrx_word' id='word_1_533' title='bbox 1191 4684 1634 4740; x_wconf 89' lang='lat' dir='ltr'><strong>consuetudinem</strong></span> <span class='ocrx_word' id='word_1_534' title='bbox 1651 4688 1881 4744; x_wconf 75' lang='lat' dir='ltr'><strong>societas</strong></span> 
     </span>
    </p>
   </div>
   <div class='ocr_carea' id='block_1_82' title="bbox 306 4762 1882 4835">
    <p class='ocr_par' dir='ltr' id='par_1_82' title="bbox 306 4762 1882 4835">
     <span class='ocr_line' id='line_1_82' title="bbox 306 4762 1882 4835; baseline 0.01 -16"><span class='ocrx_word' id='word_1_535' title='bbox 306 4779 432 4820; x_wconf 84' lang='lat' dir='ltr'><strong>esse</strong></span> <span class='ocrx_word' id='word_1_536' title='bbox 460 4778 737 4832; x_wconf 88' lang='lat' dir='ltr'><strong>personas,</strong></span> <span class='ocrx_word' id='word_1_537' title='bbox 779 4780 898 4833; x_wconf 63' lang='lat' dir='ltr'><strong>quae</strong></span> <span class='ocrx_word' id='word_1_538' title='bbox 927 4762 1089 4822; x_wconf 83' lang='lat' dir='ltr'><strong>Petro</strong></span> <span class='ocrx_word' id='word_1_539' title='bbox 1118 4771 1204 4825; x_wconf 89' lang='lat' dir='ltr'><strong>vel</strong></span> <span class='ocrx_word' id='word_1_540' title='bbox 1235 4774 1428 4827; x_wconf 89' lang='lat' dir='ltr'><strong>Acacio</strong></span> <span class='ocrx_word' id='word_1_541' title='bbox 1459 4790 1563 4829; x_wconf 91' lang='lat' dir='ltr'><strong>non</strong></span> <span class='ocrx_word' id='word_1_542' title='bbox 1586 4781 1882 4835; x_wconf 88' lang='lat' dir='ltr'><strong>communi-</strong></span> 
     </span>
    </p>
   </div>
   <div class='ocr_carea' id='block_1_83' title="bbox 306 4857 1879 4938">
    <p class='ocr_par' dir='ltr' id='par_1_83' title="bbox 306 4857 1879 4938">
     <span class='ocr_line' id='line_1_83' title="bbox 306 4857 1879 4938; baseline 0.009 -25"><span class='ocrx_word' id='word_1_543' title='bbox 306 4873 461 4914; x_wconf 80' lang='lat' dir='ltr'><strong>casse</strong></span> <span class='ocrx_word' id='word_1_544' title='bbox 487 4857 796 4913; x_wconf 88' lang='lat' dir='ltr'><strong>viderentur</strong></span> <span class='ocrx_word' id='word_1_545' title='bbox 820 4874 833 4912; x_wconf 92' lang='lat'>:</span> <span class='ocrx_word' id='word_1_546' title='bbox 868 4870 923 4914; x_wconf 91' lang='lat' dir='ltr'><strong>ut</strong></span> <span class='ocrx_word' id='word_1_547' title='bbox 946 4859 1159 4916; x_wconf 90' lang='lat' dir='ltr'><strong>illorum</strong></span> <span class='ocrx_word' id='word_1_548' title='bbox 1183 4864 1489 4921; x_wconf 90' lang='lat' dir='ltr'><strong>nominibus</strong></span> <span class='ocrx_word' id='word_1_549' title='bbox 1509 4872 1879 4938; x_wconf 85' lang='lat' dir='ltr'><strong>sequestratis,</strong></span> 
     </span>
    </p>
   </div>
   <div class='ocr_carea' id='block_1_84' title="bbox 313 4948 1877 5025">
    <p class='ocr_par' dir='ltr' id='par_1_84' title="bbox 313 4948 1877 5025">
     <span class='ocr_line' id='line_1_84' title="bbox 313 4948 1877 5025; baseline 0.01 -21"><span class='ocrx_word' id='word_1_550' title='bbox 313 4968 404 5019; x_wconf 81' lang='lat' dir='ltr'><strong>per</strong></span> <span class='ocrx_word' id='word_1_551' title='bbox 449 4948 588 5022; x_wconf 83' lang='lat' dir='ltr'><strong>quos</strong></span> <span class='ocrx_word' id='word_1_552' title='bbox 634 4950 942 5008; x_wconf 87' lang='lat' dir='ltr'><strong>scandalum</strong></span> <span class='ocrx_word' id='word_1_553' title='bbox 990 4955 1305 5025; x_wconf 89' lang='lat' dir='ltr'><strong>contigisset</strong></span> <span class='ocrx_word' id='word_1_554' title='bbox 1332 4959 1623 5025; x_wconf 86' lang='lat' dir='ltr'><strong>Ecclesiis,</strong></span> <span class='ocrx_word' id='word_1_555' title='bbox 1666 4963 1877 5021; x_wconf 85' lang='lat' dir='ltr'><strong>sincera</strong></span> 
     </span>
    </p>
   </div>
   <div class='ocr_carea' id='block_1_85' title="bbox 307 5043 1878 5125">
    <p class='ocr_par' dir='ltr' id='par_1_85' title="bbox 307 5043 1878 5125">
     <span class='ocr_line' id='line_1_85' title="bbox 307 5043 1878 5125; baseline 0.012 -30"><span class='ocrx_word' id='word_1_556' title='bbox 307 5043 559 5109; x_wconf 86' lang='lat' dir='ltr'><strong>deinceps</strong></span> <span class='ocrx_word' id='word_1_557' title='bbox 595 5044 792 5100; x_wconf 90' lang='lat' dir='ltr'><strong>caritas</strong></span> <span class='ocrx_word' id='word_1_558' title='bbox 841 5048 1169 5114; x_wconf 86' lang='lat' dir='ltr'><strong>proveniret.</strong></span> <span class='ocrx_word' id='word_1_559' title='bbox 1198 5049 1404 5116; x_wconf 83' lang='lat' dir='ltr'><strong>Quibus</strong></span> <span class='ocrx_word' id='word_1_560' title='bbox 1432 5053 1535 5109; x_wconf 91' lang='lat' dir='ltr'><strong>rite</strong></span> <span class='ocrx_word' id='word_1_561' title='bbox 1561 5060 1839 5124; x_wconf 87' lang='lat' dir='ltr'><strong>perpensis</strong></span> <span class='ocrx_word' id='word_1_562' title='bbox 1864 5099 1878 5125; x_wconf 90' lang='lat'><strong>,</strong></span> 
     </span>
    </p>
   </div>
   <div class='ocr_carea' id='block_1_86' title="bbox 309 5134 1881 5219">
    <p class='ocr_par' dir='ltr' id='par_1_86' title="bbox 309 5134 1881 5219">
     <span class='ocr_line' id='line_1_86' title="bbox 309 5134 1881 5219; baseline 0.01 -31"><span class='ocrx_word' id='word_1_563' title='bbox 309 5134 441 5188; x_wconf 89' lang='lat' dir='ltr'><strong>nihil</strong></span> <span class='ocrx_word' id='word_1_564' title='bbox 465 5134 608 5189; x_wconf 91' lang='lat' dir='ltr'><strong>aliud</strong></span> <span class='ocrx_word' id='word_1_565' title='bbox 631 5136 761 5191; x_wconf 89' lang='lat' dir='ltr'><strong>mihi</strong></span> <span class='ocrx_word' id='word_1_566' title='bbox 790 5149 1073 5209; x_wconf 87' lang='lat' dir='ltr'><strong>supererat</strong></span> <span class='ocrx_word' id='word_1_567' title='bbox 1096 5143 1409 5213; x_wconf 87' lang='lat' dir='ltr'><strong>gratulanti,</strong></span> <span class='ocrx_word' id='word_1_568' title='bbox 1440 5145 1542 5201; x_wconf 90' lang='lat' dir='ltr'><strong>nisi</strong></span> <span class='ocrx_word' id='word_1_569' title='bbox 1590 5157 1645 5203; x_wconf 91' lang='lat' dir='ltr'><strong>ut</strong></span> <span class='ocrx_word' id='word_1_570' title='bbox 1682 5149 1763 5205; x_wconf 87' lang='lat' dir='ltr'><strong>his</strong></span> <span class='ocrx_word' id='word_1_571' title='bbox 1791 5151 1881 5219; x_wconf 86' lang='lat' dir='ltr'><strong>qui</strong></span> 
     </span>
    </p>
   </div>
   <div class='ocr_carea' id='block_1_87' title="bbox 310 5225 1885 5299">
    <p class='ocr_par' dir='ltr' id='par_1_87' title="bbox 310 5225 1885 5299">
     <span class='ocr_line' id='line_1_87' title="bbox 310 5225 1885 5299; baseline 0.011 -20"><span class='ocrx_word' id='word_1_572' title='bbox 310 5226 517 5280; x_wconf 90' lang='lat' dir='ltr'><strong>fuerant</strong></span> <span class='ocrx_word' id='word_1_573' title='bbox 540 5225 791 5282; x_wconf 87' lang='lat' dir='ltr'><strong>destinati</strong></span> <span class='ocrx_word' id='word_1_574' title='bbox 820 5232 1128 5299; x_wconf 65' lang='lat' dir='ltr'><strong>apostolica:</strong></span> <span class='ocrx_word' id='word_1_575' title='bbox 1151 5235 1294 5291; x_wconf 90' lang='lat' dir='ltr'><strong>sedis</strong></span> <span class='ocrx_word' id='word_1_576' title='bbox 1315 5236 1621 5292; x_wconf 89' lang='lat' dir='ltr'><strong>communio</strong></span> <span class='ocrx_word' id='word_1_577' title='bbox 1646 5238 1885 5296; x_wconf 84' lang='lat' dir='ltr'><strong>tradere-</strong></span> 
     </span>
    </p>
   </div>
   <div class='ocr_carea' id='block_1_88' title="bbox 312 5316 1882 5399">
    <p class='ocr_par' dir='ltr' id='par_1_88' title="bbox 312 5316 1882 5399">
     <span class='ocr_line' id='line_1_88' title="bbox 312 5316 1882 5399; baseline 0.011 -29"><span class='ocrx_word' id='word_1_578' title='bbox 312 5326 419 5372; x_wconf 89' lang='lat' dir='ltr'><strong>tur.</strong></span> <span class='ocrx_word' id='word_1_579' title='bbox 448 5316 552 5373; x_wconf 88' lang='lat' dir='ltr'><strong>Sed</strong></span> <span class='ocrx_word' id='word_1_580' title='bbox 579 5332 703 5373; x_wconf 90' lang='lat' dir='ltr'><strong>cum</strong></span> <span class='ocrx_word' id='word_1_581' title='bbox 733 5332 830 5387; x_wconf 89' lang='lat' dir='ltr'><strong>pro</strong></span> <span class='ocrx_word' id='word_1_582' title='bbox 857 5321 1117 5378; x_wconf 86' lang='lat' dir='ltr'><strong>catholica</strong></span> <span class='ocrx_word' id='word_1_583' title='bbox 1148 5325 1255 5382; x_wconf 86' lang='lat' dir='ltr'><strong>ﬁde</strong></span> <span class='ocrx_word' id='word_1_584' title='bbox 1274 5327 1485 5382; x_wconf 89' lang='lat' dir='ltr'><strong>cautius</strong></span> <span class='ocrx_word' id='word_1_585' title='bbox 1513 5329 1882 5399; x_wconf 85' lang='lat' dir='ltr'><strong>admonerem,</strong></span> 
     </span>
    </p>
   </div>
   <div class='ocr_carea' id='block_1_89' title="bbox 311 5407 1885 5478">
    <p class='ocr_par' dir='ltr' id='par_1_89' title="bbox 311 5407 1885 5478">
     <span class='ocr_line' id='line_1_89' title="bbox 311 5407 1885 5478; baseline 0.011 -16"><span class='ocrx_word' id='word_1_586' title='bbox 311 5417 370 5462; x_wconf 90' lang='lat' dir='ltr'><strong>ut</strong></span> <span class='ocrx_word' id='word_1_587' title='bbox 396 5407 748 5478; x_wconf 88' lang='lat' dir='ltr'><strong>suscipientes</strong></span> <span class='ocrx_word' id='word_1_588' title='bbox 780 5423 899 5465; x_wconf 89' lang='lat' dir='ltr'><strong>eam</strong></span> <span class='ocrx_word' id='word_1_589' title='bbox 938 5426 998 5467; x_wconf 91' lang='lat' dir='ltr'><strong>se</strong></span> <span class='ocrx_word' id='word_1_590' title='bbox 1048 5427 1079 5466; x_wconf 86' lang='lat' dir='ltr'><strong>a</strong></span> <span class='ocrx_word' id='word_1_591' title='bbox 1112 5417 1386 5473; x_wconf 90' lang='lat' dir='ltr'><strong>consortio</strong></span> <span class='ocrx_word' id='word_1_592' title='bbox 1426 5420 1764 5477; x_wconf 84' lang='lat' dir='ltr'><strong>retraherent</strong></span> <span class='ocrx_word' id='word_1_593' title='bbox 1788 5423 1885 5478; x_wconf 88' lang='lat' dir='ltr'><strong>da-</strong></span> 
     </span>
    </p>
   </div>
   <div class='ocr_carea' id='block_1_90' title="bbox 309 5503 1880 5574">
    <p class='ocr_par' dir='ltr' id='par_1_90' title="bbox 309 5503 1880 5574">
     <span class='ocr_line' id='line_1_90' title="bbox 309 5503 1880 5574; baseline 0.011 -20"><span class='ocrx_word' id='word_1_594' title='bbox 309 5509 636 5567; x_wconf 87' lang='lat' dir='ltr'><strong>mnatorum,</strong></span> <span class='ocrx_word' id='word_1_595' title='bbox 654 5517 757 5557; x_wconf 91' lang='lat' dir='ltr'><strong>non</strong></span> <span class='ocrx_word' id='word_1_596' title='bbox 782 5503 880 5558; x_wconf 89' lang='lat' dir='ltr'><strong>sibi</strong></span> <span class='ocrx_word' id='word_1_597' title='bbox 910 5504 1011 5560; x_wconf 88' lang='lat' dir='ltr'><strong>hoc</strong></span> <span class='ocrx_word' id='word_1_598' title='bbox 1034 5508 1340 5566; x_wconf 76' lang='lat' dir='ltr'><strong>mandatum</strong></span> <span class='ocrx_word' id='word_1_599' title='bbox 1366 5514 1585 5568; x_wconf 90' lang='lat' dir='ltr'><strong>omnino</strong></span> <span class='ocrx_word' id='word_1_600' title='bbox 1610 5514 1880 5574; x_wconf 78' lang='lat' dir='ltr'><strong>dixerunt.</strong></span> 
     </span>
    </p>
   </div>
   <div class='ocr_carea' id='block_1_91' title="bbox 311 5592 1883 5667">
    <p class='ocr_par' dir='ltr' id='par_1_91' title="bbox 311 5592 1883 5667">
     <span class='ocr_line' id='line_1_91' title="bbox 311 5592 1883 5667; baseline 0.014 -22"><span class='ocrx_word' id='word_1_601' title='bbox 311 5592 422 5661; x_wconf 87' lang='lat' dir='ltr'><strong>Qua</strong></span> <span class='ocrx_word' id='word_1_602' title='bbox 455 5608 632 5649; x_wconf 91' lang='lat' dir='ltr'><strong>rerum</strong></span> <span class='ocrx_word' id='word_1_603' title='bbox 660 5594 968 5651; x_wconf 84' lang='lat' dir='ltr'><strong>diversitate</strong></span> <span class='ocrx_word' id='word_1_604' title='bbox 991 5610 1288 5666; x_wconf 88' lang='lat' dir='ltr'><strong>permotum</strong></span> <span class='ocrx_word' id='word_1_605' title='bbox 1310 5606 1526 5661; x_wconf 83' lang='lat' dir='ltr'><strong>anxium</strong></span> <span class='ocrx_word' id='word_1_606' title='bbox 1554 5623 1639 5664; x_wconf 90' lang='lat' dir='ltr'><strong>me</strong></span> <span class='ocrx_word' id='word_1_607' title='bbox 1667 5609 1883 5667; x_wconf 71' lang='lat' dir='ltr'><strong>haesisse</strong></span> 
     </span>
    </p>
   </div>
   <div class='ocr_carea' id='block_1_92' title="bbox 310 5687 1884 5767">
    <p class='ocr_par' dir='ltr' id='par_1_92' title="bbox 310 5687 1884 5767">
     <span class='ocr_line' id='line_1_92' title="bbox 310 5687 1884 5767; baseline 0.015 -29"><span class='ocrx_word' id='word_1_608' title='bbox 310 5687 603 5754; x_wconf 85' lang='lat' dir='ltr'><strong>profiteor;</strong></span> <span class='ocrx_word' id='word_1_609' title='bbox 628 5702 747 5743; x_wconf 91' lang='lat' dir='ltr'><strong>cum</strong></span> <span class='ocrx_word' id='word_1_610' title='bbox 780 5688 920 5744; x_wconf 86' lang='lat' dir='ltr'><strong>aliud</strong></span> <span class='ocrx_word' id='word_1_611' title='bbox 952 5689 1169 5763; x_wconf 62' lang='lat' dir='ltr'><strong>litterae,</strong></span> <span class='ocrx_word' id='word_1_612' title='bbox 1205 5705 1259 5750; x_wconf 91' lang='lat' dir='ltr'><strong>et</strong></span> <span class='ocrx_word' id='word_1_613' title='bbox 1288 5697 1400 5767; x_wconf 78' lang='lat' dir='ltr'><strong>ipsa</strong></span> <span class='ocrx_word' id='word_1_614' title='bbox 1422 5716 1601 5756; x_wconf 82' lang='lat' dir='ltr'><strong>rerum</strong></span> <span class='ocrx_word' id='word_1_615' title='bbox 1633 5704 1767 5759; x_wconf 85' lang='lat' dir='ltr'><strong>ratio</strong></span> <span class='ocrx_word' id='word_1_616' title='bbox 1793 5706 1884 5760; x_wconf 83' lang='lat' dir='ltr'><strong>de-</strong></span> 
     </span>
    </p>
   </div>
   <div class='ocr_carea' id='block_1_93' title="bbox 311 5770 1881 5856">
    <p class='ocr_par' dir='ltr' id='par_1_93' title="bbox 311 5770 1881 5856">
     <span class='ocr_line' id='line_1_93' title="bbox 311 5770 1881 5856; baseline 0.017 -27"><span class='ocrx_word' id='word_1_617' title='bbox 311 5770 655 5842; x_wconf 83' lang='lat' dir='ltr'><strong>monstraret,</strong></span> <span class='ocrx_word' id='word_1_618' title='bbox 688 5779 901 5835; x_wconf 90' lang='lat' dir='ltr'><strong>ctalind</strong></span> <span class='ocrx_word' id='word_1_619' title='bbox 933 5796 1347 5847; x_wconf 86' lang='lat' dir='ltr'><strong>memoratorum</strong></span> <span class='ocrx_word' id='word_1_620' title='bbox 1385 5796 1682 5852; x_wconf 81' lang='lat' dir='ltr'><strong>contineret</strong></span> <span class='ocrx_word' id='word_1_621' title='bbox 1709 5815 1881 5856; x_wconf 87' lang='lat' dir='ltr'><strong>asser-</strong></span> 
     </span>
    </p>
   </div>
   <div class='ocr_carea' id='block_1_94' title="bbox 556 5874 1090 5939">
    <p class='ocr_par' dir='ltr' id='par_1_94' title="bbox 556 5874 1090 5939">
     <span class='ocr_line' id='line_1_94' title="bbox 556 5874 1090 5939; baseline 0.011 -6"><span class='ocrx_word' id='word_1_622' title='bbox 556 5874 823 5936; x_wconf 73' lang='lat' dir='ltr'><strong>l’n&#39;noc.</strong></span> <span class='ocrx_word' id='word_1_623' title='bbox 872 5876 1090 5939; x_wconf 81' lang='lat' dir='ltr'><strong>LVIII.</strong></span> 
     </span>
    </p>
   </div>
   <div class='ocr_carea' id='block_1_95' title="bbox 1985 3304 3567 3396">
    <p class='ocr_par' dir='ltr' id='par_1_95' title="bbox 1985 3304 3567 3396">
     <span class='ocr_line' id='line_1_95' title="bbox 1985 3304 3567 3396; baseline 0.019 -39"><span class='ocrx_word' id='word_1_624' title='bbox 1985 3306 2403 3378; x_wconf 89' lang='lat' dir='ltr'><strong>speritatemque</strong></span> <span class='ocrx_word' id='word_1_625' title='bbox 2426 3304 2829 3370; x_wconf 84' lang='lat' dir='ltr'><strong>elementissimi</strong></span> <span class='ocrx_word' id='word_1_626' title='bbox 2849 3316 2946 3373; x_wconf 90' lang='lat' dir='ltr'><strong>ﬁlii</strong></span> <span class='ocrx_word' id='word_1_627' title='bbox 2968 3334 3187 3379; x_wconf 87' lang='lat' dir='ltr'><strong>manere</strong></span> <span class='ocrx_word' id='word_1_628' title='bbox 3200 3327 3422 3396; x_wconf 87' lang='lat' dir='ltr'><strong>cupiens</strong></span> <span class='ocrx_word' id='word_1_629' title='bbox 3443 3304 3567 3386; x_wconf 82' lang='lat' dir='ltr'><strong>diu-</strong></span> 
     </span>
    </p>
   </div>
   <div class='ocr_carea' id='block_1_96' title="bbox 1988 3398 3562 3491">
    <p class='ocr_par' dir='ltr' id='par_1_96' title="bbox 1988 3398 3562 3491">
     <span class='ocr_line' id='line_1_96' title="bbox 1988 3398 3562 3491; baseline 0.018 -42"><span class='ocrx_word' id='word_1_630' title='bbox 1988 3405 2219 3461; x_wconf 91' lang='lat' dir='ltr'><strong>turnam,</strong></span> <span class='ocrx_word' id='word_1_631' title='bbox 2248 3398 2472 3457; x_wconf 88' lang='lat' dir='ltr'><strong>fideliter</strong></span> <span class='ocrx_word' id='word_1_632' title='bbox 2501 3402 2746 3473; x_wconf 90' lang='lat' dir='ltr'><strong>imploro.</strong></span> <span class='ocrx_word' id='word_1_633' title='bbox 2797 3408 2936 3465; x_wconf 89' lang='lat' dir='ltr'><strong>Ecce</strong></span> <span class='ocrx_word' id='word_1_634' title='bbox 2963 3412 3352 3487; x_wconf 90' lang='lat' dir='ltr'><strong>desideramus,</strong></span> <span class='ocrx_word' id='word_1_635' title='bbox 3411 3431 3562 3491; x_wconf 88' lang='lat' dir='ltr'><strong>opta-</strong></span> 
     </span>
    </p>
   </div>
   <div class='ocr_carea' id='block_1_97' title="bbox 1985 3489 3564 3577">
    <p class='ocr_par' dir='ltr' id='par_1_97' title="bbox 1985 3489 3564 3577">
     <span class='ocr_line' id='line_1_97' title="bbox 1985 3489 3564 3577; baseline 0.018 -38"><span class='ocrx_word' id='word_1_636' title='bbox 1985 3502 2127 3552; x_wconf 89' lang='lat' dir='ltr'><strong>mus,</strong></span> <span class='ocrx_word' id='word_1_637' title='bbox 2159 3489 2426 3546; x_wconf 89' lang='lat' dir='ltr'><strong>ambimus</strong></span> <span class='ocrx_word' id='word_1_638' title='bbox 2454 3492 2749 3552; x_wconf 86' lang='lat' dir='ltr'><strong>Ecelesiam</strong></span> <span class='ocrx_word' id='word_1_639' title='bbox 2781 3489 3461 3577; x_wconf 68' lang='lat' dir='ltr'><strong>Constantinopolitanam,</strong></span> <span class='ocrx_word' id='word_1_640' title='bbox 3487 3513 3564 3567; x_wconf 84' lang='lat' dir='ltr'><strong>si-</strong></span> 
     </span>
    </p>
   </div>
   <div class='ocr_carea' id='block_1_98' title="bbox 1984 3583 3564 3660">
    <p class='ocr_par' dir='ltr' id='par_1_98' title="bbox 1984 3583 3564 3660">
     <span class='ocr_line' id='line_1_98' title="bbox 1984 3583 3564 3660; baseline 0.018 -29"><span class='ocrx_word' id='word_1_641' title='bbox 1984 3588 2072 3633; x_wconf 90' lang='lat' dir='ltr'><strong>cut</strong></span> <span class='ocrx_word' id='word_1_642' title='bbox 2097 3594 2331 3650; x_wconf 88' lang='lat' dir='ltr'><strong>semper,</strong></span> <span class='ocrx_word' id='word_1_643' title='bbox 2367 3583 2565 3641; x_wconf 90' lang='lat' dir='ltr'><strong>habere</strong></span> <span class='ocrx_word' id='word_1_644' title='bbox 2586 3600 2906 3646; x_wconf 73' lang='lat' dir='ltr'><strong>connexam.</strong></span> <span class='ocrx_word' id='word_1_645' title='bbox 2935 3593 3213 3653; x_wconf 66' lang='lat' dir='ltr'><strong>Eruantur</strong></span> <span class='ocrx_word' id='word_1_646' title='bbox 3241 3600 3467 3657; x_wconf 90' lang='lat' dir='ltr'><strong>obsecro</strong></span> <span class='ocrx_word' id='word_1_647' title='bbox 3495 3606 3564 3660; x_wconf 90' lang='lat' dir='ltr'><strong>ab</strong></span> 
     </span>
    </p>
   </div>
   <div class='ocr_carea' id='block_1_99' title="bbox 1984 3670 3565 3754">
    <p class='ocr_par' dir='ltr' id='par_1_99' title="bbox 1984 3670 3565 3754">
     <span class='ocr_line' id='line_1_99' title="bbox 1984 3670 3565 3754; baseline 0.02 -33"><span class='ocrx_word' id='word_1_648' title='bbox 1984 3670 2067 3724; x_wconf 87' lang='lat' dir='ltr'><strong>his</strong></span> <span class='ocrx_word' id='word_1_649' title='bbox 2082 3672 2168 3738; x_wconf 90' lang='lat' dir='ltr'><strong>qui</strong></span> <span class='ocrx_word' id='word_1_650' title='bbox 2201 3675 2367 3729; x_wconf 72' lang='lat' dir='ltr'><strong>nosui</strong></span> <span class='ocrx_word' id='word_1_651' title='bbox 2396 3690 2500 3729; x_wconf 91' lang='lat' dir='ltr'><strong>non</strong></span> <span class='ocrx_word' id='word_1_652' title='bbox 2547 3689 2689 3743; x_wconf 87' lang='lat' dir='ltr'><strong>sunt,</strong></span> <span class='ocrx_word' id='word_1_653' title='bbox 2721 3692 2776 3735; x_wconf 83' lang='lat' dir='ltr'><strong>et</strong></span> <span class='ocrx_word' id='word_1_654' title='bbox 2802 3698 2900 3738; x_wconf 90' lang='lat' dir='ltr'><strong>nos</strong></span> <span class='ocrx_word' id='word_1_655' title='bbox 2938 3678 3152 3754; x_wconf 88' lang='lat' dir='ltr'><strong>quoque</strong></span> <span class='ocrx_word' id='word_1_656' title='bbox 3181 3691 3421 3748; x_wconf 88' lang='lat' dir='ltr'><strong>volumus</strong></span> <span class='ocrx_word' id='word_1_657' title='bbox 3442 3709 3565 3752; x_wconf 89' lang='lat' dir='ltr'><strong>esse</strong></span> 
     </span>
    </p>
   </div>
   <div class='ocr_carea' id='block_1_100' title="bbox 1984 3761 3559 3854">
    <p class='ocr_par' dir='ltr' id='par_1_100' title="bbox 1984 3761 3559 3854">
     <span class='ocr_line' id='line_1_100' title="bbox 1984 3761 3559 3854; baseline 0.02 -43"><span class='ocrx_word' id='word_1_658' title='bbox 1984 3761 2282 3816; x_wconf 88' lang='lat' dir='ltr'><strong>nobiscum.</strong></span> <span class='ocrx_word' id='word_1_659' title='bbox 2315 3763 2715 3824; x_wconf 86' lang='lat' dir='ltr'><strong>Postulationes</strong></span> <span class='ocrx_word' id='word_1_660' title='bbox 2743 3782 2891 3829; x_wconf 90' lang='lat' dir='ltr'><strong>certe</strong></span> <span class='ocrx_word' id='word_1_661' title='bbox 2916 3777 3156 3843; x_wconf 87' lang='lat' dir='ltr'><strong>gentium</strong></span> <span class='ocrx_word' id='word_1_662' title='bbox 3190 3780 3559 3854; x_wconf 88' lang='lat' dir='ltr'><strong>barbararum,</strong></span> 
     </span>
    </p>
   </div>
   <div class='ocr_carea' id='block_1_101' title="bbox 1986 3852 3563 3945">
    <p class='ocr_par' dir='ltr' id='par_1_101' title="bbox 1986 3852 3563 3945">
     <span class='ocr_line' id='line_1_101' title="bbox 1986 3852 3563 3945; baseline 0.02 -45"><span class='ocrx_word' id='word_1_663' title='bbox 1986 3852 2304 3908; x_wconf 87' lang='lat' dir='ltr'><strong>venerabilis</strong></span> <span class='ocrx_word' id='word_1_664' title='bbox 2333 3854 2649 3925; x_wconf 84' lang='lat' dir='ltr'><strong>imperator,</strong></span> <span class='ocrx_word' id='word_1_665' title='bbox 2682 3876 2779 3930; x_wconf 86' lang='lat' dir='ltr'><strong>pro</strong></span> <span class='ocrx_word' id='word_1_666' title='bbox 2801 3863 2980 3933; x_wconf 89' lang='lat' dir='ltr'><strong>quiete</strong></span> <span class='ocrx_word' id='word_1_667' title='bbox 3008 3869 3263 3925; x_wconf 76' lang='lat' dir='ltr'><strong>mundani</strong></span> <span class='ocrx_word' id='word_1_668' title='bbox 3286 3876 3434 3943; x_wconf 84' lang='lat' dir='ltr'><strong>regni</strong></span> <span class='ocrx_word' id='word_1_669' title='bbox 3467 3852 3563 3945; x_wconf 46' lang='lat' dir='ltr'><strong>pné</strong></span> 
     </span>
    </p>
   </div>
   <div class='ocr_carea' id='block_1_102' title="bbox 1984 3940 3560 4035">
    <p class='ocr_par' dir='ltr' id='par_1_102' title="bbox 1984 3940 3560 4035">
     <span class='ocr_line' id='line_1_102' title="bbox 1984 3940 3560 4035; baseline 0.018 -40"><span class='ocrx_word' id='word_1_670' title='bbox 1984 3940 2124 3997; x_wconf 90' lang='lat' dir='ltr'><strong>blice</strong></span> <span class='ocrx_word' id='word_1_671' title='bbox 2152 3944 2413 4016; x_wconf 88' lang='lat' dir='ltr'><strong>benignus</strong></span> <span class='ocrx_word' id='word_1_672' title='bbox 2434 3951 2674 4006; x_wconf 77' lang='lat' dir='ltr'><strong>exaudis.</strong></span> <span class='ocrx_word' id='word_1_673' title='bbox 2695 3952 2905 4019; x_wconf 88' lang='lat' dir='ltr'><strong>Quanto</strong></span> <span class='ocrx_word' id='word_1_674' title='bbox 2927 3962 3267 4025; x_wconf 67' lang='lat' dir='ltr'><strong>praestantius</strong></span> <span class='ocrx_word' id='word_1_675' title='bbox 3280 3940 3463 4035; x_wconf 57' lang='lat' dir='ltr'><strong>quaeso</strong></span> <span class='ocrx_word' id='word_1_676' title='bbox 3487 3979 3560 4035; x_wconf 91' lang='lat' dir='ltr'><strong>te,</strong></span> 
     </span>
    </p>
   </div>
   <div class='ocr_carea' id='block_1_103' title="bbox 1987 4039 3565 4126">
    <p class='ocr_par' dir='ltr' id='par_1_103' title="bbox 1987 4039 3565 4126">
     <span class='ocr_line' id='line_1_103' title="bbox 1987 4039 3565 4126; baseline 0.019 -39"><span class='ocrx_word' id='word_1_677' title='bbox 1987 4048 2175 4102; x_wconf 86' lang='lat' dir='ltr'><strong>preces</strong></span> <span class='ocrx_word' id='word_1_678' title='bbox 2221 4039 2530 4104; x_wconf 74' lang='lat' dir='ltr'><strong>apostolica:</strong></span> <span class='ocrx_word' id='word_1_679' title='bbox 2574 4043 2721 4100; x_wconf 88' lang='lat' dir='ltr'><strong>sedis</strong></span> <span class='ocrx_word' id='word_1_680' title='bbox 2744 4060 2840 4115; x_wconf 92' lang='lat' dir='ltr'><strong>pro</strong></span> <span class='ocrx_word' id='word_1_681' title='bbox 2869 4062 3141 4106; x_wconf 84' lang='lat' dir='ltr'><strong>sacrarum</strong></span> <span class='ocrx_word' id='word_1_682' title='bbox 3185 4059 3565 4126; x_wconf 82' lang='lat' dir='ltr'><strong>tranquillitate</strong></span> 
     </span>
    </p>
   </div>
   <div class='ocr_carea' id='block_1_104' title="bbox 1985 4130 3566 4216">
    <p class='ocr_par' dir='ltr' id='par_1_104' title="bbox 1985 4130 3566 4216">
     <span class='ocr_line' id='line_1_104' title="bbox 1985 4130 3566 4216; baseline 0.017 -36"><span class='ocrx_word' id='word_1_683' title='bbox 1985 4142 2164 4182; x_wconf 89' lang='lat' dir='ltr'><strong>rerum</strong></span> <span class='ocrx_word' id='word_1_684' title='bbox 2197 4130 2434 4199; x_wconf 87' lang='lat' dir='ltr'><strong>placatus</strong></span> <span class='ocrx_word' id='word_1_685' title='bbox 2461 4134 2745 4205; x_wconf 80' lang='lat' dir='ltr'><strong>admittis?</strong></span> <span class='ocrx_word' id='word_1_686' title='bbox 2781 4137 2894 4193; x_wconf 86' lang='lat' dir='ltr'><strong>Hoc</strong></span> <span class='ocrx_word' id='word_1_687' title='bbox 2921 4142 3062 4194; x_wconf 89' lang='lat' dir='ltr'><strong>enim</strong></span> <span class='ocrx_word' id='word_1_688' title='bbox 3104 4145 3210 4199; x_wconf 90' lang='lat' dir='ltr'><strong>hoc</strong></span> <span class='ocrx_word' id='word_1_689' title='bbox 3239 4149 3472 4216; x_wconf 79' lang='lat' dir='ltr'><strong>expedit,</strong></span> <span class='ocrx_word' id='word_1_690' title='bbox 3508 4163 3566 4207; x_wconf 81' lang='grc' dir='ltr'><strong>ιιι</strong></span> 
     </span>
    </p>
   </div>
   <div class='ocr_carea' id='block_1_105' title="bbox 1986 4220 3566 4308">
    <p class='ocr_par' dir='ltr' id='par_1_105' title="bbox 1986 4220 3566 4308">
     <span class='ocr_line' id='line_1_105' title="bbox 1986 4220 3566 4308; baseline 0.016 -35"><span class='ocrx_word' id='word_1_691' title='bbox 1986 4220 2031 4275; x_wconf 91' lang='lat' dir='ltr'><strong>si</strong></span> <span class='ocrx_word' id='word_1_692' title='bbox 2057 4228 2282 4290; x_wconf 89' lang='lat' dir='ltr'><strong>utraque</strong></span> <span class='ocrx_word' id='word_1_693' title='bbox 2308 4222 2473 4277; x_wconf 82' lang='lat' dir='ltr'><strong>Roma</strong></span> <span class='ocrx_word' id='word_1_694' title='bbox 2499 4240 2596 4294; x_wconf 92' lang='lat' dir='ltr'><strong>pro</strong></span> <span class='ocrx_word' id='word_1_695' title='bbox 2620 4239 2804 4308; x_wconf 77' lang='lat' dir='ltr'><strong>mutuo</strong></span> <span class='ocrx_word' id='word_1_696' title='bbox 2832 4231 3055 4300; x_wconf 91' lang='lat' dir='ltr'><strong>pignore</strong></span> <span class='ocrx_word' id='word_1_697' title='bbox 3080 4250 3437 4308; x_wconf 89' lang='lat' dir='ltr'><strong>nuncupatur,</strong></span> <span class='ocrx_word' id='word_1_698' title='bbox 3476 4245 3566 4300; x_wconf 80' lang='lat' dir='ltr'><strong>fiat</strong></span> 
     </span>
    </p>
   </div>
   <div class='ocr_carea' id='block_1_106' title="bbox 1986 4302 3567 4397">
    <p class='ocr_par' dir='ltr' id='par_1_106' title="bbox 1986 4302 3567 4397">
     <span class='ocr_line' id='line_1_106' title="bbox 1986 4302 3567 4397; baseline 0.014 -30"><span class='ocrx_word' id='word_1_699' title='bbox 1986 4320 2210 4382; x_wconf 89' lang='lat' dir='ltr'><strong>utraque</strong></span> <span class='ocrx_word' id='word_1_700' title='bbox 2235 4330 2339 4369; x_wconf 90' lang='lat' dir='ltr'><strong>una</strong></span> <span class='ocrx_word' id='word_1_701' title='bbox 2362 4314 2496 4372; x_wconf 91' lang='lat' dir='ltr'><strong>ﬁdes</strong></span> <span class='ocrx_word' id='word_1_702' title='bbox 2518 4317 2606 4373; x_wconf 91' lang='lat' dir='ltr'><strong>illa</strong></span> <span class='ocrx_word' id='word_1_703' title='bbox 2639 4302 3024 4393; x_wconf 81' lang='lat' dir='ltr'><strong>Romanorum,</strong></span> <span class='ocrx_word' id='word_1_704' title='bbox 3047 4340 3205 4395; x_wconf 93' lang='lat' dir='ltr'><strong>quam</strong></span> <span class='ocrx_word' id='word_1_705' title='bbox 3236 4302 3329 4397; x_wconf 74' lang='lat' dir='ltr'><strong>per</strong></span> <span class='ocrx_word' id='word_1_706' title='bbox 3352 4302 3567 4390; x_wconf 79' lang='lat' dir='ltr'><strong>univer-</strong></span> 
     </span>
    </p>
   </div>
   <div class='ocr_carea' id='block_1_107' title="bbox 1987 4413 3564 4505">
    <p class='ocr_par' dir='ltr' id='par_1_107' title="bbox 1987 4413 3564 4505">
     <span class='ocr_line' id='line_1_107' title="bbox 1987 4413 3564 4505; baseline 0.017 -43"><span class='ocrx_word' id='word_1_707' title='bbox 1987 4424 2104 4464; x_wconf 88' lang='lat' dir='ltr'><strong>sum</strong></span> <span class='ocrx_word' id='word_1_708' title='bbox 2132 4413 2388 4469; x_wconf 89' lang='lat' dir='ltr'><strong>mundum</strong></span> <span class='ocrx_word' id='word_1_709' title='bbox 2434 4417 2709 4484; x_wconf 75' lang='lat' dir='ltr'><strong>prtedicari</strong></span> <span class='ocrx_word' id='word_1_710' title='bbox 2741 4421 2929 4478; x_wconf 86' lang='lat' dir='ltr'><strong>beatus</strong></span> <span class='ocrx_word' id='word_1_711' title='bbox 2973 4423 3169 4482; x_wconf 88' lang='lat' dir='ltr'><strong>Paulus</strong></span> <span class='ocrx_word' id='word_1_712' title='bbox 3217 4429 3394 4500; x_wconf 86' lang='lat' dir='ltr'><strong>(Rom.</strong></span> <span class='ocrx_word' id='word_1_713' title='bbox 3430 4450 3473 4501; x_wconf 87' lang='grc' dir='ltr'><strong>ι,</strong></span> <span class='ocrx_word' id='word_1_714' title='bbox 3508 4435 3564 4505; x_wconf 90' lang='grc'><strong>8)</strong></span> 
     </span>
    </p>
   </div>
   <div class='ocr_carea' id='block_1_108' title="bbox 1991 4511 3568 4584">
    <p class='ocr_par' dir='ltr' id='par_1_108' title="bbox 1991 4511 3568 4584">
     <span class='ocr_line' id='line_1_108' title="bbox 1991 4511 3568 4584; baseline 0.016 -28"><span class='ocrx_word' id='word_1_715' title='bbox 1991 4511 2216 4559; x_wconf 89' lang='lat' dir='ltr'><strong>testatur</strong></span> <span class='ocrx_word' id='word_1_716' title='bbox 2268 4511 2561 4576; x_wconf 87' lang='lat' dir='ltr'><strong>apostolus.</strong></span> <span class='ocrx_word' id='word_1_717' title='bbox 2595 4512 2731 4567; x_wconf 91' lang='lat' dir='ltr'><strong>sicut</strong></span> <span class='ocrx_word' id='word_1_718' title='bbox 2777 4516 2920 4584; x_wconf 90' lang='lat' dir='ltr'><strong>apud</strong></span> <span class='ocrx_word' id='word_1_719' title='bbox 2948 4527 3162 4574; x_wconf 91' lang='lat' dir='ltr'><strong>nostros</strong></span> <span class='ocrx_word' id='word_1_720' title='bbox 3206 4522 3387 4577; x_wconf 91' lang='lat' dir='ltr'><strong>floruit</strong></span> <span class='ocrx_word' id='word_1_721' title='bbox 3426 4525 3568 4581; x_wconf 89' lang='lat' dir='ltr'><strong>indi-</strong></span> 
     </span>
    </p>
   </div>
   <div class='ocr_carea' id='block_1_109' title="bbox 1988 4607 3564 4690">
    <p class='ocr_par' dir='ltr' id='par_1_109' title="bbox 1988 4607 3564 4690">
     <span class='ocr_line' id='line_1_109' title="bbox 1988 4607 3564 4690; baseline 0.015 -33"><span class='ocrx_word' id='word_1_722' title='bbox 1988 4612 2160 4659; x_wconf 88' lang='lat' dir='ltr'><strong>screta</strong></span> <span class='ocrx_word' id='word_1_723' title='bbox 2186 4607 2416 4675; x_wconf 85' lang='lat' dir='ltr'><strong>majores</strong></span> <span class='ocrx_word' id='word_1_724' title='bbox 2442 4625 2456 4673; x_wconf 91' lang='lat'><strong>;</strong></span> <span class='ocrx_word' id='word_1_725' title='bbox 2480 4619 2533 4665; x_wconf 88' lang='lat' dir='ltr'><strong>et</strong></span> <span class='ocrx_word' id='word_1_726' title='bbox 2556 4626 2674 4681; x_wconf 69' lang='lat' dir='ltr'><strong>qua:</strong></span> <span class='ocrx_word' id='word_1_727' title='bbox 2704 4628 2900 4683; x_wconf 89' lang='lat' dir='ltr'><strong>genere</strong></span> <span class='ocrx_word' id='word_1_728' title='bbox 2922 4620 3213 4674; x_wconf 84' lang='lat' dir='ltr'><strong>concordat</strong></span> <span class='ocrx_word' id='word_1_729' title='bbox 3242 4638 3303 4677; x_wconf 89' lang='lat' dir='ltr'><strong>ac</strong></span> <span class='ocrx_word' id='word_1_730' title='bbox 3328 4625 3564 4690; x_wconf 70' lang='lat' dir='ltr'><strong>nomine,</strong></span> 
     </span>
    </p>
   </div>
   <div class='ocr_carea' id='block_1_110' title="bbox 1988 4699 3566 4787">
    <p class='ocr_par' dir='ltr' id='par_1_110' title="bbox 1988 4699 3566 4787">
     <span class='ocr_line' id='line_1_110' title="bbox 1988 4699 3566 4787; baseline 0.014 -35"><span class='ocrx_word' id='word_1_731' title='bbox 1988 4713 2092 4753; x_wconf 92' lang='lat' dir='ltr'><strong>non</strong></span> <span class='ocrx_word' id='word_1_732' title='bbox 2121 4699 2191 4753; x_wconf 86' lang='lat' dir='ltr'><strong>sit</strong></span> <span class='ocrx_word' id='word_1_733' title='bbox 2221 4702 2479 4772; x_wconf 81' lang='lat' dir='ltr'><strong>religione</strong></span> <span class='ocrx_word' id='word_1_734' title='bbox 2504 4704 2695 4773; x_wconf 71' lang='lat' dir='ltr'><strong>divisa,</strong></span> <span class='ocrx_word' id='word_1_735' title='bbox 2722 4723 2816 4777; x_wconf 92' lang='lat' dir='ltr'><strong>per</strong></span> <span class='ocrx_word' id='word_1_736' title='bbox 2836 4725 2994 4778; x_wconf 89' lang='lat' dir='ltr'><strong>qnam</strong></span> <span class='ocrx_word' id='word_1_737' title='bbox 3018 4713 3178 4769; x_wconf 87' lang='lat' dir='ltr'><strong>etiam</strong></span> <span class='ocrx_word' id='word_1_738' title='bbox 3209 4716 3566 4787; x_wconf 83' lang='lat' dir='ltr'><strong>discrepantia</strong></span> 
     </span>
    </p>
   </div>
   <div class='ocr_carea' id='block_1_111' title="bbox 1986 4791 3566 4877">
    <p class='ocr_par' dir='ltr' id='par_1_111' title="bbox 1986 4791 3566 4877">
     <span class='ocr_line' id='line_1_111' title="bbox 1986 4791 3566 4877; baseline 0.014 -34"><span class='ocrx_word' id='word_1_739' title='bbox 1986 4791 2327 4858; x_wconf 81' lang='lat' dir='ltr'><strong>capulantur.</strong></span> <span class='ocrx_word' id='word_1_740' title='bbox 2357 4793 2589 4850; x_wconf 79' lang='lat' dir='ltr'><strong>Putasne</strong></span> <span class='ocrx_word' id='word_1_741' title='bbox 2618 4812 2723 4861; x_wconf 87' lang='lat' dir='ltr'><strong>me,</strong></span> <span class='ocrx_word' id='word_1_742' title='bbox 2756 4802 3077 4858; x_wconf 77' lang='lat' dir='ltr'><strong>venerabilis</strong></span> <span class='ocrx_word' id='word_1_743' title='bbox 3116 4805 3425 4877; x_wconf 83' lang='lat' dir='ltr'><strong>itnpetator,</strong></span> <span class='ocrx_word' id='word_1_744' title='bbox 3462 4828 3566 4865; x_wconf 71' lang='lat' dir='ltr'><strong>nm</strong></span> 
     </span>
    </p>
   </div>
   <div class='ocr_carea' id='block_1_112' title="bbox 1987 4880 3565 4968">
    <p class='ocr_par' dir='ltr' id='par_1_112' title="bbox 1987 4880 3565 4968">
     <span class='ocr_line' id='line_1_112' title="bbox 1987 4880 3565 4968; baseline 0.016 -36"><span class='ocrx_word' id='word_1_745' title='bbox 1987 4893 2107 4934; x_wconf 89' lang='lat' dir='ltr'><strong>cum</strong></span> <span class='ocrx_word' id='word_1_746' title='bbox 2140 4880 2392 4953; x_wconf 83' lang='lat' dir='ltr'><strong>lacrymis</strong></span> <span class='ocrx_word' id='word_1_747' title='bbox 2413 4885 2510 4939; x_wconf 78' lang='lat' dir='ltr'><strong>ista</strong></span> <span class='ocrx_word' id='word_1_748' title='bbox 2542 4888 2884 4957; x_wconf 85' lang='lat' dir='ltr'><strong>profundere,</strong></span> <span class='ocrx_word' id='word_1_749' title='bbox 2914 4904 2966 4948; x_wconf 92' lang='lat' dir='ltr'><strong>et</strong></span> <span class='ocrx_word' id='word_1_750' title='bbox 2992 4897 3468 4968; x_wconf 83' lang='lat' dir='ltr'><strong>velutpraesentem</strong></span> <span class='ocrx_word' id='word_1_751' title='bbox 3501 4905 3565 4957; x_wconf 74' lang='lat' dir='ltr'><strong>ad</strong></span> 
     </span>
    </p>
   </div>
   <div class='ocr_carea' id='block_1_113' title="bbox 1990 4972 3568 5057">
    <p class='ocr_par' dir='ltr' id='par_1_113' title="bbox 1990 4972 3568 5057">
     <span class='ocr_line' id='line_1_113' title="bbox 1990 4972 3568 5057; baseline 0.018 -36"><span class='ocrx_word' id='word_1_752' title='bbox 1990 4977 2093 5025; x_wconf 71' lang='lat' dir='ltr'><strong>ture</strong></span> <span class='ocrx_word' id='word_1_753' title='bbox 2124 4972 2334 5041; x_wconf 87' lang='lat' dir='ltr'><strong>pietatis</strong></span> <span class='ocrx_word' id='word_1_754' title='bbox 2366 4977 2631 5048; x_wconf 86' lang='lat' dir='ltr'><strong>vestigia?</strong></span> <span class='ocrx_word' id='word_1_755' title='bbox 2661 4980 2769 5036; x_wconf 86' lang='lat' dir='ltr'><strong>Nec</strong></span> <span class='ocrx_word' id='word_1_756' title='bbox 2796 4983 2936 5040; x_wconf 91' lang='lat' dir='ltr'><strong>enim</strong></span> <span class='ocrx_word' id='word_1_757' title='bbox 2966 4986 3109 5057; x_wconf 79' lang='lat' dir='ltr'><strong>piget</strong></span> <span class='ocrx_word' id='word_1_758' title='bbox 3143 4992 3193 5044; x_wconf 90' lang='lat' dir='ltr'><strong>in</strong></span> <span class='ocrx_word' id='word_1_759' title='bbox 3223 4992 3310 5046; x_wconf 85' lang='lat' dir='ltr'><strong>tali</strong></span> <span class='ocrx_word' id='word_1_760' title='bbox 3336 4994 3568 5050; x_wconf 76' lang='lat' dir='ltr'><strong>maxime</strong></span> 
     </span>
    </p>
   </div>
   <div class='ocr_carea' id='block_1_114' title="bbox 1989 5065 3565 5154">
    <p class='ocr_par' dir='ltr' id='par_1_114' title="bbox 1989 5065 3565 5154">
     <span class='ocr_line' id='line_1_114' title="bbox 1989 5065 3565 5154; baseline 0.013 -37"><span class='ocrx_word' id='word_1_761' title='bbox 1989 5077 2151 5119; x_wconf 86' lang='lat' dir='ltr'><strong>causa</strong></span> <span class='ocrx_word' id='word_1_762' title='bbox 2174 5065 2542 5135; x_wconf 89' lang='lat' dir='ltr'><strong>imperialibus</strong></span> <span class='ocrx_word' id='word_1_763' title='bbox 2564 5071 2759 5127; x_wconf 90' lang='lat' dir='ltr'><strong>ofﬁciis</strong></span> <span class='ocrx_word' id='word_1_764' title='bbox 2789 5076 3054 5144; x_wconf 86' lang='lat' dir='ltr'><strong>inclinari,</strong></span> <span class='ocrx_word' id='word_1_765' title='bbox 3086 5097 3206 5137; x_wconf 89' lang='lat' dir='ltr'><strong>eum</strong></span> <span class='ocrx_word' id='word_1_766' title='bbox 3252 5098 3311 5138; x_wconf 89' lang='lat' dir='ltr'><strong>se</strong></span> <span class='ocrx_word' id='word_1_767' title='bbox 3333 5087 3565 5154; x_wconf 83' lang='lat' dir='ltr'><strong>Aposto-</strong></span> 
     </span>
    </p>
   </div>
   <div class='ocr_carea' id='block_1_115' title="bbox 1989 5152 3568 5245">
    <p class='ocr_par' dir='ltr' id='par_1_115' title="bbox 1989 5152 3568 5245">
     <span class='ocr_line' id='line_1_115' title="bbox 1989 5152 3568 5245; baseline 0.013 -38"><span class='ocrx_word' id='word_1_768' title='bbox 1989 5154 2072 5208; x_wconf 90' lang='lat' dir='ltr'><strong>lus</strong></span> <span class='ocrx_word' id='word_1_769' title='bbox 2100 5152 2153 5225; x_wconf 91' lang='lat' dir='ltr'><strong>(I</strong></span> <span class='ocrx_word' id='word_1_770' title='bbox 2179 5155 2299 5212; x_wconf 84' lang='lat' dir='ltr'><strong>Cor.</strong></span> <span class='ocrx_word' id='word_1_771' title='bbox 2342 5172 2414 5224; x_wconf 88' lang='lat' dir='ltr'><strong>tv,</strong></span> <span class='ocrx_word' id='word_1_772' title='bbox 2448 5158 2537 5230; x_wconf 79' lang='grc'><strong>15)</strong></span> <span class='ocrx_word' id='word_1_773' title='bbox 2564 5163 2803 5219; x_wconf 89' lang='lat' dir='ltr'><strong>omnium</strong></span> <span class='ocrx_word' id='word_1_774' title='bbox 2855 5166 3049 5224; x_wconf 89' lang='lat' dir='ltr'><strong>factum</strong></span> <span class='ocrx_word' id='word_1_775' title='bbox 3090 5171 3233 5227; x_wconf 86' lang='lat' dir='ltr'><strong>dicat</strong></span> <span class='ocrx_word' id='word_1_776' title='bbox 3266 5152 3393 5229; x_wconf 82' lang='lat' dir='ltr'><strong>esse</strong></span> <span class='ocrx_word' id='word_1_777' title='bbox 3427 5180 3568 5245; x_wconf 85' lang='lat' dir='ltr'><strong>peri-</strong></span> 
     </span>
    </p>
   </div>
   <div class='ocr_carea' id='block_1_116' title="bbox 1994 5246 3559 5336">
    <p class='ocr_par' dir='ltr' id='par_1_116' title="bbox 1994 5246 3559 5336">
     <span class='ocr_line' id='line_1_116' title="bbox 1994 5246 3559 5336; baseline 0.013 -37"><span class='ocrx_word' id='word_1_778' title='bbox 1994 5258 2196 5313; x_wconf 86' lang='lat' dir='ltr'><strong>psema.</strong></span> <span class='ocrx_word' id='word_1_779' title='bbox 2238 5246 2363 5303; x_wconf 63' lang='lat' dir='ltr'><strong>Haec</strong></span> <span class='ocrx_word' id='word_1_780' title='bbox 2389 5248 2587 5307; x_wconf 91' lang='lat' dir='ltr'><strong>diutius</strong></span> <span class='ocrx_word' id='word_1_781' title='bbox 2612 5255 2771 5321; x_wconf 89' lang='lat' dir='ltr'><strong>tacui,</strong></span> <span class='ocrx_word' id='word_1_782' title='bbox 2822 5274 2889 5313; x_wconf 89' lang='lat' dir='ltr'><strong>ne</strong></span> <span class='ocrx_word' id='word_1_783' title='bbox 2916 5260 3036 5315; x_wconf 92' lang='lat' dir='ltr'><strong>aliis</strong></span> <span class='ocrx_word' id='word_1_784' title='bbox 3075 5263 3343 5318; x_wconf 86' lang='lat' dir='ltr'><strong>contraria</strong></span> <span class='ocrx_word' id='word_1_785' title='bbox 3372 5271 3559 5336; x_wconf 62' lang='grc' dir='ltr'><strong>δαείω</strong></span> 
     </span>
    </p>
   </div>
   <div class='ocr_carea' id='block_1_117' title="bbox 1993 5340 3572 5421">
    <p class='ocr_par' dir='ltr' id='par_1_117' title="bbox 1993 5340 3572 5421">
     <span class='ocr_line' id='line_1_117' title="bbox 1993 5340 3572 5421; baseline 0.012 -28"><span class='ocrx_word' id='word_1_786' title='bbox 1993 5340 2233 5396; x_wconf 90' lang='lat' dir='ltr'><strong>rentibus</strong></span> <span class='ocrx_word' id='word_1_787' title='bbox 2262 5342 2664 5402; x_wconf 88' lang='lat' dir='ltr'><strong>irreverentiam</strong></span> <span class='ocrx_word' id='word_1_788' title='bbox 2695 5350 2827 5405; x_wconf 88' lang='lat' dir='ltr'><strong>meis</strong></span> <span class='ocrx_word' id='word_1_789' title='bbox 2848 5354 3023 5421; x_wconf 90' lang='lat' dir='ltr'><strong>potius</strong></span> <span class='ocrx_word' id='word_1_790' title='bbox 3049 5353 3241 5410; x_wconf 91' lang='lat' dir='ltr'><strong>litteris</strong></span> <span class='ocrx_word' id='word_1_791' title='bbox 3262 5372 3572 5414; x_wconf 63' lang='lat' dir='ltr'><strong>commove-</strong></span> 
     </span>
    </p>
   </div>
   <div class='ocr_carea' id='block_1_118' title="bbox 1994 5433 3569 5521">
    <p class='ocr_par' dir='ltr' id='par_1_118' title="bbox 1994 5433 3569 5521">
     <span class='ocr_line' id='line_1_118' title="bbox 1994 5433 3569 5521; baseline 0.011 -36"><span class='ocrx_word' id='word_1_792' title='bbox 1994 5446 2127 5487; x_wconf 88' lang='lat' dir='ltr'><strong>rem.</strong></span> <span class='ocrx_word' id='word_1_793' title='bbox 2160 5433 2352 5490; x_wconf 88' lang='lat' dir='ltr'><strong>Verum</strong></span> <span class='ocrx_word' id='word_1_794' title='bbox 2386 5453 2525 5493; x_wconf 91' lang='lat' dir='ltr'><strong>nunc</strong></span> <span class='ocrx_word' id='word_1_795' title='bbox 2556 5438 2809 5498; x_wconf 87' lang='lat' dir='ltr'><strong>facultate</strong></span> <span class='ocrx_word' id='word_1_796' title='bbox 2836 5456 3107 5517; x_wconf 87' lang='lat' dir='ltr'><strong>percepta,</strong></span> <span class='ocrx_word' id='word_1_797' title='bbox 3137 5449 3367 5518; x_wconf 90' lang='lat' dir='ltr'><strong>qualiter</strong></span> <span class='ocrx_word' id='word_1_798' title='bbox 3397 5452 3569 5521; x_wconf 83' lang='lat' dir='ltr'><strong>vigeat</strong></span> 
     </span>
    </p>
   </div>
   <div class='ocr_carea' id='block_1_119' title="bbox 1990 5524 3669 5614">
    <p class='ocr_par' dir='ltr' id='par_1_119' title="bbox 1990 5524 3669 5614">
     <span class='ocr_line' id='line_1_119' title="bbox 1990 5524 3669 5614; baseline 0.013 -35"><span class='ocrx_word' id='word_1_799' title='bbox 1990 5524 2041 5579; x_wconf 90' lang='lat' dir='ltr'><strong>in</strong></span> <span class='ocrx_word' id='word_1_800' title='bbox 2072 5541 2193 5583; x_wconf 90' lang='lat' dir='ltr'><strong>meo</strong></span> <span class='ocrx_word' id='word_1_801' title='bbox 2219 5529 2381 5585; x_wconf 90' lang='lat' dir='ltr'><strong>corde</strong></span> <span class='ocrx_word' id='word_1_802' title='bbox 2422 5544 2613 5589; x_wconf 77' lang='lat' dir='ltr'><strong>vesme</strong></span> <span class='ocrx_word' id='word_1_803' title='bbox 2648 5537 2863 5604; x_wconf 89' lang='lat' dir='ltr'><strong>pietatis</strong></span> <span class='ocrx_word' id='word_1_804' title='bbox 2904 5539 3127 5597; x_wconf 89' lang='lat' dir='ltr'><strong>aﬁ‘ectus</strong></span> <span class='ocrx_word' id='word_1_805' title='bbox 3154 5541 3368 5599; x_wconf 92' lang='lat' dir='ltr'><strong>insinuo</strong></span> <span class='ocrx_word' id='word_1_806' title='bbox 3401 5562 3415 5598; x_wconf 86' lang='lat'><strong>:</strong></span> <span class='ocrx_word' id='word_1_807' title='bbox 3446 5544 3570 5614; x_wconf 89' lang='lat' dir='ltr'><strong>quia</strong></span> <span class='ocrx_word' id='word_1_808' title='bbox 3668 5540 3669 5543; x_wconf 55' lang='grc'><em>“</em></span> 
     </span>
    </p>
   </div>
   <div class='ocr_carea' id='block_1_120' title="bbox 1988 5623 3570 5709">
    <p class='ocr_par' dir='ltr' id='par_1_120' title="bbox 1988 5623 3570 5709">
     <span class='ocr_line' id='line_1_120' title="bbox 1988 5623 3570 5709; baseline 0.013 -35"><span class='ocrx_word' id='word_1_809' title='bbox 1988 5633 2269 5677; x_wconf 84' lang='lat' dir='ltr'><strong>successus</strong></span> <span class='ocrx_word' id='word_1_810' title='bbox 2320 5623 2527 5681; x_wconf 72' lang='lat' dir='ltr'><strong>tradita:</strong></span> <span class='ocrx_word' id='word_1_811' title='bbox 2585 5630 2737 5684; x_wconf 88' lang='lat' dir='ltr'><strong>vobis</strong></span> <span class='ocrx_word' id='word_1_812' title='bbox 2778 5631 3036 5689; x_wconf 85' lang='lat' dir='ltr'><strong>divinitus</strong></span> <span class='ocrx_word' id='word_1_813' title='bbox 3084 5635 3364 5703; x_wconf 86' lang='lat' dir='ltr'><strong>potestatis</strong></span> <span class='ocrx_word' id='word_1_814' title='bbox 3411 5639 3570 5709; x_wconf 90' lang='lat' dir='ltr'><strong>cupio</strong></span> 
     </span>
    </p>
   </div>
   <div class='ocr_carea' id='block_1_121' title="bbox 1990 5714 3570 5800">
    <p class='ocr_par' dir='ltr' id='par_1_121' title="bbox 1990 5714 3570 5800">
     <span class='ocr_line' id='line_1_121' title="bbox 1990 5714 3570 5800; baseline 0.012 -33"><span class='ocrx_word' id='word_1_815' title='bbox 1990 5714 2364 5784; x_wconf 87' lang='lat' dir='ltr'><strong>propitiatione</strong></span> <span class='ocrx_word' id='word_1_816' title='bbox 2387 5727 2658 5777; x_wconf 86' lang='lat' dir='ltr'><strong>constare.</strong></span> <span class='ocrx_word' id='word_1_817' title='bbox 2687 5723 2888 5794; x_wconf 84' lang='lat' dir='ltr'><strong>Neque,</strong></span> <span class='ocrx_word' id='word_1_818' title='bbox 2910 5727 3213 5783; x_wconf 89' lang='lat' dir='ltr'><strong>venerande</strong></span> <span class='ocrx_word' id='word_1_819' title='bbox 3235 5728 3325 5796; x_wconf 89' lang='lat' dir='ltr'><strong>ﬁli,</strong></span> <span class='ocrx_word' id='word_1_820' title='bbox 3349 5745 3570 5800; x_wconf 85' lang='lat' dir='ltr'><strong>respuas</strong></span> 
     </span>
    </p>
   </div>
   <div class='ocr_carea' id='block_1_122' title="bbox 1986 5805 3567 5894">
    <p class='ocr_par' dir='ltr' id='par_1_122' title="bbox 1986 5805 3567 5894">
     <span class='ocr_line' id='line_1_122' title="bbox 1986 5805 3567 5894; baseline 0.014 -36"><span class='ocrx_word' id='word_1_821' title='bbox 1986 5805 2390 5876; x_wconf 87' lang='lat' dir='ltr'><strong>supplicantem,</strong></span> <span class='ocrx_word' id='word_1_822' title='bbox 2451 5826 2587 5868; x_wconf 88' lang='lat' dir='ltr'><strong>neve</strong></span> <span class='ocrx_word' id='word_1_823' title='bbox 2619 5829 2789 5870; x_wconf 83' lang='lat' dir='ltr'><strong>meam</strong></span> <span class='ocrx_word' id='word_1_824' title='bbox 2841 5816 2969 5869; x_wconf 62' lang='lat' dir='ltr'><strong>velis</strong></span> <span class='ocrx_word' id='word_1_825' title='bbox 3012 5818 3351 5876; x_wconf 87' lang='lat' dir='ltr'><strong>dissimulare</strong></span> <span class='ocrx_word' id='word_1_826' title='bbox 3377 5837 3567 5894; x_wconf 69' lang='lat' dir='ltr'><strong>persoo</strong></span> 
     </span>
    </p>
   </div>
   <div class='ocr_carea' id='block_1_123' title="bbox 3178 5911 3249 5974">
    <p class='ocr_par' dir='ltr' id='par_1_123' title="bbox 3178 5911 3249 5974">
     <span class='ocr_line' id='line_1_123' title="bbox 3178 5911 3249 5974; baseline 0.042 -3"><span class='ocrx_word' id='word_1_827' title='bbox 3178 5911 3249 5974; x_wconf 84' lang='grc'><strong>31</strong></span> 
     </span>
    </p>
   </div>
  </div>
