  <div class='ocr_page' id='page_1' title='image "/cluster/home/n/w/nwhite01/storage/ocr_20150623/58/hvd.32044073505240/547.png"; bbox 0 0 4096 6342; ppageno 0'>
   <div class='ocr_carea' id='block_1_1' title="bbox 509 345 608 403">
    <p class='ocr_par' dir='ltr' id='par_1_1' title="bbox 509 345 608 403">
     <span class='ocr_line' id='line_1_1' title="bbox 509 345 608 403; baseline -0.02 0"><span class='ocrx_word' id='word_1_1' title='bbox 509 345 608 403; x_wconf 76' lang='grc'><strong>971</strong></span> 
     </span>
    </p>
   </div>
   <div class='ocr_carea' id='block_1_2' title="bbox 1848 322 2443 381">
    <p class='ocr_par' dir='ltr' id='par_1_2' title="bbox 1848 322 2443 381">
     <span class='ocr_line' id='line_1_2' title="bbox 1848 322 2443 381; baseline -0.005 -1"><span class='ocrx_word' id='word_1_2' title='bbox 1848 323 2103 380; x_wconf 80' lang='lat' dir='ltr'><strong>FELlClS</strong></span> <span class='ocrx_word' id='word_1_3' title='bbox 2138 322 2340 381; x_wconf 69' lang='grc' dir='ltr'><strong>ΡΑΡᾸΞ</strong></span> <span class='ocrx_word' id='word_1_4' title='bbox 2380 322 2443 378; x_wconf 86' lang='lat' dir='ltr'><strong>Ill</strong></span> 
     </span>
    </p>
   </div>
   <div class='ocr_carea' id='block_1_3' title="bbox 3667 310 3780 365">
    <p class='ocr_par' dir='ltr' id='par_1_3' title="bbox 3667 310 3780 365">
     <span class='ocr_line' id='line_1_3' title="bbox 3667 310 3780 365; baseline 0 0"><span class='ocrx_word' id='word_1_5' title='bbox 3667 310 3780 365; x_wconf 70' lang='lat'><strong>972</strong></span> 
     </span>
    </p>
   </div>
   <div class='ocr_carea' id='block_1_4' title="bbox 508 425 3777 519">
    <p class='ocr_par' dir='ltr' id='par_1_4' title="bbox 508 425 3777 519">
     <span class='ocr_line' id='line_1_4' title="bbox 508 425 3777 519; baseline -0.012 -4"><span class='ocrx_word' id='word_1_6' title='bbox 508 473 655 515; x_wconf 90' lang='lat' dir='ltr'><strong>nam.</strong></span> <span class='ocrx_word' id='word_1_7' title='bbox 686 458 745 513; x_wconf 91' lang='lat' dir='ltr'><strong>ln</strong></span> <span class='ocrx_word' id='word_1_8' title='bbox 782 469 865 510; x_wconf 90' lang='lat' dir='ltr'><strong>me</strong></span> <span class='ocrx_word' id='word_1_9' title='bbox 895 453 1035 508; x_wconf 91' lang='lat' dir='ltr'><strong>enim</strong></span> <span class='ocrx_word' id='word_1_10' title='bbox 1072 447 1424 519; x_wconf 73' lang='lat' dir='ltr'><strong>qualicunque</strong></span> <span class='ocrx_word' id='word_1_11' title='bbox 1464 438 1660 493; x_wconf 86' lang='lat' dir='ltr'><strong>vicario</strong></span> <span class='ocrx_word' id='word_1_12' title='bbox 1689 437 1875 492; x_wconf 89' lang='lat' dir='ltr'><strong>beatus</strong></span> <span class='ocrx_word' id='word_1_13' title='bbox 1898 435 2089 491; x_wconf 85' lang='lat' dir='ltr'><strong>Petrus</strong></span> <span class='ocrx_word' id='word_1_14' title='bbox 2113 439 2165 498; x_wconf 79' lang='grc' dir='ltr'><strong>Α</strong></span> <span class='ocrx_word' id='word_1_15' title='bbox 2195 434 2535 490; x_wconf 93' lang='lat' dir='ltr'><strong>ordinatione</strong></span> <span class='ocrx_word' id='word_1_16' title='bbox 2562 431 2823 496; x_wconf 79' lang='lat' dir='ltr'><strong>l.rtitiam,</strong></span> <span class='ocrx_word' id='word_1_17' title='bbox 2859 438 2914 484; x_wconf 91' lang='lat' dir='ltr'><strong>et</strong></span> <span class='ocrx_word' id='word_1_18' title='bbox 2941 442 3163 498; x_wconf 82' lang='lat' dir='ltr'><strong>sperare</strong></span> <span class='ocrx_word' id='word_1_19' title='bbox 3189 426 3370 482; x_wconf 87' lang='lat' dir='ltr'><strong>divino</strong></span> <span class='ocrx_word' id='word_1_20' title='bbox 3402 425 3662 479; x_wconf 85' lang='lat' dir='ltr'><strong>beneﬁcio</strong></span> <span class='ocrx_word' id='word_1_21' title='bbox 3692 438 3777 477; x_wconf 82' lang='lat' dir='ltr'><strong>co-</strong></span> 
     </span>
    </p>
   </div>
   <div class='ocr_carea' id='block_1_5' title="bbox 512 527 2081 623">
    <p class='ocr_par' dir='ltr' id='par_1_5' title="bbox 512 527 2081 623">
     <span class='ocr_line' id='line_1_5' title="bbox 512 527 2081 623; baseline -0.018 -14"><span class='ocrx_word' id='word_1_22' title='bbox 512 549 807 623; x_wconf 90' lang='lat' dir='ltr'><strong>apostolus,</strong></span> <span class='ocrx_word' id='word_1_23' title='bbox 838 557 891 600; x_wconf 92' lang='lat' dir='ltr'><strong>et</strong></span> <span class='ocrx_word' id='word_1_24' title='bbox 918 545 1030 598; x_wconf 80' lang='lat' dir='ltr'><strong>haec</strong></span> <span class='ocrx_word' id='word_1_25' title='bbox 1051 542 1105 595; x_wconf 91' lang='lat' dir='ltr'><strong>in</strong></span> <span class='ocrx_word' id='word_1_26' title='bbox 1137 539 1228 594; x_wconf 92' lang='lat' dir='ltr'><strong>illo</strong></span> <span class='ocrx_word' id='word_1_27' title='bbox 1258 537 1346 606; x_wconf 88' lang='lat' dir='ltr'><strong>qui</strong></span> <span class='ocrx_word' id='word_1_28' title='bbox 1377 532 1672 590; x_wconf 83' lang='lat' dir='ltr'><strong>Ecclesiam</strong></span> <span class='ocrx_word' id='word_1_29' title='bbox 1693 543 1842 583; x_wconf 88' lang='lat' dir='ltr'><strong>suam</strong></span> <span class='ocrx_word' id='word_1_30' title='bbox 1881 527 2081 582; x_wconf 84' lang='lat' dir='ltr'><strong>discer-</strong></span> 
     </span>
    </p>
   </div>
   <div class='ocr_carea' id='block_1_6' title="bbox 512 624 2085 716">
    <p class='ocr_par' dir='ltr' id='par_1_6' title="bbox 512 624 2085 716">
     <span class='ocr_line' id='line_1_6' title="bbox 512 624 2085 716; baseline -0.017 -13"><span class='ocrx_word' id='word_1_31' title='bbox 512 649 563 716; x_wconf 88' lang='lat' dir='ltr'><strong>pi</strong></span> <span class='ocrx_word' id='word_1_32' title='bbox 596 661 699 700; x_wconf 93' lang='lat' dir='ltr'><strong>non</strong></span> <span class='ocrx_word' id='word_1_33' title='bbox 750 642 966 712; x_wconf 88' lang='lat' dir='ltr'><strong>patitttr,</strong></span> <span class='ocrx_word' id='word_1_34' title='bbox 994 637 1108 706; x_wconf 91' lang='lat' dir='ltr'><strong>ipse</strong></span> <span class='ocrx_word' id='word_1_35' title='bbox 1151 634 1309 688; x_wconf 77' lang='lat' dir='ltr'><strong>etiam</strong></span> <span class='ocrx_word' id='word_1_36' title='bbox 1334 632 1579 686; x_wconf 72' lang='lat' dir='ltr'><strong>Christus</strong></span> <span class='ocrx_word' id='word_1_37' title='bbox 1625 625 1883 697; x_wconf 79' lang='lat' dir='ltr'><strong>exposcit.</strong></span> <span class='ocrx_word' id='word_1_38' title='bbox 1932 624 2085 679; x_wconf 83' lang='lat' dir='ltr'><strong>Absit</strong></span> 
     </span>
    </p>
   </div>
   <div class='ocr_carea' id='block_1_7' title="bbox 512 716 2084 803">
    <p class='ocr_par' dir='ltr' id='par_1_7' title="bbox 512 716 2084 803">
     <span class='ocr_line' id='line_1_7' title="bbox 512 716 2084 803; baseline -0.015 -10"><span class='ocrx_word' id='word_1_39' title='bbox 512 748 569 793; x_wconf 88' lang='lat' dir='ltr'><strong>ut</strong></span> <span class='ocrx_word' id='word_1_40' title='bbox 619 736 741 790; x_wconf 86' lang='lat' dir='ltr'><strong>huic</strong></span> <span class='ocrx_word' id='word_1_41' title='bbox 780 743 1102 803; x_wconf 88' lang='lat' dir='ltr'><strong>quemquam</strong></span> <span class='ocrx_word' id='word_1_42' title='bbox 1149 723 1454 780; x_wconf 88' lang='lat' dir='ltr'><strong>Christiana</strong></span> <span class='ocrx_word' id='word_1_43' title='bbox 1488 734 1639 775; x_wconf 92' lang='lat' dir='ltr'><strong>mens</strong></span> <span class='ocrx_word' id='word_1_44' title='bbox 1670 729 1757 773; x_wconf 86' lang='lat' dir='ltr'><strong>tua</strong></span> <span class='ocrx_word' id='word_1_45' title='bbox 1787 718 1870 773; x_wconf 92' lang='lat' dir='ltr'><strong>vel</strong></span> <span class='ocrx_word' id='word_1_46' title='bbox 1916 716 2084 785; x_wconf 90' lang='lat' dir='ltr'><strong>possit</strong></span> 
     </span>
    </p>
   </div>
   <div class='ocr_carea' id='block_1_8' title="bbox 510 809 2086 889">
    <p class='ocr_par' dir='ltr' id='par_1_8' title="bbox 510 809 2086 889">
     <span class='ocr_line' id='line_1_8' title="bbox 510 809 2086 889; baseline -0.015 -3"><span class='ocrx_word' id='word_1_47' title='bbox 510 831 599 885; x_wconf 84' lang='lat' dir='ltr'><strong>vel</strong></span> <span class='ocrx_word' id='word_1_48' title='bbox 620 828 813 885; x_wconf 89' lang='lat' dir='ltr'><strong>debeat</strong></span> <span class='ocrx_word' id='word_1_49' title='bbox 840 824 1129 885; x_wconf 72' lang='lat' dir='ltr'><strong>anteferre,</strong></span> <span class='ocrx_word' id='word_1_50' title='bbox 1152 834 1309 889; x_wconf 87' lang='lat' dir='ltr'><strong>quem</strong></span> <span class='ocrx_word' id='word_1_51' title='bbox 1337 831 1434 886; x_wconf 90' lang='lat' dir='ltr'><strong>pro</strong></span> <span class='ocrx_word' id='word_1_52' title='bbox 1482 826 1532 870; x_wconf 91' lang='lat' dir='ltr'><strong>te</strong></span> <span class='ocrx_word' id='word_1_53' title='bbox 1564 812 1701 867; x_wconf 86' lang='lat' dir='ltr'><strong>votis</strong></span> <span class='ocrx_word' id='word_1_54' title='bbox 1720 811 1966 866; x_wconf 90' lang='lat' dir='ltr'><strong>omnibus</strong></span> <span class='ocrx_word' id='word_1_55' title='bbox 1994 809 2086 863; x_wconf 91' lang='lat' dir='ltr'><strong>de-</strong></span> 
     </span>
    </p>
   </div>
   <div class='ocr_carea' id='block_1_9' title="bbox 509 902 2081 977">
    <p class='ocr_par' dir='ltr' id='par_1_9' title="bbox 509 902 2081 977">
     <span class='ocr_line' id='line_1_9' title="bbox 509 902 2081 977; baseline -0.015 1"><span class='ocrx_word' id='word_1_56' title='bbox 509 912 989 977; x_wconf 39' lang='lat' dir='ltr'><strong>sideras&#39;exorari.</strong></span> <span class='ocrx_word' id='word_1_57' title='bbox 1033 912 1337 969; x_wconf 62' lang='lat' dir='ltr'><strong>Praesertim</strong></span> <span class='ocrx_word' id='word_1_58' title='bbox 1378 923 1499 963; x_wconf 91' lang='lat' dir='ltr'><strong>cum</strong></span> <span class='ocrx_word' id='word_1_59' title='bbox 1533 914 1677 961; x_wconf 89' lang='lat' dir='ltr'><strong>tanta</strong></span> <span class='ocrx_word' id='word_1_60' title='bbox 1698 905 1805 959; x_wconf 90' lang='lat' dir='ltr'><strong>sint</strong></span> <span class='ocrx_word' id='word_1_61' title='bbox 1844 902 1956 968; x_wconf 92' lang='lat' dir='ltr'><strong>illa,</strong></span> <span class='ocrx_word' id='word_1_62' title='bbox 2000 902 2081 956; x_wconf 84' lang='lat' dir='ltr'><strong>vel</strong></span> 
     </span>
    </p>
   </div>
   <div class='ocr_carea' id='block_1_10' title="bbox 511 995 2088 1081">
    <p class='ocr_par' dir='ltr' id='par_1_10' title="bbox 511 995 2088 1081">
     <span class='ocr_line' id='line_1_10' title="bbox 511 995 2088 1081; baseline -0.015 -11"><span class='ocrx_word' id='word_1_63' title='bbox 511 1014 669 1080; x_wconf 76' lang='lat' dir='ltr'><strong>tilia,</strong></span> <span class='ocrx_word' id='word_1_64' title='bbox 703 1026 821 1081; x_wconf 75' lang='lat' dir='ltr'><strong>quas</strong></span> <span class='ocrx_word' id='word_1_65' title='bbox 870 1006 1147 1079; x_wconf 74' lang='lat' dir='ltr'><strong>tyrannide</strong></span> <span class='ocrx_word' id='word_1_66' title='bbox 1177 1003 1349 1059; x_wconf 82' lang='lat' dir='ltr'><strong>deleta</strong></span> <span class='ocrx_word' id='word_1_67' title='bbox 1388 1015 1483 1070; x_wconf 92' lang='lat' dir='ltr'><strong>pro</strong></span> <span class='ocrx_word' id='word_1_68' title='bbox 1543 997 1645 1052; x_wconf 82' lang='lat' dir='ltr'><strong>ﬁ&#39;de</strong></span> <span class='ocrx_word' id='word_1_69' title='bbox 1670 995 1929 1051; x_wconf 88' lang='lat' dir='ltr'><strong>catholica</strong></span> <span class='ocrx_word' id='word_1_70' title='bbox 1970 1007 2088 1064; x_wconf 84' lang='lat' dir='ltr'><strong>ges-</strong></span> 
     </span>
    </p>
   </div>
   <div class='ocr_carea' id='block_1_11' title="bbox 512 1086 2086 1172">
    <p class='ocr_par' dir='ltr' id='par_1_11' title="bbox 512 1086 2086 1172">
     <span class='ocr_line' id='line_1_11' title="bbox 512 1086 2086 1172; baseline -0.013 -13"><span class='ocrx_word' id='word_1_71' title='bbox 512 1104 630 1159; x_wconf 87' lang='lat' dir='ltr'><strong>sisti</strong></span> <span class='ocrx_word' id='word_1_72' title='bbox 675 1114 729 1159; x_wconf 92' lang='lat' dir='ltr'><strong>et</strong></span> <span class='ocrx_word' id='word_1_73' title='bbox 749 1101 914 1172; x_wconf 88' lang='lat' dir='ltr'><strong>geris,</strong></span> <span class='ocrx_word' id='word_1_74' title='bbox 937 1108 999 1153; x_wconf 89' lang='lat' dir='ltr'><strong>ut</strong></span> <span class='ocrx_word' id='word_1_75' title='bbox 1029 1097 1186 1167; x_wconf 88' lang='lat' dir='ltr'><strong>plena</strong></span> <span class='ocrx_word' id='word_1_76' title='bbox 1208 1110 1238 1149; x_wconf 91' lang='lat' dir='ltr'><strong>a</strong></span> <span class='ocrx_word' id='word_1_77' title='bbox 1268 1094 1376 1147; x_wconf 91' lang='lat' dir='ltr'><strong>Deo</strong></span> <span class='ocrx_word' id='word_1_78' title='bbox 1403 1103 1594 1147; x_wconf 75' lang='lat' dir='ltr'><strong>veStra:</strong></span> <span class='ocrx_word' id='word_1_79' title='bbox 1628 1086 1968 1144; x_wconf 72' lang='lat' dir='ltr'><strong>conscientia:</strong></span> <span class='ocrx_word' id='word_1_80' title='bbox 1990 1100 2086 1141; x_wconf 82' lang='lat' dir='ltr'><strong>ex-</strong></span> 
     </span>
    </p>
   </div>
   <div class='ocr_carea' id='block_1_12' title="bbox 517 1178 2088 1268">
    <p class='ocr_par' dir='ltr' id='par_1_12' title="bbox 517 1178 2088 1268">
     <span class='ocr_line' id='line_1_12' title="bbox 517 1178 2088 1268; baseline -0.015 -13"><span class='ocrx_word' id='word_1_81' title='bbox 517 1199 811 1268; x_wconf 86' lang='lat' dir='ltr'><strong>perimenta</strong></span> <span class='ocrx_word' id='word_1_82' title='bbox 856 1203 1153 1250; x_wconf 87' lang='lat' dir='ltr'><strong>teneamus.</strong></span> <span class='ocrx_word' id='word_1_83' title='bbox 1208 1189 1284 1242; x_wconf 90' lang='lat' dir='ltr'><strong>De</strong></span> <span class='ocrx_word' id='word_1_84' title='bbox 1315 1186 1507 1257; x_wconf 89' lang='lat' dir='ltr'><strong>quibus</strong></span> <span class='ocrx_word' id='word_1_85' title='bbox 1529 1184 1628 1239; x_wconf 89' lang='lat' dir='ltr'><strong>etsi</strong></span> <span class='ocrx_word' id='word_1_86' title='bbox 1672 1180 1797 1252; x_wconf 91' lang='lat' dir='ltr'><strong>quid</strong></span> <span class='ocrx_word' id='word_1_87' title='bbox 1848 1178 2088 1233; x_wconf 77' lang='lat' dir='ltr'><strong>fortassis</strong></span> 
     </span>
    </p>
   </div>
   <div class='ocr_carea' id='block_1_13' title="bbox 513 1271 2072 1354">
    <p class='ocr_par' dir='ltr' id='par_1_13' title="bbox 513 1271 2072 1354">
     <span class='ocr_line' id='line_1_13' title="bbox 513 1271 2072 1354; baseline -0.014 -7"><span class='ocrx_word' id='word_1_88' title='bbox 513 1293 770 1347; x_wconf 88' lang='lat' dir='ltr'><strong>omissum</strong></span> <span class='ocrx_word' id='word_1_89' title='bbox 800 1298 902 1354; x_wconf 89' lang='lat' dir='ltr'><strong>est,</strong></span> <span class='ocrx_word' id='word_1_90' title='bbox 950 1301 1059 1341; x_wconf 91' lang='lat' dir='ltr'><strong>non</strong></span> <span class='ocrx_word' id='word_1_91' title='bbox 1089 1280 1323 1351; x_wconf 83' lang='lat' dir='ltr'><strong>respicit</strong></span> <span class='ocrx_word' id='word_1_92' title='bbox 1356 1278 1453 1332; x_wconf 92' lang='lat' dir='ltr'><strong>nisi</strong></span> <span class='ocrx_word' id='word_1_93' title='bbox 1482 1274 1671 1346; x_wconf 91' lang='lat' dir='ltr'><strong>perﬁdi</strong></span> <span class='ocrx_word' id='word_1_94' title='bbox 1695 1274 1841 1327; x_wconf 90' lang='lat' dir='ltr'><strong>virus</strong></span> <span class='ocrx_word' id='word_1_95' title='bbox 1870 1271 2072 1335; x_wconf 80' lang='lat' dir='ltr'><strong>Acacii,</strong></span> 
     </span>
    </p>
   </div>
   <div class='ocr_carea' id='block_1_14' title="bbox 512 1368 2088 1453">
    <p class='ocr_par' dir='ltr' id='par_1_14' title="bbox 512 1368 2088 1453">
     <span class='ocr_line' id='line_1_14' title="bbox 512 1368 2088 1453; baseline -0.01 -16"><span class='ocrx_word' id='word_1_96' title='bbox 512 1384 634 1453; x_wconf 87' lang='lat' dir='ltr'><strong>qui,</strong></span> <span class='ocrx_word' id='word_1_97' title='bbox 662 1381 789 1437; x_wconf 88' lang='lat' dir='ltr'><strong>dum</strong></span> <span class='ocrx_word' id='word_1_98' title='bbox 820 1379 1020 1435; x_wconf 87' lang='lat' dir='ltr'><strong>illicitis</strong></span> <span class='ocrx_word' id='word_1_99' title='bbox 1040 1388 1285 1432; x_wconf 90' lang='lat' dir='ltr'><strong>crescere</strong></span> <span class='ocrx_word' id='word_1_100' title='bbox 1316 1370 1485 1427; x_wconf 87' lang='lat' dir='ltr'><strong>tendit</strong></span> <span class='ocrx_word' id='word_1_101' title='bbox 1509 1368 1807 1439; x_wconf 88' lang='lat' dir='ltr'><strong>augmentis</strong></span> <span class='ocrx_word' id='word_1_102' title='bbox 1825 1407 1839 1431; x_wconf 93' lang='lat'><strong>,</strong></span> <span class='ocrx_word' id='word_1_103' title='bbox 1867 1380 1927 1421; x_wconf 91' lang='lat' dir='ltr'><strong>ea</strong></span> <span class='ocrx_word' id='word_1_104' title='bbox 1968 1378 2088 1435; x_wconf 75' lang='lat' dir='ltr'><strong>qua:</strong></span> 
     </span>
    </p>
   </div>
   <div class='ocr_carea' id='block_1_15' title="bbox 516 1455 2092 1542">
    <p class='ocr_par' dir='ltr' id='par_1_15' title="bbox 516 1455 2092 1542">
     <span class='ocr_line' id='line_1_15' title="bbox 516 1455 2092 1542; baseline -0.013 -11"><span class='ocrx_word' id='word_1_105' title='bbox 516 1485 678 1531; x_wconf 71' lang='lat' dir='ltr'><strong>recta:</strong></span> <span class='ocrx_word' id='word_1_106' title='bbox 702 1470 943 1542; x_wconf 72' lang='lat' dir='ltr'><strong>religioni</strong></span> <span class='ocrx_word' id='word_1_107' title='bbox 993 1474 1367 1537; x_wconf 88' lang='lat' dir='ltr'><strong>congruerent,</strong></span> <span class='ocrx_word' id='word_1_108' title='bbox 1395 1461 1548 1517; x_wconf 91' lang='lat' dir='ltr'><strong>vobis</strong></span> <span class='ocrx_word' id='word_1_109' title='bbox 1577 1460 1715 1515; x_wconf 86' lang='lat' dir='ltr'><strong>inter</strong></span> <span class='ocrx_word' id='word_1_110' title='bbox 1744 1472 1898 1512; x_wconf 90' lang='lat' dir='ltr'><strong>curas</strong></span> <span class='ocrx_word' id='word_1_111' title='bbox 1927 1455 2092 1525; x_wconf 55' lang='lat' dir='ltr'><strong>publi.</strong></span> 
     </span>
    </p>
   </div>
   <div class='ocr_carea' id='block_1_16' title="bbox 514 1552 2090 1634">
    <p class='ocr_par' dir='ltr' id='par_1_16' title="bbox 514 1552 2090 1634">
     <span class='ocr_line' id='line_1_16' title="bbox 514 1552 2090 1634; baseline -0.012 -13"><span class='ocrx_word' id='word_1_112' title='bbox 514 1581 604 1621; x_wconf 91' lang='lat' dir='ltr'><strong>cas</strong></span> <span class='ocrx_word' id='word_1_113' title='bbox 634 1563 907 1634; x_wconf 83' lang='lat' dir='ltr'><strong>occupatis</strong></span> <span class='ocrx_word' id='word_1_114' title='bbox 937 1559 1139 1615; x_wconf 83' lang='lat' dir='ltr'><strong>destitit</strong></span> <span class='ocrx_word' id='word_1_115' title='bbox 1171 1557 1444 1613; x_wconf 90' lang='lat' dir='ltr'><strong>intimare.</strong></span> <span class='ocrx_word' id='word_1_116' title='bbox 1476 1553 1608 1608; x_wconf 86' lang='lat' dir='ltr'><strong>Nam</strong></span> <span class='ocrx_word' id='word_1_117' title='bbox 1639 1552 1806 1621; x_wconf 89' lang='lat' dir='ltr'><strong>pietas</strong></span> <span class='ocrx_word' id='word_1_118' title='bbox 1835 1561 1920 1604; x_wconf 91' lang='lat' dir='ltr'><strong>tua</strong></span> <span class='ocrx_word' id='word_1_119' title='bbox 1959 1563 2090 1618; x_wconf 90' lang='lat' dir='ltr'><strong>quo-</strong></span> 
     </span>
    </p>
   </div>
   <div class='ocr_carea' id='block_1_17' title="bbox 515 1640 2089 1722">
    <p class='ocr_par' dir='ltr' id='par_1_17' title="bbox 515 1640 2089 1722">
     <span class='ocr_line' id='line_1_17' title="bbox 515 1640 2089 1722; baseline -0.012 -10"><span class='ocrx_word' id='word_1_120' title='bbox 515 1658 673 1712; x_wconf 90' lang='lat' dir='ltr'><strong>modo</strong></span> <span class='ocrx_word' id='word_1_121' title='bbox 696 1672 801 1710; x_wconf 90' lang='lat' dir='ltr'><strong>non</strong></span> <span class='ocrx_word' id='word_1_122' title='bbox 830 1650 1159 1722; x_wconf 89' lang='lat' dir='ltr'><strong>sequendum</strong></span> <span class='ocrx_word' id='word_1_123' title='bbox 1178 1648 1352 1719; x_wconf 90' lang='lat' dir='ltr'><strong>potius</strong></span> <span class='ocrx_word' id='word_1_124' title='bbox 1364 1646 1717 1711; x_wconf 80' lang='lat' dir='ltr'><strong>existimaret,</strong></span> <span class='ocrx_word' id='word_1_125' title='bbox 1736 1641 1874 1711; x_wconf 87' lang='lat' dir='ltr'><strong>quod</strong></span> <span class='ocrx_word' id='word_1_126' title='bbox 1900 1640 2089 1695; x_wconf 85' lang='lat' dir='ltr'><strong>fecisse</strong></span> 
     </span>
    </p>
   </div>
   <div class='ocr_carea' id='block_1_18' title="bbox 516 1730 2087 1817">
    <p class='ocr_par' dir='ltr' id='par_1_18' title="bbox 516 1730 2087 1817">
     <span class='ocr_line' id='line_1_18' title="bbox 516 1730 2087 1817; baseline -0.015 -12"><span class='ocrx_word' id='word_1_127' title='bbox 516 1748 853 1817; x_wconf 88' lang='lat' dir='ltr'><strong>conspiceret</strong></span> <span class='ocrx_word' id='word_1_128' title='bbox 893 1740 1261 1798; x_wconf 86' lang='lat' dir='ltr'><strong>sacerdotem?</strong></span> <span class='ocrx_word' id='word_1_129' title='bbox 1293 1737 1443 1795; x_wconf 87' lang='lat' dir='ltr'><strong>Unde</strong></span> <span class='ocrx_word' id='word_1_130' title='bbox 1482 1736 1660 1790; x_wconf 88' lang='lat' dir='ltr'><strong>divino</strong></span> <span class='ocrx_word' id='word_1_131' title='bbox 1690 1732 1889 1803; x_wconf 82' lang='lat' dir='ltr'><strong>judicio</strong></span> <span class='ocrx_word' id='word_1_132' title='bbox 1917 1730 2087 1785; x_wconf 87' lang='lat' dir='ltr'><strong>nulla-</strong></span> 
     </span>
    </p>
   </div>
   <div class='ocr_carea' id='block_1_19' title="bbox 516 1811 2430 1909">
    <p class='ocr_par' dir='ltr' id='par_1_19' title="bbox 516 1811 2430 1909">
     <span class='ocr_line' id='line_1_19' title="bbox 516 1811 2430 1909; baseline -0.014 -12"><span class='ocrx_word' id='word_1_133' title='bbox 516 1854 670 1897; x_wconf 88' lang='lat' dir='ltr'><strong>tenus</strong></span> <span class='ocrx_word' id='word_1_134' title='bbox 693 1839 883 1909; x_wconf 88' lang='lat' dir='ltr'><strong>pctuit,</strong></span> <span class='ocrx_word' id='word_1_135' title='bbox 909 1838 1066 1892; x_wconf 87' lang='lat' dir='ltr'><strong>etiam</strong></span> <span class='ocrx_word' id='word_1_136' title='bbox 1095 1848 1215 1891; x_wconf 91' lang='lat' dir='ltr'><strong>cum</strong></span> <span class='ocrx_word' id='word_1_137' title='bbox 1247 1832 1297 1887; x_wconf 89' lang='lat' dir='ltr'><strong>id</strong></span> <span class='ocrx_word' id='word_1_138' title='bbox 1348 1830 1655 1894; x_wconf 87' lang='lat' dir='ltr'><strong>mallemus,</strong></span> <span class='ocrx_word' id='word_1_139' title='bbox 1690 1827 1917 1881; x_wconf 83' lang='lat' dir='ltr'><strong>absolvi.</strong></span> <span class='ocrx_word' id='word_1_140' title='bbox 1946 1825 2083 1892; x_wconf 86' lang='lat' dir='ltr'><strong>Qua-</strong></span> <span class='ocrx_word' id='word_1_141' title='bbox 2117 1816 2165 1878; x_wconf 82' lang='grc' dir='ltr'><strong>Β</strong></span> <span class='ocrx_word' id='word_1_142' title='bbox 2191 1811 2430 1869; x_wconf 79' lang='lat' dir='ltr'><strong>omnium</strong></span> 
     </span>
    </p>
   </div>
   <div class='ocr_carea' id='block_1_20' title="bbox 512 1919 2089 2004">
    <p class='ocr_par' dir='ltr' id='par_1_20' title="bbox 512 1919 2089 2004">
     <span class='ocr_line' id='line_1_20' title="bbox 512 1919 2089 2004; baseline -0.012 -15"><span class='ocrx_word' id='word_1_143' title='bbox 512 1945 729 2004; x_wconf 85' lang='lat' dir='ltr'><strong>propter</strong></span> <span class='ocrx_word' id='word_1_144' title='bbox 769 1933 936 2001; x_wconf 87' lang='lat' dir='ltr'><strong>magis</strong></span> <span class='ocrx_word' id='word_1_145' title='bbox 966 1927 1239 1998; x_wconf 88' lang='lat' dir='ltr'><strong>magisque</strong></span> <span class='ocrx_word' id='word_1_146' title='bbox 1289 1925 1590 1995; x_wconf 91' lang='lat' dir='ltr'><strong>supplicare</strong></span> <span class='ocrx_word' id='word_1_147' title='bbox 1634 1935 1739 1975; x_wconf 91' lang='lat' dir='ltr'><strong>non</strong></span> <span class='ocrx_word' id='word_1_148' title='bbox 1785 1919 1993 1983; x_wconf 86' lang='lat' dir='ltr'><strong>desino,</strong></span> <span class='ocrx_word' id='word_1_149' title='bbox 2032 1927 2089 1971; x_wconf 85' lang='lat' dir='ltr'><strong>ut</strong></span> 
     </span>
    </p>
   </div>
   <div class='ocr_carea' id='block_1_21' title="bbox 514 2010 2086 2086">
    <p class='ocr_par' dir='ltr' id='par_1_21' title="bbox 514 2010 2086 2086">
     <span class='ocr_line' id='line_1_21' title="bbox 514 2010 2086 2086; baseline -0.013 -5"><span class='ocrx_word' id='word_1_150' title='bbox 514 2043 633 2081; x_wconf 84' lang='lat' dir='ltr'><strong>cum</strong></span> <span class='ocrx_word' id='word_1_151' title='bbox 663 2024 775 2079; x_wconf 89' lang='lat' dir='ltr'><strong>suis</strong></span> <span class='ocrx_word' id='word_1_152' title='bbox 807 2020 1108 2076; x_wconf 90' lang='lat' dir='ltr'><strong>nominibus</strong></span> <span class='ocrx_word' id='word_1_153' title='bbox 1129 2026 1287 2086; x_wconf 90' lang='lat' dir='ltr'><strong>atque</strong></span> <span class='ocrx_word' id='word_1_154' title='bbox 1318 2012 1557 2084; x_wconf 88' lang='lat' dir='ltr'><strong>personis</strong></span> <span class='ocrx_word' id='word_1_155' title='bbox 1604 2010 1783 2066; x_wconf 82' lang='lat' dir='ltr'><strong>feralis</strong></span> <span class='ocrx_word' id='word_1_156' title='bbox 1814 2010 1896 2063; x_wconf 81' lang='lat' dir='ltr'><strong>illa</strong></span> <span class='ocrx_word' id='word_1_157' title='bbox 1930 2023 2086 2063; x_wconf 86' lang='lat' dir='ltr'><strong>causa</strong></span> 
     </span>
    </p>
   </div>
   <div class='ocr_carea' id='block_1_22' title="bbox 517 2103 2085 2181">
    <p class='ocr_par' dir='ltr' id='par_1_22' title="bbox 517 2103 2085 2181">
     <span class='ocr_line' id='line_1_22' title="bbox 517 2103 2085 2181; baseline -0.012 -12"><span class='ocrx_word' id='word_1_158' title='bbox 517 2114 793 2169; x_wconf 86' lang='lat' dir='ltr'><strong>transierit</strong></span> <span class='ocrx_word' id='word_1_159' title='bbox 823 2129 837 2167; x_wconf 90' lang='lat'><strong>:</strong></span> <span class='ocrx_word' id='word_1_160' title='bbox 868 2125 971 2181; x_wconf 91' lang='lat' dir='ltr'><strong>quo</strong></span> <span class='ocrx_word' id='word_1_161' title='bbox 996 2123 1114 2171; x_wconf 89' lang='lat' dir='ltr'><strong>nos,</strong></span> <span class='ocrx_word' id='word_1_162' title='bbox 1141 2113 1408 2160; x_wconf 82' lang='lat' dir='ltr'><strong>annuente</strong></span> <span class='ocrx_word' id='word_1_163' title='bbox 1452 2103 1677 2156; x_wconf 91' lang='lat' dir='ltr'><strong>Domino</strong></span> <span class='ocrx_word' id='word_1_164' title='bbox 1708 2108 1915 2163; x_wconf 91' lang='lat' dir='ltr'><strong>nostro,</strong></span> <span class='ocrx_word' id='word_1_165' title='bbox 1940 2106 2085 2153; x_wconf 90' lang='lat' dir='ltr'><strong>certa</strong></span> 
     </span>
    </p>
   </div>
   <div class='ocr_carea' id='block_1_23' title="bbox 514 2194 2088 2275">
    <p class='ocr_par' dir='ltr' id='par_1_23' title="bbox 514 2194 2088 2275">
     <span class='ocr_line' id='line_1_23' title="bbox 514 2194 2088 2275; baseline -0.011 -13"><span class='ocrx_word' id='word_1_166' title='bbox 514 2207 853 2275; x_wconf 85' lang='lat' dir='ltr'><strong>perfectaque</strong></span> <span class='ocrx_word' id='word_1_167' title='bbox 879 2201 1054 2255; x_wconf 82' lang='lat' dir='ltr'><strong>laetitia</strong></span> <span class='ocrx_word' id='word_1_168' title='bbox 1088 2199 1225 2253; x_wconf 89' lang='lat' dir='ltr'><strong>necti</strong></span> <span class='ocrx_word' id='word_1_169' title='bbox 1252 2196 1527 2250; x_wconf 83' lang='lat' dir='ltr'><strong>valeamus</strong></span> <span class='ocrx_word' id='word_1_170' title='bbox 1556 2209 1674 2249; x_wconf 90' lang='lat' dir='ltr'><strong>cum</strong></span> <span class='ocrx_word' id='word_1_171' title='bbox 1702 2194 1927 2260; x_wconf 72' lang='lat' dir='ltr'><strong>prteStile</strong></span> <span class='ocrx_word' id='word_1_172' title='bbox 1952 2204 2088 2245; x_wconf 91' lang='lat' dir='ltr'><strong>nunc</strong></span> 
     </span>
    </p>
   </div>
   <div class='ocr_carea' id='block_1_24' title="bbox 514 2283 2089 2363">
    <p class='ocr_par' dir='ltr' id='par_1_24' title="bbox 514 2283 2089 2363">
     <span class='ocr_line' id='line_1_24' title="bbox 514 2283 2089 2363; baseline -0.013 -10"><span class='ocrx_word' id='word_1_173' title='bbox 514 2308 713 2363; x_wconf 91' lang='lat' dir='ltr'><strong>creato,</strong></span> <span class='ocrx_word' id='word_1_174' title='bbox 742 2294 882 2349; x_wconf 89' lang='lat' dir='ltr'><strong>beati</strong></span> <span class='ocrx_word' id='word_1_175' title='bbox 910 2290 1151 2360; x_wconf 84' lang='lat' dir='ltr'><strong>Apostoli</strong></span> <span class='ocrx_word' id='word_1_176' title='bbox 1191 2302 1321 2342; x_wconf 91' lang='lat' dir='ltr'><strong>voce</strong></span> <span class='ocrx_word' id='word_1_177' title='bbox 1339 2286 1564 2341; x_wconf 89' lang='lat' dir='ltr'><strong>dicentis</strong></span> <span class='ocrx_word' id='word_1_178' title='bbox 1598 2301 1610 2337; x_wconf 87' lang='lat'><strong>:</strong></span> <span class='ocrx_word' id='word_1_179' title='bbox 1647 2284 1706 2340; x_wconf 86' lang='lat' dir='ltr'><strong>Si</strong></span> <span class='ocrx_word' id='word_1_180' title='bbox 1734 2302 1834 2353; x_wconf 90' lang='lat' dir='ltr'><strong>qua</strong></span> <span class='ocrx_word' id='word_1_181' title='bbox 1856 2283 2010 2355; x_wconf 74' lang='lat' dir='ltr'><strong>igitur</strong></span> <span class='ocrx_word' id='word_1_182' title='bbox 2036 2284 2089 2334; x_wconf 90' lang='lat' dir='ltr'><strong>in</strong></span> 
     </span>
    </p>
   </div>
   <div class='ocr_carea' id='block_1_25' title="bbox 514 2366 2088 2444">
    <p class='ocr_par' dir='ltr' id='par_1_25' title="bbox 514 2366 2088 2444">
     <span class='ocr_line' id='line_1_25' title="bbox 514 2366 2088 2444; baseline -0.011 -1"><span class='ocrx_word' id='word_1_183' title='bbox 514 2387 717 2443; x_wconf 76' lang='lat' dir='ltr'><strong>Christo</strong></span> <span class='ocrx_word' id='word_1_184' title='bbox 740 2400 866 2439; x_wconf 84' lang='lat' dir='ltr'><strong>natm</strong></span> <span class='ocrx_word' id='word_1_185' title='bbox 896 2393 1147 2444; x_wconf 85' lang='lat' dir='ltr'><strong>creatura,</strong></span> <span class='ocrx_word' id='word_1_186' title='bbox 1190 2388 1355 2432; x_wconf 86' lang='lat' dir='ltr'><strong>retera</strong></span> <span class='ocrx_word' id='word_1_187' title='bbox 1386 2366 1716 2435; x_wconf 80' lang='lat' dir='ltr'><strong>transierunt,</strong></span> <span class='ocrx_word' id='word_1_188' title='bbox 1753 2375 1923 2428; x_wconf 82' lang='lat' dir='ltr'><strong>omnia</strong></span> <span class='ocrx_word' id='word_1_189' title='bbox 1954 2375 2088 2443; x_wconf 77' lang='lat' dir='ltr'><strong>facta</strong></span> 
     </span>
    </p>
   </div>
   <div class='ocr_carea' id='block_1_26' title="bbox 515 2465 2088 2547">
    <p class='ocr_par' dir='ltr' id='par_1_26' title="bbox 515 2465 2088 2547">
     <span class='ocr_line' id='line_1_26' title="bbox 515 2465 2088 2547; baseline -0.01 -14"><span class='ocrx_word' id='word_1_190' title='bbox 515 2489 629 2532; x_wconf 76' lang='lat' dir='ltr'><strong>sunt</strong></span> <span class='ocrx_word' id='word_1_191' title='bbox 657 2494 784 2531; x_wconf 84' lang='lat' dir='ltr'><strong>noua</strong></span> <span class='ocrx_word' id='word_1_192' title='bbox 826 2474 886 2547; x_wconf 88' lang='grc'><strong>(1</strong></span> <span class='ocrx_word' id='word_1_193' title='bbox 916 2474 1035 2529; x_wconf 87' lang='lat' dir='ltr'><strong>Cor.</strong></span> <span class='ocrx_word' id='word_1_194' title='bbox 1058 2489 1107 2536; x_wconf 92' lang='lat' dir='ltr'><strong>v,</strong></span> <span class='ocrx_word' id='word_1_195' title='bbox 1136 2470 1248 2539; x_wconf 74' lang='lat'><strong>17).</strong></span> <span class='ocrx_word' id='word_1_196' title='bbox 1280 2470 1494 2523; x_wconf 71' lang='lat' dir='ltr'><strong>Litterae</strong></span> <span class='ocrx_word' id='word_1_197' title='bbox 1516 2466 1879 2535; x_wconf 64' lang='lat' dir='ltr'><strong>certe:vestr:c</strong></span> <span class='ocrx_word' id='word_1_198' title='bbox 1905 2465 2088 2518; x_wconf 73' lang='lat' dir='ltr'><strong>etttbo-</strong></span> 
     </span>
    </p>
   </div>
   <div class='ocr_carea' id='block_1_27' title="bbox 515 2558 2083 2639">
    <p class='ocr_par' dir='ltr' id='par_1_27' title="bbox 515 2558 2083 2639">
     <span class='ocr_line' id='line_1_27' title="bbox 515 2558 2083 2639; baseline -0.012 -10"><span class='ocrx_word' id='word_1_199' title='bbox 515 2576 630 2629; x_wconf 79' lang='lat' dir='ltr'><strong>lica:</strong></span> <span class='ocrx_word' id='word_1_200' title='bbox 680 2572 802 2626; x_wconf 90' lang='lat' dir='ltr'><strong>ﬁdei</strong></span> <span class='ocrx_word' id='word_1_201' title='bbox 831 2568 1122 2639; x_wconf 53' lang='lat' dir='ltr'><strong>pradicant</strong></span> <span class='ocrx_word' id='word_1_202' title='bbox 1150 2565 1434 2624; x_wconf 90' lang='lat' dir='ltr'><strong>unitatem,</strong></span> <span class='ocrx_word' id='word_1_203' title='bbox 1465 2574 1754 2630; x_wconf 88' lang='lat' dir='ltr'><strong>pacemque</strong></span> <span class='ocrx_word' id='word_1_204' title='bbox 1809 2558 2083 2612; x_wconf 84' lang='lat' dir='ltr'><strong>Ecclesia-</strong></span> 
     </span>
    </p>
   </div>
   <div class='ocr_carea' id='block_1_28' title="bbox 518 2648 2087 2732">
    <p class='ocr_par' dir='ltr' id='par_1_28' title="bbox 518 2648 2087 2732">
     <span class='ocr_line' id='line_1_28' title="bbox 518 2648 2087 2732; baseline -0.011 -13"><span class='ocrx_word' id='word_1_205' title='bbox 518 2680 635 2719; x_wconf 90' lang='lat' dir='ltr'><strong>rttm</strong></span> <span class='ocrx_word' id='word_1_206' title='bbox 661 2663 800 2732; x_wconf 88' lang='lat' dir='ltr'><strong>regia</strong></span> <span class='ocrx_word' id='word_1_207' title='bbox 848 2660 1043 2729; x_wconf 88' lang='lat' dir='ltr'><strong>pietate</strong></span> <span class='ocrx_word' id='word_1_208' title='bbox 1086 2655 1453 2725; x_wconf 89' lang='lat' dir='ltr'><strong>pronuntiant.</strong></span> <span class='ocrx_word' id='word_1_209' title='bbox 1480 2652 1611 2718; x_wconf 63' lang='lat' dir='ltr'><strong>Quae</strong></span> <span class='ocrx_word' id='word_1_210' title='bbox 1636 2665 1756 2705; x_wconf 88' lang='lat' dir='ltr'><strong>cum</strong></span> <span class='ocrx_word' id='word_1_211' title='bbox 1787 2650 1969 2705; x_wconf 88' lang='lat' dir='ltr'><strong>debito</strong></span> <span class='ocrx_word' id='word_1_212' title='bbox 1992 2648 2087 2701; x_wconf 90' lang='lat' dir='ltr'><strong>ho-</strong></span> 
     </span>
    </p>
   </div>
   <div class='ocr_carea' id='block_1_29' title="bbox 517 2738 2087 2821">
    <p class='ocr_par' dir='ltr' id='par_1_29' title="bbox 517 2738 2087 2821">
     <span class='ocr_line' id='line_1_29' title="bbox 517 2738 2087 2821; baseline -0.011 -12"><span class='ocrx_word' id='word_1_213' title='bbox 517 2769 644 2809; x_wconf 91' lang='lat' dir='ltr'><strong>nore</strong></span> <span class='ocrx_word' id='word_1_214' title='bbox 672 2754 1005 2821; x_wconf 73' lang='lat' dir='ltr'><strong>legerentur,</strong></span> <span class='ocrx_word' id='word_1_215' title='bbox 1036 2746 1265 2817; x_wconf 84' lang='lat' dir='ltr'><strong>qualiter</strong></span> <span class='ocrx_word' id='word_1_216' title='bbox 1290 2757 1501 2798; x_wconf 91' lang='lat' dir='ltr'><strong>mecum</strong></span> <span class='ocrx_word' id='word_1_217' title='bbox 1532 2749 1673 2795; x_wconf 89' lang='lat' dir='ltr'><strong>totus</strong></span> <span class='ocrx_word' id='word_1_218' title='bbox 1701 2740 1831 2793; x_wconf 92' lang='lat' dir='ltr'><strong>ordo</strong></span> <span class='ocrx_word' id='word_1_219' title='bbox 1862 2738 2087 2792; x_wconf 82' lang='lat' dir='ltr'><strong>Romani</strong></span> 
     </span>
    </p>
   </div>
   <div class='ocr_carea' id='block_1_30' title="bbox 517 2830 2085 2915">
    <p class='ocr_par' dir='ltr' id='par_1_30' title="bbox 517 2830 2085 2915">
     <span class='ocr_line' id='line_1_30' title="bbox 517 2830 2085 2915; baseline -0.011 -15"><span class='ocrx_word' id='word_1_220' title='bbox 517 2842 831 2915; x_wconf 87' lang='lat' dir='ltr'><strong>presbyterii</strong></span> <span class='ocrx_word' id='word_1_221' title='bbox 860 2842 1020 2896; x_wconf 86' lang='lat' dir='ltr'><strong>vitam</strong></span> <span class='ocrx_word' id='word_1_222' title='bbox 1046 2837 1196 2892; x_wconf 84' lang='lat' dir='ltr'><strong>vobis</strong></span> <span class='ocrx_word' id='word_1_223' title='bbox 1229 2836 1744 2904; x_wconf 81' lang='lat' dir='ltr'><strong>prosperitatemque</strong></span> <span class='ocrx_word' id='word_1_224' title='bbox 1776 2830 2085 2883; x_wconf 90' lang='lat' dir='ltr'><strong>continuam</strong></span> 
     </span>
    </p>
   </div>
   <div class='ocr_carea' id='block_1_31' title="bbox 515 2922 2088 3004">
    <p class='ocr_par' dir='ltr' id='par_1_31' title="bbox 515 2922 2088 3004">
     <span class='ocr_line' id='line_1_31' title="bbox 515 2922 2088 3004; baseline -0.012 -12"><span class='ocrx_word' id='word_1_225' title='bbox 515 2943 790 3004; x_wconf 90' lang='lat' dir='ltr'><strong>promptus</strong></span> <span class='ocrx_word' id='word_1_226' title='bbox 835 2944 1084 2995; x_wconf 80' lang='lat' dir='ltr'><strong>exorans,</strong></span> <span class='ocrx_word' id='word_1_227' title='bbox 1132 2926 1371 2996; x_wconf 87' lang='lat' dir='ltr'><strong>repetitis</strong></span> <span class='ocrx_word' id='word_1_228' title='bbox 1412 2924 1626 2978; x_wconf 88' lang='lat' dir='ltr'><strong>assidue</strong></span> <span class='ocrx_word' id='word_1_229' title='bbox 1656 2923 1875 2976; x_wconf 88' lang='lat' dir='ltr'><strong>vocibus</strong></span> <span class='ocrx_word' id='word_1_230' title='bbox 1917 2922 2088 2975; x_wconf 63' lang='lat' dir='ltr'><strong>acela-</strong></span> 
     </span>
    </p>
   </div>
   <div class='ocr_carea' id='block_1_32' title="bbox 518 3014 2087 3091">
    <p class='ocr_par' dir='ltr' id='par_1_32' title="bbox 518 3014 2087 3091">
     <span class='ocr_line' id='line_1_32' title="bbox 518 3014 2087 3091; baseline -0.008 -11"><span class='ocrx_word' id='word_1_231' title='bbox 518 3025 691 3090; x_wconf 83' lang='lat' dir='ltr'><strong>marit,</strong></span> <span class='ocrx_word' id='word_1_232' title='bbox 721 3033 776 3079; x_wconf 86' lang='lat' dir='ltr'><strong>et</strong></span> <span class='ocrx_word' id='word_1_233' title='bbox 808 3023 859 3078; x_wconf 86' lang='lat' dir='ltr'><strong>hi</strong></span> <span class='ocrx_word' id='word_1_234' title='bbox 889 3024 976 3091; x_wconf 91' lang='lat' dir='ltr'><strong>qui</strong></span> <span class='ocrx_word' id='word_1_235' title='bbox 1015 3019 1204 3075; x_wconf 88' lang='lat' dir='ltr'><strong>directi</strong></span> <span class='ocrx_word' id='word_1_236' title='bbox 1227 3025 1351 3073; x_wconf 89' lang='lat' dir='ltr'><strong>sunt</strong></span> <span class='ocrx_word' id='word_1_237' title='bbox 1381 3016 1683 3078; x_wconf 90' lang='lat' dir='ltr'><strong>audierunt,</strong></span> <span class='ocrx_word' id='word_1_238' title='bbox 1704 3024 1757 3068; x_wconf 89' lang='lat' dir='ltr'><strong>et</strong></span> <span class='ocrx_word' id='word_1_239' title='bbox 1783 3014 1976 3082; x_wconf 88' lang='lat' dir='ltr'><strong>ubique</strong></span> <span class='ocrx_word' id='word_1_240' title='bbox 1998 3028 2087 3067; x_wconf 87' lang='lat' dir='ltr'><strong>ve-</strong></span> 
     </span>
    </p>
   </div>
   <div class='ocr_carea' id='block_1_33' title="bbox 517 3102 2084 3184">
    <p class='ocr_par' dir='ltr' id='par_1_33' title="bbox 517 3102 2084 3184">
     <span class='ocr_line' id='line_1_33' title="bbox 517 3102 2084 3184; baseline -0.01 -13"><span class='ocrx_word' id='word_1_241' title='bbox 517 3120 601 3172; x_wconf 81' lang='lat' dir='ltr'><strong>lox</strong></span> <span class='ocrx_word' id='word_1_242' title='bbox 649 3128 753 3171; x_wconf 89' lang='lat' dir='ltr'><strong>tam</strong></span> <span class='ocrx_word' id='word_1_243' title='bbox 787 3112 1029 3184; x_wconf 74' lang='lat' dir='ltr'><strong>prccclari</strong></span> <span class='ocrx_word' id='word_1_244' title='bbox 1074 3108 1242 3165; x_wconf 92' lang='lat' dir='ltr'><strong>nuntii</strong></span> <span class='ocrx_word' id='word_1_245' title='bbox 1273 3107 1467 3176; x_wconf 88' lang='lat' dir='ltr'><strong>legatio</strong></span> <span class='ocrx_word' id='word_1_246' title='bbox 1513 3104 1798 3174; x_wconf 88' lang='lat' dir='ltr'><strong>putabatur</strong></span> <span class='ocrx_word' id='word_1_247' title='bbox 1848 3102 2084 3156; x_wconf 89' lang='lat' dir='ltr'><strong>obviare.</strong></span> 
     </span>
    </p>
   </div>
   <div class='ocr_carea' id='block_1_34' title="bbox 2191 516 3774 590">
    <p class='ocr_par' dir='ltr' id='par_1_34' title="bbox 2191 516 3774 590">
     <span class='ocr_line' id='line_1_34' title="bbox 2191 516 3774 590; baseline -0.008 -8"><span class='ocrx_word' id='word_1_248' title='bbox 2191 530 2470 583; x_wconf 85' lang='lat' dir='ltr'><strong>hortentur</strong></span> <span class='ocrx_word' id='word_1_249' title='bbox 2506 524 2884 581; x_wconf 74' lang='lat' dir='ltr'><strong>ecclesiasuca:</strong></span> <span class='ocrx_word' id='word_1_250' title='bbox 2912 520 3053 590; x_wconf 90' lang='lat' dir='ltr'><strong>pacis</strong></span> <span class='ocrx_word' id='word_1_251' title='bbox 3085 519 3354 574; x_wconf 75' lang='lat' dir='ltr'><strong>effectum.</strong></span> <span class='ocrx_word' id='word_1_252' title='bbox 3394 517 3628 571; x_wconf 81' lang='lat' dir='ltr'><strong>Primum</strong></span> <span class='ocrx_word' id='word_1_253' title='bbox 3655 516 3774 582; x_wconf 81' lang='lat' dir='ltr'><strong>qni-</strong></span> 
     </span>
    </p>
   </div>
   <div class='ocr_carea' id='block_1_35' title="bbox 2190 606 3772 688">
    <p class='ocr_par' dir='ltr' id='par_1_35' title="bbox 2190 606 3772 688">
     <span class='ocr_line' id='line_1_35' title="bbox 2190 606 3772 688; baseline -0.011 -13"><span class='ocrx_word' id='word_1_254' title='bbox 2190 620 2332 683; x_wconf 88' lang='lat' dir='ltr'><strong>dem,</strong></span> <span class='ocrx_word' id='word_1_255' title='bbox 2366 617 2527 688; x_wconf 89' lang='lat' dir='ltr'><strong>quod,</strong></span> <span class='ocrx_word' id='word_1_256' title='bbox 2564 616 2723 669; x_wconf 89' lang='lat' dir='ltr'><strong>talem</strong></span> <span class='ocrx_word' id='word_1_257' title='bbox 2755 624 2806 668; x_wconf 88' lang='lat' dir='ltr'><strong>te</strong></span> <span class='ocrx_word' id='word_1_258' title='bbox 2834 613 3002 682; x_wconf 88' lang='lat' dir='ltr'><strong>gratia</strong></span> <span class='ocrx_word' id='word_1_259' title='bbox 3033 610 3271 665; x_wconf 68' lang='lat' dir='ltr'><strong>caelestis</strong></span> <span class='ocrx_word' id='word_1_260' title='bbox 3294 607 3535 677; x_wconf 89' lang='lat' dir='ltr'><strong>elegerit,</strong></span> <span class='ocrx_word' id='word_1_261' title='bbox 3564 606 3720 674; x_wconf 82' lang='lat' dir='ltr'><strong>cujus</strong></span> <span class='ocrx_word' id='word_1_262' title='bbox 3742 621 3772 657; x_wconf 89' lang='lat' dir='ltr'><strong>a</strong></span> 
     </span>
    </p>
   </div>
   <div class='ocr_carea' id='block_1_36' title="bbox 2192 697 3766 783">
    <p class='ocr_par' dir='ltr' id='par_1_36' title="bbox 2192 697 3766 783">
     <span class='ocr_line' id='line_1_36' title="bbox 2192 697 3766 783; baseline -0.012 -15"><span class='ocrx_word' id='word_1_263' title='bbox 2192 726 2358 783; x_wconf 91' lang='lat' dir='ltr'><strong>puero</strong></span> <span class='ocrx_word' id='word_1_264' title='bbox 2406 709 2511 762; x_wconf 88' lang='lat' dir='ltr'><strong>vita</strong></span> <span class='ocrx_word' id='word_1_265' title='bbox 2558 705 2845 776; x_wconf 89' lang='lat' dir='ltr'><strong>probabilis</strong></span> <span class='ocrx_word' id='word_1_266' title='bbox 2892 713 3186 767; x_wconf 86' lang='lat' dir='ltr'><strong>asseratur,</strong></span> <span class='ocrx_word' id='word_1_267' title='bbox 3215 710 3268 755; x_wconf 90' lang='lat' dir='ltr'><strong>et</strong></span> <span class='ocrx_word' id='word_1_268' title='bbox 3307 698 3585 754; x_wconf 79' lang='lat' dir='ltr'><strong>catholica:</strong></span> <span class='ocrx_word' id='word_1_269' title='bbox 3621 697 3766 761; x_wconf 84' lang='lat' dir='ltr'><strong>ﬁdei,</strong></span> 
     </span>
    </p>
   </div>
   <div class='ocr_carea' id='block_1_37' title="bbox 2191 790 3771 875">
    <p class='ocr_par' dir='ltr' id='par_1_37' title="bbox 2191 790 3771 875">
     <span class='ocr_line' id='line_1_37' title="bbox 2191 790 3771 875; baseline -0.013 -15"><span class='ocrx_word' id='word_1_270' title='bbox 2191 805 2334 875; x_wconf 92' lang='lat' dir='ltr'><strong>quod</strong></span> <span class='ocrx_word' id='word_1_271' title='bbox 2394 812 2518 856; x_wconf 86' lang='lat' dir='ltr'><strong>ante</strong></span> <span class='ocrx_word' id='word_1_272' title='bbox 2573 798 2754 854; x_wconf 86' lang='lat' dir='ltr'><strong>omnia</strong></span> <span class='ocrx_word' id='word_1_273' title='bbox 2805 798 3084 867; x_wconf 88' lang='lat' dir='ltr'><strong>cupimus,</strong></span> <span class='ocrx_word' id='word_1_274' title='bbox 3145 793 3463 863; x_wconf 73' lang='lat' dir='ltr'><strong>praedicetur</strong></span> <span class='ocrx_word' id='word_1_275' title='bbox 3521 790 3771 844; x_wconf 89' lang='lat' dir='ltr'><strong>intentio.</strong></span> 
     </span>
    </p>
   </div>
   <div class='ocr_carea' id='block_1_38' title="bbox 2195 880 3773 963">
    <p class='ocr_par' dir='ltr' id='par_1_38' title="bbox 2195 880 3773 963">
     <span class='ocr_line' id='line_1_38' title="bbox 2195 880 3773 963; baseline -0.011 -13"><span class='ocrx_word' id='word_1_276' title='bbox 2195 895 2393 951; x_wconf 89' lang='lat' dir='ltr'><strong>Deinde</strong></span> <span class='ocrx_word' id='word_1_277' title='bbox 2427 893 2547 963; x_wconf 91' lang='lat' dir='ltr'><strong>quia</strong></span> <span class='ocrx_word' id='word_1_278' title='bbox 2582 893 2719 945; x_wconf 91' lang='lat' dir='ltr'><strong>inter</strong></span> <span class='ocrx_word' id='word_1_279' title='bbox 2749 889 2865 943; x_wconf 67' lang='lat' dir='ltr'><strong>haec</strong></span> <span class='ocrx_word' id='word_1_280' title='bbox 2893 900 3111 941; x_wconf 90' lang='lat' dir='ltr'><strong>munera</strong></span> <span class='ocrx_word' id='word_1_281' title='bbox 3135 894 3240 939; x_wconf 72' lang='lat' dir='ltr'><strong>tua:</strong></span> <span class='ocrx_word' id='word_1_282' title='bbox 3277 882 3533 937; x_wconf 89' lang='lat' dir='ltr'><strong>Dominus</strong></span> <span class='ocrx_word' id='word_1_283' title='bbox 3562 880 3773 936; x_wconf 70' lang='lat' dir='ltr'><strong>caritati</strong></span> 
     </span>
    </p>
   </div>
   <div class='ocr_carea' id='block_1_39' title="bbox 2190 971 3770 1052">
    <p class='ocr_par' dir='ltr' id='par_1_39' title="bbox 2190 971 3770 1052">
     <span class='ocr_line' id='line_1_39' title="bbox 2190 971 3770 1052; baseline -0.011 -13"><span class='ocrx_word' id='word_1_284' title='bbox 2190 984 2391 1039; x_wconf 90' lang='lat' dir='ltr'><strong>domini</strong></span> <span class='ocrx_word' id='word_1_285' title='bbox 2425 996 2637 1052; x_wconf 90' lang='lat' dir='ltr'><strong>quoque</strong></span> <span class='ocrx_word' id='word_1_286' title='bbox 2669 979 2761 1033; x_wconf 91' lang='lat' dir='ltr'><strong>ﬁlii</strong></span> <span class='ocrx_word' id='word_1_287' title='bbox 2783 976 2951 1033; x_wconf 89' lang='lat' dir='ltr'><strong>nostri</strong></span> <span class='ocrx_word' id='word_1_288' title='bbox 2986 972 3356 1047; x_wconf 87' lang='lat' dir='ltr'><strong>gloriosissimi</strong></span> <span class='ocrx_word' id='word_1_289' title='bbox 3387 971 3643 1042; x_wconf 77' lang='lat' dir='ltr'><strong>principis</strong></span> <span class='ocrx_word' id='word_1_290' title='bbox 3673 986 3770 1023; x_wconf 90' lang='lat' dir='ltr'><strong>vo-</strong></span> 
     </span>
    </p>
   </div>
   <div class='ocr_carea' id='block_1_40' title="bbox 2195 1064 3770 1141">
    <p class='ocr_par' dir='ltr' id='par_1_40' title="bbox 2195 1064 3770 1141">
     <span class='ocr_line' id='line_1_40' title="bbox 2195 1064 3770 1141; baseline -0.012 -6"><span class='ocrx_word' id='word_1_291' title='bbox 2195 1090 2304 1135; x_wconf 90' lang='lat' dir='ltr'><strong>tum</strong></span> <span class='ocrx_word' id='word_1_292' title='bbox 2335 1077 2564 1134; x_wconf 89' lang='lat' dir='ltr'><strong>contulit</strong></span> <span class='ocrx_word' id='word_1_293' title='bbox 2585 1084 2639 1130; x_wconf 92' lang='lat' dir='ltr'><strong>et</strong></span> <span class='ocrx_word' id='word_1_294' title='bbox 2666 1074 2900 1129; x_wconf 87' lang='lat' dir='ltr'><strong>favorem</strong></span> <span class='ocrx_word' id='word_1_295' title='bbox 2938 1090 2950 1123; x_wconf 89' lang='lat'>:</span> <span class='ocrx_word' id='word_1_296' title='bbox 2984 1079 3245 1141; x_wconf 87' lang='lat' dir='ltr'><strong>quatenus</strong></span> <span class='ocrx_word' id='word_1_297' title='bbox 3276 1066 3555 1137; x_wconf 81' lang='lat' dir='ltr'><strong>potestatis</strong></span> <span class='ocrx_word' id='word_1_298' title='bbox 3581 1064 3770 1125; x_wconf 80' lang='lat' dir='ltr'><strong>fultus,</strong></span> 
     </span>
    </p>
   </div>
   <div class='ocr_carea' id='block_1_41' title="bbox 2193 1158 3778 1240">
    <p class='ocr_par' dir='ltr' id='par_1_41' title="bbox 2193 1158 3778 1240">
     <span class='ocr_line' id='line_1_41' title="bbox 2193 1158 3778 1240; baseline -0.011 -13"><span class='ocrx_word' id='word_1_299' title='bbox 2193 1171 2304 1227; x_wconf 90' lang='lat' dir='ltr'><strong>Deo</strong></span> <span class='ocrx_word' id='word_1_300' title='bbox 2354 1176 2672 1240; x_wconf 70' lang='lat' dir='ltr'><strong>prazstante,</strong></span> <span class='ocrx_word' id='word_1_301' title='bbox 2721 1164 2991 1229; x_wconf 86' lang='lat' dir='ltr'><strong>subsidio,</strong></span> <span class='ocrx_word' id='word_1_302' title='bbox 3042 1162 3249 1217; x_wconf 82' lang='lat' dir='ltr'><strong>facilius</strong></span> <span class='ocrx_word' id='word_1_303' title='bbox 3296 1158 3479 1213; x_wconf 89' lang='lat' dir='ltr'><strong>valcas</strong></span> <span class='ocrx_word' id='word_1_304' title='bbox 3518 1166 3778 1223; x_wconf 81' lang='lat' dir='ltr'><strong>expetere</strong></span> 
     </span>
    </p>
   </div>
   <div class='ocr_carea' id='block_1_42' title="bbox 2195 1245 3772 1333">
    <p class='ocr_par' dir='ltr' id='par_1_42' title="bbox 2195 1245 3772 1333">
     <span class='ocr_line' id='line_1_42' title="bbox 2195 1245 3772 1333; baseline -0.013 -16"><span class='ocrx_word' id='word_1_305' title='bbox 2195 1277 2315 1333; x_wconf 82' lang='lat' dir='ltr'><strong>quae</strong></span> <span class='ocrx_word' id='word_1_306' title='bbox 2380 1257 2671 1316; x_wconf 90' lang='lat' dir='ltr'><strong>secundum</strong></span> <span class='ocrx_word' id='word_1_307' title='bbox 2747 1254 3022 1310; x_wconf 88' lang='lat' dir='ltr'><strong>veritatem</strong></span> <span class='ocrx_word' id='word_1_308' title='bbox 3093 1251 3364 1320; x_wconf 87' lang='lat' dir='ltr'><strong>sapienter</strong></span> <span class='ocrx_word' id='word_1_309' title='bbox 3444 1245 3772 1319; x_wconf 83' lang='lat' dir='ltr'><strong>intenderis.</strong></span> 
     </span>
    </p>
   </div>
   <div class='ocr_carea' id='block_1_43' title="bbox 2194 1339 3777 1420">
    <p class='ocr_par' dir='ltr' id='par_1_43' title="bbox 2194 1339 3777 1420">
     <span class='ocr_line' id='line_1_43' title="bbox 2194 1339 3777 1420; baseline -0.014 -10"><span class='ocrx_word' id='word_1_310' title='bbox 2194 1354 2475 1409; x_wconf 87' lang='lat' dir='ltr'><strong>Postremo</strong></span> <span class='ocrx_word' id='word_1_311' title='bbox 2500 1347 2643 1420; x_wconf 88' lang='lat' dir='ltr'><strong>quod</strong></span> <span class='ocrx_word' id='word_1_312' title='bbox 2672 1346 2850 1402; x_wconf 86' lang='lat' dir='ltr'><strong>omnia</strong></span> <span class='ocrx_word' id='word_1_313' title='bbox 2877 1343 3284 1415; x_wconf 88' lang='lat' dir='ltr'><strong>propemodum,</strong></span> <span class='ocrx_word' id='word_1_314' title='bbox 3304 1355 3421 1410; x_wconf 75' lang='lat' dir='ltr'><strong>qua:</strong></span> <span class='ocrx_word' id='word_1_315' title='bbox 3446 1339 3521 1395; x_wconf 89' lang='lat' dir='ltr'><strong>tui</strong></span> <span class='ocrx_word' id='word_1_316' title='bbox 3546 1352 3777 1406; x_wconf 87' lang='lat' dir='ltr'><strong>sequun-</strong></span> 
     </span>
    </p>
   </div>
   <div class='ocr_carea' id='block_1_44' title="bbox 2194 1430 3775 1503">
    <p class='ocr_par' dir='ltr' id='par_1_44' title="bbox 2194 1430 3775 1503">
     <span class='ocr_line' id='line_1_44' title="bbox 2194 1430 3775 1503; baseline -0.011 -2"><span class='ocrx_word' id='word_1_317' title='bbox 2194 1454 2280 1501; x_wconf 88' lang='lat' dir='ltr'><strong>tur</strong></span> <span class='ocrx_word' id='word_1_318' title='bbox 2311 1442 2530 1500; x_wconf 86' lang='lat' dir='ltr'><strong>honoris</strong></span> <span class='ocrx_word' id='word_1_319' title='bbox 2546 1438 2853 1503; x_wconf 75' lang='lat' dir='ltr'><strong>exordium,</strong></span> <span class='ocrx_word' id='word_1_320' title='bbox 2884 1447 2988 1491; x_wconf 87' lang='lat' dir='ltr'><strong>tam</strong></span> <span class='ocrx_word' id='word_1_321' title='bbox 3021 1433 3444 1491; x_wconf 80' lang='lat' dir='ltr'><strong>benevolentiam</strong></span> <span class='ocrx_word' id='word_1_322' title='bbox 3475 1430 3631 1485; x_wconf 88' lang='lat' dir='ltr'><strong>nobis</strong></span> <span class='ocrx_word' id='word_1_323' title='bbox 3657 1430 3775 1484; x_wconf 84' lang='lat' dir='ltr'><strong>cle-</strong></span> 
     </span>
    </p>
   </div>
   <div class='ocr_carea' id='block_1_45' title="bbox 2197 1521 3778 1603">
    <p class='ocr_par' dir='ltr' id='par_1_45' title="bbox 2197 1521 3778 1603">
     <span class='ocr_line' id='line_1_45' title="bbox 2197 1521 3778 1603; baseline -0.012 -11"><span class='ocrx_word' id='word_1_324' title='bbox 2197 1536 2409 1593; x_wconf 66' lang='lat' dir='ltr'><strong>mentia:</strong></span> <span class='ocrx_word' id='word_1_325' title='bbox 2435 1530 2741 1603; x_wconf 88' lang='lat' dir='ltr'><strong>principalis</strong></span> <span class='ocrx_word' id='word_1_326' title='bbox 2758 1527 3067 1593; x_wconf 87' lang='lat' dir='ltr'><strong>ostendunt,</strong></span> <span class='ocrx_word' id='word_1_327' title='bbox 3092 1541 3247 1596; x_wconf 88' lang='lat' dir='ltr'><strong>quam</strong></span> <span class='ocrx_word' id='word_1_328' title='bbox 3269 1532 3371 1578; x_wconf 66' lang='lat' dir='ltr'><strong>tua:</strong></span> <span class='ocrx_word' id='word_1_329' title='bbox 3394 1521 3628 1592; x_wconf 92' lang='lat' dir='ltr'><strong>produnt</strong></span> <span class='ocrx_word' id='word_1_330' title='bbox 3652 1535 3778 1588; x_wconf 86' lang='lat' dir='ltr'><strong>spe-</strong></span> 
     </span>
    </p>
   </div>
   <div class='ocr_carea' id='block_1_46' title="bbox 2193 1615 3775 1687">
    <p class='ocr_par' dir='ltr' id='par_1_46' title="bbox 2193 1615 3775 1687">
     <span class='ocr_line' id='line_1_46' title="bbox 2193 1615 3775 1687; baseline -0.011 -3"><span class='ocrx_word' id='word_1_331' title='bbox 2193 1629 2328 1684; x_wconf 91' lang='lat' dir='ltr'><strong>ciem</strong></span> <span class='ocrx_word' id='word_1_332' title='bbox 2360 1624 2666 1683; x_wconf 80' lang='lat' dir='ltr'><strong>voluntatis.</strong></span> <span class='ocrx_word' id='word_1_333' title='bbox 2700 1622 2833 1677; x_wconf 86' lang='lat' dir='ltr'><strong>Dum</strong></span> <span class='ocrx_word' id='word_1_334' title='bbox 2871 1621 3079 1675; x_wconf 90' lang='lat' dir='ltr'><strong>scilicet</strong></span> <span class='ocrx_word' id='word_1_335' title='bbox 3103 1618 3168 1673; x_wconf 90' lang='lat' dir='ltr'><strong>ad</strong></span> <span class='ocrx_word' id='word_1_336' title='bbox 3196 1616 3545 1687; x_wconf 75' lang='lat' dir='ltr'><strong>apostolicam</strong></span> <span class='ocrx_word' id='word_1_337' title='bbox 3587 1615 3775 1677; x_wconf 67' lang='lat' dir='ltr'><strong>sedem</strong></span> 
     </span>
    </p>
   </div>
   <div class='ocr_carea' id='block_1_47' title="bbox 2194 1708 3777 1790">
    <p class='ocr_par' dir='ltr' id='par_1_47' title="bbox 2194 1708 3777 1790">
     <span class='ocr_line' id='line_1_47' title="bbox 2194 1708 3777 1790; baseline -0.008 -16"><span class='ocrx_word' id='word_1_338' title='bbox 2194 1719 2511 1790; x_wconf 84' lang='lat' dir='ltr'><strong>regulariter</strong></span> <span class='ocrx_word' id='word_1_339' title='bbox 2551 1716 2882 1779; x_wconf 87' lang='lat' dir='ltr'><strong>destinatur,</strong></span> <span class='ocrx_word' id='word_1_340' title='bbox 2922 1727 3015 1781; x_wconf 91' lang='lat' dir='ltr'><strong>per</strong></span> <span class='ocrx_word' id='word_1_341' title='bbox 3057 1727 3218 1781; x_wconf 88' lang='lat' dir='ltr'><strong>quam</strong></span> <span class='ocrx_word' id='word_1_342' title='bbox 3263 1710 3528 1779; x_wconf 80' lang='lat' dir='ltr'><strong>largiente</strong></span> <span class='ocrx_word' id='word_1_343' title='bbox 3558 1708 3777 1763; x_wconf 84' lang='lat' dir='ltr'><strong>Christo</strong></span> 
     </span>
    </p>
   </div>
   <div class='ocr_carea' id='block_1_48' title="bbox 2461 1800 3779 1875">
    <p class='ocr_par' dir='ltr' id='par_1_48' title="bbox 2461 1800 3779 1875">
     <span class='ocr_line' id='line_1_48' title="bbox 2461 1800 3779 1875; baseline -0.009 -13"><span class='ocrx_word' id='word_1_344' title='bbox 2461 1807 2719 1862; x_wconf 88' lang='lat' dir='ltr'><strong>solidatur</strong></span> <span class='ocrx_word' id='word_1_345' title='bbox 2740 1805 2971 1875; x_wconf 81' lang='lat' dir='ltr'><strong>dignitas</strong></span> <span class='ocrx_word' id='word_1_346' title='bbox 2985 1802 3346 1859; x_wconf 88' lang='lat' dir='ltr'><strong>sacerdotum.</strong></span> <span class='ocrx_word' id='word_1_347' title='bbox 3367 1800 3520 1867; x_wconf 84' lang='lat' dir='ltr'><strong>Quod</strong></span> <span class='ocrx_word' id='word_1_348' title='bbox 3544 1802 3673 1869; x_wconf 71' lang='lat' dir='ltr'><strong>ipsa:</strong></span> <span class='ocrx_word' id='word_1_349' title='bbox 3703 1800 3779 1852; x_wconf 80' lang='lat' dir='ltr'><strong>tli-</strong></span> 
     </span>
    </p>
   </div>
   <div class='ocr_carea' id='block_1_49' title="bbox 2197 1894 3778 1963">
    <p class='ocr_par' dir='ltr' id='par_1_49' title="bbox 2197 1894 3778 1963">
     <span class='ocr_line' id='line_1_49' title="bbox 2197 1894 3778 1963; baseline -0.011 -3"><span class='ocrx_word' id='word_1_350' title='bbox 2197 1904 2443 1960; x_wconf 84' lang='lat' dir='ltr'><strong>lectionis</strong></span> <span class='ocrx_word' id='word_1_351' title='bbox 2468 1910 2574 1956; x_wconf 82' lang='lat' dir='ltr'><strong>tuae</strong></span> <span class='ocrx_word' id='word_1_352' title='bbox 2603 1898 2797 1954; x_wconf 69' lang='lat' dir='ltr'><strong>littera:</strong></span> <span class='ocrx_word' id='word_1_353' title='bbox 2826 1894 3190 1963; x_wconf 89' lang='lat' dir='ltr'><strong>apostolorum</strong></span> <span class='ocrx_word' id='word_1_354' title='bbox 3218 1907 3509 1956; x_wconf 90' lang='lat' dir='ltr'><strong>summum,</strong></span> <span class='ocrx_word' id='word_1_355' title='bbox 3541 1900 3778 1958; x_wconf 83' lang='lat' dir='ltr'><strong>petram-</strong></span> 
     </span>
    </p>
   </div>
   <div class='ocr_carea' id='block_1_50' title="bbox 2197 1984 3778 2067">
    <p class='ocr_par' dir='ltr' id='par_1_50' title="bbox 2197 1984 3778 2067">
     <span class='ocr_line' id='line_1_50' title="bbox 2197 1984 3778 2067; baseline -0.009 -14"><span class='ocrx_word' id='word_1_356' title='bbox 2197 2013 2299 2067; x_wconf 92' lang='lat' dir='ltr'><strong>que</strong></span> <span class='ocrx_word' id='word_1_357' title='bbox 2328 1996 2473 2061; x_wconf 88' lang='lat' dir='ltr'><strong>ﬁdei,</strong></span> <span class='ocrx_word' id='word_1_358' title='bbox 2506 2004 2560 2049; x_wconf 93' lang='lat' dir='ltr'><strong>et</strong></span> <span class='ocrx_word' id='word_1_359' title='bbox 2579 1993 2812 2049; x_wconf 65' lang='lat' dir='ltr'><strong>celestis</strong></span> <span class='ocrx_word' id='word_1_360' title='bbox 2842 1990 3268 2059; x_wconf 87' lang='lat' dir='ltr'><strong>dispensatorem</strong></span> <span class='ocrx_word' id='word_1_361' title='bbox 3292 1985 3532 2055; x_wconf 84' lang='lat' dir='ltr'><strong>mysterii</strong></span> <span class='ocrx_word' id='word_1_362' title='bbox 3548 1984 3778 2065; x_wconf 77' lang='lat' dir='ltr'><strong>creditis</strong></span> 
     </span>
    </p>
   </div>
   <div class='ocr_carea' id='block_1_51' title="bbox 2196 2077 3779 2152">
    <p class='ocr_par' dir='ltr' id='par_1_51' title="bbox 2196 2077 3779 2152">
     <span class='ocr_line' id='line_1_51' title="bbox 2196 2077 3779 2152; baseline -0.008 -9"><span class='ocrx_word' id='word_1_363' title='bbox 2196 2089 2295 2143; x_wconf 92' lang='lat' dir='ltr'><strong>sibi</strong></span> <span class='ocrx_word' id='word_1_364' title='bbox 2316 2087 2572 2152; x_wconf 89' lang='lat' dir='ltr'><strong>clavibus,</strong></span> <span class='ocrx_word' id='word_1_365' title='bbox 2604 2084 2816 2139; x_wconf 90' lang='lat' dir='ltr'><strong>beatum</strong></span> <span class='ocrx_word' id='word_1_366' title='bbox 2840 2081 3051 2138; x_wconf 86' lang='lat' dir='ltr'><strong>Petrum</strong></span> <span class='ocrx_word' id='word_1_367' title='bbox 3090 2078 3390 2148; x_wconf 86' lang='lat' dir='ltr'><strong>apostolum</strong></span> <span class='ocrx_word' id='word_1_368' title='bbox 3428 2077 3779 2133; x_wconf 89' lang='lat' dir='ltr'><strong>conﬁtentur.</strong></span> 
     </span>
    </p>
   </div>
   <div class='ocr_carea' id='block_1_52' title="bbox 2196 2169 3777 2249">
    <p class='ocr_par' dir='ltr' id='par_1_52' title="bbox 2196 2169 3777 2249">
     <span class='ocr_line' id='line_1_52' title="bbox 2196 2169 3777 2249; baseline -0.006 -18"><span class='ocrx_word' id='word_1_369' title='bbox 2196 2180 2347 2249; x_wconf 83' lang='lat' dir='ltr'><strong>Quod</strong></span> <span class='ocrx_word' id='word_1_370' title='bbox 2375 2178 2626 2248; x_wconf 89' lang='lat' dir='ltr'><strong>denique,</strong></span> <span class='ocrx_word' id='word_1_371' title='bbox 2656 2184 2715 2231; x_wconf 92' lang='lat' dir='ltr'><strong>ut</strong></span> <span class='ocrx_word' id='word_1_372' title='bbox 2742 2175 2975 2243; x_wconf 89' lang='lat' dir='ltr'><strong>amplius</strong></span> <span class='ocrx_word' id='word_1_373' title='bbox 3001 2186 3125 2228; x_wconf 89' lang='lat' dir='ltr'><strong>esse</strong></span> <span class='ocrx_word' id='word_1_374' title='bbox 3163 2170 3441 2225; x_wconf 88' lang='lat' dir='ltr'><strong>unanimes</strong></span> <span class='ocrx_word' id='word_1_375' title='bbox 3478 2169 3777 2232; x_wconf 83' lang='lat' dir='ltr'><strong>valeamus,</strong></span> 
     </span>
    </p>
   </div>
   <div class='ocr_carea' id='block_1_53' title="bbox 2198 2259 3780 2327">
    <p class='ocr_par' dir='ltr' id='par_1_53' title="bbox 2198 2259 3780 2327">
     <span class='ocr_line' id='line_1_53' title="bbox 2198 2259 3780 2327; baseline -0.008 0"><span class='ocrx_word' id='word_1_376' title='bbox 2198 2273 2471 2327; x_wconf 92' lang='lat' dir='ltr'><strong>nobiscum</strong></span> <span class='ocrx_word' id='word_1_377' title='bbox 2512 2268 2848 2324; x_wconf 88' lang='lat' dir='ltr'><strong>dilectionem</strong></span> <span class='ocrx_word' id='word_1_378' title='bbox 2887 2277 3028 2320; x_wconf 87' lang='lat' dir='ltr'><strong>tuam</strong></span> <span class='ocrx_word' id='word_1_379' title='bbox 3060 2261 3385 2320; x_wconf 61' lang='lat' dir='ltr'><strong>orthodoxae</strong></span> <span class='ocrx_word' id='word_1_380' title='bbox 3426 2260 3551 2315; x_wconf 76' lang='lat' dir='ltr'><strong>ﬁdei</strong></span> <span class='ocrx_word' id='word_1_381' title='bbox 3575 2259 3780 2315; x_wconf 84' lang='lat' dir='ltr'><strong>habere</strong></span> 
     </span>
    </p>
   </div>
   <div class='ocr_carea' id='block_1_54' title="bbox 2196 2352 3777 2422">
    <p class='ocr_par' dir='ltr' id='par_1_54' title="bbox 2196 2352 3777 2422">
     <span class='ocr_line' id='line_1_54' title="bbox 2196 2352 3777 2422; baseline -0.008 -3"><span class='ocrx_word' id='word_1_382' title='bbox 2196 2365 2334 2419; x_wconf 83' lang='lat' dir='ltr'><strong>velle</strong></span> <span class='ocrx_word' id='word_1_383' title='bbox 2358 2372 2619 2418; x_wconf 86' lang='lat' dir='ltr'><strong>testantur</strong></span> <span class='ocrx_word' id='word_1_384' title='bbox 2671 2372 2969 2414; x_wconf 87' lang='lat' dir='ltr'><strong>assensum.</strong></span> <span class='ocrx_word' id='word_1_385' title='bbox 3016 2356 3147 2422; x_wconf 74' lang='lat' dir='ltr'><strong>Qua:</strong></span> <span class='ocrx_word' id='word_1_386' title='bbox 3180 2370 3302 2409; x_wconf 91' lang='lat' dir='ltr'><strong>cum</strong></span> <span class='ocrx_word' id='word_1_387' title='bbox 3345 2367 3450 2408; x_wconf 90' lang='lat' dir='ltr'><strong>non</strong></span> <span class='ocrx_word' id='word_1_388' title='bbox 3480 2352 3777 2409; x_wconf 84' lang='lat' dir='ltr'><strong>mediocria</strong></span> 
     </span>
    </p>
   </div>
   <div class='ocr_carea' id='block_1_55' title="bbox 2196 2444 3777 2519">
    <p class='ocr_par' dir='ltr' id='par_1_55' title="bbox 2196 2444 3777 2519">
     <span class='ocr_line' id='line_1_55' title="bbox 2196 2444 3777 2519; baseline -0.008 -10"><span class='ocrx_word' id='word_1_389' title='bbox 2196 2454 2476 2511; x_wconf 82' lang='lat' dir='ltr'><strong>videantur</strong></span> <span class='ocrx_word' id='word_1_390' title='bbox 2508 2451 2722 2513; x_wconf 84' lang='lat' dir='ltr'><strong>indicia,</strong></span> <span class='ocrx_word' id='word_1_391' title='bbox 2753 2449 2949 2519; x_wconf 89' lang='lat' dir='ltr'><strong>quibus</strong></span> <span class='ocrx_word' id='word_1_392' title='bbox 2979 2447 3046 2501; x_wconf 87' lang='lat' dir='ltr'><strong>de</strong></span> <span class='ocrx_word' id='word_1_393' title='bbox 3070 2456 3155 2500; x_wconf 88' lang='lat' dir='ltr'><strong>tua</strong></span> <span class='ocrx_word' id='word_1_394' title='bbox 3183 2452 3363 2505; x_wconf 87' lang='lat' dir='ltr'><strong>mente</strong></span> <span class='ocrx_word' id='word_1_395' title='bbox 3394 2444 3553 2498; x_wconf 86' lang='lat' dir='ltr'><strong>nobis</strong></span> <span class='ocrx_word' id='word_1_396' title='bbox 3585 2458 3777 2511; x_wconf 79' lang='lat' dir='ltr'><strong>proce-</strong></span> 
     </span>
    </p>
   </div>
   <div class='ocr_carea' id='block_1_56' title="bbox 2166 2536 3777 2606">
    <p class='ocr_par' dir='ltr' id='par_1_56' title="bbox 2166 2536 3777 2606">
     <span class='ocr_line' id='line_1_56' title="bbox 2166 2536 3777 2606; baseline -0.007 -6"><span class='ocrx_word' id='word_1_397' title='bbox 2166 2550 2171 2555; x_wconf 82' lang='grc'><strong>’</strong></span> <span class='ocrx_word' id='word_1_398' title='bbox 2196 2546 2324 2601; x_wconf 88' lang='lat' dir='ltr'><strong>dere</strong></span> <span class='ocrx_word' id='word_1_399' title='bbox 2342 2545 2521 2600; x_wconf 88' lang='lat' dir='ltr'><strong>votiva</strong></span> <span class='ocrx_word' id='word_1_400' title='bbox 2544 2539 2925 2606; x_wconf 83' lang='lat' dir='ltr'><strong>crcdauttts,ad</strong></span> <span class='ocrx_word' id='word_1_401' title='bbox 2946 2538 3309 2594; x_wconf 86' lang='lat' dir='ltr'><strong>testimonium</strong></span> <span class='ocrx_word' id='word_1_402' title='bbox 3333 2536 3506 2603; x_wconf 83' lang='lat' dir='ltr'><strong>majus</strong></span> <span class='ocrx_word' id='word_1_403' title='bbox 3523 2538 3777 2599; x_wconf 84' lang='lat' dir='ltr'><strong>accessit,</strong></span> 
     </span>
    </p>
   </div>
   <div class='ocr_carea' id='block_1_57' title="bbox 2197 2626 3778 2703">
    <p class='ocr_par' dir='ltr' id='par_1_57' title="bbox 2197 2626 3778 2703">
     <span class='ocr_line' id='line_1_57' title="bbox 2197 2626 3778 2703; baseline -0.008 -10"><span class='ocrx_word' id='word_1_404' title='bbox 2197 2649 2253 2693; x_wconf 91' lang='lat' dir='ltr'><strong>ut</strong></span> <span class='ocrx_word' id='word_1_405' title='bbox 2279 2637 2372 2691; x_wconf 85' lang='lat' dir='ltr'><strong>ﬁlii</strong></span> <span class='ocrx_word' id='word_1_406' title='bbox 2401 2637 2565 2690; x_wconf 90' lang='lat' dir='ltr'><strong>nostri</strong></span> <span class='ocrx_word' id='word_1_407' title='bbox 2608 2633 2841 2703; x_wconf 85' lang='lat' dir='ltr'><strong>religiosi</strong></span> <span class='ocrx_word' id='word_1_408' title='bbox 2888 2629 3168 2696; x_wconf 80' lang='lat' dir='ltr'><strong>monachi,</strong></span> <span class='ocrx_word' id='word_1_409' title='bbox 3215 2636 3376 2685; x_wconf 72' lang='lat' dir='ltr'><strong>recta:</strong></span> <span class='ocrx_word' id='word_1_410' title='bbox 3406 2627 3530 2681; x_wconf 88' lang='lat' dir='ltr'><strong>ﬁdei</strong></span> <span class='ocrx_word' id='word_1_411' title='bbox 3560 2626 3778 2681; x_wconf 87' lang='lat' dir='ltr'><strong>confes-</strong></span> 
     </span>
    </p>
   </div>
   <div class='ocr_carea' id='block_1_58' title="bbox 2195 2715 3777 2797">
    <p class='ocr_par' dir='ltr' id='par_1_58' title="bbox 2195 2715 3777 2797">
     <span class='ocr_line' id='line_1_58' title="bbox 2195 2715 3777 2797; baseline -0.008 -14"><span class='ocrx_word' id='word_1_412' title='bbox 2195 2728 2346 2785; x_wconf 88' lang='lat' dir='ltr'><strong>sione</strong></span> <span class='ocrx_word' id='word_1_413' title='bbox 2368 2726 2646 2797; x_wconf 83' lang='lat' dir='ltr'><strong>pollentes,</strong></span> <span class='ocrx_word' id='word_1_414' title='bbox 2672 2723 2870 2792; x_wconf 90' lang='lat' dir='ltr'><strong>pariter</strong></span> <span class='ocrx_word' id='word_1_415' title='bbox 2896 2722 2998 2775; x_wconf 93' lang='lat' dir='ltr'><strong>huc</strong></span> <span class='ocrx_word' id='word_1_416' title='bbox 3039 2720 3299 2775; x_wconf 88' lang='lat' dir='ltr'><strong>venirent.</strong></span> <span class='ocrx_word' id='word_1_417' title='bbox 3342 2715 3547 2783; x_wconf 84' lang='lat' dir='ltr'><strong>Quibus</strong></span> <span class='ocrx_word' id='word_1_418' title='bbox 3587 2716 3777 2784; x_wconf 84' lang='lat' dir='ltr'><strong>utique</strong></span> 
     </span>
    </p>
   </div>
   <div class='ocr_carea' id='block_1_59' title="bbox 2193 2810 3773 2877">
    <p class='ocr_par' dir='ltr' id='par_1_59' title="bbox 2193 2810 3773 2877">
     <span class='ocr_line' id='line_1_59' title="bbox 2193 2810 3773 2877; baseline -0.006 -4"><span class='ocrx_word' id='word_1_419' title='bbox 2193 2821 2321 2875; x_wconf 87' lang='lat' dir='ltr'><strong>visis</strong></span> <span class='ocrx_word' id='word_1_420' title='bbox 2344 2820 2671 2875; x_wconf 64' lang='lat' dir='ltr'><strong>aestimamus</strong></span> <span class='ocrx_word' id='word_1_421' title='bbox 2715 2830 2820 2869; x_wconf 90' lang='lat' dir='ltr'><strong>non</strong></span> <span class='ocrx_word' id='word_1_422' title='bbox 2859 2814 3015 2868; x_wconf 89' lang='lat' dir='ltr'><strong>aliter</strong></span> <span class='ocrx_word' id='word_1_423' title='bbox 3053 2812 3368 2877; x_wconf 86' lang='lat' dir='ltr'><strong>destinatos,</strong></span> <span class='ocrx_word' id='word_1_424' title='bbox 3403 2810 3503 2864; x_wconf 90' lang='lat' dir='ltr'><strong>nisi</strong></span> <span class='ocrx_word' id='word_1_425' title='bbox 3536 2811 3773 2867; x_wconf 75' lang='lat' dir='ltr'><strong>nomini—</strong></span> 
     </span>
    </p>
   </div>
   <div class='ocr_carea' id='block_1_60' title="bbox 2196 2903 3775 2976">
    <p class='ocr_par' dir='ltr' id='par_1_60' title="bbox 2196 2903 3775 2976">
     <span class='ocr_line' id='line_1_60' title="bbox 2196 2903 3775 2976; baseline -0.008 -7"><span class='ocrx_word' id='word_1_426' title='bbox 2196 2916 2293 2969; x_wconf 89' lang='lat' dir='ltr'><strong>hus</strong></span> <span class='ocrx_word' id='word_1_427' title='bbox 2322 2912 2717 2973; x_wconf 90' lang='lat' dir='ltr'><strong>damnatorum,</strong></span> <span class='ocrx_word' id='word_1_428' title='bbox 2747 2923 2777 2963; x_wconf 91' lang='lat' dir='ltr'><strong>a</strong></span> <span class='ocrx_word' id='word_1_429' title='bbox 2807 2921 3034 2976; x_wconf 88' lang='lat' dir='ltr'><strong>quorum</strong></span> <span class='ocrx_word' id='word_1_430' title='bbox 3068 2905 3154 2961; x_wconf 91' lang='lat' dir='ltr'><strong>isti</strong></span> <span class='ocrx_word' id='word_1_431' title='bbox 3182 2903 3561 2959; x_wconf 80' lang='lat' dir='ltr'><strong>communione</strong></span> <span class='ocrx_word' id='word_1_432' title='bbox 3605 2903 3775 2957; x_wconf 82' lang='lat' dir='ltr'><strong>dista-</strong></span> 
     </span>
    </p>
   </div>
   <div class='ocr_carea' id='block_1_61' title="bbox 2196 2998 3769 3072">
    <p class='ocr_par' dir='ltr' id='par_1_61' title="bbox 2196 2998 3769 3072">
     <span class='ocr_line' id='line_1_61' title="bbox 2196 2998 3769 3072; baseline -0.007 -11"><span class='ocrx_word' id='word_1_433' title='bbox 2196 3008 2344 3072; x_wconf 88' lang='lat' dir='ltr'><strong>bant,</strong></span> <span class='ocrx_word' id='word_1_434' title='bbox 2369 3006 2435 3061; x_wconf 86' lang='lat' dir='ltr'><strong>de</strong></span> <span class='ocrx_word' id='word_1_435' title='bbox 2480 3001 3069 3070; x_wconf 81' lang='lat' dir='ltr'><strong>Constantinopolitana</strong></span> <span class='ocrx_word' id='word_1_436' title='bbox 3102 2998 3339 3059; x_wconf 86' lang='lat' dir='ltr'><strong>Ecclesia</strong></span> <span class='ocrx_word' id='word_1_437' title='bbox 3374 2998 3483 3067; x_wconf 84' lang='lat' dir='ltr'><strong>jam</strong></span> <span class='ocrx_word' id='word_1_438' title='bbox 3517 2998 3769 3066; x_wconf 86' lang='lat' dir='ltr'><strong>repulsis.</strong></span> 
     </span>
    </p>
   </div>
   <div class='ocr_carea' id='block_1_62' title="bbox 2193 3088 3773 3168">
    <p class='ocr_par' dir='ltr' id='par_1_62' title="bbox 2193 3088 3773 3168">
     <span class='ocr_line' id='line_1_62' title="bbox 2193 3088 3773 3168; baseline -0.006 -18"><span class='ocrx_word' id='word_1_439' title='bbox 2193 3099 2372 3168; x_wconf 88' lang='lat' dir='ltr'><strong>Itaque</strong></span> <span class='ocrx_word' id='word_1_440' title='bbox 2398 3096 2527 3151; x_wconf 91' lang='lat' dir='ltr'><strong>nihil</strong></span> <span class='ocrx_word' id='word_1_441' title='bbox 2549 3108 2837 3163; x_wconf 89' lang='lat' dir='ltr'><strong>superesse</strong></span> <span class='ocrx_word' id='word_1_442' title='bbox 2860 3092 3233 3163; x_wconf 82' lang='lat' dir='ltr'><strong>perspeximus</strong></span> <span class='ocrx_word' id='word_1_443' title='bbox 3270 3088 3370 3149; x_wconf 79' lang='lat' dir='ltr'><strong>nisi</strong></span> <span class='ocrx_word' id='word_1_444' title='bbox 3398 3097 3453 3143; x_wconf 92' lang='lat' dir='ltr'><strong>ut</strong></span> <span class='ocrx_word' id='word_1_445' title='bbox 3482 3088 3533 3142; x_wconf 87' lang='lat' dir='ltr'><strong>hi</strong></span> <span class='ocrx_word' id='word_1_446' title='bbox 3562 3091 3649 3156; x_wconf 85' lang='lat' dir='ltr'><strong>qui</strong></span> <span class='ocrx_word' id='word_1_447' title='bbox 3686 3088 3773 3142; x_wconf 78' lang='lat' dir='ltr'><strong>di—</strong></span> 
     </span>
    </p>
   </div>
   <div class='ocr_carea' id='block_1_63' title="bbox 516 3183 3769 3273">
    <p class='ocr_par' dir='ltr' id='par_1_63' title="bbox 516 3183 3769 3273">
     <span class='ocr_line' id='line_1_63' title="bbox 516 3183 3769 3273; baseline -0.009 -8"><span class='ocrx_word' id='word_1_448' title='bbox 516 3183 834 3265; x_wconf 80' lang='lat' dir='ltr'><strong>Necessitati</strong></span> <span class='ocrx_word' id='word_1_449' title='bbox 853 3202 1031 3273; x_wconf 90' lang='lat' dir='ltr'><strong>populi</strong></span> <span class='ocrx_word' id='word_1_450' title='bbox 1061 3198 1439 3255; x_wconf 65' lang='lat' dir='ltr'><strong>Alexandrinae.</strong></span> <span class='ocrx_word' id='word_1_451' title='bbox 1476 3184 1705 3250; x_wconf 83' lang='lat' dir='ltr'><strong>civitatis</strong></span> <span class='ocrx_word' id='word_1_452' title='bbox 1735 3193 1903 3262; x_wconf 84' lang='lat' dir='ltr'><strong>magis</strong></span> <span class='ocrx_word' id='word_1_453' title='bbox 1934 3194 1985 3245; x_wconf 94' lang='lat' dir='ltr'><strong>in</strong></span> <span class='ocrx_word' id='word_1_454' title='bbox 2024 3208 2086 3248; x_wconf 90' lang='lat' dir='ltr'><strong>ea</strong></span> <span class='ocrx_word' id='word_1_455' title='bbox 2112 3190 2163 3255; x_wconf 74' lang='grc' dir='ltr'>ο</span> <span class='ocrx_word' id='word_1_456' title='bbox 2193 3189 2433 3244; x_wconf 91' lang='lat' dir='ltr'><strong>lectionis</strong></span> <span class='ocrx_word' id='word_1_457' title='bbox 2504 3197 2605 3241; x_wconf 68' lang='lat' dir='ltr'><strong>toto</strong></span> <span class='ocrx_word' id='word_1_458' title='bbox 2658 3186 2908 3257; x_wconf 72' lang='lat' dir='ltr'><strong>synodica</strong></span> <span class='ocrx_word' id='word_1_459' title='bbox 2964 3183 3311 3252; x_wconf 85' lang='lat' dir='ltr'><strong>bajulabant,</strong></span> <span class='ocrx_word' id='word_1_460' title='bbox 3369 3183 3769 3239; x_wconf 85' lang='lat' dir='ltr'><strong>communionis</strong></span> 
     </span>
    </p>
   </div>
   <div class='ocr_carea' id='block_1_64' title="bbox 478 3285 2089 3367">
    <p class='ocr_par' dir='ltr' id='par_1_64' title="bbox 478 3285 2089 3367">
     <span class='ocr_line' id='line_1_64' title="bbox 478 3285 2089 3367; baseline -0.011 -14"><span class='ocrx_word' id='word_1_461' title='bbox 478 3316 481 3317; x_wconf 44' lang='grc' dir='ltr'><em>ν</em></span> <span class='ocrx_word' id='word_1_462' title='bbox 519 3308 665 3367; x_wconf 87' lang='lat' dir='ltr'><strong>parte</strong></span> <span class='ocrx_word' id='word_1_463' title='bbox 691 3292 1117 3366; x_wconf 78' lang='lat' dir='ltr'><strong>prospiciendum</strong></span> <span class='ocrx_word' id='word_1_464' title='bbox 1145 3299 1246 3352; x_wconf 81' lang='lat' dir='ltr'><strong>est,</strong></span> <span class='ocrx_word' id='word_1_465' title='bbox 1273 3298 1378 3342; x_wconf 90' lang='lat' dir='ltr'><strong>uta</strong></span> <span class='ocrx_word' id='word_1_466' title='bbox 1410 3285 1646 3355; x_wconf 76' lang='lat' dir='ltr'><strong>pestiferi</strong></span> <span class='ocrx_word' id='word_1_467' title='bbox 1675 3289 1897 3339; x_wconf 85' lang='lat' dir='ltr'><strong>rectoris</strong></span> <span class='ocrx_word' id='word_1_468' title='bbox 1920 3293 2089 3338; x_wconf 87' lang='lat' dir='ltr'><strong>retra-</strong></span> 
     </span>
    </p>
   </div>
   <div class='ocr_carea' id='block_1_65' title="bbox 520 3379 2081 3444">
    <p class='ocr_par' dir='ltr' id='par_1_65' title="bbox 520 3379 2081 3444">
     <span class='ocr_line' id='line_1_65' title="bbox 520 3379 2081 3444; baseline -0.011 0"><span class='ocrx_word' id='word_1_469' title='bbox 520 3391 674 3444; x_wconf 89' lang='lat' dir='ltr'><strong>hatur</strong></span> <span class='ocrx_word' id='word_1_470' title='bbox 710 3385 935 3440; x_wconf 84' lang='lat' dir='ltr'><strong>insidiis.</strong></span> <span class='ocrx_word' id='word_1_471' title='bbox 978 3383 1317 3437; x_wconf 88' lang='lat' dir='ltr'><strong>Concurrant</strong></span> <span class='ocrx_word' id='word_1_472' title='bbox 1346 3379 1546 3441; x_wconf 87' lang='lat' dir='ltr'><strong>omnia,</strong></span> <span class='ocrx_word' id='word_1_473' title='bbox 1579 3391 1828 3444; x_wconf 71' lang='lat' dir='ltr'><strong>rogamus</strong></span> <span class='ocrx_word' id='word_1_474' title='bbox 1875 3390 2081 3437; x_wconf 88' lang='lat' dir='ltr'><strong>omnes,</strong></span> 
     </span>
    </p>
   </div>
   <div class='ocr_carea' id='block_1_66' title="bbox 518 3468 2091 3550">
    <p class='ocr_par' dir='ltr' id='par_1_66' title="bbox 518 3468 2091 3550">
     <span class='ocr_line' id='line_1_66' title="bbox 518 3468 2091 3550; baseline -0.01 -15"><span class='ocrx_word' id='word_1_475' title='bbox 518 3491 574 3535; x_wconf 93' lang='lat' dir='ltr'><strong>ut</strong></span> <span class='ocrx_word' id='word_1_476' title='bbox 597 3475 1042 3550; x_wconf 86' lang='lat' dir='ltr'><strong>quemadmodum</strong></span> <span class='ocrx_word' id='word_1_477' title='bbox 1066 3474 1226 3529; x_wconf 82' lang='lat' dir='ltr'><strong>docet</strong></span> <span class='ocrx_word' id='word_1_478' title='bbox 1254 3470 1539 3540; x_wconf 81' lang='lat' dir='ltr'><strong>Apostolus</strong></span> <span class='ocrx_word' id='word_1_479' title='bbox 1564 3469 1759 3539; x_wconf 81' lang='lat' dir='ltr'><strong>(Galat.</strong></span> <span class='ocrx_word' id='word_1_480' title='bbox 1793 3485 1831 3533; x_wconf 89' lang='lat' dir='ltr'><strong>t,</strong></span> <span class='ocrx_word' id='word_1_481' title='bbox 1862 3468 1969 3535; x_wconf 73' lang='lat'><strong>12),</strong></span> <span class='ocrx_word' id='word_1_482' title='bbox 1996 3483 2091 3520; x_wconf 84' lang='lat' dir='ltr'><strong>an-</strong></span> 
     </span>
    </p>
   </div>
   <div class='ocr_carea' id='block_1_67' title="bbox 518 3566 2088 3639">
    <p class='ocr_par' dir='ltr' id='par_1_67' title="bbox 518 3566 2088 3639">
     <span class='ocr_line' id='line_1_67' title="bbox 518 3566 2088 3639; baseline -0.008 -10"><span class='ocrx_word' id='word_1_483' title='bbox 518 3578 716 3631; x_wconf 85' lang='lat' dir='ltr'><strong>feratur</strong></span> <span class='ocrx_word' id='word_1_484' title='bbox 745 3572 811 3627; x_wconf 92' lang='lat' dir='ltr'><strong>de</strong></span> <span class='ocrx_word' id='word_1_485' title='bbox 842 3569 1017 3625; x_wconf 89' lang='lat' dir='ltr'><strong>medio</strong></span> <span class='ocrx_word' id='word_1_486' title='bbox 1036 3569 1127 3639; x_wconf 89' lang='lat' dir='ltr'><strong>qui</strong></span> <span class='ocrx_word' id='word_1_487' title='bbox 1165 3581 1263 3621; x_wconf 92' lang='lat' dir='ltr'><strong>nos</strong></span> <span class='ocrx_word' id='word_1_488' title='bbox 1293 3566 1607 3628; x_wconf 88' lang='lat' dir='ltr'><strong>conturbat;</strong></span> <span class='ocrx_word' id='word_1_489' title='bbox 1634 3573 1687 3618; x_wconf 92' lang='lat' dir='ltr'><strong>et</strong></span> <span class='ocrx_word' id='word_1_490' title='bbox 1713 3580 1773 3618; x_wconf 85' lang='lat' dir='ltr'><strong>ea</strong></span> <span class='ocrx_word' id='word_1_491' title='bbox 1806 3579 1960 3633; x_wconf 90' lang='lat' dir='ltr'><strong>quam</strong></span> <span class='ocrx_word' id='word_1_492' title='bbox 1991 3580 2088 3616; x_wconf 84' lang='lat' dir='ltr'><strong>au-</strong></span> 
     </span>
    </p>
   </div>
   <div class='ocr_carea' id='block_1_68' title="bbox 516 3657 2088 3739">
    <p class='ocr_par' dir='ltr' id='par_1_68' title="bbox 516 3657 2088 3739">
     <span class='ocr_line' id='line_1_68' title="bbox 516 3657 2088 3739; baseline -0.01 -16"><span class='ocrx_word' id='word_1_493' title='bbox 516 3676 685 3739; x_wconf 62' lang='lat' dir='ltr'><strong>gustas</strong></span> <span class='ocrx_word' id='word_1_494' title='bbox 710 3663 981 3720; x_wconf 63' lang='lat' dir='ltr'><strong>memorias</strong></span> <span class='ocrx_word' id='word_1_495' title='bbox 1009 3662 1142 3728; x_wconf 88' lang='lat' dir='ltr'><strong>Leo,</strong></span> <span class='ocrx_word' id='word_1_496' title='bbox 1175 3669 1323 3729; x_wconf 89' lang='lat' dir='ltr'><strong>pater</strong></span> <span class='ocrx_word' id='word_1_497' title='bbox 1349 3657 1694 3727; x_wconf 87' lang='lat' dir='ltr'><strong>eruditorqne</strong></span> <span class='ocrx_word' id='word_1_498' title='bbox 1724 3667 1920 3723; x_wconf 85' lang='lat' dir='ltr'><strong>vester,</strong></span> <span class='ocrx_word' id='word_1_499' title='bbox 1950 3657 2088 3726; x_wconf 86' lang='lat' dir='ltr'><strong>jugi-</strong></span> 
     </span>
    </p>
   </div>
   <div class='ocr_carea' id='block_1_69' title="bbox 518 3748 2089 3820">
    <p class='ocr_par' dir='ltr' id='par_1_69' title="bbox 518 3748 2089 3820">
     <span class='ocr_line' id='line_1_69' title="bbox 518 3748 2089 3820; baseline -0.01 -4"><span class='ocrx_word' id='word_1_500' title='bbox 518 3771 601 3815; x_wconf 91' lang='lat' dir='ltr'><strong>ter</strong></span> <span class='ocrx_word' id='word_1_501' title='bbox 633 3754 947 3819; x_wconf 87' lang='lat' dir='ltr'><strong>custodivit,</strong></span> <span class='ocrx_word' id='word_1_502' title='bbox 973 3754 1055 3808; x_wconf 90' lang='lat' dir='ltr'><strong>vel</strong></span> <span class='ocrx_word' id='word_1_503' title='bbox 1080 3766 1171 3805; x_wconf 89' lang='lat' dir='ltr'><strong>vos</strong></span> <span class='ocrx_word' id='word_1_504' title='bbox 1207 3749 1618 3820; x_wconf 86' lang='lat' dir='ltr'><strong>magnanimitcr</strong></span> <span class='ocrx_word' id='word_1_505' title='bbox 1662 3763 1877 3803; x_wconf 87' lang='lat' dir='ltr'><strong>servare</strong></span> <span class='ocrx_word' id='word_1_506' title='bbox 1906 3748 2089 3803; x_wconf 87' lang='lat' dir='ltr'><strong>decer-</strong></span> 
     </span>
    </p>
   </div>
   <div class='ocr_carea' id='block_1_70' title="bbox 517 3840 2088 3920">
    <p class='ocr_par' dir='ltr' id='par_1_70' title="bbox 517 3840 2088 3920">
     <span class='ocr_line' id='line_1_70' title="bbox 517 3840 2088 3920; baseline -0.011 -10"><span class='ocrx_word' id='word_1_507' title='bbox 517 3854 663 3920; x_wconf 87' lang='lat' dir='ltr'><strong>nitis,</strong></span> <span class='ocrx_word' id='word_1_508' title='bbox 689 3848 1047 3911; x_wconf 77' lang='lat' dir='ltr'><strong>Ecclesiarum</strong></span> <span class='ocrx_word' id='word_1_509' title='bbox 1080 3844 1178 3899; x_wconf 86' lang='lat' dir='ltr'><strong>lida</strong></span> <span class='ocrx_word' id='word_1_510' title='bbox 1200 3859 1322 3914; x_wconf 85' lang='lat' dir='ltr'><strong>pax,</strong></span> <span class='ocrx_word' id='word_1_511' title='bbox 1351 3857 1478 3898; x_wconf 87' lang='lat' dir='ltr'><strong>vera</strong></span> <span class='ocrx_word' id='word_1_512' title='bbox 1499 3843 1565 3895; x_wconf 91' lang='lat' dir='ltr'><strong>sit</strong></span> <span class='ocrx_word' id='word_1_513' title='bbox 1588 3843 1762 3896; x_wconf 87' lang='lat' dir='ltr'><strong>unitas</strong></span> <span class='ocrx_word' id='word_1_514' title='bbox 1793 3859 1806 3894; x_wconf 90' lang='lat'><strong>:</strong></span> <span class='ocrx_word' id='word_1_515' title='bbox 1840 3840 2088 3910; x_wconf 89' lang='lat' dir='ltr'><strong>quoniam</strong></span> 
     </span>
    </p>
   </div>
   <div class='ocr_carea' id='block_1_71' title="bbox 517 3933 2087 4011">
    <p class='ocr_par' dir='ltr' id='par_1_71' title="bbox 517 3933 2087 4011">
     <span class='ocr_line' id='line_1_71' title="bbox 517 3933 2087 4011; baseline -0.01 -12"><span class='ocrx_word' id='word_1_516' title='bbox 517 3944 817 4011; x_wconf 87' lang='lat' dir='ltr'><strong>cuicunque</strong></span> <span class='ocrx_word' id='word_1_517' title='bbox 837 3952 1081 4009; x_wconf 67' lang='lat' dir='ltr'><strong>personae</strong></span> <span class='ocrx_word' id='word_1_518' title='bbox 1109 3946 1325 4006; x_wconf 88' lang='lat' dir='ltr'><strong>paterna</strong></span> <span class='ocrx_word' id='word_1_519' title='bbox 1357 3933 1505 3997; x_wconf 90' lang='lat' dir='ltr'><strong>ﬁdes,</strong></span> <span class='ocrx_word' id='word_1_520' title='bbox 1539 3944 1592 3988; x_wconf 92' lang='lat' dir='ltr'><strong>et</strong></span> <span class='ocrx_word' id='word_1_521' title='bbox 1615 3934 1753 3987; x_wconf 82' lang='lat' dir='ltr'><strong>beati</strong></span> <span class='ocrx_word' id='word_1_522' title='bbox 1774 3933 1910 3987; x_wconf 81' lang='lat' dir='ltr'><strong>Petri</strong></span> <span class='ocrx_word' id='word_1_523' title='bbox 1938 3948 2087 3987; x_wconf 79' lang='lat' dir='ltr'><strong>com-</strong></span> 
     </span>
    </p>
   </div>
   <div class='ocr_carea' id='block_1_72' title="bbox 519 4026 2087 4100">
    <p class='ocr_par' dir='ltr' id='par_1_72' title="bbox 519 4026 2087 4100">
     <span class='ocr_line' id='line_1_72' title="bbox 519 4026 2087 4100; baseline -0.009 -8"><span class='ocrx_word' id='word_1_524' title='bbox 519 4036 702 4092; x_wconf 91' lang='lat' dir='ltr'><strong>munio</strong></span> <span class='ocrx_word' id='word_1_525' title='bbox 744 4032 902 4087; x_wconf 90' lang='lat' dir='ltr'><strong>debet</strong></span> <span class='ocrx_word' id='word_1_526' title='bbox 949 4028 1208 4100; x_wconf 65' lang='lat' dir='ltr'><strong>pratferri.</strong></span> <span class='ocrx_word' id='word_1_527' title='bbox 1257 4028 1430 4097; x_wconf 88' lang='lat' dir='ltr'><strong>Atque</strong></span> <span class='ocrx_word' id='word_1_528' title='bbox 1452 4027 1515 4079; x_wconf 88' lang='lat' dir='ltr'><strong>ad</strong></span> <span class='ocrx_word' id='word_1_529' title='bbox 1566 4035 1796 4081; x_wconf 87' lang='lat' dir='ltr'><strong>vestram</strong></span> <span class='ocrx_word' id='word_1_530' title='bbox 1842 4026 2087 4095; x_wconf 82' lang='lat' dir='ltr'><strong>gloriam,</strong></span> 
     </span>
    </p>
   </div>
   <div class='ocr_carea' id='block_1_73' title="bbox 522 4118 2089 4192">
    <p class='ocr_par' dir='ltr' id='par_1_73' title="bbox 522 4118 2089 4192">
     <span class='ocr_line' id='line_1_73' title="bbox 522 4118 2089 4192; baseline -0.006 -10"><span class='ocrx_word' id='word_1_531' title='bbox 522 4127 657 4182; x_wconf 91' lang='lat' dir='ltr'><strong>sicut</strong></span> <span class='ocrx_word' id='word_1_532' title='bbox 681 4122 893 4192; x_wconf 89' lang='lat' dir='ltr'><strong>imperii</strong></span> <span class='ocrx_word' id='word_1_533' title='bbox 917 4120 1077 4176; x_wconf 88' lang='lat' dir='ltr'><strong>vestri</strong></span> <span class='ocrx_word' id='word_1_534' title='bbox 1108 4118 1351 4183; x_wconf 83' lang='lat' dir='ltr'><strong>felicitas,</strong></span> <span class='ocrx_word' id='word_1_535' title='bbox 1376 4119 1448 4172; x_wconf 92' lang='lat' dir='ltr'><strong>ita</strong></span> <span class='ocrx_word' id='word_1_536' title='bbox 1472 4129 1589 4187; x_wconf 91' lang='lat' dir='ltr'><strong>post</strong></span> <span class='ocrx_word' id='word_1_537' title='bbox 1623 4118 1786 4171; x_wconf 86' lang='lat' dir='ltr'><strong>Deum</strong></span> <span class='ocrx_word' id='word_1_538' title='bbox 1822 4119 2089 4186; x_wconf 88' lang='lat' dir='ltr'><strong>pertinere</strong></span> 
     </span>
    </p>
   </div>
   <div class='ocr_carea' id='block_1_74' title="bbox 516 4209 2088 4280">
    <p class='ocr_par' dir='ltr' id='par_1_74' title="bbox 516 4209 2088 4280">
     <span class='ocr_line' id='line_1_74' title="bbox 516 4209 2088 4280; baseline -0.006 -8"><span class='ocrx_word' id='word_1_539' title='bbox 516 4218 778 4272; x_wconf 88' lang='lat' dir='ltr'><strong>doceatur</strong></span> <span class='ocrx_word' id='word_1_540' title='bbox 805 4212 954 4280; x_wconf 83' lang='lat' dir='ltr'><strong>regni</strong></span> <span class='ocrx_word' id='word_1_541' title='bbox 986 4209 1219 4265; x_wconf 75' lang='lat' dir='ltr'><strong>cmlestis</strong></span> <span class='ocrx_word' id='word_1_542' title='bbox 1250 4210 1557 4277; x_wconf 80' lang='lat' dir='ltr'><strong>integritas;</strong></span> <span class='ocrx_word' id='word_1_543' title='bbox 1588 4218 1647 4261; x_wconf 88' lang='lat' dir='ltr'><strong>ut</strong></span> <span class='ocrx_word' id='word_1_544' title='bbox 1675 4210 1741 4262; x_wconf 91' lang='lat' dir='ltr'><strong>dc</strong></span> <span class='ocrx_word' id='word_1_545' title='bbox 1759 4210 2088 4264; x_wconf 88' lang='lat' dir='ltr'><strong>conservatis</strong></span> 
     </span>
    </p>
   </div>
   <div class='ocr_carea' id='block_1_75' title="bbox 515 4299 2085 4368">
    <p class='ocr_par' dir='ltr' id='par_1_75' title="bbox 515 4299 2085 4368">
     <span class='ocr_line' id='line_1_75' title="bbox 515 4299 2085 4368; baseline -0.005 -7"><span class='ocrx_word' id='word_1_546' title='bbox 515 4304 772 4361; x_wconf 77' lang='lat' dir='ltr'><strong>Ecclesia:</strong></span> <span class='ocrx_word' id='word_1_547' title='bbox 801 4316 912 4355; x_wconf 65' lang='lat' dir='ltr'><strong>suae</strong></span> <span class='ocrx_word' id='word_1_548' title='bbox 944 4299 1146 4366; x_wconf 79' lang='lat' dir='ltr'><strong>legibus</strong></span> <span class='ocrx_word' id='word_1_549' title='bbox 1178 4299 1577 4368; x_wconf 89' lang='lat' dir='ltr'><strong>tranquillitatis</strong></span> <span class='ocrx_word' id='word_1_550' title='bbox 1608 4308 1711 4353; x_wconf 74' lang='lat' dir='ltr'><strong>tum</strong></span> <span class='ocrx_word' id='word_1_551' title='bbox 1758 4300 2085 4355; x_wconf 90' lang='lat' dir='ltr'><strong>benevolen-</strong></span> 
     </span>
    </p>
   </div>
   <div class='ocr_carea' id='block_1_76' title="bbox 516 4390 2087 4456">
    <p class='ocr_par' dir='ltr' id='par_1_76' title="bbox 516 4390 2087 4456">
     <span class='ocr_line' id='line_1_76' title="bbox 516 4390 2087 4456; baseline -0.001 -9"><span class='ocrx_word' id='word_1_552' title='bbox 516 4396 644 4447; x_wconf 85' lang='lat' dir='ltr'><strong>tiam</strong></span> <span class='ocrx_word' id='word_1_553' title='bbox 665 4392 905 4447; x_wconf 87' lang='lat' dir='ltr'><strong>Christus</strong></span> <span class='ocrx_word' id='word_1_554' title='bbox 926 4402 1227 4451; x_wconf 87' lang='lat' dir='ltr'><strong>assumens,</strong></span> <span class='ocrx_word' id='word_1_555' title='bbox 1252 4398 1308 4441; x_wconf 86' lang='lat' dir='ltr'><strong>et</strong></span> <span class='ocrx_word' id='word_1_556' title='bbox 1328 4390 1638 4456; x_wconf 86' lang='lat' dir='ltr'><strong>temporalia</strong></span> <span class='ocrx_word' id='word_1_557' title='bbox 1667 4390 1758 4444; x_wconf 91' lang='lat' dir='ltr'><strong>tibi</strong></span> <span class='ocrx_word' id='word_1_558' title='bbox 1781 4390 1918 4445; x_wconf 89' lang='lat' dir='ltr'><strong>dona</strong></span> <span class='ocrx_word' id='word_1_559' title='bbox 1950 4392 2087 4445; x_wconf 89' lang='lat' dir='ltr'><strong>mul-</strong></span> 
     </span>
    </p>
   </div>
   <div class='ocr_carea' id='block_1_77' title="bbox 516 4482 1299 4549">
    <p class='ocr_par' dir='ltr' id='par_1_77' title="bbox 516 4482 1299 4549">
     <span class='ocr_line' id='line_1_77' title="bbox 516 4482 1299 4549; baseline -0.008 -14"><span class='ocrx_word' id='word_1_560' title='bbox 516 4482 715 4549; x_wconf 87' lang='lat' dir='ltr'><strong>tiplicet</strong></span> <span class='ocrx_word' id='word_1_561' title='bbox 731 4520 746 4545; x_wconf 93' lang='lat'><strong>,</strong></span> <span class='ocrx_word' id='word_1_562' title='bbox 771 4488 824 4533; x_wconf 89' lang='lat' dir='ltr'><strong>et</strong></span> <span class='ocrx_word' id='word_1_563' title='bbox 851 4485 1062 4547; x_wconf 82' lang='lat' dir='ltr'><strong>praestet</strong></span> <span class='ocrx_word' id='word_1_564' title='bbox 1081 4484 1299 4530; x_wconf 60' lang='lat' dir='ltr'><strong>aeterna.</strong></span> 
     </span>
    </p>
   </div>
   <div class='ocr_carea' id='block_1_78' title="bbox 1066 4567 1573 4664">
    <p class='ocr_par' dir='ltr' id='par_1_78' title="bbox 1066 4567 1573 4664">
     <span class='ocr_line' id='line_1_78' title="bbox 1066 4567 1573 4664; baseline -0.004 0"><span class='ocrx_word' id='word_1_565' title='bbox 1066 4608 1397 4664; x_wconf 78' lang='lat' dir='ltr'><strong>EPISTOLA</strong></span> <span class='ocrx_word' id='word_1_566' title='bbox 1436 4567 1573 4664; x_wconf 87' lang='lat' dir='ltr'><strong>xttt.</strong></span> 
     </span>
    </p>
   </div>
   <div class='ocr_carea' id='block_1_79' title="bbox 692 4717 1906 4763">
    <p class='ocr_par' dir='ltr' id='par_1_79' title="bbox 692 4717 1906 4763">
     <span class='ocr_line' id='line_1_79' title="bbox 692 4717 1906 4763; baseline -0.002 -3"><span class='ocrx_word' id='word_1_567' title='bbox 692 4720 891 4761; x_wconf 67' lang='lat' dir='ltr'><strong>FELICIS</strong></span> <span class='ocrx_word' id='word_1_568' title='bbox 936 4722 1079 4759; x_wconf 68' lang='grc' dir='ltr'><strong>ΡΑΡᾸί</strong></span> <span class='ocrx_word' id='word_1_569' title='bbox 1128 4719 1184 4758; x_wconf 84' lang='lat' dir='ltr'><strong>Ill</strong></span> <span class='ocrx_word' id='word_1_570' title='bbox 1215 4720 1281 4758; x_wconf 79' lang='lat' dir='ltr'><strong>AD</strong></span> <span class='ocrx_word' id='word_1_571' title='bbox 1311 4719 1572 4763; x_wconf 65' lang='grc' dir='ltr'><strong>ηλινιτΑκ</strong></span> <span class='ocrx_word' id='word_1_572' title='bbox 1622 4717 1906 4758; x_wconf 63' lang='grc' dir='ltr'><strong>εριεεορυιί</strong></span> 
     </span>
    </p>
   </div>
   <div class='ocr_carea' id='block_1_80' title="bbox 966 4790 1644 4831">
    <p class='ocr_par' dir='ltr' id='par_1_80' title="bbox 966 4790 1644 4831">
     <span class='ocr_line' id='line_1_80' title="bbox 966 4790 1644 4831; baseline -0.004 -1"><span class='ocrx_word' id='word_1_573' title='bbox 966 4790 1644 4831; x_wconf 62' lang='grc' dir='ltr'><strong>οοΝετΑκτιΝοῐιοωτΑΝωι.</strong></span> 
     </span>
    </p>
   </div>
   <div class='ocr_carea' id='block_1_81' title="bbox 518 4888 2083 4958">
    <p class='ocr_par' dir='ltr' id='par_1_81' title="bbox 518 4888 2083 4958">
     <span class='ocr_line' id='line_1_81' title="bbox 518 4888 2083 4958; baseline 0.001 -16"><span class='ocrx_word' id='word_1_574' title='bbox 518 4888 666 4955; x_wconf 83' lang='lat' dir='ltr'><strong>Quod</strong></span> <span class='ocrx_word' id='word_1_575' title='bbox 697 4889 885 4958; x_wconf 81' lang='lat' dir='ltr'><strong>legatos</strong></span> <span class='ocrx_word' id='word_1_576' title='bbox 899 4889 1005 4956; x_wconf 84' lang='lat' dir='ltr'><strong>ejus</strong></span> <span class='ocrx_word' id='word_1_577' title='bbox 1021 4904 1056 4958; x_wconf 59' lang='grc' dir='ltr'><strong>ει</strong></span> <span class='ocrx_word' id='word_1_578' title='bbox 1082 4889 1429 4941; x_wconf 82' lang='lat' dir='ltr'><strong>communione</strong></span> <span class='ocrx_word' id='word_1_579' title='bbox 1457 4898 1720 4956; x_wconf 80' lang='lat' dir='ltr'><strong>prapterea</strong></span> <span class='ocrx_word' id='word_1_580' title='bbox 1747 4890 2083 4958; x_wconf 76' lang='lat' dir='ltr'><strong>suspenderit,</strong></span> 
     </span>
    </p>
   </div>
   <div class='ocr_carea' id='block_1_82' title="bbox 584 4955 2083 5077">
    <p class='ocr_par' dir='ltr' id='par_1_82' title="bbox 584 4955 2083 5077">
     <span class='ocr_line' id='line_1_82' title="bbox 584 4955 2083 5077; baseline 0.001 -64"><span class='ocrx_word' id='word_1_581' title='bbox 584 4959 702 5028; x_wconf 88' lang='lat' dir='ltr'><strong>quia</strong></span> <span class='ocrx_word' id='word_1_582' title='bbox 727 4955 791 5012; x_wconf 79' lang='lat' dir='ltr'><strong>de</strong></span> <span class='ocrx_word' id='word_1_583' title='bbox 815 4957 988 5011; x_wconf 82' lang='lat' dir='ltr'><strong>Acacii</strong></span> <span class='ocrx_word' id='word_1_584' title='bbox 1012 4955 1247 5077; x_wconf 50' lang='lat' dir='ltr'><strong>Petrﬁtte</strong></span> <span class='ocrx_word' id='word_1_585' title='bbox 1280 4955 1561 5011; x_wconf 79' lang='lat' dir='ltr'><strong>nominibus</strong></span> <span class='ocrx_word' id='word_1_586' title='bbox 1581 4958 1709 5012; x_wconf 83' lang='lat' dir='ltr'><strong>nihil</strong></span> <span class='ocrx_word' id='word_1_587' title='bbox 1740 4955 1842 5012; x_wconf 74' lang='lat' dir='ltr'><strong>sibi</strong></span> <span class='ocrx_word' id='word_1_588' title='bbox 1869 4955 2083 5015; x_wconf 52' lang='lat' dir='ltr'><strong>manda;</strong></span> 
     </span>
     <span class='ocr_line' id='line_1_83' title="bbox 587 5027 2083 5077; baseline 0 0"><span class='ocrx_word' id='word_1_589' title='bbox 587 5043 692 5077; x_wconf 83' lang='lat' dir='ltr'><strong>tum</strong></span> <span class='ocrx_word' id='word_1_590' title='bbox 721 5027 1095 5077; x_wconf 73' lang='lat' dir='ltr'><strong>rexnonderint.</strong></span> <span class='ocrx_word' id='word_1_591' title='bbox 1184 5036 1381 5077; x_wconf 73' lang='lat' dir='ltr'><strong>oriatur</strong></span> <span class='ocrx_word' id='word_1_592' title='bbox 1402 5037 1451 5077; x_wconf 85' lang='lat' dir='ltr'><strong>ut</strong></span> <span class='ocrx_word' id='word_1_593' title='bbox 1479 5039 1525 5077; x_wconf 87' lang='lat' dir='ltr'><strong>et</strong></span> <span class='ocrx_word' id='word_1_594' title='bbox 1550 5029 1655 5077; x_wconf 76' lang='lat' dir='ltr'><strong>inse</strong></span> <span class='ocrx_word' id='word_1_595' title='bbox 1681 5029 1742 5077; x_wconf 85' lang='lat' dir='ltr'><strong>ab</strong></span> <span class='ocrx_word' id='word_1_596' title='bbox 1768 5031 1843 5077; x_wconf 64' lang='lat' dir='ltr'><strong>his</strong></span> <span class='ocrx_word' id='word_1_597' title='bbox 1869 5037 2083 5077; x_wconf 52' lang='lat' dir='ltr'><strong>renuant</strong></span> 
     </span>
    </p>
   </div>
   <div class='ocr_carea' id='block_1_83' title="bbox 587 5027 2087 5099">
    <p class='ocr_par' dir='ltr' id='par_1_83' title="bbox 587 5027 2087 5099">
     <span class='ocr_line' id='line_1_84' title="bbox 587 5027 2087 5099; baseline -0.003 -17"><span class='ocrx_word' id='word_1_598' title='bbox 587 5043 692 5084; x_wconf 90' lang='lat' dir='ltr'><strong>tum</strong></span> <span class='ocrx_word' id='word_1_599' title='bbox 721 5027 1095 5099; x_wconf 49' lang='lat' dir='ltr'><strong>responderint.</strong></span> <span class='ocrx_word' id='word_1_600' title='bbox 1131 5027 1381 5099; x_wconf 81' lang='lat' dir='ltr'><strong>Hortatur</strong></span> <span class='ocrx_word' id='word_1_601' title='bbox 1402 5037 1451 5081; x_wconf 85' lang='lat' dir='ltr'><strong>ut</strong></span> <span class='ocrx_word' id='word_1_602' title='bbox 1479 5039 1525 5080; x_wconf 88' lang='lat' dir='ltr'><strong>et</strong></span> <span class='ocrx_word' id='word_1_603' title='bbox 1550 5029 1655 5099; x_wconf 78' lang='lat' dir='ltr'><strong>ipse</strong></span> <span class='ocrx_word' id='word_1_604' title='bbox 1681 5029 1742 5083; x_wconf 89' lang='lat' dir='ltr'><strong>ab</strong></span> <span class='ocrx_word' id='word_1_605' title='bbox 1768 5031 1843 5084; x_wconf 82' lang='lat' dir='ltr'><strong>Itis</strong></span> <span class='ocrx_word' id='word_1_606' title='bbox 1869 5037 2087 5093; x_wconf 68' lang='lat' dir='ltr'><strong>rectum.</strong></span> 
     </span>
    </p>
   </div>
   <div class='ocr_carea' id='block_1_84' title="bbox 583 5094 1867 5167">
    <p class='ocr_par' dir='ltr' id='par_1_84' title="bbox 583 5094 1867 5167">
     <span class='ocr_line' id='line_1_85' title="bbox 583 5094 1867 5167; baseline 0.001 -14"><span class='ocrx_word' id='word_1_607' title='bbox 583 5102 661 5156; x_wconf 77' lang='lat' dir='ltr'><strong>dis</strong></span> <span class='ocrx_word' id='word_1_608' title='bbox 683 5094 947 5163; x_wconf 75' lang='lat' dir='ltr'><strong>abstineat,</strong></span> <span class='ocrx_word' id='word_1_609' title='bbox 976 5108 1021 5149; x_wconf 87' lang='lat' dir='ltr'><strong>et</strong></span> <span class='ocrx_word' id='word_1_610' title='bbox 1048 5094 1241 5150; x_wconf 84' lang='lat' dir='ltr'><strong>Zenoni</strong></span> <span class='ocrx_word' id='word_1_611' title='bbox 1264 5097 1317 5148; x_wconf 87' lang='lat' dir='ltr'><strong>id</strong></span> <span class='ocrx_word' id='word_1_612' title='bbox 1338 5098 1505 5167; x_wconf 84' lang='lat' dir='ltr'><strong>ipsum</strong></span> <span class='ocrx_word' id='word_1_613' title='bbox 1543 5094 1867 5166; x_wconf 71' lang='lat' dir='ltr'><strong>persuadeat.</strong></span> 
     </span>
    </p>
   </div>
   <div class='ocr_carea' id='block_1_85' title="bbox 588 5208 2010 5281">
    <p class='ocr_par' dir='ltr' id='par_1_85' title="bbox 588 5208 2010 5281">
     <span class='ocr_line' id='line_1_86' title="bbox 588 5208 2010 5281; baseline -0.001 -13"><span class='ocrx_word' id='word_1_614' title='bbox 588 5213 735 5269; x_wconf 88' lang='lat' dir='ltr'><strong>Felix</strong></span> <span class='ocrx_word' id='word_1_615' title='bbox 767 5211 985 5267; x_wconf 77' lang='lat' dir='ltr'><strong>Flavita:</strong></span> <span class='ocrx_word' id='word_1_616' title='bbox 1011 5208 1264 5279; x_wconf 89' lang='lat' dir='ltr'><strong>episcopo</strong></span> <span class='ocrx_word' id='word_1_617' title='bbox 1290 5210 1909 5280; x_wconf 86' lang='lat' dir='ltr'><strong>Constantinopolitano.</strong></span> <span class='ocrx_word' id='word_1_618' title='bbox 2006 5276 2010 5281; x_wconf 42' lang='grc'>,</span> 
     </span>
    </p>
   </div>
   <div class='ocr_carea' id='block_1_86' title="bbox 585 5300 2084 5372">
    <p class='ocr_par' dir='ltr' id='par_1_86' title="bbox 585 5300 2084 5372">
     <span class='ocr_line' id='line_1_87' title="bbox 585 5300 2084 5372; baseline 0.003 -13"><span class='ocrx_word' id='word_1_619' title='bbox 585 5306 742 5359; x_wconf 84' lang='lat' dir='ltr'><strong>&quot;ulta</strong></span> <span class='ocrx_word' id='word_1_620' title='bbox 763 5313 889 5359; x_wconf 90' lang='lat' dir='ltr'><strong>sunt</strong></span> <span class='ocrx_word' id='word_1_621' title='bbox 917 5317 1034 5372; x_wconf 75' lang='lat' dir='ltr'><strong>qua:</strong></span> <span class='ocrx_word' id='word_1_622' title='bbox 1062 5300 1217 5355; x_wconf 88' lang='lat' dir='ltr'><strong>nobis</strong></span> <span class='ocrx_word' id='word_1_623' title='bbox 1246 5301 1519 5369; x_wconf 66' lang='lat' dir='ltr'><strong>przcbeint</strong></span> <span class='ocrx_word' id='word_1_624' title='bbox 1540 5302 1607 5356; x_wconf 92' lang='lat' dir='ltr'><strong>de</strong></span> <span class='ocrx_word' id='word_1_625' title='bbox 1639 5312 1742 5358; x_wconf 78' lang='lat' dir='ltr'><strong>tuae</strong></span> <span class='ocrx_word' id='word_1_626' title='bbox 1784 5304 2084 5363; x_wconf 88' lang='lat' dir='ltr'><strong>dilectionis</strong></span> 
     </span>
    </p>
   </div>
   <div class='ocr_carea' id='block_1_87' title="bbox 585 5478 2085 5543">
    <p class='ocr_par' dir='ltr' id='par_1_87' title="bbox 585 5478 2085 5543">
     <span class='ocr_line' id='line_1_88' title="bbox 585 5478 2085 5543; baseline -0.002 0"><span class='ocrx_word' id='word_1_627' title='bbox 585 5498 611 5526; x_wconf 78' lang='grc' dir='ltr'>ι</span> <span class='ocrx_word' id='word_1_628' title='bbox 639 5485 822 5543; x_wconf 80' lang='lat' dir='ltr'><strong>Codex</strong></span> <span class='ocrx_word' id='word_1_629' title='bbox 851 5482 1201 5538; x_wconf 75' lang='lat' dir='ltr'><strong>Virdunensis</strong></span> <span class='ocrx_word' id='word_1_630' title='bbox 1228 5481 1364 5539; x_wconf 86' lang='lat' dir='ltr'><strong>hanc</strong></span> <span class='ocrx_word' id='word_1_631' title='bbox 1391 5478 1575 5535; x_wconf 86' lang='lat' dir='ltr'><strong>tribuit</strong></span> <span class='ocrx_word' id='word_1_632' title='bbox 1603 5482 1814 5540; x_wconf 89' lang='lat' dir='ltr'><strong>Gelasio</strong></span> <span class='ocrx_word' id='word_1_633' title='bbox 1847 5504 1860 5538; x_wconf 88' lang='lat'><strong>:</strong></span> <span class='ocrx_word' id='word_1_634' title='bbox 1902 5496 1955 5540; x_wconf 89' lang='lat' dir='ltr'><strong>at</strong></span> <span class='ocrx_word' id='word_1_635' title='bbox 1985 5485 2085 5541; x_wconf 86' lang='lat' dir='ltr'><strong>Ge-</strong></span> 
     </span>
    </p>
   </div>
   <div class='ocr_carea' id='block_1_88' title="bbox 516 5551 2081 5621">
    <p class='ocr_par' dir='ltr' id='par_1_88' title="bbox 516 5551 2081 5621">
     <span class='ocr_line' id='line_1_89' title="bbox 516 5551 2081 5621; baseline -0.003 -7"><span class='ocrx_word' id='word_1_636' title='bbox 516 5560 675 5614; x_wconf 90' lang='lat' dir='ltr'><strong>lasius</strong></span> <span class='ocrx_word' id='word_1_637' title='bbox 706 5556 805 5610; x_wconf 90' lang='lat' dir='ltr'><strong>hoc</strong></span> <span class='ocrx_word' id='word_1_638' title='bbox 846 5564 1083 5621; x_wconf 89' lang='lat' dir='ltr'><strong>tempore</strong></span> <span class='ocrx_word' id='word_1_639' title='bbox 1130 5551 1521 5621; x_wconf 18' lang='lat' dir='ltr'><strong>pontifexﬂnou</strong></span> <span class='ocrx_word' id='word_1_640' title='bbox 1571 5563 1723 5616; x_wconf 83' lang='lat' dir='ltr'><strong>erat,</strong></span> <span class='ocrx_word' id='word_1_641' title='bbox 1770 5557 1862 5610; x_wconf 87' lang='lat' dir='ltr'><strong>sed</strong></span> <span class='ocrx_word' id='word_1_642' title='bbox 1917 5556 2081 5610; x_wconf 81' lang='lat' dir='ltr'><strong>Felix.</strong></span> 
     </span>
    </p>
   </div>
   <div class='ocr_carea' id='block_1_89' title="bbox 514 5620 2081 5693">
    <p class='ocr_par' dir='ltr' id='par_1_89' title="bbox 514 5620 2081 5693">
     <span class='ocr_line' id='line_1_90' title="bbox 514 5620 2081 5693; baseline -0.003 -9"><span class='ocrx_word' id='word_1_643' title='bbox 514 5630 793 5684; x_wconf 86' lang='lat' dir='ltr'><strong>Liberatus</strong></span> <span class='ocrx_word' id='word_1_644' title='bbox 815 5620 1068 5679; x_wconf 83' lang='lat' dir='ltr'><strong>Breviarii</strong></span> <span class='ocrx_word' id='word_1_645' title='bbox 1091 5620 1208 5690; x_wconf 79' lang='lat' dir='ltr'><strong>cap.</strong></span> <span class='ocrx_word' id='word_1_646' title='bbox 1229 5624 1301 5693; x_wconf 56' lang='lat'><strong>18</strong></span> <span class='ocrx_word' id='word_1_647' title='bbox 1329 5640 1341 5672; x_wconf 90' lang='lat'><strong>:</strong></span> <span class='ocrx_word' id='word_1_648' title='bbox 1370 5620 1607 5687; x_wconf 78' lang='lat' dir='ltr'><strong>Moritur,</strong></span> <span class='ocrx_word' id='word_1_649' title='bbox 1634 5624 1819 5689; x_wconf 84' lang='lat' dir='ltr'><strong>inquit,</strong></span> <span class='ocrx_word' id='word_1_650' title='bbox 1848 5628 2081 5693; x_wconf 64' lang='lat' dir='ltr'><strong>Aeacius,</strong></span> 
     </span>
    </p>
   </div>
   <div class='ocr_carea' id='block_1_90' title="bbox 513 5691 2081 5763">
    <p class='ocr_par' dir='ltr' id='par_1_90' title="bbox 513 5691 2081 5763">
     <span class='ocr_line' id='line_1_91' title="bbox 513 5691 2081 5763; baseline -0.001 -11"><span class='ocrx_word' id='word_1_651' title='bbox 513 5709 559 5752; x_wconf 84' lang='lat' dir='ltr'><strong>et</strong></span> <span class='ocrx_word' id='word_1_652' title='bbox 602 5700 865 5752; x_wconf 84' lang='lat' dir='ltr'><strong>ordinatur</strong></span> <span class='ocrx_word' id='word_1_653' title='bbox 904 5704 1015 5763; x_wconf 78' lang='lat' dir='ltr'><strong>post</strong></span> <span class='ocrx_word' id='word_1_654' title='bbox 1062 5709 1173 5748; x_wconf 83' lang='lat' dir='ltr'><strong>eum</strong></span> <span class='ocrx_word' id='word_1_655' title='bbox 1218 5691 1447 5763; x_wconf 75' lang='lat' dir='ltr'><strong>Flavitas</strong></span> <span class='ocrx_word' id='word_1_656' title='bbox 1488 5695 1762 5762; x_wconf 70' lang='lat' dir='ltr'><strong>presbyter,</strong></span> <span class='ocrx_word' id='word_1_657' title='bbox 1793 5699 1878 5763; x_wconf 86' lang='lat' dir='ltr'><strong>qui</strong></span> <span class='ocrx_word' id='word_1_658' title='bbox 1918 5697 2016 5763; x_wconf 73' lang='lat' dir='ltr'><strong>fuit</strong></span> <span class='ocrx_word' id='word_1_659' title='bbox 2051 5715 2081 5750; x_wconf 92' lang='lat' dir='ltr'><strong>a</strong></span> 
     </span>
    </p>
   </div>
   <div class='ocr_carea' id='block_1_91' title="bbox 514 5762 2069 5840">
    <p class='ocr_par' dir='ltr' id='par_1_91' title="bbox 514 5762 2069 5840">
     <span class='ocr_line' id='line_1_92' title="bbox 514 5762 2069 5840; baseline -0.009 -11"><span class='ocrx_word' id='word_1_660' title='bbox 514 5778 688 5835; x_wconf 61' lang='lat' dir='ltr'><strong>sancta</strong></span> <span class='ocrx_word' id='word_1_661' title='bbox 720 5767 941 5829; x_wconf 74' lang='lat' dir='ltr'><strong>Thecla;</strong></span> <span class='ocrx_word' id='word_1_662' title='bbox 980 5765 1066 5825; x_wconf 80' lang='lat' dir='ltr'><strong>aui</strong></span> <span class='ocrx_word' id='word_1_663' title='bbox 1095 5779 1195 5823; x_wconf 72' lang='lat' dir='ltr'><strong>non</strong></span> <span class='ocrx_word' id='word_1_664' title='bbox 1228 5762 1469 5827; x_wconf 73' lang='lat' dir='ltr'><strong>consensit</strong></span> <span class='ocrx_word' id='word_1_665' title='bbox 1511 5763 1616 5819; x_wconf 69' lang='lat' dir='ltr'><strong>sine</strong></span> <span class='ocrx_word' id='word_1_666' title='bbox 1650 5762 1877 5821; x_wconf 76' lang='lat' dir='ltr'><strong>Itomano</strong></span> <span class='ocrx_word' id='word_1_667' title='bbox 1905 5769 2069 5840; x_wconf 69' lang='lat' dir='ltr'><strong>ponit.</strong></span> 
     </span>
    </p>
   </div>
   <div class='ocr_carea' id='block_1_92' title="bbox 2192 3275 3768 3350">
    <p class='ocr_par' dir='ltr' id='par_1_92' title="bbox 2192 3275 3768 3350">
     <span class='ocr_line' id='line_1_93' title="bbox 2192 3275 3768 3350; baseline -0.003 -15"><span class='ocrx_word' id='word_1_668' title='bbox 2192 3282 2500 3350; x_wconf 76' lang='lat' dir='ltr'><strong>apostolica:</strong></span> <span class='ocrx_word' id='word_1_669' title='bbox 2528 3278 2928 3348; x_wconf 89' lang='lat' dir='ltr'><strong>participatione</strong></span> <span class='ocrx_word' id='word_1_670' title='bbox 2952 3276 3279 3331; x_wconf 89' lang='lat' dir='ltr'><strong>fruerentur.</strong></span> <span class='ocrx_word' id='word_1_671' title='bbox 3328 3275 3433 3333; x_wconf 85' lang='lat' dir='ltr'><strong>Sed</strong></span> <span class='ocrx_word' id='word_1_672' title='bbox 3476 3276 3604 3330; x_wconf 91' lang='lat' dir='ltr'><strong>dum</strong></span> <span class='ocrx_word' id='word_1_673' title='bbox 3646 3291 3768 3331; x_wconf 90' lang='lat' dir='ltr'><strong>cum</strong></span> 
     </span>
    </p>
   </div>
   <div class='ocr_carea' id='block_1_93' title="bbox 2193 3368 3767 3441">
    <p class='ocr_par' dir='ltr' id='par_1_93' title="bbox 2193 3368 3767 3441">
     <span class='ocr_line' id='line_1_94' title="bbox 2193 3368 3767 3441; baseline -0.003 -14"><span class='ocrx_word' id='word_1_674' title='bbox 2193 3375 2320 3441; x_wconf 90' lang='lat' dir='ltr'><strong>ipsis</strong></span> <span class='ocrx_word' id='word_1_675' title='bbox 2342 3372 2616 3428; x_wconf 86' lang='lat' dir='ltr'><strong>sollicitius</strong></span> <span class='ocrx_word' id='word_1_676' title='bbox 2646 3380 2892 3439; x_wconf 83' lang='lat' dir='ltr'><strong>ageretur</strong></span> <span class='ocrx_word' id='word_1_677' title='bbox 2916 3410 2931 3434; x_wconf 91' lang='lat'><strong>,</strong></span> <span class='ocrx_word' id='word_1_678' title='bbox 2956 3380 3013 3423; x_wconf 87' lang='lat' dir='ltr'><strong>ut</strong></span> <span class='ocrx_word' id='word_1_679' title='bbox 3040 3369 3085 3423; x_wconf 92' lang='lat' dir='ltr'><strong>si</strong></span> <span class='ocrx_word' id='word_1_680' title='bbox 3114 3368 3331 3423; x_wconf 89' lang='lat' dir='ltr'><strong>mallent</strong></span> <span class='ocrx_word' id='word_1_681' title='bbox 3362 3370 3418 3423; x_wconf 86' lang='grc' dir='ltr'><strong>Β.</strong></span> <span class='ocrx_word' id='word_1_682' title='bbox 3462 3368 3606 3424; x_wconf 88' lang='lat' dir='ltr'><strong>Petri</strong></span> <span class='ocrx_word' id='word_1_683' title='bbox 3634 3383 3767 3437; x_wconf 85' lang='lat' dir='ltr'><strong>apo-</strong></span> 
     </span>
    </p>
   </div>
   <div class='ocr_carea' id='block_1_94' title="bbox 2193 3460 3768 3529">
    <p class='ocr_par' dir='ltr' id='par_1_94' title="bbox 2193 3460 3768 3529">
     <span class='ocr_line' id='line_1_95' title="bbox 2193 3460 3768 3529; baseline -0.002 -12"><span class='ocrx_word' id='word_1_684' title='bbox 2193 3464 2315 3519; x_wconf 91' lang='lat' dir='ltr'><strong>stoli</strong></span> <span class='ocrx_word' id='word_1_685' title='bbox 2343 3463 2773 3519; x_wconf 87' lang='lat' dir='ltr'><strong>communionem</strong></span> <span class='ocrx_word' id='word_1_686' title='bbox 2804 3460 2943 3515; x_wconf 90' lang='lat' dir='ltr'><strong>ﬁdeli</strong></span> <span class='ocrx_word' id='word_1_687' title='bbox 2971 3460 3134 3517; x_wconf 85' lang='lat' dir='ltr'><strong>corde</strong></span> <span class='ocrx_word' id='word_1_688' title='bbox 3159 3461 3453 3528; x_wconf 86' lang='lat' dir='ltr'><strong>suscipere,</strong></span> <span class='ocrx_word' id='word_1_689' title='bbox 3474 3462 3768 3529; x_wconf 86' lang='lat' dir='ltr'><strong>responde-</strong></span> 
     </span>
    </p>
   </div>
   <div class='ocr_carea' id='block_1_95' title="bbox 2193 3553 3767 3619">
    <p class='ocr_par' dir='ltr' id='par_1_95' title="bbox 2193 3553 3767 3619">
     <span class='ocr_line' id='line_1_96' title="bbox 2193 3553 3767 3619; baseline -0.001 -10"><span class='ocrx_word' id='word_1_690' title='bbox 2193 3566 2311 3611; x_wconf 87' lang='lat' dir='ltr'><strong>rent</strong></span> <span class='ocrx_word' id='word_1_691' title='bbox 2341 3558 2424 3611; x_wconf 88' lang='lat' dir='ltr'><strong>vel</strong></span> <span class='ocrx_word' id='word_1_692' title='bbox 2471 3571 2551 3619; x_wconf 91' lang='lat' dir='ltr'><strong>se,</strong></span> <span class='ocrx_word' id='word_1_693' title='bbox 2608 3556 2691 3608; x_wconf 89' lang='lat' dir='ltr'><strong>vel</strong></span> <span class='ocrx_word' id='word_1_694' title='bbox 2742 3553 3081 3611; x_wconf 87' lang='lat' dir='ltr'><strong>dilectionem</strong></span> <span class='ocrx_word' id='word_1_695' title='bbox 3131 3561 3274 3608; x_wconf 86' lang='lat' dir='ltr'><strong>tuam</strong></span> <span class='ocrx_word' id='word_1_696' title='bbox 3310 3553 3377 3609; x_wconf 83' lang='lat' dir='ltr'><strong>ab</strong></span> <span class='ocrx_word' id='word_1_697' title='bbox 3420 3553 3767 3608; x_wconf 80' lang='lat' dir='ltr'><strong>Alexandrini</strong></span> 
     </span>
    </p>
   </div>
   <div class='ocr_carea' id='block_1_96' title="bbox 2192 3646 3766 3717">
    <p class='ocr_par' dir='ltr' id='par_1_96' title="bbox 2192 3646 3766 3717">
     <span class='ocr_line' id='line_1_97' title="bbox 2192 3646 3766 3717; baseline -0.003 -12"><span class='ocrx_word' id='word_1_698' title='bbox 2192 3650 2375 3713; x_wconf 89' lang='lat' dir='ltr'><strong>Petri,</strong></span> <span class='ocrx_word' id='word_1_699' title='bbox 2438 3648 2726 3717; x_wconf 84' lang='lat' dir='ltr'><strong>Acaciique</strong></span> <span class='ocrx_word' id='word_1_700' title='bbox 2792 3647 3045 3716; x_wconf 88' lang='lat' dir='ltr'><strong>deinceps</strong></span> <span class='ocrx_word' id='word_1_701' title='bbox 3133 3648 3445 3702; x_wconf 87' lang='lat' dir='ltr'><strong>recitatione</strong></span> <span class='ocrx_word' id='word_1_702' title='bbox 3532 3646 3766 3700; x_wconf 88' lang='lat' dir='ltr'><strong>futuram</strong></span> 
     </span>
    </p>
   </div>
   <div class='ocr_carea' id='block_1_97' title="bbox 2193 3737 3769 3801">
    <p class='ocr_par' dir='ltr' id='par_1_97' title="bbox 2193 3737 3769 3801">
     <span class='ocr_line' id='line_1_98' title="bbox 2193 3737 3769 3801; baseline -0.003 -6"><span class='ocrx_word' id='word_1_703' title='bbox 2193 3740 2366 3795; x_wconf 87' lang='lat' dir='ltr'><strong>modis</strong></span> <span class='ocrx_word' id='word_1_704' title='bbox 2408 3740 2652 3794; x_wconf 87' lang='lat' dir='ltr'><strong>omnibus</strong></span> <span class='ocrx_word' id='word_1_705' title='bbox 2686 3739 2967 3801; x_wconf 83' lang='lat' dir='ltr'><strong>alienam;</strong></span> <span class='ocrx_word' id='word_1_706' title='bbox 3022 3737 3097 3791; x_wconf 91' lang='lat' dir='ltr'><strong>illi</strong></span> <span class='ocrx_word' id='word_1_707' title='bbox 3153 3737 3284 3792; x_wconf 89' lang='lat' dir='ltr'><strong>nihil</strong></span> <span class='ocrx_word' id='word_1_708' title='bbox 3312 3738 3416 3792; x_wconf 84' lang='lat' dir='ltr'><strong>sibi</strong></span> <span class='ocrx_word' id='word_1_709' title='bbox 3468 3738 3572 3792; x_wconf 88' lang='lat' dir='ltr'><strong>tale</strong></span> <span class='ocrx_word' id='word_1_710' title='bbox 3621 3753 3769 3793; x_wconf 86' lang='lat' dir='ltr'><strong>man-</strong></span> 
     </span>
    </p>
   </div>
   <div class='ocr_carea' id='block_1_98' title="bbox 2192 3829 3762 3900">
    <p class='ocr_par' dir='ltr' id='par_1_98' title="bbox 2192 3829 3762 3900">
     <span class='ocr_line' id='line_1_99' title="bbox 2192 3829 3762 3900; baseline -0.001 -14"><span class='ocrx_word' id='word_1_711' title='bbox 2192 3834 2370 3886; x_wconf 85' lang='lat' dir='ltr'><strong>datum</strong></span> <span class='ocrx_word' id='word_1_712' title='bbox 2411 3832 2574 3885; x_wconf 88' lang='lat' dir='ltr'><strong>fuisse</strong></span> <span class='ocrx_word' id='word_1_713' title='bbox 2621 3829 2994 3898; x_wconf 84' lang='lat' dir='ltr'><strong>perbibentes,</strong></span> <span class='ocrx_word' id='word_1_714' title='bbox 3038 3829 3230 3883; x_wconf 76' lang='lat' dir='ltr'><strong>oblata:</strong></span> <span class='ocrx_word' id='word_1_715' title='bbox 3258 3829 3547 3885; x_wconf 85' lang='lat' dir='ltr'><strong>salubriter</strong></span> <span class='ocrx_word' id='word_1_716' title='bbox 3574 3832 3762 3900; x_wconf 66' lang='lat' dir='ltr'><strong>gratiae</strong></span> 
     </span>
    </p>
   </div>
   <div class='ocr_carea' id='block_1_99' title="bbox 2193 3920 3765 3988">
    <p class='ocr_par' dir='ltr' id='par_1_99' title="bbox 2193 3920 3765 3988">
     <span class='ocr_line' id='line_1_100' title="bbox 2193 3920 3765 3988; baseline 0.001 -11"><span class='ocrx_word' id='word_1_717' title='bbox 2193 3936 2386 3978; x_wconf 72' lang='lat' dir='ltr'><strong>nosna:</strong></span> <span class='ocrx_word' id='word_1_718' title='bbox 2408 3922 2712 3978; x_wconf 89' lang='lat' dir='ltr'><strong>consentire</strong></span> <span class='ocrx_word' id='word_1_719' title='bbox 2738 3923 3040 3976; x_wconf 88' lang='lat' dir='ltr'><strong>noluerunt.</strong></span> <span class='ocrx_word' id='word_1_720' title='bbox 3067 3920 3178 3988; x_wconf 84' lang='lat' dir='ltr'><strong>Qua</strong></span> <span class='ocrx_word' id='word_1_721' title='bbox 3207 3937 3391 3976; x_wconf 90' lang='lat' dir='ltr'><strong>eorum</strong></span> <span class='ocrx_word' id='word_1_722' title='bbox 3426 3924 3765 3978; x_wconf 85' lang='lat' dir='ltr'><strong>cunctatione</strong></span> 
     </span>
    </p>
   </div>
   <div class='ocr_carea' id='block_1_100' title="bbox 2192 4015 3766 4086">
    <p class='ocr_par' dir='ltr' id='par_1_100' title="bbox 2192 4015 3766 4086">
     <span class='ocr_line' id='line_1_101' title="bbox 2192 4015 3766 4086; baseline -0.001 -15"><span class='ocrx_word' id='word_1_723' title='bbox 2192 4018 2441 4086; x_wconf 86' lang='lat' dir='ltr'><strong>permoti,</strong></span> <span class='ocrx_word' id='word_1_724' title='bbox 2471 4031 2592 4072; x_wconf 90' lang='lat' dir='ltr'><strong>cum</strong></span> <span class='ocrx_word' id='word_1_725' title='bbox 2621 4016 2810 4070; x_wconf 70' lang='lat' dir='ltr'><strong>litterae</strong></span> <span class='ocrx_word' id='word_1_726' title='bbox 2851 4015 3130 4071; x_wconf 87' lang='lat' dir='ltr'><strong>venientes</strong></span> <span class='ocrx_word' id='word_1_727' title='bbox 3150 4054 3166 4078; x_wconf 95' lang='lat'><strong>,</strong></span> <span class='ocrx_word' id='word_1_728' title='bbox 3201 4015 3283 4069; x_wconf 90' lang='lat' dir='ltr'><strong>vel</strong></span> <span class='ocrx_word' id='word_1_729' title='bbox 3313 4015 3425 4083; x_wconf 91' lang='lat' dir='ltr'><strong>ipsa</strong></span> <span class='ocrx_word' id='word_1_730' title='bbox 3468 4031 3648 4070; x_wconf 89' lang='lat' dir='ltr'><strong>rerum</strong></span> <span class='ocrx_word' id='word_1_731' title='bbox 3689 4016 3766 4070; x_wconf 84' lang='lat' dir='ltr'><strong>di-</strong></span> 
     </span>
    </p>
   </div>
   <div class='ocr_carea' id='block_1_101' title="bbox 2190 4106 3766 4178">
    <p class='ocr_par' dir='ltr' id='par_1_101' title="bbox 2190 4106 3766 4178">
     <span class='ocr_line' id='line_1_102' title="bbox 2190 4106 3766 4178; baseline 0 -16"><span class='ocrx_word' id='word_1_732' title='bbox 2190 4109 2410 4178; x_wconf 87' lang='lat' dir='ltr'><strong>spositio</strong></span> <span class='ocrx_word' id='word_1_733' title='bbox 2439 4108 2580 4161; x_wconf 91' lang='lat' dir='ltr'><strong>aliud</strong></span> <span class='ocrx_word' id='word_1_734' title='bbox 2611 4109 2919 4176; x_wconf 90' lang='lat' dir='ltr'><strong>promittere</strong></span> <span class='ocrx_word' id='word_1_735' title='bbox 2958 4108 3249 4172; x_wconf 87' lang='lat' dir='ltr'><strong>videretur,</strong></span> <span class='ocrx_word' id='word_1_736' title='bbox 3281 4117 3334 4161; x_wconf 92' lang='lat' dir='ltr'><strong>et</strong></span> <span class='ocrx_word' id='word_1_737' title='bbox 3360 4106 3549 4162; x_wconf 84' lang='lat' dir='ltr'><strong>relatio</strong></span> <span class='ocrx_word' id='word_1_738' title='bbox 3573 4109 3766 4177; x_wconf 58' lang='lat' dir='ltr'><strong>praedi-</strong></span> 
     </span>
    </p>
   </div>
   <div class='ocr_carea' id='block_1_102' title="bbox 2190 4198 3765 4269">
    <p class='ocr_par' dir='ltr' id='par_1_102' title="bbox 2190 4198 3765 4269">
     <span class='ocr_line' id='line_1_103' title="bbox 2190 4198 3765 4269; baseline 0 -14"><span class='ocrx_word' id='word_1_739' title='bbox 2190 4210 2393 4256; x_wconf 87' lang='lat' dir='ltr'><strong>ctorum</strong></span> <span class='ocrx_word' id='word_1_740' title='bbox 2424 4200 2580 4269; x_wconf 88' lang='lat' dir='ltr'><strong>longe</strong></span> <span class='ocrx_word' id='word_1_741' title='bbox 2622 4201 2775 4254; x_wconf 85' lang='lat' dir='ltr'><strong>aliter</strong></span> <span class='ocrx_word' id='word_1_742' title='bbox 2804 4213 2962 4269; x_wconf 87' lang='lat' dir='ltr'><strong>quam</strong></span> <span class='ocrx_word' id='word_1_743' title='bbox 3003 4199 3315 4268; x_wconf 86' lang='lat' dir='ltr'><strong>sperabatur</strong></span> <span class='ocrx_word' id='word_1_744' title='bbox 3341 4198 3555 4254; x_wconf 84' lang='lat' dir='ltr'><strong>eﬁ&#39;erret</strong></span> <span class='ocrx_word' id='word_1_745' title='bbox 3576 4242 3593 4266; x_wconf 89' lang='lat'><strong>,</strong></span> <span class='ocrx_word' id='word_1_746' title='bbox 3622 4215 3765 4255; x_wconf 74' lang='lat' dir='ltr'><strong>com-</strong></span> 
     </span>
    </p>
   </div>
   <div class='ocr_carea' id='block_1_103' title="bbox 2192 4283 3762 4362">
    <p class='ocr_par' dir='ltr' id='par_1_103' title="bbox 2192 4283 3762 4362">
     <span class='ocr_line' id='line_1_104' title="bbox 2192 4283 3762 4362; baseline 0.001 -14"><span class='ocrx_word' id='word_1_747' title='bbox 2192 4294 2496 4349; x_wconf 89' lang='lat' dir='ltr'><strong>munionem</strong></span> <span class='ocrx_word' id='word_1_748' title='bbox 2547 4283 2760 4361; x_wconf 90' lang='lat' dir='ltr'><strong>quidem</strong></span> <span class='ocrx_word' id='word_1_749' title='bbox 2817 4303 3049 4350; x_wconf 89' lang='lat' dir='ltr'><strong>nostram</strong></span> <span class='ocrx_word' id='word_1_750' title='bbox 3094 4292 3392 4347; x_wconf 86' lang='lat' dir='ltr'><strong>contristati</strong></span> <span class='ocrx_word' id='word_1_751' title='bbox 3437 4294 3762 4362; x_wconf 86' lang='lat' dir='ltr'><strong>distulimus,</strong></span> 
     </span>
    </p>
   </div>
   <div class='ocr_carea' id='block_1_104' title="bbox 2190 4383 3764 4454">
    <p class='ocr_par' dir='ltr' id='par_1_104' title="bbox 2190 4383 3764 4454">
     <span class='ocr_line' id='line_1_105' title="bbox 2190 4383 3764 4454; baseline 0.002 -16"><span class='ocrx_word' id='word_1_752' title='bbox 2190 4401 2344 4454; x_wconf 82' lang='lat' dir='ltr'><strong>quam</strong></span> <span class='ocrx_word' id='word_1_753' title='bbox 2369 4384 2586 4438; x_wconf 81' lang='lat' dir='ltr'><strong>remotis</strong></span> <span class='ocrx_word' id='word_1_754' title='bbox 2618 4383 2972 4439; x_wconf 87' lang='lat' dir='ltr'><strong>dubietatibus</strong></span> <span class='ocrx_word' id='word_1_755' title='bbox 3002 4385 3315 4453; x_wconf 78' lang='lat' dir='ltr'><strong>optabamus</strong></span> <span class='ocrx_word' id='word_1_756' title='bbox 3346 4385 3555 4452; x_wconf 85' lang='lat' dir='ltr'><strong>plenam</strong></span> <span class='ocrx_word' id='word_1_757' title='bbox 3582 4388 3764 4441; x_wconf 57' lang='lat' dir='ltr'><strong>catboo</strong></span> 
     </span>
    </p>
   </div>
   <div class='ocr_carea' id='block_1_105' title="bbox 2195 4477 3767 4547">
    <p class='ocr_par' dir='ltr' id='par_1_105' title="bbox 2195 4477 3767 4547">
     <span class='ocr_line' id='line_1_106' title="bbox 2195 4477 3767 4547; baseline 0.004 -18"><span class='ocrx_word' id='word_1_758' title='bbox 2195 4478 2307 4531; x_wconf 65' lang='lat' dir='ltr'><strong>lica:</strong></span> <span class='ocrx_word' id='word_1_759' title='bbox 2336 4477 2477 4541; x_wconf 90' lang='lat' dir='ltr'><strong>ﬁdei,</strong></span> <span class='ocrx_word' id='word_1_760' title='bbox 2510 4486 2565 4530; x_wconf 90' lang='lat' dir='ltr'><strong>et</strong></span> <span class='ocrx_word' id='word_1_761' title='bbox 2594 4477 2712 4537; x_wconf 83' lang='lat' dir='ltr'><strong>hoc,</strong></span> <span class='ocrx_word' id='word_1_762' title='bbox 2740 4477 2880 4543; x_wconf 89' lang='lat' dir='ltr'><strong>quod</strong></span> <span class='ocrx_word' id='word_1_763' title='bbox 2905 4478 3044 4547; x_wconf 77' lang='lat' dir='ltr'><strong>circa</strong></span> <span class='ocrx_word' id='word_1_764' title='bbox 3070 4479 3417 4533; x_wconf 88' lang='lat' dir='ltr'><strong>orthodoxam</strong></span> <span class='ocrx_word' id='word_1_765' title='bbox 3447 4478 3605 4533; x_wconf 84' lang='lat' dir='ltr'><strong>ﬁdem</strong></span> <span class='ocrx_word' id='word_1_766' title='bbox 3635 4496 3767 4535; x_wconf 86' lang='lat' dir='ltr'><strong>eon-</strong></span> 
     </span>
    </p>
   </div>
   <div class='ocr_carea' id='block_1_106' title="bbox 2116 4549 3767 4639">
    <p class='ocr_par' dir='ltr' id='par_1_106' title="bbox 2116 4549 3767 4639">
     <span class='ocr_line' id='line_1_107' title="bbox 2116 4549 3767 4639; baseline 0.002 -18"><span class='ocrx_word' id='word_1_767' title='bbox 2116 4549 2407 4622; x_wconf 77' lang='lat' dir='ltr'><strong>Dsensum</strong></span> <span class='ocrx_word' id='word_1_768' title='bbox 2454 4566 2729 4623; x_wconf 85' lang='lat' dir='ltr'><strong>nobiscum</strong></span> <span class='ocrx_word' id='word_1_769' title='bbox 2777 4584 2836 4623; x_wconf 90' lang='lat' dir='ltr'><strong>se</strong></span> <span class='ocrx_word' id='word_1_770' title='bbox 2877 4568 3071 4624; x_wconf 88' lang='lat' dir='ltr'><strong>habere</strong></span> <span class='ocrx_word' id='word_1_771' title='bbox 3117 4572 3398 4639; x_wconf 88' lang='lat' dir='ltr'><strong>promisit,</strong></span> <span class='ocrx_word' id='word_1_772' title='bbox 3444 4573 3767 4626; x_wconf 83' lang='lat' dir='ltr'><strong>arbitramur</strong></span> 
     </span>
    </p>
   </div>
   <div class='ocr_carea' id='block_1_107' title="bbox 2193 4659 3764 4731">
    <p class='ocr_par' dir='ltr' id='par_1_107' title="bbox 2193 4659 3764 4731">
     <span class='ocr_line' id='line_1_108' title="bbox 2193 4659 3764 4731; baseline 0.002 -17"><span class='ocrx_word' id='word_1_773' title='bbox 2193 4674 2315 4714; x_wconf 69' lang='lat' dir='ltr'><strong>es&#39;se</strong></span> <span class='ocrx_word' id='word_1_774' title='bbox 2341 4667 2637 4715; x_wconf 87' lang='lat' dir='ltr'><strong>venturam.</strong></span> <span class='ocrx_word' id='word_1_775' title='bbox 2687 4659 2899 4728; x_wconf 84' lang='lat' dir='ltr'><strong>Alioqui</strong></span> <span class='ocrx_word' id='word_1_776' title='bbox 2926 4660 3059 4716; x_wconf 67' lang='lat' dir='ltr'><strong>nihil</strong></span> <span class='ocrx_word' id='word_1_777' title='bbox 3092 4662 3244 4716; x_wconf 89' lang='lat' dir='ltr'><strong>nobis</strong></span> <span class='ocrx_word' id='word_1_778' title='bbox 3275 4663 3471 4731; x_wconf 89' lang='lat' dir='ltr'><strong>poterit</strong></span> <span class='ocrx_word' id='word_1_779' title='bbox 3495 4663 3764 4731; x_wconf 86' lang='lat' dir='ltr'><strong>imputari,</strong></span> 
     </span>
    </p>
   </div>
   <div class='ocr_carea' id='block_1_108' title="bbox 2192 4750 3766 4824">
    <p class='ocr_par' dir='ltr' id='par_1_108' title="bbox 2192 4750 3766 4824">
     <span class='ocr_line' id='line_1_109' title="bbox 2192 4750 3766 4824; baseline 0.003 -18"><span class='ocrx_word' id='word_1_780' title='bbox 2192 4753 2237 4807; x_wconf 82' lang='lat' dir='ltr'><strong>si</strong></span> <span class='ocrx_word' id='word_1_781' title='bbox 2285 4752 2760 4820; x_wconf 81' lang='lat' dir='ltr'><strong>complectentihus</strong></span> <span class='ocrx_word' id='word_1_782' title='bbox 2815 4752 3011 4807; x_wconf 70' lang='lat' dir='ltr'><strong>foedera</strong></span> <span class='ocrx_word' id='word_1_783' title='bbox 3070 4750 3307 4809; x_wconf 75' lang='lat' dir='ltr'><strong>raritatis</strong></span> <span class='ocrx_word' id='word_1_784' title='bbox 3358 4755 3495 4810; x_wconf 89' lang='lat' dir='ltr'><strong>beati</strong></span> <span class='ocrx_word' id='word_1_785' title='bbox 3538 4756 3766 4824; x_wconf 85' lang='lat' dir='ltr'><strong>apostoli</strong></span> 
     </span>
    </p>
   </div>
   <div class='ocr_carea' id='block_1_109' title="bbox 2192 4844 3763 4919">
    <p class='ocr_par' dir='ltr' id='par_1_109' title="bbox 2192 4844 3763 4919">
     <span class='ocr_line' id='line_1_110' title="bbox 2192 4844 3763 4919; baseline 0.001 -18"><span class='ocrx_word' id='word_1_786' title='bbox 2192 4845 2333 4901; x_wconf 84' lang='lat' dir='ltr'><strong>Petri</strong></span> <span class='ocrx_word' id='word_1_787' title='bbox 2354 4844 2624 4901; x_wconf 90' lang='lat' dir='ltr'><strong>consortio</strong></span> <span class='ocrx_word' id='word_1_788' title='bbox 2647 4845 2994 4901; x_wconf 83' lang='lat' dir='ltr'><strong>Atexandrini</strong></span> <span class='ocrx_word' id='word_1_789' title='bbox 3019 4847 3160 4902; x_wconf 84' lang='lat' dir='ltr'><strong>Petri</strong></span> <span class='ocrx_word' id='word_1_790' title='bbox 3181 4849 3411 4903; x_wconf 88' lang='lat' dir='ltr'><strong>societas</strong></span> <span class='ocrx_word' id='word_1_791' title='bbox 3428 4848 3763 4919; x_wconf 70' lang='lat' dir='ltr'><strong>praeferatur.</strong></span> 
     </span>
    </p>
   </div>
   <div class='ocr_carea' id='block_1_110' title="bbox 2192 4937 3765 5008">
    <p class='ocr_par' dir='ltr' id='par_1_110' title="bbox 2192 4937 3765 5008">
     <span class='ocr_line' id='line_1_111' title="bbox 2192 4937 3765 5008; baseline 0.004 -15"><span class='ocrx_word' id='word_1_792' title='bbox 2192 4940 2304 4993; x_wconf 84' lang='lat' dir='ltr'><strong>Erit</strong></span> <span class='ocrx_word' id='word_1_793' title='bbox 2332 4938 2472 4993; x_wconf 90' lang='lat' dir='ltr'><strong>enim</strong></span> <span class='ocrx_word' id='word_1_794' title='bbox 2503 4938 2642 5007; x_wconf 90' lang='lat' dir='ltr'><strong>apud</strong></span> <span class='ocrx_word' id='word_1_795' title='bbox 2675 4938 2840 4993; x_wconf 87' lang='lat' dir='ltr'><strong>Deum</strong></span> <span class='ocrx_word' id='word_1_796' title='bbox 2870 4937 3218 5008; x_wconf 86' lang='lat' dir='ltr'><strong>hominesque</strong></span> <span class='ocrx_word' id='word_1_797' title='bbox 3249 4939 3609 5007; x_wconf 83' lang='lat' dir='ltr'><strong>manifestum,</strong></span> <span class='ocrx_word' id='word_1_798' title='bbox 3646 4942 3765 4999; x_wconf 83' lang='lat' dir='ltr'><strong>talia</strong></span> 
     </span>
    </p>
   </div>
   <div class='ocr_carea' id='block_1_111' title="bbox 2188 5030 3767 5100">
    <p class='ocr_par' dir='ltr' id='par_1_111' title="bbox 2188 5030 3767 5100">
     <span class='ocr_line' id='line_1_112' title="bbox 2188 5030 3767 5100; baseline 0.002 -19"><span class='ocrx_word' id='word_1_799' title='bbox 2188 5039 2556 5098; x_wconf 87' lang='lat' dir='ltr'><strong>perpetrantes</strong></span> <span class='ocrx_word' id='word_1_800' title='bbox 2584 5044 2690 5085; x_wconf 88' lang='lat' dir='ltr'><strong>non</strong></span> <span class='ocrx_word' id='word_1_801' title='bbox 2720 5037 2911 5085; x_wconf 89' lang='lat' dir='ltr'><strong>nostro</strong></span> <span class='ocrx_word' id='word_1_802' title='bbox 2934 5030 3064 5083; x_wconf 93' lang='lat' dir='ltr'><strong>vitio</strong></span> <span class='ocrx_word' id='word_1_803' title='bbox 3083 5069 3097 5093; x_wconf 92' lang='lat'><strong>,</strong></span> <span class='ocrx_word' id='word_1_804' title='bbox 3128 5030 3223 5085; x_wconf 87' lang='lat' dir='ltr'><strong>sed</strong></span> <span class='ocrx_word' id='word_1_805' title='bbox 3247 5045 3344 5085; x_wconf 91' lang='lat' dir='ltr'><strong>suo</strong></span> <span class='ocrx_word' id='word_1_806' title='bbox 3385 5046 3602 5100; x_wconf 87' lang='lat' dir='ltr'><strong>prorsus</strong></span> <span class='ocrx_word' id='word_1_807' title='bbox 3626 5033 3767 5087; x_wconf 79' lang='lat' dir='ltr'><strong>arbi-</strong></span> 
     </span>
    </p>
   </div>
   <div class='ocr_carea' id='block_1_112' title="bbox 2189 5122 3768 5193">
    <p class='ocr_par' dir='ltr' id='par_1_112' title="bbox 2189 5122 3768 5193">
     <span class='ocr_line' id='line_1_113' title="bbox 2189 5122 3768 5193; baseline -0.001 -15"><span class='ocrx_word' id='word_1_808' title='bbox 2189 5123 2289 5178; x_wconf 91' lang='lat' dir='ltr'><strong>trio</strong></span> <span class='ocrx_word' id='word_1_809' title='bbox 2322 5122 2597 5192; x_wconf 84' lang='lat' dir='ltr'><strong>separari,</strong></span> <span class='ocrx_word' id='word_1_810' title='bbox 2643 5122 2890 5193; x_wconf 90' lang='lat' dir='ltr'><strong>idemque</strong></span> <span class='ocrx_word' id='word_1_811' title='bbox 2942 5131 3065 5178; x_wconf 92' lang='lat' dir='ltr'><strong>ante</strong></span> <span class='ocrx_word' id='word_1_812' title='bbox 3102 5123 3334 5177; x_wconf 85' lang='lat' dir='ltr'><strong>tribunal</strong></span> <span class='ocrx_word' id='word_1_813' title='bbox 3359 5123 3558 5180; x_wconf 83' lang='lat' dir='ltr'><strong>Christi</strong></span> <span class='ocrx_word' id='word_1_814' title='bbox 3595 5124 3768 5181; x_wconf 81' lang='lat' dir='ltr'><strong>modis</strong></span> 
     </span>
    </p>
   </div>
   <div class='ocr_carea' id='block_1_113' title="bbox 2189 5213 3768 5285">
    <p class='ocr_par' dir='ltr' id='par_1_113' title="bbox 2189 5213 3768 5285">
     <span class='ocr_line' id='line_1_114' title="bbox 2189 5213 3768 5285; baseline -0.001 -16"><span class='ocrx_word' id='word_1_815' title='bbox 2189 5214 2434 5271; x_wconf 88' lang='lat' dir='ltr'><strong>omnibus</strong></span> <span class='ocrx_word' id='word_1_816' title='bbox 2461 5213 2769 5269; x_wconf 89' lang='lat' dir='ltr'><strong>terribiliter</strong></span> <span class='ocrx_word' id='word_1_817' title='bbox 2780 5213 3147 5283; x_wconf 74' lang='lat' dir='ltr'><strong>iudicandum.</strong></span> <span class='ocrx_word' id='word_1_818' title='bbox 3176 5214 3293 5269; x_wconf 83' lang='lat' dir='ltr'><strong>Non</strong></span> <span class='ocrx_word' id='word_1_819' title='bbox 3320 5230 3503 5270; x_wconf 87' lang='lat' dir='ltr'><strong>sumus</strong></span> <span class='ocrx_word' id='word_1_820' title='bbox 3534 5220 3768 5285; x_wconf 84' lang='lat' dir='ltr'><strong>pertina-</strong></span> 
     </span>
    </p>
   </div>
   <div class='ocr_carea' id='block_1_114' title="bbox 2189 5301 3769 5372">
    <p class='ocr_par' dir='ltr' id='par_1_114' title="bbox 2189 5301 3769 5372">
     <span class='ocr_line' id='line_1_115' title="bbox 2189 5301 3769 5372; baseline 0.002 -16"><span class='ocrx_word' id='word_1_821' title='bbox 2189 5318 2308 5365; x_wconf 88' lang='lat' dir='ltr'><strong>ces,</strong></span> <span class='ocrx_word' id='word_1_822' title='bbox 2342 5302 2437 5359; x_wconf 92' lang='lat' dir='ltr'><strong>sed</strong></span> <span class='ocrx_word' id='word_1_823' title='bbox 2470 5302 2720 5367; x_wconf 80' lang='lat' dir='ltr'><strong>dogmata</strong></span> <span class='ocrx_word' id='word_1_824' title='bbox 2749 5312 2969 5367; x_wconf 86' lang='lat' dir='ltr'><strong>paterna</strong></span> <span class='ocrx_word' id='word_1_825' title='bbox 3005 5301 3343 5361; x_wconf 86' lang='lat' dir='ltr'><strong>defendimus</strong></span> <span class='ocrx_word' id='word_1_826' title='bbox 3374 5321 3388 5358; x_wconf 90' lang='lat'><strong>:</strong></span> <span class='ocrx_word' id='word_1_827' title='bbox 3422 5308 3769 5372; x_wconf 82' lang='lat' dir='ltr'><strong>quemadmo-</strong></span> 
     </span>
    </p>
   </div>
   <div class='ocr_carea' id='block_1_115' title="bbox 2195 5486 3770 5567">
    <p class='ocr_par' dir='ltr' id='par_1_115' title="bbox 2195 5486 3770 5567">
     <span class='ocr_line' id='line_1_116' title="bbox 2195 5486 3770 5567; baseline 0.001 -25"><span class='ocrx_word' id='word_1_828' title='bbox 2195 5490 2288 5555; x_wconf 82' lang='lat' dir='ltr'><strong>[ice</strong></span> <span class='ocrx_word' id='word_1_829' title='bbox 2330 5487 2662 5567; x_wconf 48' lang='lat' dir='ltr'><strong>inLhronizar‘i</strong></span> <span class='ocrx_word' id='word_1_830' title='bbox 2686 5529 2709 5567; x_wconf 34' lang='lat'><strong>,.</strong></span> <span class='ocrx_word' id='word_1_831' title='bbox 2743 5486 2833 5540; x_wconf 80' lang='lat' dir='ltr'><strong>sed</strong></span> <span class='ocrx_word' id='word_1_832' title='bbox 2844 5488 3140 5567; x_wconf 45' lang='lat' dir='ltr'><strong>transmisit</strong></span> <span class='ocrx_word' id='word_1_833' title='bbox 3170 5488 3463 5558; x_wconf 78' lang='lat' dir='ltr'><strong>synodicam</strong></span> <span class='ocrx_word' id='word_1_834' title='bbox 3487 5504 3634 5567; x_wconf 66' lang='lat' dir='ltr'><strong>papa:</strong></span> <span class='ocrx_word' id='word_1_835' title='bbox 3662 5490 3770 5543; x_wconf 69' lang='lat' dir='ltr'><strong>lio-</strong></span> 
     </span>
    </p>
   </div>
   <div class='ocr_carea' id='block_1_116' title="bbox 2192 5556 3770 5627">
    <p class='ocr_par' dir='ltr' id='par_1_116' title="bbox 2192 5556 3770 5627">
     <span class='ocr_line' id='line_1_117' title="bbox 2192 5556 3770 5627; baseline 0.004 -17"><span class='ocrx_word' id='word_1_836' title='bbox 2192 5575 2353 5610; x_wconf 70' lang='lat' dir='ltr'><strong>manu</strong></span> <span class='ocrx_word' id='word_1_837' title='bbox 2376 5556 2558 5622; x_wconf 81' lang='lat' dir='ltr'><strong>Felici.</strong></span> <span class='ocrx_word' id='word_1_838' title='bbox 2611 5557 2709 5627; x_wconf 83' lang='lat' dir='ltr'><strong>Qui</strong></span> <span class='ocrx_word' id='word_1_839' title='bbox 2738 5557 2933 5611; x_wconf 87' lang='lat' dir='ltr'><strong>modico</strong></span> <span class='ocrx_word' id='word_1_840' title='bbox 2957 5562 3121 5615; x_wconf 78' lang='lat' dir='ltr'><strong>vivens</strong></span> <span class='ocrx_word' id='word_1_841' title='bbox 3163 5556 3386 5627; x_wconf 76' lang='lat' dir='ltr'><strong>tempore</strong></span> <span class='ocrx_word' id='word_1_842' title='bbox 3428 5556 3642 5611; x_wconf 75' lang='lat' dir='ltr'><strong>moritur</strong></span> <span class='ocrx_word' id='word_1_843' title='bbox 3669 5578 3770 5616; x_wconf 87' lang='lat' dir='ltr'><strong>non</strong></span> 
     </span>
    </p>
   </div>
   <div class='ocr_carea' id='block_1_117' title="bbox 2190 5626 3771 5701">
    <p class='ocr_par' dir='ltr' id='par_1_117' title="bbox 2190 5626 3771 5701">
     <span class='ocr_line' id='line_1_118' title="bbox 2190 5626 3771 5701; baseline 0.004 -22"><span class='ocrx_word' id='word_1_844' title='bbox 2190 5629 2441 5701; x_wconf 75' lang='lat' dir='ltr'><strong>accipiens</strong></span> <span class='ocrx_word' id='word_1_845' title='bbox 2465 5626 2737 5701; x_wconf 67' lang='lat' dir='ltr'><strong>epistolam</strong></span> <span class='ocrx_word' id='word_1_846' title='bbox 2769 5629 2943 5697; x_wconf 76' lang='lat' dir='ltr'><strong>ipsius.</strong></span> <span class='ocrx_word' id='word_1_847' title='bbox 2988 5628 3119 5685; x_wconf 79' lang='lat' dir='ltr'><strong>Vide</strong></span> <span class='ocrx_word' id='word_1_848' title='bbox 3144 5628 3499 5697; x_wconf 81' lang='lat' dir='ltr'><strong>Nicephorum</strong></span> <span class='ocrx_word' id='word_1_849' title='bbox 3534 5628 3624 5684; x_wconf 89' lang='lat' dir='ltr'><strong>ltb.</strong></span> <span class='ocrx_word' id='word_1_850' title='bbox 3660 5648 3771 5701; x_wconf 59' lang='grc' dir='ltr'><strong>μοι,</strong></span> 
     </span>
    </p>
   </div>
   <div class='ocr_carea' id='block_1_118' title="bbox 2188 5696 2920 5765">
    <p class='ocr_par' dir='ltr' id='par_1_118' title="bbox 2188 5696 2920 5765">
     <span class='ocr_line' id='line_1_119' title="bbox 2188 5696 2920 5765; baseline -0.001 -14"><span class='ocrx_word' id='word_1_851' title='bbox 2188 5714 2301 5765; x_wconf 82' lang='lat' dir='ltr'><strong>cap.</strong></span> <span class='ocrx_word' id='word_1_852' title='bbox 2342 5698 2423 5749; x_wconf 70' lang='lat' dir='ltr'><strong>lt).</strong></span> <span class='ocrx_word' id='word_1_853' title='bbox 2454 5696 2568 5750; x_wconf 57' lang='lat' dir='ltr'><strong>Jac.</strong></span> <span class='ocrx_word' id='word_1_854' title='bbox 2602 5699 2920 5753; x_wconf 67' lang='lat' dir='ltr'><strong>SIRMONDUS.</strong></span> 
     </span>
    </p>
   </div>
  </div>
