4096 6342
418 292 521 349 975

1784 280 2045 337 FELICIS
2082 279 2281 337 I’AP/E
2321 282 2385 338 ιιι

3614 284 3753 346 976

419 405 632 462 dilectio
659 419 742 461 vet
766 403 1108 475 congregatio
1136 416 1294 474 quam
1333 399 1598 473 gubernas
1622 439 1636 465 ,
1687 397 1997 454 Constanti-
2029 397 2077 457 Δ
2110 398 2408 466 prohibitus
2435 408 2518 456 est
2564 401 2675 473 (an.
2706 401 2838 474 $83)
2890 404 3118 458 Aeacius
3153 423 3165 458 :
3196 413 3357 476 atque
3382 407 3453 462 ob
3483 408 3584 463 hoc
3607 450 3623 474 ,
3652 423 3749 466 ex

421 499 743 571 nopolitanae
771 497 1023 552 Ecclesiae
1050 538 1064 561 ,
1101 496 1183 551 vel
1214 495 1516 566 quicunque
1547 492 1663 562 ejus
1693 494 1901 547 futurus
1934 499 2017 546 est

423 592 657 664 pontifex
686 635 699 659 ,
746 589 1255 645 communicandum
1279 604 1400 644 esse
1427 589 1689 643 decernat
1719 629 1733 651 ,
1763 602 1920 656 quam
1954 584 2017 638 ad

425 684 665 740 notitiam
690 683 837 739 sedis
858 682 1168 753 apostolica:
1191 690 1379 736 cuncta
1404 680 1722 744 referamur,
1744 678 1827 732 vel
1852 677 2021 745 ipsius

425 776 622 831 litteris
648 775 735 845 qui
768 775 929 829 fuerit
953 784 1164 829 creatus
1193 774 1495 844 episcopus,
1525 771 1607 827 vel
1639 779 1743 824 tua:
1770 769 2037 825 dilecio-i

426 874 510 925 nis
536 867 808 938 alloquiis.
830 867 965 937 Quia
988 868 1125 921 sicut
1155 881 1251 935 per
1282 863 1672 933 professionem
1702 861 2019 917 catholicam

427 964 572 1021 sedis
610 962 920 1031 apostolicae
947 960 1172 1015 formam
1202 969 1420 1014 secutus
1456 957 1516 1012 es
1544 964 1602 1011 ut
1629 967 1682 1011 te
1713 971 1742 1009 a
1771 954 2022 1009 damnata

430 1055 809 1110 communione
840 1052 1217 1123 suspenderes,
1250 1051 1320 1105 ita
1366 1048 1513 1105 beati
1560 1047 1703 1103 Petri
1731 1044 1882 1115 sequi
1933 1044 2026 1098 de-

432 1149 569 1205 betis
597 1146 1006 1216 exemplumput
1031 1143 1245 1215 quando
1269 1143 1384 1212 ejus
1412 1140 1729 1195 auctoritate
1752 1136 1914 1192 fuerit
1936 1150 2025 1191 re—

434 1242 541 1297 lata
572 1237 900 1305 communio,
933 1213 1059 1292 lunc
1082 1237 1161 1291 eis
1190 1234 1351 1290 etiam
1376 1241 1524 1287 tuum
1552 1230 1765 1286 noveris
1796 1228 2029 1283 miscen-

438 1337 563 1390 dum
596 1348 717 1389 esse
754 1333 1105 1388 consortium.
1156 1329 1265 1385 Nec
1309 1328 1589 1398 quisquam
1620 1322 1893 1379 dilectioni
1926 1330 2029 1401 tua:

439 1430 659 1484 omnino
706 1424 1022 1494 persuadeat
1049 1424 1157 1491 jam
1189 1431 1427 1477 nostram
1454 1418 1891 1475 communionem
1922 1414 2032 1469 illis

440 1520 682 1592 partibus
715 1518 878 1573 fuisse
904 1514 1271 1582 commissam,
1295 1527 1416 1569 cum
1444 1512 1627 1568 videas
1655 1510 1830 1566 adhuc
1859 1523 1947 1564 res
1977 1508 2032 1563 in

441 1614 605 1670 dubio
642 1610 981 1677 constitutas,
1014 1618 1065 1663 et
1095 1607 1236 1677 apud
1278 1621 1373 1661 nos
1402 1606 1472 1661 de
1500 1604 1610 1659 illic
1635 1614 1817 1658 creato
1855 1599 2059 1670 ponti-.i

443 1706 543 1761 licc
572 1704 749 1760 omnia
781 1700 965 1758 haberi
996 1714 1214 1783 prorsus
1243 1700 1467 1754 incerta.
1499 1697 1682 1766 Neque
1708 1701 1890 1765 posset
1914 1697 2034 1748 eum

2126 487 2293 543 forma
2320 492 2507 561 synodi
2537 504 2865 559 memoratas,
2901 496 3130 550 similem
3160 508 3401 565 cunctos,
3433 515 3555 568 qure
3578 516 3746 571 pra:-

2127 576 2231 631 fixa
2278 578 2444 632 fueral
2498 581 2787 651 pravitati,
2820 580 3180 637 damnationis
3218 584 3472 641 incidisse
3502 598 3746 645 senten-

2127 668 2293 736 tiam,
2329 671 2481 740 cujus
2521 685 2578 725 se
2607 672 2885 743 elegerunt
2913 688 3036 729 esse
3075 687 3372 731 consortes.
3430 680 3581 735 Unde
3612 698 3749 738 me-

2126 760 2231 820 rito
2263 763 2549 831 praedictus
2594 765 2821 819 Aeacius
2871 767 3180 835 apostolica:
3218 769 3362 824 sedis
3388 812 3401 837 ,
3435 788 3556 841 qua:
3586 791 3742 831 nunc

2126 855 2430 909 exsecutrix
2479 855 2665 923 utique
2694 870 2839 926 saepe
2868 856 2993 913 dicti
3021 858 3479 918 Chalcedonensis
3509 865 3742 921 concilii

2129 964 2227 1019 pro
2277 949 2383 1004 fide
2427 950 2690 1005 catholica
2735 962 2861 1008 tunc
2892 956 3101 1023 probati
3132 970 3238 1010 non
3290 955 3501 1023 defuit,
3537 959 3735 1013 iterata

2131 1039 2239 1113 [die
2284 1042 2409 1097 Julii
2438 1042 2508 1097 28
2539 1058 2628 1097 an.
2672 1042 2801 1114 484]
2851 1049 3417 1104 excommunicatione
3470 1052 3738 1120 depulsus

2130 1140 2233 1202 est,
2268 1148 2335 1186 ne
2365 1146 2457 1200 rer
2484 1147 2608 1188 eum
2635 1173 2651 1199 ,
2682 1133 2825 1203 quod
2857 1134 3032 1199 absit,
3068 1151 3167 1192 nos
3196 1152 3411 1209 quoque
3443 1130 3736 1193 redduntur

2131 1224 2422 1295 complices
2445 1226 2792 1294 perditorum.
2825 1226 3006 1297 Neque
3034 1228 3249 1284 Petrum
3280 1233 3564 1301 quisquam
3598 1233 3737 1301 legi-

2133 1316 2265 1371 time
2293 1316 2478 1371 credat
2505 1331 2625 1373 esse
2673 1327 2953 1389 purgatum
2980 1360 2996 1386 ,
3045 1321 3133 1391 qui
3181 1337 3289 1375 non
3326 1338 3356 1377 a
3397 1323 3537 1379 beati
3586 1323 3738 1380 Petri

2133 1410 2362 1479 apostoli
2390 1411 2519 1466 sede
2551 1422 2801 1483 receptus
2830 1424 2911 1469 est
2936 1455 2951 1479 ,
2993 1429 3097 1484 qua
3136 1416 3236 1470 fuit
3266 1416 3556 1472 mandante
3586 1418 3740 1488 deje-

2135 1512 2271 1559 ctus.
2299 1504 2442 1559 Bene
2462 1505 2604 1560 enim
2632 1505 2974 1561 dilectionem
3000 1517 3142 1563 tuam
3174 1524 3332 1564 nosse
3361 1526 3465 1564 non
3490 1512 3737 1581 ambigo,

2135 1597 2277 1665 quod
2306 1611 2588 1666 personam
2623 1597 2928 1668 bujusmodi
2951 1642 2965 1665 ,
2997 1616 3118 1655 cum
3143 1600 3215 1656 ita
3246 1602 3385 1657 ratio
3412 1604 3735 1670 postularet,

2139 1706 2244 1747 non
2273 1690 2376 1745 nisi
2405 1692 2784 1747 ecclesiasticae
2813 1694 2947 1762 legis
2985 1694 3174 1749 ordine
3201 1695 3562 1765 competenti,
3596 1698 3741 1753 sicut

444 1813 512 1854 eo
536 1797 732 1853 sociari
763 1794 1091 1861 communio,
1127 1791 1277 1862 cujus
1303 1790 1479 1845 adhuc
1502 1805 1533 1843 a
1558 1789 1714 1844 nobis
1742 1801 1841 1842 nec
1867 1788 2039 1841 honor
2066 1782 2117 1844 B
2141 1783 2397 1839 divinitus
2433 1786 2782 1840 constitutum
2812 1795 2932 1852 est,
2977 1786 3061 1842 vel
3099 1787 3306 1857 possint
3330 1832 3345 1855 ,
3374 1788 3469 1843 .vel
3504 1789 3741 1845 debeant

446 1889 706 1957 probatur
747 1900 869 1941 esse
908 1896 1229 1953 susceptus,
1278 1897 1377 1937 nec
1422 1882 1558 1936 fides
1608 1889 1767 1949 atque
1814 1876 2039 1933 intentio

447 1978 815 2049 comprobata.
870 1977 1163 2047 Exspectet
1205 1989 1333 2044 ergo
1370 1973 1590 2028 dilectio
1619 1980 1705 2025 tua
1736 1970 1879 2025 sedis
1906 1984 2039 2038 apo-

449 2071 651 2126 stolicae
675 2068 994 2138 jussionem,
1025 2077 1078 2122 et
1110 2066 1188 2121 sic
1218 2064 1471 2120 Ecclesia:
1495 2061 2043 2133 ConstantinOpolita-

452 2178 540 2219 nte
566 2177 719 2217 sacra
744 2176 804 2216 se
830 2159 1209 2215 communione
1238 2157 1532 2227 conjungat
1557 2197 1571 2223 ,
1605 2158 1648 2210 si
1677 2155 1731 2210 in
1762 2154 2045 2224 participa-

449 2256 596 2311 tione
624 2253 763 2309 beati
794 2252 939 2307 Petri
970 2262 1025 2306 et
1048 2249 1327 2305 catholica:
1358 2242 1596 2304 veritatis
1622 2248 1892 2303 desidera.
1918 2261 2042 2316 per-

448 2361 690 2403 manere.
721 2345 853 2400 Data
882 2342 1132 2399 calendas
1160 2343 1347 2408 Maias,
1368 2351 1396 2379 οι
1421 2342 1597 2398 Probo
1619 2350 1673 2396 et
1700 2338 1900 2395 Fausto
1930 2338 2040 2395 νγ.

449 2439 555 2497 CC.
619 2437 911 2494 indictione
941 2452 1055 2491 xtn.

1008 2587 1335 2646 EPISTOLA
1377 2587 1494 2643 XV.

565 2742 764 2786 FELICIS
814 2744 869 2784 III
910 2744 1056 2783 ΡΔΡΑΕ
1099 2744 1165 2783 ΑΙ)
1204 2738 1577 2781 VETBANIONEI
1630 2736 1938 2778 EPISCOPUM.

458 2866 674 2921 Dissidii
702 2863 943 2920 Ecclesia:
959 2860 1543 2934 Constantiiwpofitanw
1563 2875 1751 2934 causas
1766 2874 2048 2934 exponens,

505 2940 763 2992 -Itortatur
790 2948 843 2990 ut
879 2935 1134 2990 Zenonem
1166 2936 1235 2988 ad
1272 2927 1510 2988 unionem
1551 2948 1665 2986 cum
1708 2927 1943 2984 Romana
1973 2931 2053 2984 in-

527 3010 866 3064 staurandum
898 3016 1204 3076 permoveat.

528 3144 677 3200 Felix
707 3143 1015 3199 Vetranioni
1044 3145 1319 3215 episcopo.

490 3262 495 3265 '
537 3257 692 3323 Quod
722 3256 953 3312 unitatis
973 3256 1229 3313 Ecclesia:
1268 3250 1423 3327 plena
1452 3257 1697 3327 cupimus
1724 3256 2054 3327 redintegra-

408 3400 411 3403 η
464 3350 611 3405 tione
642 3351 842 3405 firmari
870 3390 884 3414 ,
919 3351 1209 3405 multorum
1238 3350 1497 3406 relatione
1536 3351 1898 3419 comperimus
1922 3338 2055 3406 dile—

461 3445 694 3500 ctionem
726 3453 867 3497 tuam
886 3486 901 3512 ,
938 3452 994 3499 et
1035 3444 1262 3513 egregiis
1291 3444 1529 3499 moribus
1557 3444 1737 3499 divina
1766 3444 1933 3514 gratia
1960 3444 2056 3499 tri-

460 3536 660 3592 buente
709 3533 937 3604 pollere,
980 3544 1033 3587 ct
1059 3534 1263 3589 domini
1290 3535 1383 3589 filii
1423 3537 1589 3591 nostri
1616 3534 2057 3591 Cbristianissimi

464 3626 726 3699 principis
755 3626 1115 3682 familiaritate
1145 3628 1456 3694 subnixam;
1491 3640 1839 3698 paratamque
1867 3627 2057 3683 frater-

464 3724 691 3779 nitatem
732 3732 877 3775 tnam
904 3706 1186 3780 catholicae
1212 3720 1336 3775 fidei
1368 3736 1609 3787 causam,
1640 3723 1682 3777 si
1726 3722 2058 3778 manifestius

462 3816 809 3888 panderetur,
842 3816 1010 3872 libere
1039 3826 1090 3871 et
1123 3814 1414 3885 prudenter
1460 3824 1725 3871 astruere.
1758 3815 1962 3881 Quibus
1988 3814 2059 3870 de

463 3925 555 3967 tua
587 3923 768 3966 mente
799 3909 1027 3981 sumptis
1058 3908 1291 3973 indiciis,
1322 3909 1483 3965 talem
1516 3917 1568 3963 te
1598 3910 1839 3964 veritatis
1869 3918 2059 3975 aucto-

463 4020 579 4061 rem
613 4004 769 4079 [che
799 4001 1059 4073 actorem]
1087 4016 1208 4058 esse
1238 4000 1617 4071 perpendimus
1643 4045 1659 4069 ,
1709 4000 1933 4072 qualem,
1953 4001 2061 4055 illic

465 4096 888 4152 dcsideravimns
922 4094 1183 4150 invenire.
1235 4093 1521 4149 Gratantur
1568 4094 1733 4163 igitur
1779 4094 1919 4164 quod
1953 4094 2061 4165 hae-

467 4189 759 4245 reditatem
800 4203 951 4243 suam
985 4200 1090 4242 nun
1138 4202 1521 4257 usquequaque
1553 4187 1811 4243 Dominus
1838 4188 2062 4256 repulis-

468 4290 553 4337 set
578 4322 594 4349 ,
627 4280 721 4336 sed
753 4281 805 4334 iu
832 4294 1017 4335 eorum
1048 4278 1302 4333 cordibus
1342 4278 1614 4333 flammam
1662 4291 1822 4353 recta?
1853 4280 2065 4335 confes-

471 4374 639 4427 sionis
686 4382 926 4427 servaret
954 4370 1320 4424 absconditam
1344 4413 1360 4436 ,
1412 4369 1500 4439 qui
1532 4372 1647 4426 sive
1669 4388 1728 4428 se
1758 4389 1786 4427 a
1818 4389 2061 4428 commu-

470 4464 633 4517 nione
662 4466 883 4516 confusa
926 4462 1135 4531 penitus
1162 4461 1531 4530 abstinerent,
1577 4462 1693 4517 sive
1739 4465 1790 4517 in
1820 4479 1935 4518 eam
1971 4481 2064 4533 per

2076 3161 2125 3223 C

2142 1876 2528 1933 convenienter
2570 1876 2869 1933 absolvere.
2926 1878 3077 1947 Quod
3126 1895 3248 1935 cum
3281 1879 3476 1935 factum
3508 1898 3614 1936 non
3648 1882 3742 1944 sit,

2143 1970 2483 2025 manifestum
2517 1979 2600 2025 est
2628 1972 2845 2028 Petrum
2877 1972 2928 2026 in
2956 1986 3019 2026 ea
3046 1987 3150 2039 qua
3181 1972 3387 2041 pridem
3416 1973 3593 2028 fuerat
3618 1990 3745 2045 per-

2145 2064 2399 2117 versitate
2427 2078 2489 2119 ac
2516 2063 2862 2119 damnatione
2890 2063 3140 2119 detineri.
3188 2065 3287 2131 Qui
3317 2065 3527 2121 etiamsi
3561 2067 3743 2137 legiti-

2148 2170 2233 2210 me
2262 2154 2455 2225 corrigi
2484 2156 2741 2211 voluisset
2767 2196 2782 2219 ,
2824 2155 3208 2226 indulgentiam
3248 2158 3503 2229 consequi
3532 2158 3743 2222 debuit,

2148 2263 2254 2304 non
2299 2248 2716 2304 ecclesiasticam
2767 2248 3080 2319 dignitatem
3118 2265 3133 2302 :
3170 2251 3294 2319 quia
3350 2250 3417 2304 ab
3471 2250 3744 2307 haereticis

2148 2341 2521 2407 damnatisque
2571 2339 2689 2395 falsi
2738 2341 3023 2397 sacerdotii
3070 2334 3267 2398 nomen
3306 2357 3609 2410 assumens,
3647 2343 3748 2397 Ec—

2149 2433 2331 2487 clesia:
2350 2431 2632 2487 catholica:
2662 2433 2821 2488 nullis
2847 2434 3046 2503 regulis
3076 2434 3248 2503 potuit
3273 2433 3582 2503 praesidere.
3620 2435 3747 2491 Hmc

2150 2535 2328 2578 autem
2380 2540 2498 2593 qua:
2541 2524 2609 2578 de
2652 2526 2923 2594 praedictis
2968 2534 3118 2597 gesta
3163 2526 3540 2591 narravimus,
3581 2525 3747 2581 docu-

2074 2642 2075 2647 π
2153 2617 2349 2671 mentis
2380 2617 2501 2671 inde
2531 2618 2864 2673 venientibus
2892 2618 3277 2687 approbantur,
3310 2618 3450 2673 sicut
3477 2617 3746 2674 Constan-

2156 2708 2489 2776 tinopolitani
2542 2708 2721 2764 clerici
2771 2709 2859 2780 qui
2907 2710 3095 2765 directi
3149 2718 3314 2776 sunt,
3361 2714 3744 2780 agnoverunt;

2154 2804 2435 2873 palamque
2481 2812 2833 2857 monstratum
2862 2812 2945 2859 est
2970 2803 3224 2859 Acacium
3253 2818 3311 2859 se
3341 2818 3527 2859 eorum
3556 2804 3747 2859 fecisse

2156 2896 2477 2966 participem
2505 2911 2639 2965 quos
2670 2899 2781 2950 suis
2818 2897 3010 2951 litteris
3052 2895 3364 2961 hrreticos,
3396 2905 3449 2949 et
3486 2894 3747 2950 retulerat

2158 2995 2273 3062 ipse
2292 2992 2591 3047 damnatos.
2619 2990 2890 3061 Perceptis
2913 3004 3041 3060 ergo
3070 2988 3379 3044 summatim
3410 2987 3627 3042 dilectio
3659 2997 3749 3042 tua

2159 3103 2277 3157 quae
2305 3086 2552 3142 videntur
2584 3086 2942 3141 Ecclesiarum
2972 3084 3165 3139 fecisse
3192 3083 3504 3147 dissidittm,
3533 3098 3747 3151 nosque

2157 3180 2498 3251 perpendens
2521 3195 2626 3234 non
2650 3179 2916 3234 immerito
2939 3194 3033 3246 pro
3056 3176 3160 3232 fide
3182 3176 3445 3232 catholica
3472 3176 3748 3233 exstitisse

2159 3271 2461 3335 sollicitos,
2505 3286 2611 3324 non
2656 3271 2831 3325 solum
2882 3269 3139 3339 deinceps
3186 3284 3246 3323 se
3294 3283 3322 3321 a
3369 3269 3749 3324 communione

2160 3366 2530 3420 damnatorum
2576 3363 2787 3418 studeat
2831 3363 3102 3418 custodire
3131 3380 3143 3416 :
3174 3363 3269 3418 sed
3308 3360 3505 3417 Christi
3535 3378 3747 3431 gregem

2160 3473 2261 3527 qua
2286 3456 2429 3511 valet
2460 3456 3023 3511 industria'retrahere
3051 3470 3156 3511 non
3181 3455 3440 3525 quiescit,
3471 3464 3525 3507 ct
3553 3454 3748 3509 domno

2162 3549 2272 3605 filio
2303 3559 2489 3603 nostro
2517 3547 2836 3603 Christianae
2865 3546 3059 3602 tuentis
3087 3549 3329 3617 Augusto
3365 3545 3749 3601 incessabiliter

2161 3656 2451 3712 suggerere
2488 3655 2591 3695 non
2624 3640 2872 3705 omittat,
2917 3649 2975 3694 ut
3011 3639 3189 3709 operis
3225 3640 3305 3693 sui
3340 3653 3577 3704 memor,
3608 3638 3749 3707 quod

2162 3732 2267 3812 fide
2295 3731 2587 3796 catholica,
2622 3732 2914 3802 inspirante
2954 3732 3182 3787 Domino
3214 3740 3425 3798 nostro,
3459 3732 3751 3786 clementer

2163 3824 2359 3879 dicitur
2385 3832 2692 3888 exsecutus,
2724 3824 2936 3893 plenam
2970 3822 3300 3890 temporibus
3325 3825 3435 3877 suis
3463 3838 3670 3893 pacem,
3700 3832 3751 3877 ct

2164 3915 2363 3971 Christi
2393 3916 2670 3970 veritatem
2703 3915 2987 3983 sinceram,
3019 3924 3074 3969 ut
3104 3915 3405 3985 praecipuus
3433 3929 3603 3969 sacrae
3629 3915 3753 3969 reli-

2163 4010 2337 4079 gionis
2380 4007 2539 4075 filius,
2573 4019 2627 4061 ct
2659 4007 2742 4076 pia
2790 4007 3074 4063 devotione
3102 3998 3440 4078 conspicuus,
3475 4007 3753 4077 tranquilla

2164 4099 2517 4169 dispositione
2561 4107 2863 4165 restauret,
2906 4107 2960 4153 et
2997 4099 3064 4154 de
3101 4098 3337 4153 Ecclesia
3380 4097 3754 4153 Constantino-

2166 4192 2401 4260 politana
2452 4190 2593 4245 Petri
2648 4190 2991 4245 Alexandrini
3039 4190 3256 4246 nomine
3302 4190 3587 4261 Acaciique
3632 4191 3755 4245 sub-

2166 4284 2276 4339 lato
2301 4326 2316 4351 ,
2362 4297 2458 4351 pro
2501 4297 2607 4351 quo
2633 4293 2924 4353 tempestas
2969 4285 3143 4338 omnis
3173 4290 3358 4337 exorta
3398 4291 3501 4345 est,
3534 4283 3757 4337 inteme—

2167 4386 2335 4430 ratam
2366 4386 2603 4445 paterna:
2634 4375 2936 4430 traditionis
2978 4375 3098 4429 fidei
3135 4383 3254 4444 post
3286 4375 3568 4428 Dominum
3601 4374 3756 4428 beni-

2170 4482 2304 4535 gnus
2330 4466 2526 4522 efficiat
2558 4467 2834 4521 unitatem.
2879 4467 3008 4534 Quae
3055 4482 3325 4536 nunquam
3360 4466 3546 4520 fuisset
3576 4466 3759 4536 utique
3790 4524 3793 4525 ν

471 4554 827 4626 ignorantiam
859 4553 1180 4610 rccidissent
1201 4595 1216 4617 ,
1251 4554 1472 4609 mallent
1502 4565 1680 4609 tamen
1712 4563 1766 4610 et
1805 4556 2062 4612 declarari
2090 4541 2148 4604 Ῑ)
2174 4569 2451 4625 temerata,
2494 4561 2535 4613 si
2564 4561 2701 4614 hanc
2731 4560 3037 4629 imperatori
3071 4557 3531 4614 Christianissimo
3583 4558 3759 4612 ﬁdeli-

472 4666 595 4722 qum
618 4660 762 4706 recta
793 4660 959 4719 sunt,
1005 4659 1059 4705 ct
1106 4648 1399 4705 secundum
1452 4648 1793 4705 traditionem
1823 4658 2062 4706 veterum

473 4744 819 4810 comprobata
868 4742 1085 4797 sectari.
1149 4743 1323 4813 Atque
1368 4741 1488 4797 ideo
1534 4742 1733 4811 alloqui
1789 4740 2062 4797 caritatem

476 4847 621 4893 tuam
657 4846 838 4890 nostro
881 4836 1055 4891 modis
1096 4836 1346 4890 omnibus
1373 4849 1623 4891 sermone
1649 4836 1982 4899 curavimus,
2011 4846 2066 4891 et

475 4930 544 4985 de
572 4930 654 4984 bis
682 4945 802 4999 quae
832 4926 1357 4983 Ecclesiam'Christi
1386 4926 1608 4983 fecerint
1635 4928 1895 4984 dissidere
1921 4945 2069 4984 com-

476 5031 722 5093 petenter
752 5021 1042 5076 instruere.
1074 5021 1131 5074 In
1159 5020 1584 5075 Chalcedonensi
1629 5021 1807 5093 itaque
1834 5024 2061 5093 synodo,
2096 5030 2097 5033 “

476 5132 597 5185 quae
629 5115 697 5169 de
738 5114 950 5169 concilii
997 5112 1195 5168 Niczeui
1230 5122 1415 5169 tenore
1442 5114 1759 5183 procedens,
1790 5131 1886 5185 pro
1912 5116 2068 5172 Cbri-
2098 5134 2099 5137 η

478 5210 669 5264 Silanae
698 5207 1053 5264 confessionis
1100 5207 1405 5277 integritate
1437 5209 1721 5273 servanda,
1750 5218 1855 5264 tam
1885 5219 2069 5266 aucto-

480 5301 641 5356 ritate
668 5300 811 5354 sedis
838 5299 1146 5369 apostolicae
1171 5313 1328 5370 quam
1361 5300 1676 5355 universalis
1710 5300 1962 5356 Ecclesia:
1989 5311 2071 5357 est

482 5378 747 5445 celebrata
772 5404 1058 5454 consensu,
1090 5389 1383 5460 Eutycbem
1415 5400 1572 5459 atque
1600 5391 1907 5447 Dioscorum
1941 5409 2071 5449 con-

484 5492 588 5537 Slal
620 5483 785 5536 fuisse
812 5481 1112 5536 damnatos.
1163 5480 1399 5548 Quorum
1440 5480 1754 5536 Timotheus
1800 5494 1851 5537 et
1882 5484 2068 5539 Petrus

485 5573 752 5628 exstitisse
773 5573 1036 5628 docentur
1060 5572 1240 5641 procul
1258 5572 1416 5627 dubio
1441 5582 1751 5638 sectatores,
1775 5590 2067 5645 eorumque

484 5679 545 5721 se
571 5667 932 5721 communioni
959 5664 1177 5719 nefaria:
1202 5666 1500 5728 miscuisse,
1528 5666 1687 5719 etiam
1716 5681 1832 5721 cum
1864 5687 1890 5721 ει
1917 5671 2069 5725 nobis

560 5770 586 5798 ⁸
624 5761 976 5818 Scribendum
1008 5760 1236 5828 Longino
1260 5769 1303 5816 et
1336 5758 1551 5829 Fausto,
1586 5779 1671 5815 an.
1705 5761 1827 5821 490.

2175 4662 2257 4710 ter
2277 4652 2502 4709 Aeacius
2530 4654 2799 4708 insinuare
2826 4653 3102 4709 voluisset.
3127 4652 3230 4707 Sed
3256 4654 3380 4706 dum
3407 4651 3627 4705 Patrum
3656 4662 3762 4706 ter-

2174 4747 2351 4802 minos
2389 4744 2679 4801 transferre
2710 4746 2946 4810 molitur,
2992 4752 3047 4799 et
3077 4726 3454 4798 ambitionibus
3486 4742 3597 4797 suis
3628 4758 3762 4811 pri:-

2174 4838 2514 4893 varicatiouis
2558 4837 2759 4892 aditum
2801 4836 3138 4907 impudenter
3167 4834 3419 4907 exquirit,
3471 4849 3571 4888 ncc
3604 4850 3764 4887 veni--

2176 4929 2362 4985 rabilia
2414 4929 2673 4985 dubitavit
2730 4929 2943 4983 decreta
3001 4928 3244 4994 calcare,
3300 4937 3357 4982 et.
3418 4927 3560 4981 inter
3607 4942 3764 4979 curas

2175 5023 2416 5093 publicas
2453 5033 2713 5092 occupato
2771 5020 2997 5092 principi
3052 5020 3361 5076 venerando
3410 5019 3764 5075 dissimulavit

2174 5132 2292 5187 quae
2321 5126 2540 5171 noverat
2566 5132 2690 5171 vera
2733 5130 3017 5186 suggerere
3049 5134 3059 5169 ε
3096 5116 3256 5170 talem
3288 5130 3347 5170 se
3376 5114 3762 5170 conscientinn

2174 5209 2312 5263 circa
2343 5207 2567 5261 salutem
2606 5207 2808 5276 regiam
2843 5215 3271 5277 potestatemque
3297 5216 3511 5284 gestare
3539 5206 3765 5260 demon-

2175 5310 2371 5367 strans,
2406 5302 2615 5370 qualem
2648 5300 2701 5353 in
2733 5299 2945 5369 negotio
2984 5299 3152 5367 ipsius
3188 5299 3464 5370 religionis
3499 5297 3763 5353 exhibuit.

2180 5395 2348 5459 Unde,
2381 5393 2520 5463 quod
2545 5407 2649 5446 non
2681 5393 2797 5447 sine
2821 5392 2983 5446 divini
3024 5391 3214 5462 judicii
3246 5401 3451 5448 terrore
3478 5390 3766 5447 dicendum

2180 5498 2289 5553 εει,
2330 5488 2489 5540 etiam
2522 5486 2678 5539 nobis
2718 5486 2761 5540 si
2801 5486 3115 5555 requisisset
3142 5486 3482 5555 optantibus,
3540 5500 3645 5540 non
3688 5492 3769 5539 est

2181 5578 2477 5649 permissus
2521 5577 2742 5632 absolvi.
2791 5578 3071 5645 Quomodo
3114 5589 3292 5634 autem
3346 5578 3575 5651 domnus
3631 5577 3769 5631 filius

2185 5684 2364 5726 noster
2396 5670 2712 5725 venerabilis
2755 5672 3043 5740 imperator
3084 5686 3189 5727 non
3235 5670 3337 5727 hoc
3384 5671 3484 5727 sibi
3530 5670 3769 5739 judicare
