4096 6342
286 324 385 381 9Ί7

271 531 404 583 ’ρει-ε
432 531 512 586 vel
561 532 795 592 docere?
833 540 1171 615 Quapropter
1218 547 1466 618 adjuncta
1524 567 1706 607 secum
1744 568 1861 608 mea

284 634 469 689 prece,
508 622 722 683 dilectio
762 638 848 685 tua
876 647 1022 705 saepe
1051 637 1246 692 dictum
1275 638 1529 696 domnum
1567 642 1732 698 illium
1765 659 1863 699 no-

283 721 450 769 strum
477 720 864 789 supplicatione
894 743 995 796 qua
1028 740 1229 799 potest,
1261 742 1317 789 et
1350 735 1706 808 lacrymarum
1736 753 1864 807 pro-

284 805 513 862 fessione
550 809 867 881 deprecetur
917 830 975 875 ut
1025 824 1289 891 patienter
1332 805 1606 897 permittat
1661 805 1864 887 abscidi

282 900 367 966 qui
416 916 512 956 nos
540 908 905 980 conturbant,
956 929 1022 969 ne
1050 915 1105 970 in
1146 921 1546 977 successoribus
1586 924 1867 979 haeretico-

280 1004 395 1045 rum
426 1007 705 1062 reparasse
738 1000 1013 1060 videamur
1053 1009 1194 1077 quod
1236 1012 1641 1070 in.auctorihus
1675 1030 1863 1071 eorum

278 1092 480 1138 certum
507 1097 587 1140 est
618 1087 784 1147 fuisse
808 1091 1151 1165 damnatum;
1189 1102 1531 1174 priorumque
1554 1108 1865 1163 consimiles

276 1177 579 1245 opprimere
609 1197 714 1238 non
756 1186 895 1242 sinat
924 1192 1340 1250 ecclesiasticam
1366 1196 1703 1266 dignitatem,
1730 1218 1865 1268 qua-

277 1277 428 1324 tenus
458 1275 748 1342 apostolica
774 1294 907 1334 voce
936 1282 1208 1340 dicamus:
1242 1287 1304 1341 Si
1330 1305 1428 1357 qua
1451 1292 1607 1361 igitur
1636 1293 1688 1346 in
1716 1293 1867 1348 Chri-

274 1370 348 1412 sto
378 1380 508 1416 nova
547 1377 820 1437 creatura,
863 1382 1029 1428 vetera
1068 1379 1411 1447 transierunt,
1448 1398 1559 1438 ecce
1583 1386 1720 1454 facta
1748 1397 1865 1442 sunt

275 1457 439 1509 omnia
463 1474 594 1514 nova
619 1460 673 1533 (Ι
703 1462 824 1519 Cor.
852 1483 904 1534 v,
940 1468 1048 1539 Η).
1084 1469 1378 1529 Ecclesiam
1407 1475 1862 1551 Constantinopo-

270 1546 490 1605 litanam
524 1555 699 1620 nobis,
721 1558 860 1614 sicut
900 1576 1135 1633 semper,
1168 1565 1498 1623 unitam‘sua
1545 1582 1662 1640 post
1691 1546 1862 1629 Deum

271 1643 579 1712 placiditate
616 1652 893 1707 concedat.
928 1655 1191 1723 Quoniam
1219 1670 1273 1716 et
1303 1661 1405 1716 hoc
1433 1667 1711 1732 praesentis
1747 1666 1864 1723 feli-

271 1735 441 1792 citatis
463 1740 583 1809 ejus
622 1742 953 1801 incrementa
1002 1749 1333 1820 desiderant,
1375 1764 1430 1810 et
1473 1760 1863 1829 consequendte

1479 343 1829 402 Εριετοιηεε
1870 344 1956 401 ΕΤ
2000 344 2353 405 DECRETA.

286 446 465 504 posset
486 438 787 501 faciendum
808 487 823 515 ,
856 450 997 519 quod
1024 464 1270 510 cerneret
1297 459 1625 514 sacerdotem
1667 462 1751 516 vel
1788 462 1863 515 [ει-
1894 465 1942 521 Α

3453 366 3555 421 973

2598 464 2925 524 LIBELLUS

1996 570 2024 607 Δ
2065 570 2249 610 FELICE
2288 571 2417 610 ΡΛΡΑ
2463 573 2700 612 DECRETO
2740 574 2961 613 CONCILII
2994 577 3059 614 AD
3098 577 3340 619 ΖΕΝΟΝΕΗ
3379 582 3531 624 IMPE-

2461 643 2708 685 RATORI-3M
2747 645 3114 687 TBANSIIISSUS.

2037 718 2169 774 Cum
2197 720 2296 775 sibi
2322 721 2585 777 redditam
2611 738 2793 793 pacem
2810 764 2826 790 ,
2858 728 3184 797 compressis
3213 743 3309 800 per
3331 748 3424 789 vos
3441 734 3558 791 lite-

1966 810 2176 875 reticis,
2206 814 2293 882 qui
2321 814 2691 869 sentiebantur
2710 819 2916 884 attolli,
2949 820 3270 879 universalis
3302 828 3560 895 gauderet

1968 902 2237 970 Ecclesia,
2271 915 2326 960 et
2350 916 2543 963 vestrae
2572 910 2783 979 pietatis
2816 912 3100 983 imperium
3143 917 3305 973 etiam
3351 921 3418 977 de
3461 924 3564 976 iui-

1968 993 2119 1047 micis
2146 996 2257 1049 suis
2289 996 2566 1053 victoriam
2616 1013 2982 1072 reportasset,
3030 1018 3085 1062 et
3124 1011 3557 1093 per.universum

1967 1087 2151 1143 orbem
2174 1104 2271 1158 pro
2300 1091 2473 1146 salute
2503 1103 2698 1149 vestra:
2720 1098 3023 1153 serenitatis
3047 1087 3557 1161 oratio'cunctorum

1967 1190 2145 1235 oraret
2168 1182 2235 1236 ad
2267 1183 2547 1240 Dominum
2573 1189 2911 1244 sacerdotum
2931 1207 2947 1257 ;
2970 1201 3026 1247 et
3046 1202 3219 1250 vestra
3245 1196 3412 1265 pietas
3437 1199 3558 1255 ﬁdei

1967 1282 2145 1328 custos
2199 1282 2255 1329 et
2301 1275 2557 1332 defensor
2606 1280 2975 1350 orthodoxire,
3027 1286 3129 1341 sub
3161 1288 3351 1343 aeterni
3399 1289 3559 1360 Regis

1969 1366 2343 1437 propitiatione
2369 1382 2623 1441 regnaret
2655 1390 2668 1426 :
2698 1374 2916 1444 quando
2945 1380 3235 1435 venerandi
3265 1382 3444 1450 apices
3472 1400 3559 1437 ve-

1968 1458 2062 1513 s‘tri
2082 1502 2097 1527 ,
2132 1468 2185 1513 et
2240 1460 2353 1515 Deo
2395 1464 2638 1531 proxima
2669 1478 2893 1521 currens
2930 1467 2998 1523 de
3030 1483 3182 1525 sacro
3213 1483 3425 1539 pectore
3456 1472 3559 1528 fre-

1966 1560 2192 1619 quenter
2209 1555 2525 1621 auctoritas,
2555 1556 2694 1613 inter
2717 1559 2907 1628 gaudia
2939 1564 3141 1633 recepti
3177 1564 3422 1634 imperii,
3458 1566 3559 1622 Pe~

1966 1649 2108 1697 trum
2137 1655 2517 1701 conversatum
2560 1664 2682 1704 cum
2731 1650 3025 1717 hmreticis,
3063 1662 3116 1708 et
3162 1657 3438 1723 parricida:
3483 1660 3561 1718 illi

1966 1732 2247 1790 Timotheo
2276 1736 2633 1794 cohzerentem
2657 1780 2673 1807 ,
2708 1756 2738 1795 a
2766 1743 3010 1811 profanis
3029 1746 3172 1816 (quia
3204 1764 3302 1804 nec
3342 1752 3408 1804 ab
3440 1749 3560 1808 aliis

268 1829 468 1887 fructus
499 1837 815 1894 aeternitatis
862 1844 1124 1910 exposcit.
1176 1846 1527 1905 Dilectionem
1553 1822 1680 1907 vero
1713 1863 1857 1909 tuam
1890 1843 1937 1903 Β
1968 1822 2078 1879 ﬁeri
2100 1828 2334 1896 νθίθηί)
2353 1829 2733 1887 Alexandrinm
2758 1833 3014 1915 Ecclesia}
3031 1838 3363 1909 epismpum’
3390 1857 3561 1910 qua"-

268 1926 575 1991 specialiter
615 1945 932 1989 commoneo
968 1947 1127 2008 atque
1168 1951 1447 1999 contestor
1487 1947 1539 1999 in
1571 1946 1664 2000 illo
1694 1948 1862 2004 nostri

269 2015 567 2075 Salvatoris
591 2024 837 2080 examine
870 2027 1205 2086 fermidaudo
1235 2036 1494 2091 rationem
1529 2038 1656 2093 mihi
1689 2041 1862 2097 modis

267 2111 516 2167 omnibus
546 2115 892 2186 reddituram,
919 2123 962 2177 si
1014 2139 1134 2195 qua:
1182 2142 1275 2196 pro
1323 2130 1627 2200 integritate
1672 2135 1861 2189 salutis

267 2198 545 2274 humana},
576 2223 672 2277 pro
695 2211 989 2269 orthodoxa
1023 2227 1185 2287 atque
1217 2222 1449 2289 regulari
1473 2226 1861 2284 constitutione

266 2290 568 2366 majorum,
602 2311 656 2357 et
697 2307 873 2361 veraci
924 2317 1084 2378 atque
1133 2311 1343 2368 sincera
1396 2317 1555 2371 totius
1609 2319 1861 2376 Ecclesia:

267 2402 391 2458 pace
423 2399 725 2464 reparanda
764 2400 1042 2471 delegavi,
1086 2407 1227 2474 quod
1278 2407 1343 2463 de
1381 2418 1465 2463 tua
1525 2422 1702 2467 mente
1754 2430 1859 2468 non

266 2486 531 2541 credimus
569 2494 785 2562 segnius
815 2500 1152 2568 exsequeris.

689 2627 789 2700 (Ex
828 2632 1011 2687 codice
1053 2632 1428 2710 Virdunensi.)

334 2738 486 2794 Felix
528 2742 757 2797 Andreae
795 2746 1048 2817 episeopo
1080 2750 1573 2813 Thessalonicensi.
1662 2747 1665 2750 ⁴

331 2831 488 2897 Quod
515 2834 671 2902 plene
691 2838 967 2894 catholica:
994 2841 1117 2898 ﬁdei
1141 2846 1385 2915 cupimus
1407 2851 1858 2923 redintegratione

264 2921 500 2990 ﬁrmari,
525 2926 941 2987 sollicitudinem
988 2933 1293 2994 dilectionis
1325 2948 1459 3005 tum,
1488 2959 1590 3013 qua
1623 2921 1687 2999 ad
1716 2948 1859 3001 sedis

264 3018 407 3075 beati
434 3020 580 3077 Petri
612 3027 1045 3085 communionem
1074 3032 1257 3087 venire
1284 3034 1560 3091 desideras
1579 3033 1858 3101 ,‘libentcr

261 3111 678 3180 amplectimur;
734 3117 827 3172 sed
854 3133 971 3173 eam
1024 3122 1321 3191 vellemus,
1363 3126 1499 3181 sicut
1540 3129 1855 3186 orthodoxa:

260 3202 505 3257 veritatis
535 3206 738 3260 cautela
770 3207 1139 3279 deposcit,~ex
1187 3218 1330 3272 omni
1364 3218 1478 3273 ﬁeri
1528 3232 1677 3290 parte
1719 3240 1853 3282 con-
1882 3225 1928 3289 C

260 3296 515 3348 stantem.

865 3414 1039 3471 DECR
1050 3418 1134 3474 ET
1144 3420 1235 3477 ΗΜ

801 3543 996 3590 FELICIS
1039 3547 1185 3589 ΡᾹΡΕ
1229 3550 1308 3590 Ill.

683 3646 778 3696 tux
818 3639 1049 3691 Gratiano
1083 3644 1445 3712 desumptum.)

266 3753 328 3809 In
358 3758 713 3815 ecclesiasticis
756 3766 920 3818 causis
950 3769 1089 3836 regia
1131 3774 1363 3847 roluntas
1392 3779 1737 3847 sacerdotibus
1783 3796 1858 3840 est

865 3843 1234 3907 postponenda.

333 3981 555 4038 Certum
588 3994 669 4039 est
695 3985 795 4040 hoc
818 3988 977 4042 rebus
1006 3994 1199 4047 vestris
1223 4011 1341 4052 esse
1368 4000 1630 4069 salutare,
1652 4016 1708 4061 ut
1736 4024 1854 4065 cum

265 4074 331 4130 de
361 4078 539 4131 causis
565 4078 657 4133 Dei
688 4077 879 4148 agitur,
916 4084 1065 4149 juxta
1090 4086 1255 4153 ipsius
1281 4095 1738 4165 constitutionem,
1773 4118 1857 4157 re-

264 4168 403 4237 giam
437 4172 761 4225 voluntatem
803 4176 1171 4233 sacerdotibus
1202 4180 1398 4238 Christi
1444 4190 1701 4244 atutleatis
1728 4194 1857 4249 sub-

270 4260 395 4317 :lere
428 4279 530 4317 non
555 4266 841 4334 perferre;
874 4280 930 4324 et
958 4288 1298 4333 sacrosancta
1324 4297 1417 4349 per
1438 4300 1623 4341 eorum
1654 4305 1857 4356 praesu-

265 4353 343 4409 les
378 4356 557 4423 potius
588 4360 795 4415 discere
835 4380 991 4434 quam
1037 4367 1265 4437 docere;
1293 4373 1706 4436 ecclesiasticam
1743 4384 1852 4439 for-

264 4462 409 4504 mam
440 4454 619 4521 sequi,
653 4471 756 4510 non
791 4457 943 4524 huic,
988 4461 1297 4521 humanitus
1323 4471 1669 4541 obsequendo
1690 4522 1703 4544 ,
1736 4479 1851 4545 jura

261 4542 579 4610 praeﬁgere;
625 4560 794 4614 neque
825 4550 875 4601 in
907 4550 1022 4620 ejus
1049 4557 1412 4613 sanctionibus
1445 4564 1582 4619 velle
1613 4565 1854 4623 domina-

261 4630 306 4684 ri
332 4671 345 4689 .
374 4638 399 4667 ⁸
427 4633 579 4699 cujus
609 4634 905 4693 clementiae
933 4644 1067 4696 Deus
1100 4649 1263 4702 voluit
1288 4660 1389 4705 tum
1420 4655 1518 4722 pia:
1548 4657 1852 4717 devotionis

260 4724 399 4777 colla
432 4724 745 4782 submittere
772 4746 783 4783 :
813 4746 908 4799 ne,
947 4732 1071 4788 dum
1102 4731 1347 4795 mensura
1380 4746 1611 4801 cmlcsti<
1636 4752 1852 4822 dispen-

266 4817 491 4872 smionis
520 4819 817 4886 exceditur,
837 4832 991 4878 eatur
1020 4827 1071 4879 in
1104 4836 1479 4891 contumeliam
1498 4840 1847 4910 disponentis.

338 4968 361 5045 ξς
403 4959 498 5042 cui
527 4961 670 5047 Deus.
701 4962 858 5047 voluit
890 4966 1201 5047 clementiam
1242 4981 1383 5029 luant
1425 4979 1523 5047 pia:
1550 4981 1826 5041 devotionis
1857 4990 1991 5046 colla

275 5044 288 5080 ι
323 5029 576 5083 Cra-iano
604 5033 775 5089 aliove
806 5036 1137 5103 decerptum.
1175 5041 1334 5098 LABB.

1968 1924 2078 1971 tum
2122 1918 2222 1972 sibi
2290 1921 2727 1989 existimaverat,
2788 1926 3134 1995 ordinatum,
3184 1933 3561 2003 acceptissima

1966 2007 2077 2063 Deo
2102 2013 2460 2082 praeceptione
2482 2015 2793 2083 dejecerat;
2822 2029 2875 2074 et
2899 2024 3109 2093 tyranni
3153 2025 3396 2095 litteras,
3426 2044 3561 2097 quas

1966 2100 2018 2155 in
2048 2105 2385 2159 eversionem
2413 2115 2600 2162 contra
2626 2108 2704 2163 fas
2730 2116 3127 2170 etsacrosancti
3155 2116 3559 2177 Chalcedonen-

1964 2193 2041 2247 sis
2076 2195 2290 2250 concilii
2323 2196 2664 2255 dehnitioncs
2704 2217 2855 2257 mens
2896 2204 3080 2261 insana
3113 2207 3435 2278 dictaverat,
3462 2229 3560 2283 pro
3612 2254 3623 2263 ς

1965 2285 2115 2353 regni
2137 2286 2215 2339 sui
2240 2289 2738 2357 commendatione,
2767 2298 3076 2352 ‘evacuavit.
3111 2299 3182 2352 ita
3232 2300 3425 2357 deinde
3458 2306 3558 2359 illi-

1962 2373 2097 2427 citas
2125 2375 2492 2433 ordinationes
2520 2381 2663 2449 ejus,
2699 2384 2780 2437 vel
2820 2386 2979 2441 etiam
3021 2388 3316 2454 Timothei,
3349 2403 3403 2447 ut
3434 2407 3560 2463 pote

1964 2465 2362 2534 lnereticorum,
2391 2470 2568 2525 irritas
2601 2472 2754 2541 fecit;
2789 2485 2949 2546 atque
2978 2492 3092 2544 eos,
3120 2492 3374 2551 quantum
3406 2496 3557 2542 extra

1966 2555 2259 2614 Ecclesiam
2281 2560 2502 2627 fuerint,
2531 2564 2789 2634 judicavit
2820 2568 2977 2641 [Lege
3003 2570 3293 2647 indicavit].

2035 2650 2143 2705 Sed
2173 2668 2313 2708 nunc
2361 2669 2518 2720 eum,
2570 2662 2787 2714 mutatis
2815 2664 3052 2718 omnium
3092 2668 3300 2737 gaudiis
3341 2671 3392 2725 in
3424 2686 3558 2729 mm~

1963 2756 2138 2797 rorem
2154 2785 2169 2808 ,
2193 2742 2449 2800 Ecclesite
2472 2747 2861 2827 Alexandrinae
2880 2758 3225 2823 cognovimus
3245 2762 3553 2829 prmsidere.

1965 2830 2118 2897 Quod
2146 2834 2189 2887 si
2219 2849 2404 2889 verum
2432 2844 2516 2891 est
2543 2836 2625 2910 (ut
2647 2838 3108 2900 Christianissimo
3130 2849 3355 2919 principi
3374 2866 3555 2909 coram

1923 2922 2071 2978 ’Deo
2114 2925 2435 2983 ﬁducialiter
2461 2938 2545 2985 est
2590 2930 2938 3006 faciendum),
2985 2938 3169 2996 divino
3193 2942 3397 3011 judicio
3435 2963 3557 3020 sug.

1958 3017 2193 3084 gerimus
2251 3034 2355 3074 non
2408 3021 2599 3079 leviter
2658 3040 2779 3082 esse
2830 3031 3199 3101 pensandum,
3250 3039 3352 3093 nisi
3394 3043 3557 3097 certis

1960 3109 2242 3179 remediis,
2289 3113 2431 3183 quod
2461 3117 2514 3170 in
2556 3119 2934 3176 contumeliam
2965 3120 3060 3178 Dei
3098 3125 3293 3183 factum
3338 3131 3557 3200 dicitur,

1959 3198 2121 3257 fuerit
2162 3204 2456 3273 expiatum.
2494 3208 2558 3263 Et
2597 3211 2721 3279 quia
2753 3210 2914 3282 (sicut
2951 3219 3207 3287 scriptum
3257 3222 3362 3293 est)
3404 3198 3561 3280 unius

1959 3292 2168 3345 utentbri
2196 3303 2354 3349 totum
2401 3313 2583 3369 corpus
2622 3303 2819 3371 patitur
2848 3307 3107 3375 passiones
3153 3310 3238 3382 (II
3278 3313 3401 3371 Cor.
3439 3317 3559 3384 tn),

1957 3382 2009 3436 in
2032 3397 2255 3451 persona
2287 3386 2404 3456 ejus
2424 3390 2659 3447 Orientis
2683 3395 3063 3453 concutiuntur
3095 3400 3373 3459 Ecclesiae.
3401 3407 3558 3474 Quod

1960 3471 2177 3529 fratrem
2208 3484 2265 3531 et
2293 3479 2670 3553 coepiscopum
2698 3500 2875 3540 meum
2900 3489 3556 3565 ConstantinOpolitauum

1958 3570 2175 3638 respicit
2235 3575 2602 3641 sacerdotem,
2656 3579 2914 3637 adversus
2965 3600 3125 3653 quem
3186 3589 3237 3642 in
3286 3601 3553 3649 conventu

1959 3657 2087 3712 mihi
2112 3660 2179 3715 ab
2196 3676 2293 3729 eo,
2316 3664 2467 3733 cujus
2489 3666 2669 3721 sedem
2695 3669 2945 3737 prmiatus
2973 3674 3140 3729 fertur
3166 3688 3372 3744 tenere,
3405 3683 3555 3738 libel-

1964 3748 2047 3802 lus
2073 3750 2285 3805 oblatus
2315 3762 2397 3807 est
2419 3795 2433 3817 ,
2479 3771 2637 3822 quem
2667 3759 3127 3827 deplorationibus
3172 3784 3305 3823 mea:
3338 3772 3557 3828 humili-

1961 3841 2083 3894 tatis
2113 3844 2380 3909 annexui;
2416 3853 2474 3901 ut
2516 3847 2655 3902 idem
2701 3849 2865 3906 frater
2902 3864 2954 3907 et
3001 3860 3353 3930 coepiscopus
3400 3881 3555 3920 meus

1960 3934 2187 3989 Aeacius
2222 3938 2385 4004 (sicut
2430 3940 2808 3999 ecclesiasticis
2856 3962 3076 4005 necesse
3103 3963 3215 4020 est,
3269 3965 3321 4010 et
3362 3961 3557 4015 vestris

1962 4024 2166 4094 legibus
2209 4027 2325 4082 ﬁeri
2357 4030 2534 4103 decet}
2564 4032 2629 4085 ad
2666 4033 2780 4090 lucc
2806 4051 2925 4106 qum
2955 4040 3021 4094 de
3068 4054 3128 4097 se
3158 4045 3394 4112 pervidet
3430 4050 3554 4105 inti-

1963 4118 2129 4182 mari,
2160 4119 2297 4184 apud
2331 4119 2697 4178 bealiss'mum
2732 4126 2948 4181 Petrum
2994 4116 3294 4201 apostolum
3343 4139 3557 4198 diluere

1960 4208 2276 4267 obedienter
2305 4224 2585 4282 procuret,
2617 4233 2715 4273 nec
2742 4220 2854 4275 ullo
2896 4224 3058 4279 modo
3099 4227 3370 4284 existimet
3398 4234 3554 4290 ttiil'e-

1961 4303 2206 4358 reudtnn.
2255 4305 2352 4371 Qui
2402 4311 2446 4359 si
2498 4309 2968 4377 (quemadmodum
3023 4317 3369 4391 confidimus)
3419 4324 3556 4382 bene

1961 4408 2041 4447 eo:
2066 4395 2208 4450 scius
2254 4407 2363 4464 est,
2409 4402 2760 4468 apostolicum
2793 4421 2897 4460 non
2928 4407 3086 4464 debet
3126 4411 3382 4480 judicium
3430 4434 3550 4474 cum

1961 4491 2436 4547 censacertlotibus
2468 4495 2581 4548 suis
2622 4507 2674 4551 et
2723 4502 3145 4558 moderationem
3200 4508 3466 4578 abjicere;
3498 4525 3555 4569 ut

1881 4598 1934 4659 Ι)
1960 4580 2382 4638 sacerdotalibus
2416 4587 2620 4641 actibus
2660 4599 2713 4644 et
2743 4594 3181 4661 etsmprobatione
3234 4601 3375 4656 lideli
3406 4622 3556 4659 ctuti-

1959 4673 2215 4738 probatus
2244 4676 2470 4743 primum
2504 4678 2701 4734 Christi
2744 4681 2955 4738 Domini
3000 4689 3198 4756 nostri,
3247 4702 3406 4763 atque
3436 4712 3553 4752 om-

1961 4766 2107 4820 nium
2155 4770 2522 4862 sacerdotum,
2558 4788 2621 4828 ac
2658 4774 2855 4833 deinde
2904 4780 3115 4847 pietatis
3154 4796 3345 4842 vestrae
3382 4793 3552 4860 gratia

1961 4857 2225 4924 gloriosus
2261 4857 2567 4928 perfruatur
2634 4914 2637 4915 ,

2021 4994 2329 5051 submittere.
2356 4997 2488 5055 Vide
2513 5015 2673 5072 supra
2699 5004 2855 5075 epist.
2882 5010 2933 5078 9,
2962 5012 3105 5071 unde
3128 5016 3230 5074 hoc
3268 5020 3545 5079 decretum
