4096 6342
309 466 407 522 981

1248 458 1333 513 DE
1373 452 1917 512 ECCLESIASTICIS
1956 453 2387 511 DUGMATIBUS
2429 453 2627 508 LIBER

3471 446 3571 504 98i

307 577 432 642 quia
466 588 569 626 non
616 582 696 627 est
727 573 887 633 tilius,
922 585 1094 640 neque
1146 566 1441 637 ingenitus;
1494 568 1616 637 quia
1655 581 1757 619 non
1804 574 1884 619 est
1912 566 2114 629 Lsua,
2141 578 2193 620 et
2222 583 2347 621 caro
2396 584 2515 621 cum
2571 567 2816 620 sensibus
2867 565 3018 618 suis:
3058 578 3149 631 per
3200 579 3333 631 quos
3380 579 3571 618 sensus

310 668 503 731 Pater,
553 682 725 734 neque
769 668 956 729 factus,
988 667 1107 734 quia
1134 680 1236 719 non
1261 672 1342 719 est
1371 680 1434 718 ex
1479 663 1672 728 nihilo,
1698 662 1792 718 sed
1824 677 1889 715 ex

307 759 419 812 Deo
452 760 605 812 Patre
630 768 682 811 et
715 758 823 810 Deo
857 757 992 810 Filio
1022 757 1160 811 Deus
1188 754 1503 824 procedens.
1541 754 1695 807 Pater
1725 761 1888 806 auer-

308 864 427 908 nus,
464 864 527 900 eo
558 848 697 915 quod
728 858 984 901 a-ternnm
1015 846 1207 900 habeat
1238 836 1452 909 Filium,
1479 846 1631 912 cujus
1656 853 1889 897 aeternus

307 940 376 991 sit
407 938 583 991 Pater.
624 939 675 1007 2
728 936 894 990 Filius
925 944 1183 1000 :rternns,
1234 949 1299 989 eo
1329 934 1471 1004 quod
1515 938 1585 987 sit
1627 933 1771 988 Patri
1800 947 1889 988 co-

306 1039 422 1080 :t-tez
444 1043 563 1081 nus.
594 1027 823 1093 Spiritus
844 1036 1061 1080 sanctus
1092 1036 1345 1091 mternus,
1377 1040 1443 1079 eo
1472 1024 1612 1095 quod
1649 1024 1717 1077 sit
1745 1023 1889 1077 Patri

305 1128 359 1171 ct
392 1117 531 1171 Filio
559 1129 880 1171 con-tertius.
913 1117 1028 1171 Non
1058 1115 1277 1170 confusa
1310 1116 1362 1169 in
1393 1130 1494 1169 una
1524 1129 1750 1181 persona
1772 1115 1888 1168 Tri-

304 1211 467 1273 nitas,
503 1219 559 1263 ut
590 1210 850 1264 Sabellius
873 1208 1030 1273 dicit;
1062 1223 1234 1277 neque
1256 1216 1495 1277 separata
1523 1216 1612 1260 aut
1637 1207 1805 1260 divisa
1835 1205 1887 1260 in

306 1313 497 1355 natura
537 1302 797 1356 Divinitas
817 1342 830 1365 ,
862 1310 919 1355 ut
963 1303 1119 1355 Arius
1149 1302 1512 1370 blasphemat;
1543 1300 1636 1355 sed
1667 1301 1803 1356 alter
1834 1301 1884 1355 in

306 1410 538 1464 persona
567 1394 752 1459 Pater,
783 1394 918 1448 alter
949 1394 1000 1448 in
1034 1408 1261 1462 persona
1294 1394 1491 1458 Filius,
1523 1394 1657 1447 alter
1686 1395 1736 1447 in
1770 1408 1888 1462 per-

302 1503 434 1541 sona
469 1487 699 1555 Spiritus
748 1498 985 1541 sanctus.
1022 1487 1167 1541 Unus
1198 1496 1383 1541 natura
1412 1485 1465 1540 in
1495 1497 1677 1541 sancta
1708 1486 1879 1541 Trini-

302 1586 411 1634 tatc
438 1578 580 1633 Deus
605 1587 776 1649 pater,
802 1594 855 1634 et
885 1579 923 1633 F
929 1580 1073 1644 ilius,
1098 1588 1150 1634 et
1170 1578 1402 1648 Spiritus
1432 1588 1670 1634 sanctus.

927 1671 1153 1725 CAPUT
1194 1671 1253 1725 ll.

375 1762 493 1816 Non
522 1771 671 1831 pater
701 1778 914 1817 carnem
962 1766 1269 1832 assumpsit,
1302 1781 1475 1835 neque
1504 1766 1729 1836 Spiritus
1763 1782 1885 1819 san-

302 1861 439 1918 ctus,
477 1852 570 1907 sed
602 1852 766 1908 Filius
796 1865 942 1909 tantu
956 1872 1003 1908 ιιι
1030 1875 1043 1905 -.
1077 1865 1133 1910 ut
1158 1858 1246 1925 qui
1270 1865 1385 1912 erat
1410 1858 1462 1911 in
1486 1857 1763 1913 divinitate
1794 1856 1885 1912 Dei

302 1943 479 1998 Patris
512 1943 701 2010 Filius,
737 1947 847 2014 ipse
887 1945 1040 2001 ﬁeret
1071 1949 1119 2000 in
1173 1947 1386 2003 homine
1429 1948 1660 2003 hominis
1702 1948 1888 2003 matris

304 2036 443 2090 ﬁlius
472 2053 488 2101 ;
524 2051 587 2090 ne
618 2036 713 2091 lilii
757 2054 949 2094 nomen
979 2040 1041 2094 ad
1088 2040 1314 2095 alterum
1348 2040 1619 2103 transiret,
1650 2041 1741 2111 qui
1784 2056 1888 2095 neu

300 2138 443 2182 ch‘et
477 2139 671 2183 :clerna
717 2131 989 2185 nativitate
1033 2132 1188 2186 lilins.
1222 2132 1313 2187 Dei
1361 2149 1487 2202 ergo
1520 2133 1686 2193 Filius
1718 2133 1888 2187 factus

300 2232 380 2274 est
410 2221 647 2275 hominis
676 2222 832 2289 filius,
861 2234 1016 2279 natus
1045 2224 1337 2279 secundum
1371 2227 1648 2281 veritatem
1684 2236 1888 2279 natura:

300 2328 363 2366 ex
389 2311 507 2367 Deo
535 2313 624 2368 Dei
658 2314 843 2379 Filius,
871 2326 925 2371 et
953 2318 1244 2372 secundum
1273 2319 1549 2373 veritatem
1585 2328 1786 2373 natura:
1816 2334 1883 2373 ex

301 2404 523 2461 homine
564 2407 793 2463 hominis
825 2409 988 2465 Filius
1022 2430 1032 2462 :
1067 2422 1122 2465 ut
1153 2413 1348 2467 veritas
1396 2413 1560 2482 geniti
1612 2427 1715 2465 non
1759 2412 1887 2466 ado-

303 2500 492 2566 ptione
513 2542 527 2565 ,
574 2516 676 2554 non
707 2502 1089 2571 appellatione,
1130 2504 1222 2557 sed
1256 2505 1309 2558 in
1359 2513 1583 2573 utraque
1614 2504 1887 2559 nativitate

302 2591 395 2646 ﬁlii
438 2606 638 2647 nomen
671 2595 939 2649 nascendo
996 2596 1242 2659 haberet,
1276 2605 1329 2650 et
1376 2607 1518 2652 esset
1548 2613 1703 2651 verus
1752 2597 1887 2651 Deus

301 2692 356 2739 et
385 2700 548 2740 veros
591 2688 750 2740 homo
796 2703 931 2742 unus
962 2688 1120 2743 ﬁlius.
1156 2688 1270 2744 Non
1299 2705 1427 2759 ergo
1451 2691 1585 2745 duos
1609 2690 1848 2744 Christos
1869 2731 1884 2757 ,

303 2790 482 2845 neque
528 2775 662 2831 duos
713 2772 851 2832 ﬁlios
899 2778 1145 2843 fatemur,
1194 2781 1286 2833 sed
1320 2782 1483 2835 Deum
1532 2790 1584 2833 et
1616 2779 1886 2833 hominem

303 2882 472 2920 unum
502 2866 688 2921 lilium.
714 2868 879 2935 Quem
906 2879 1187 2939 propterea
1211 2880 1264 2925 et
1287 2872 1615 2939 unigenitum
1638 2870 1885 2935 dicimus,

304 2967 612 3013 manentem
662 2960 711 3013 in
762 2960 967 3015 duabus
1013 2962 1364 3026 substantiis,
1406 2964 1541 3017 sicut
1585 2963 1633 3016 ei
1685 2970 1889 3015 natura:

304 3051 505 3105 veritas
534 3053 775 3117 contulit,
819 3054 870 3124 3
900 3070 1003 3107 non
1031 3054 1270 3109 confusis
1313 3055 1517 3109 naturis
1537 3096 1549 3117 ,
1581 3069 1752 3123 neque
1792 3054 1886 3106 im-

304 3144 508 3211 mixtis,
538 3144 676 3197 sicut
701 3145 1025 3201 Timotbiani
1048 3148 1251 3210 volunt,
1283 3146 1376 3199 sed
1418 3147 1676 3200 societate
1703 3145 1883 3199 uuitis.

285 3231 452 3286 ‘Deus
475 3249 602 3303 ergo
624 3234 891 3290 hominem
921 3238 1231 3306 assumpsit,
1261 3237 1422 3291 homo
1446 3238 1498 3291 in
1523 3238 1686 3290 Deum
1715 3246 1889 3305 trans-

304 3320 424 3387 ivit,
462 3337 567 3377 non
608 3335 810 3379 natura:
853 3326 1229 3391 versibilitate,
1268 3328 1407 3381 sicut
1437 3338 1461 3365 α
1491 3328 1885 3397 Apollinarista:

305 3413 512 3480 dicunt,
548 3415 639 3469 sed
672 3415 761 3469 Dei
791 3415 1096 3484 dignatione
1128 3433 1143 3469 :
1189 3428 1246 3471 ιιι
1276 3433 1373 3471 nec
1407 3418 1549 3472 Deus
1594 3426 1888 3472 mutaretur

306 3504 360 3559 in
406 3506 693 3560 humanam
745 3506 771 3545 δ
805 3508 1158 3563 substantiam
1187 3551 1201 3574 ,
1230 3510 1553 3565 assumendo
1582 3510 1887 3573 hominem,

307 3613 407 3653 nec
450 3598 608 3653 homo
652 3600 703 3653 in
753 3600 988 3655 divinam
1036 3601 1363 3671 gloriﬁcatus
1411 3604 1462 3657 in
1523 3604 1687 3657 Deum
1724 3622 1735 3655 :
1770 3602 1891 3670 quia

308 3691 535 3745 mutatio
565 3691 646 3745 vel
697 3690 1017 3746 versibilitas
1064 3702 1271 3747 natura:
1302 3702 1357 3747 et
1401 3693 1812 3748 diminutionem
1841 3702 1894 3743 et

308 3781 651 3838 abolitionem
694 3784 1007 3837 substantia:
1056 3784 1199 3839 facit.
1238 3786 1490 3840 Creditur
1532 3802 1559 3838 a
1591 3785 1747 3839 nobis
1778 3786 1895 3839 sine

309 3872 627 3927 confusione
668 3874 952 3940 conjuncta
986 3883 1166 3928 sancta
1218 3874 1481 3940 Trinitas,
1515 3876 1633 3930 sine
1674 3890 1893 3943 separa-

312 3966 462 4019 tione
493 3964 769 4018 distincta.
795 3964 963 4018 Natus
986 3974 1069 4019 est
1095 3980 1223 4034 ergo
1251 3965 1346 4020 Dei
1372 3966 1536 4037 Filius
1558 3981 1619 4020 es
1654 3965 1891 4030 homine,

310 4065 364 4110 et
393 4071 500 4109 non
532 4070 623 4124 per
653 4055 921 4110 hominem
956 4073 969 4109 :
997 4056 1048 4111 id
1076 4067 1175 4116 est.
1208 4072 1313 4112 non
1340 4073 1402 4112 ex
1433 4058 1530 4111 viri
1561 4057 1730 4120 coitu,
1761 4057 1897 4109 sicut

311 4146 485 4201 Ebion
510 4146 666 4211 dicit;
692 4147 785 4200 sed
815 4162 1030 4202 carnem
1056 4163 1119 4201 ex
1152 4148 1370 4217 virginis
1396 4162 1625 4217 corpore
1652 4148 1895 4211 trahens,

312 4250 366 4296 et
391 4254 499 4295 non
527 4240 593 4294 de
621 4243 757 4296 cmlo
784 4256 964 4297 secum
987 4242 1238 4310 aﬂereus,
1264 4243 1400 4296 sicut
1426 4241 1683 4303 Marcion.
1714 4239 1898 4307 Orige-

314 4345 412 4385 nes
461 4338 518 4385 et
571 4332 839 4403 Eutychos
884 4332 1172 4387 afﬁrmant.
1204 4334 1385 4402 Neque
1438 4333 1487 4386 in
1515 4332 1813 4401 phantasia,
1845 4330 1895 4384 ἱιΙ

315 4434 423 4490 est,
452 4424 652 4493 absque
682 4440 875 4489 carne,
921 4426 1060 4479 sicut
1088 4424 1397 4479 Valentinus
1422 4424 1634 4485 asserit,
1673 4436 1692 4460 ε
1726 4437 1899 4490 neque

315 4514 384 4568 de
416 4514 574 4579 thesi,
608 4515 659 4569 id
709 4527 811 4583 est,
863 4516 1096 4585 potative
1146 4517 1515 4582 itnaginatum,
1565 4518 1656 4569 sed
1704 4530 1899 4583 corpus

318 4618 526 4658 verum.
562 4603 586 4640 ἀ
619 4606 732 4659 Non
764 4616 967 4660 tantum
996 4623 1210 4661 carnem
1252 4623 1315 4662 ex
1353 4623 1543 4674 carne,
1596 4609 1731 4660 sicut
1760 4606 1900 4660 Mar-

1998 672 2152 713 veros
2195 660 2245 713 in
2275 661 2541 727 passione,
2572 669 2623 714 et
2644 667 2767 713 ante
2800 657 3100 727 passiOnem
3128 670 3238 711 sua:
3268 657 3443 710 carnis
3468 656 3566 710 do-

1994 748 2137 804 lores
2163 750 2431 804 sustinuit.

2581 839 2877 912 acarur
2918 840 3002 895 ιιι.

2066 932 2247 1003 Neque
2269 935 2346 987 sic.
2375 942 2455 987 est
2483 918 2635 987 natus
2667 930 2686 969 ί
2717 947 2783 987 ex
2822 932 3029 999 virgine
3049 970 3064 996 ,
3099 940 3155 984 ut
3201 937 3254 984 et
3282 927 3573 983 divinitatis

1992 1020 2200 1076 initium
2234 1022 2393 1077 homo
2426 1022 2696 1077 nascendo
2746 1020 3033 1089 acceperit,
3083 1020 3233 1089 quasi
3288 1026 3570 1087 antequam

1992 1124 2305 1169 nasceretur
2350 1130 2413 1169 ex
2445 1114 2647 1183 virgine
2694 1113 2833 1167 Dens
2863 1128 2965 1166 non
3013 1111 3204 1177 fuerit,
3230 1110 3369 1165 sicut
3412 1112 3572 1163 Arte-

1993 1222 2137 1270 mon,
2166 1217 2219 1260 et
2258 1206 2515 1274 Berillns,
2550 1214 2603 1259 et
2636 1213 2660 1252 κ
2704 1203 3003 1267 Marcellus,
3052 1203 3385 1256 docuerunt:
3420 1196 3447 1236 ιι
3477 1199 3572 1254 sed

1991 1307 2223 1352 aeternus
2251 1306 2305 1353 et
2332 1298 2471 1351 Deus
2502 1306 2557 1351 et
2579 1297 2739 1350 homo
2768 1312 2832 1349 cx
2862 1296 3063 1363 virgine
3093 1305 3245 1349 natus
3275 1302 3377 1356 est,
3413 1288 3430 1328 ί
3462 1307 3571 1345 non

1991 1391 2240 1446 amittens
2271 1391 2410 1461 quod
2442 1398 2576 1455 erat,
2609 1388 2858 1457 dignatus
2892 1401 3011 1442 esse
3053 1386 3193 1455 quod
3225 1400 3331 1439 non
3363 1391 3497 1439 erat.

2604 1526 2830 1582 CAPUT
2875 1524 2963 1579 IV.

2062 1645 2203 1699 Nihil
2228 1656 2461 1701 creatum
2485 1654 2577 1699 aut
2596 1644 2835 1699 serviens
2858 1642 2911 1696 in
2934 1639 3195 1695 Trinitate
3223 1650 3236 1689 ι
3266 1620 3567 1706 credamus,

1989 1744 2047 1787 nt
2073 1735 2185 1789 vult
2214 1736 2495 1806 Dionysius
2523 1736 2641 1790 fons
2663 1734 2811 1796 Arii;
2842 1730 2867 1768 κ
2900 1731 3031 1786 nihil
3064 1730 3350 1801 inaequale,
3371 1741 3431 1783 ut
3454 1730 3570 1785 vult

1992 1827 2319 1891 I'Iunomius;
2349 1827 2481 1881 nihil
2512 1826 2772 1896 inaequale
2794 1824 3075 1894 gratim,ut
3101 1824 3212 1877 vult
3236 1824 3449 1887 Aetius;
3481 1824 3563 1876 ni-

1918 1929 1967 1989 Β
1995 1919 2067 1973 hil
2105 1922 2343 1973 anterius
2387 1919 2720 1988 posteriusve
2766 1927 2856 1969 aut
2884 1916 3077 1977 minus,
3110 1923 3168 1967 ut
3209 1913 3394 1977 Arius;
3439 1912 3570 1967 nihil

1995 2021 2307 2066 extraneum
2332 2020 2423 2064 aut
2448 2009 2463 2045 ι
2490 2009 2718 2062 oftlciale
2740 2008 2915 2069 alteri,
2945 2016 3002 2060 ut
3037 2003 3404 2068 Macedonius;
3433 2002 3563 2057 nihil

1996 2112 2034 2137 ’τι
2084 2102 2398 2170 pervasione
2442 2111 2533 2155 aut
2580 2100 2916 2168 surreptione
2957 2100 3210 2151 inscrtum
3238 2139 3251 2160 ,
3294 2106 3351 2149 ut
3406 2095 3572 2148 Mani-

1992 2193 2206 2257 chaaus;
2234 2194 2362 2246 nihil
2410 2207 2747 2260 corporeum,
2790 2201 2845 2243 nt
2893 2190 3068 2243 Melite
3094 2198 3147 2241 ct
3175 2186 3532 2240 Tertullianns
3554 2225 3567 2248 ,

1994 2285 2126 2339 nihil
2172 2284 2523 2351 corporaliter
2567 2268 2881 2352 eftigiatum,
2924 2289 2982 2334 ut
3038 2276 3570 2347 Anthropomorphus

1991 2390 2046 2432 et
2075 2385 2101 2413 ιι
2132 2376 2433 2439 Vadianus;
2467 2374 2603 2429 nihil
2632 2374 2733 2428 sibi
2782 2370 3045 2427 invisibile
3087 2385 3115 2421 a
3163 2366 3421 2422 creaturis
3448 2407 3462 2430 ,
3515 2375 3569 2419 ut

1992 2468 2279 2539 Origenes;
2334 2466 2464 2520 nihil
2512 2465 2772 2521 creaturis
2821 2463 3058 2526 visibile,
3111 2472 3167 2513 ut
3212 2460 3566 2522 Fortunatus;

1992 2562 2126 2616 nihil
2176 2561 2415 2615 moribus
2441 2559 2525 2614 vel
2572 2558 2843 2613 voluntate
2883 2558 3174 2619 diversum,
3208 2562 3265 2607 ut
3290 2552 3558 2614 Marcion;

1994 2655 2211 2710 nihilex
2243 2652 2518 2706 Trinitatis
2547 2652 2778 2705 essentia
2809 2650 2872 2704 ad
2925 2657 3288 2703 creaturarum
3323 2655 3566 2698 naturam

1993 2749 2303 2812 deductum,
2338 2755 2393 2800 ut
2425 2743 2576 2800 Plato
2598 2754 2651 2799 et
2679 2743 3070 2805 Tertullianns;
3106 2739 3231 2793 nihil
3262 2737 3436 2791 officio
3464 2736 3571 2789 sin-

1992 2842 2180 2910 gulare
2208 2856 2307 2895 nec
2332 2839 2483 2893 alteri
2514 2838 2976 2898 communicabile,
3012 2844 3069 2887 ιιι
3121 2832 3406 2899 Origenes;
3439 2829 3569 2882 nihil

1993 2930 2306 2996 confusum,
2340 2940 2396 2984 ut
2424 2929 2721 2993 Sabellius;
2752 2928 2842 2982 sed
2889 2938 3055 2979 totum
3108 2923 3421 2994 perlectum,
3450 2924 3572 2990 quia

1995 3023 2046 3093 5
2076 3030 2246 3075 totum
2279 3036 2340 3075 ex
2374 3036 2503 3085 uno,
2537 3028 2591 3073 et
2620 3035 2783 3072 unum
2814 3032 2880 3071 ex
2912 3026 3023 3070 toto
3056 3032 3067 3068 :
3106 3030 3208 3067 non
3242 3022 3415 3067 tamen
3446 3012 3571 3065 soli-

1997 3115 2207 3176 tarium,
2243 3123 2298 3167 nt
2350 3120 2678 3181 praesumunt
2711 3108 2943 3163 Praxess
2971 3118 3023 3162 et
3052 3106 3313 3177 Sylvanus
3333 3145 3347 3169 ,
3378 3102 3572 3159 Penta-

1994 3205 2225 3274 politana
2253 3202 2572 3259 damnabilis
2601 3200 2685 3254 illa
2708 3200 2970 3256 doctrina.

2615 3312 2837 3367 CAPUT
2876 3312 2940 3366 ν.

2067 3412 2363 3482 ὀμουύσιος
2386 3421 2533 3475 ergo,
2566 3404 2617 3457 id
2647 3413 2749 3469 est,
2780 3400 3149 3457 coesscntialis
3190 3400 3243 3453 in
3296 3399 3575 3453 divinitate

1995 3501 2139 3556 Patri
2189 3499 2383 3559 Filius;
2429 3497 2694 3570 ὁμοούσιος
2746 3493 2885 3545 Patri
2934 3498 2988 3544 et
3016 3490 3153 3542 Filio
3182 3487 3414 3557 Spiritus
3457 3501 3576 3540 san—

1996 3604 2151 3657 ctus;
2186 3593 2450 3656 ὁμοούσιος
2499 3588 2606 3640 Deo
2635 3594 2688 3638 et
2721 3584 2918 3639 homini
2950 3596 3086 3636 unus
3119 3581 3305 3645 Filius,
3354 3594 3576 3634 manens

1999 3686 2141 3737 Deus
2170 3684 2224 3737 in
2274 3681 2490 3735 homine
2521 3692 2618 3731 suo
2650 3677 2701 3729 in
2748 3675 2915 3744 gloria
2965 3674 3165 3736 Patris,
3208 3671 3579 3727 desiderabilis

2000 3775 2168 3829 videri
2217 3773 2284 3826 ab
2321 3770 2524 3840 angelis
2566 3766 2742 3820 :sicnt
2790 3765 2947 3818 Pater
2988 3772 3042 3817 et
3089 3764 3321 3830 Spiri'us
3364 3772 3579 3815 sanctus

2000 3865 2255 3919 adorator
2296 3861 2365 3915 ab
2394 3858 2598 3927 angelis
2627 3864 2681 3910 et
2709 3855 2777 3909 ab
2804 3854 2948 3908 omni
2979 3862 3253 3917 creatura;
3288 3868 3389 3905 non
3420 3854 3579 3905 homo
3667 3926 3675 3933 υ

2002 3958 2174 4010 factus
2220 3964 2413 4023 praster
2444 3951 2633 4016 Deum,
2682 3956 2706 3983 ο
2739 3947 2822 4001 vel
2852 3945 3094 3999 Christus
3123 3959 3241 3998 cum
3276 3944 3404 4006 Deo,
3437 3944 3575 3997 sicut

2004 4046 2334 4116 hlasphemat
2360 4040 2660 4104 Nestorins,
2690 4038 2783 4093 sed
2818 4036 2976 4090 homo
3006 4036 3060 4088 in
3110 4034 3236 4097 Deo,
3272 4043 3324 4087 et
3359 4032 3498 4087 Deus
3529 4033 3579 4084 in

2006 4140 2245 4195 homine.

2607 4221 2830 4279 CAPUT
2874 4220 2957 4274 γι.

2078 4326 2194 4381 Erit
2240 4322 2564 4378 resurrectio
2612 4329 2945 4373 mortuorum
2991 4313 3227 4368 omniutn
3287 4312 3579 4383 hominum,

2004 4420 2096 4474 seti
2129 4433 2227 4472 uni
2255 4425 2311 4471 et
2337 4413 2549 4470 insimul
2576 4424 2629 4466 et
2655 4411 2842 4466 semel.
2877 4408 2993 4462 Non
3021 4406 3189 4474 prima
3216 4406 3500 4472 justorum,
3531 4414 3583 4456 et

2003 4510 2234 4567 secunda
2264 4518 2626 4577 peccatorum,
2654 4513 2708 4556 nt
2738 4502 2915 4559 t‘abula
2943 4510 3023 4554 est
3042 4497 3459 4563 somniatornm;
3492 4496 3584 4549 sed

2004 4618 2108 4658 una
2144 4601 2401 4659 omnium.
2440 4599 2499 4651 Et
2532 4598 2574 4648 si
2620 4596 2670 4648 id
2698 4607 2977 4658 resurgere
3003 4590 3216 4652 dicitur,
3244 4587 3385 4656 quod
3419 4586 3581 4651 cadit,

332 4654 523 4658 .--
767 4654 966 4660 mn..-"
1001 4654 1210 4661 __.--___-
1255 4654 1315 4662 -_
1357 4654 1543 4674 ,τ-.,..,
1596 4654 1730 4660 -.ην
1760 4654 1860 4660 ___-
2011 4654 2106 4658 πη
2154 4654 2164 4655 κ
2242 4654 2250 4659 ,
2854 4654 2877 4658 ,ν
3264 4654 3272 4656 ἡ
3402 4665 3411 4672 _

319 4694 528 4763 cianus,
559 4696 652 4751 sed
678 4710 837 4749 verus
870 4696 1009 4749 Deus
1038 4711 1098 4749 ex
1132 4697 1430 4762 divinitate,
1462 4706 1515 4751 et
1536 4696 1693 4765 verus
1740 4696 1900 4750 homo
1927 4654 1981 4714 Β
2007 4710 2132 4749 caro
2154 4708 2279 4760 ergo
2310 4697 2487 4744 nostra
2519 4689 2569 4741 in
2602 4687 2825 4740 veritate
2849 4682 3095 4750 resurgit.
3123 4682 3257 4734 είουι
3284 4679 3334 4732 in
3365 4678 3586 4732 νθτίῑθιο

321 4803 385 4842 ex
415 4801 596 4861 carne,
627 4795 649 4823 ⁶
700 4800 834 4838 unm
866 4784 961 4839 Dei
1013 4784 1209 4851 Filius,
1244 4786 1296 4839 in
1336 4786 1613 4840 divinitate
1669 4785 1899 4840 Verbum

324 4879 499 4934 Patris
524 4892 572 4933 et
613 4880 776 4943 Deus,
806 4880 856 4931 in
891 4879 1108 4932 homine
1137 4878 1311 4932 anima
1334 4888 1386 4933 et
1408 4894 1553 4933 caro.
1586 4880 1769 4934 Anima
1796 4896 1901 4934 non

325 4969 526 5038 absque
574 4984 732 5024 sensu
762 4978 817 5024 et
838 4970 1062 5034 ratione,
1114 4979 1171 5022 ut
1199 4969 1549 5037 Apollinaris,
1580 4985 1753 5037 neque
1777 4986 1905 5025 caro

327 5059 528 5129 absque
552 5060 747 5129 anima,
773 5068 831 5114 ut
860 5060 1188 5125 Eunomius;
1213 5060 1305 5114 sed
1337 5060 1510 5114 anima
1542 5075 1663 5115 cum
1694 5060 1905 5115 ratione

404 5266 429 5294 ⁸
458 5256 554 5311 Ms.
578 5256 696 5311 cod.
727 5255 986 5323 Florent.,
1006 5255 1341 5310 Tertullianns
1363 5264 1411 5309 et
1430 5254 1812 5323 Apollinarium
1829 5254 1911 5307 di-

333 5337 591 5466 αυὲισΜεη
623 5396 987 5466 sufficientiam.

410 5479 432 5507 ο
464 5469 536 5522 Ita
563 5464 812 5522 ms."cod.
839 5466 1177 5521 Florentinus
1210 5466 1452 5521 biblioth.
1487 5466 1549 5519 D.
1583 5464 1763 5519 Marci.

409 5536 434 5575 (ί
468 5539 588 5603 Ms.,
618 5554 720 5591 non
762 5538 1011 5604 ianuale
1032 5579 1046 5602 ,
1081 5548 1134 5589 ιιι
1162 5536 1444 5591 Eunomius
1467 5576 1483 5597 .
1516 5534 1645 5589 nihil
1676 5550 1763 5603 per
1788 5550 1903 5604 gra-

340 5610 482 5675 tiam,
510 5626 597 5663 cor
622 5618 788 5662 tamen
818 5622 1054 5673 carnem;
1086 5621 1247 5663 sensu
1278 5609 1425 5662 nullo

412 5690 436 5718 °
464 5681 576 5734 Vox
606 5677 699 5732 Dei
724 5692 793 5733 ex
821 5692 919 5730 ms.
951 5687 1053 5733 est.

420 5749 436 5788 ί
467 5752 567 5805 Ms.
595 5749 738 5804 delet
764 5764 828 5802 ea:
854 5748 1061 5817 virgine.

415 5833 437 5867 εί
468 5822 582 5875 Vox
621 5819 893 5873 Marcellus
916 5824 1065 5873 deest
1088 5818 1140 5872 in
1170 5832 1270 5871 ms.

418 5892 441 5926 ιι
474 5894 592 5949 Ms...
622 5892 709 5944 sed
736 5904 953 5944 wtertms
983 5900 1102 5940 ante
1129 5888 1315 5945 secula
1340 5886 1496 5945 Deus.
1527 5886 1696 5946 homo.
1731 5894 1832 5939 etc.

2008 4787 2165 4840 cadit.
2204 4788 2262 4838 lit
2294 4797 2396 4836 non
2428 4779 2717 4833 secundum
2752 4779 3038 4846 Urigenem
3072 4773 3367 4828 immutatio
3395 4786 3586 4839 corpo-

2010 4893 2126 4933 rum
2158 4876 2278 4935 erit,
2303 4872 2351 4926 id
2376 4880 2476 4931 est,
2502 4869 2640 4922 aliud
2673 4882 2870 4921 novum
2903 4880 3096 4932 corpus
3124 4879 3222 4933 pro
3248 4877 3409 4917 carne
3445 4878 3458 4918 :
3492 4861 3586 4915 sed

2012 4967 2200 5022 eadem
2241 4976 2367 5015 caro
2415 4957 2780 5024 corruptibilis
2824 4970 2939 5024 quae
2987 4955 3127 5008 cadit
3175 4964 3279 5007 tam
3323 4951 3586 5020 justorum

2013 5074 2169 5129 quam
2214 5055 2527 5123 injustorum
2580 5048 2994 5119 incorruptibilis
3041 5054 3304 5114 resurget,
3336 5055 3455 5112 quae
3497 5041 3583 5094 vel

2098 5261 2111 5287 ι
2149 5248 2267 5302 Non
2296 5248 2533 5300 amittens
2558 5245 2691 5315 quod
2726 5252 2864 5311 erat,
2896 5243 3132 5314 dignatus
3178 5254 3284 5315 esse
3323 5238 3458 5290 auod
3488 5254 3587 5291 mm

2022 5331 2151 5386 erat,
2186 5320 2297 5372 haec
2319 5319 2437 5370 loco
2465 5310 2731 5369 sun'mota
2759 5329 2825 5367 ex
2855 5310 2967 5365 msf
2990 5310 3223 5380 reposui.

2092 5391 2104 5440 ι
2146 5390 2236 5443 Ms.
2251 5433 2264 5453 ,
2290 5388 2613 5440 credent/um.

2089 5460 2114 5497 ιι
2148 5449 2295 5513 Nihil
2318 5458 2566 5523 inmquale
2595 5456 2794 5526 gratim,
2827 5454 2940 5508 haec
2970 5465 3068 5504 ms.
3104 5449 3325 5504 inducit.

2030 5532 2033 5535 ¹
2094 5530 2109 5567 ι
2144 5531 2264 5593 Ms.,
2295 5528 2510 5595 di/ﬁale.

2092 5610 2129 5653 ω
2160 5601 2229 5652 Ita
2253 5591 2406 5653 recte
2432 5613 2567 5661 tns.;
2598 5596 2686 5649 alii
2714 5595 3060 5666 persuasione,
3081 5591 3277 5666 inepte.

2091 5679 2117 5705 η
2170 5670 2265 5723 Ms.
2318 5657 2637 5729 Nudis-inus,
2682 5657 2836 5719 male.
2888 5664 3113 5717 Danzetts
3162 5657 3226 5714 ad
3274 5660 3495 5727 August.
3527 5657 3589 5719 de

2023 5742 2223 5796 Hmres.
2249 5754 2365 5805 cap.
2400 5739 2468 5793 50
2500 5738 2627 5807 legit
2652 5736 2937 5789 Audianos.

2093 5819 2116 5846 ο
2144 5810 2263 5876 Ms.,
2295 5808 2401 5863 sed.
2700 5812 2713 5827 ‘
