4096 6342
443 305 545 369 985

447 532 645 579 aeterna
664 533 879 576 manere
902 533 998 589 pro
1026 516 1251 573 meritis.
1343 552 1352 561 .

999 611 1056 682 θ
1089 608 1313 666 CAPUT
1356 608 1460 663 vn.

514 705 762 762 Omnium
822 703 964 759 enim
1016 702 1291 757 hominum
1335 702 1438 757 erit
1486 696 1833 757 resurrectio.
1888 707 1912 733 ⁸
1967 697 2023 783 S_i

448 802 683 855 omnium
724 796 845 861 erit,
877 810 1006 865 ergo
1050 810 1239 851 omnes
1280 795 1580 850 moriuntur
1611 832 1627 859 ,
1670 802 1727 847 ut
1772 804 1921 847 mors
1959 789 2027 845 ab

449 892 616 947 Adam
648 889 672 928 ι)
700 889 856 944 ducta
895 887 1144 943 omnibus
1167 885 1290 941 ﬁliis
1317 889 1434 954 ejus
1461 885 1796 948 dominetur;
1829 890 1884 937 et
1909 896 2028 936 ma-

452 990 574 1038 neat
600 978 730 1036 illud
759 978 1091 1049 privilegium
1115 977 1167 1031 in
1196 976 1443 1039 Domino,
1471 974 1614 1046 quod
1636 974 1705 1029 de
1728 988 1794 1029 eo
1816 973 2030 1042 specia-

450 1074 571 1129 Iitar
592 1073 807 1127 dicitur.
848 1070 969 1125 Non
1012 1070 1157 1124 dabis
1199 1080 1434 1124 sanctum
1476 1078 1617 1123 tuum
1652 1068 1821 1121 videre
1849 1081 2030 1120 corru-

453 1166 672 1234 ptionem
717 1163 888 1235 (Psal.
929 1178 1051 1229 xvr,
1098 1159 1187 1231 10)
1220 1173 1265 1214 ο.
1302 1161 1449 1214 lianc
1489 1161 1750 1214 rationem
1799 1157 2029 1212 maxima

453 1256 668 1310 Patrum
693 1253 843 1307 turba
874 1252 1119 1307 tradente
1146 1250 1499 1318 suscepimus.
1539 1249 1733 1304 Verum
1760 1246 1879 1317 quia
1909 1253 2036 1301 sunt

456 1359 512 1405 et
551 1349 637 1403 alii
677 1361 827 1416 atque
866 1344 1114 1400 catholici
1165 1351 1219 1397 et
1258 1341 1452 1397 eruditi
1498 1340 1596 1395 viri
1637 1341 1727 1408 qui
1768 1340 1992 1394 credunt
2017 1378 2033 1405 ,

457 1444 633 1498 anima
665 1442 717 1495 in
745 1453 969 1508 corpore
997 1445 1266 1497 manente,
1301 1433 1662 1489 immutandos
1691 1431 1756 1486 ad
1796 1434 2039 1485 incorru-

456 1534 694 1605 ptiunem
716 1541 769 1586 et
790 1528 1242 1585 immortalitatem
1264 1540 1358 1582 eos
1376 1528 1464 1595 qui
1494 1526 1549 1580 i'n
1573 1524 1805 1579 adventu
1826 1521 2038 1578 Domini

458 1626 565 1681 vivi
595 1621 900 1680 inveniendi
947 1629 1094 1685 sunt,
1123 1619 1305 1675 ethoc
1347 1618 1427 1673 eis
1453 1617 1690 1688 reputari
1726 1632 1823 1687 pro
1864 1630 2043 1670 resur-

459 1719 701 1776 rectione
722 1732 787 1771 ex
818 1714 1066 1781 mortuis,
1114 1712 1254 1782 quod
1287 1709 1664 1766 mortalitatem
1697 1705 1724 1745 ἀ
1758 1705 2043 1778 praesentis

1156 376 1160 379 _
1652 299 1966 359 GENNADII
2009 297 2473 356 MASSILIrINSIS

445 442 659 502 poenam
704 428 927 483 suﬂerre
957 426 1122 495 possit
1169 439 1265 495 pro
1297 423 1563 495 peccatis,
1613 423 1694 477 vel
1746 421 1797 476 iu
1849 418 2018 491 gloria
2048 419 2100 478 Α
2242 415 2247 425 ’

3606 298 3705 354 984

2733 420 2956 476 CAPUT
3006 418 3093 474 XI.
3434 472 3449 481 _

2199 512 2338 567 Nihil
2367 513 2738 583 incorporeum
2762 523 2817 569 et
2846 512 3114 569 in'risibile
3136 508 3162 549 ιι
3190 509 3243 566 in
3266 518 3454 566 natura
3477 510 3716 567 creden-

2127 604 2275 671 dum,
2308 606 2405 659 nisi
2433 606 2604 660 solum
2637 606 2824 671 Deum,
2854 604 2907 660 id
2935 612 3019 660 est
3054 603 3293 668 Patrem,
3324 612 3380 659 et
3406 601 3624 668 Filium,
3650 611 3715 659 et

2130 700 2387 770 Sp’ritum
2419 708 2682 754 sanctum.
2717 699 2819 765 Qui
2852 698 2972 754 ideo
3003 706 3149 754 recte
3193 698 3547 768 incorporeus
3571 709 3711 751 cre—

2130 791 2293 856 ditur;
2326 791 2447 860 quia
2478 790 2673 860 ubique
2716 798 2829 874 est,
2857 797 2911 845 et
2936 788 3119 845 omnia
3148 786 3339 861 implet
3378 794 3543 857 atque
3570 770 3715 842 eon—

2129 887 2365 955 stringit.
2419 884 2543 939 Ideo
2571 893 2623 939 et
2655 883 2935 941 invisibilis
2962 882 3216 939 omnibus
3257 879 3549 946 creaturis,
3575 879 3707 950 quia

2133 978 2480 1055 incorporeus
2508 986 2609 1033 est.

2733 1068 2958 1126 CAPUT
2996 1067 3107 1125 XII.

2205 1163 2458 1218 Creatura
2479 1162 2656 1217 omnis
2689 1175 2949 1231 corporea
2975 1169 3075 1228 est,
3109 1158 3284 1231 angeli
3313 1165 3370 1216 et
3396 1171 3587 1214 omnes
3606 1169 3722 1212 ce-

2139 1254 2304 1311 lesres
2331 1254 2556 1309 virtutes
2582 1267 2879 1322 corporeae,
2922 1253 3045 1308 licet
3076 1267 3181 1308 non
3204 1266 3372 1309 carne
3398 1249 3719 1306 subsistant.

2137 1347 2219 1402 Ex
2249 1362 2314 1401 eo
2340 1356 2516 1403 autem
2552 1360 2839 1416 corporeas
2867 1359 2988 1401 esse
3016 1345 3287 1400 credimus
3329 1340 3727 1399 intellectuales

2140 1448 2434 1504 creaturas,
2462 1438 2606 1509 quod
2638 1438 2879 1493 localiter
2920 1436 3438 1493 circumscribuntur
3457 1476 3473 1501 ,
3504 1435 3649 1489 sicut
3672 1441 3727 1487 et

2141 1529 2319 1584 anima
2345 1543 2463 1598 quae
2488 1544 2650 1585 carne
2675 1528 2959 1598 clauditur,
2980 1538 3035 1585 et
3054 1528 3327 1585 daemones
3345 1529 3438 1598 qui
3467 1542 3564 1597 per
3589 1524 3727 1580 sub-

2144 1622 2394 1676 stantiam
2426 1621 2683 1691 angelicas
2712 1631 2917 1676 natura;
2937 1629 3081 1687 sunt.

2734 1713 2958 1770 CAPUT
2996 1713 3134 1770 XIII.

460 1812 585 1867 vita:
631 1808 1004 1866 immutatione
1030 1806 1329 1876 deponant,
1377 1820 1482 1859 non
1532 1813 1706 1857 morte
1747 1820 1759 1854 :
1802 1800 2041 1871 quolibet

2216 1808 2550 1865 [mmortales
2580 1822 2697 1864 esse
2745 1807 3018 1863 credimus
3056 1803 3449 1862 intellectuales
3480 1811 3726 1870 naturas,

462 1903 584 1972 quis
628 1899 933 1971 acquiescat
965 1896 1156 1962 modo,
1206 1911 1309 1951 non
1336 1903 1421 1951 est
1447 1893 1767 1960 hzereticus,
1826 1892 1928 1947 nisi
1975 1906 2041 1947 ex

464 1993 807 2049 contentione
834 1990 1118 2045 haereticus
1142 1989 1251 2041 ﬁat.
1296 1987 1503 2042 Sufﬁcit
1529 1987 1673 2043 enim
1703 1986 1756 2041 in
1786 1983 2043 2039 Ecclesia:

466 2090 582 2155 lege
640 2084 817 2140 carnis
881 2080 1331 2138 resurrectionem
1408 2077 1633 2134 credere
1690 2076 1925 2141 futuram
1976 2074 2045 2128 de

467 2188 659 2243 tttot‘lc.

1054 2242 1279 2301 CAPUT
1322 2241 1454 2301 VIII.

538 2363 688 2431 Quod
720 2371 898 2419 autem
942 2361 1172 2418 dicimus
1200 2361 1253 2413 in
1292 2358 1559 2430 symbolo,
1592 2357 1646 2411 in
1676 2356 1912 2412 adventu
1943 2356 2050 2411 Do-

469 2454 599 2509 mini
624 2453 777 2509 vivos
800 2466 864 2508 ac
885 2461 1123 2507 mortuos
1146 2447 1490 2519 iudicandos,
1519 2462 1624 2503 non
1670 2446 1842 2502 solum
1873 2446 2049 2515 justos

466 2557 521 2603 et
566 2555 876 2617 peccatores
924 2542 1233 2615 signiﬁcari,
1265 2542 1402 2597 sicut
1453 2541 1715 2595 Diodorus
1745 2524 1912 2609 putat,
1954 2536 2048 2593 sed

468 2650 521 2694 et
550 2640 701 2694 vivos
728 2653 824 2695 eos
869 2636 959 2711 qui
991 2638 1044 2692 in
1075 2651 1237 2692 carne
1279 2633 1579 2690 inveniendi
1612 2643 1736 2687 sunt
1756 2631 2046 2700 credimus,

446 2732 556 2799 qui
613 2730 787 2785 adhuc
838 2729 1080 2784 morituri
1132 2728 1181 2798 7
1245 2727 1567 2793 creduntur;
1615 2725 1695 2780 vel
1736 2723 2050 2779 immutandi

469 2832 614 2887 sunt,
642 2832 700 2877 ut
723 2823 813 2877 alii
859 2823 1063 2885 volunt,
1105 2829 1163 2875 ut
1192 2819 1429 2875 suscitati
1478 2819 1736 2874 continuo
1764 2816 1847 2872 vel
1877 2815 2050 2870 refor-

470 2916 596 2970 mati
627 2931 746 2969 cuin
779 2922 904 2970 ante
936 2911 1163 2968 mortuis
1193 2911 1523 2982 iudicentur.

1004 3022 1015 3025 '
1078 3004 1307 3060 CAPUT
1345 3004 1435 3058 IX.

544 3099 669 3152 Post
719 3098 1167 3153 resurrectionem
1200 3104 1248 3149 et
1292 3094 1550 3161 judicium
1604 3109 1709 3149 non
1767 3106 2051 3149 credamus

2145 1904 2268 1974 quia
2296 1918 2457 1958 carne
2478 1910 2683 1971 carent,
2716 1915 2815 1956 nec
2840 1901 3039 1955 habent
3056 1913 3181 1969 quo
3207 1897 3423 1964 cadant,
3451 1906 3508 1952 ut
3547 1911 3730 1952 resur-

2146 1996 2384 2052 rectione
2414 2004 2607 2065 egeant
2630 2002 2750 2063 post
2773 1992 2986 2048 ruinam
3021 1989 3036 2029 ί
3072 1990 3399 2046 necessaria.

2384 2156 2387 2157 ί
2680 2089 2736 2158 9
2773 2084 2997 2141 CAPUT
3049 2082 3187 2140 xw.

2221 2185 2442 2240 Animas
2470 2182 2743 2238 hominum
2774 2193 2880 2235 non
2922 2192 3042 2234 esse
3070 2177 3140 2231 ab
3168 2176 3318 2232 initio
3348 2176 3488 2232 inter
3507 2185 3734 2230 crateras

2151 2277 2537 2334 intellectuales
2589 2282 2806 2329 naturas
2837 2313 2852 2339 ,
2908 2284 3008 2327 nec
3056 2268 3216 2324 simul
3280 2278 3531 2332 creatas,
3594 2267 3734 2321 sicut

2150 2371 2409 2441 Origenes
2440 2368 2626 2438 ﬁngit;
2669 2369 2842 2436 neque
2883 2378 3005 2418 cum
3035 2362 3350 2432 corporibus
3399 2375 3493 2431 per
3522 2360 3729 2413 coitum

2155 2470 2171 2516 t
2207 2465 2519 2530 scminatas,
2550 2461 2691 2516 sicut
2720 2457 3064 2522 Luciferiani,
3098 2454 3326 2527 Cyrillus
3351 2464 3406 2508 et
3434 2452 3597 2522 aliqui
3634 2451 3739 2505 La-

2153 2561 2383 2615 tinorum
2414 2563 2830 2627 praesumptores
2857 2550 3129 2604 afﬁrmant
3151 2590 3165 2614 ,
3197 2546 3345 2617 quasi
3378 2554 3584 2599 natura:
3604 2558 3738 2597 conc

2153 2651 2488 2722 sequentiam
2518 2654 2814 2704 servantes.
2846 2643 2952 2701 Sed
2983 2641 3211 2697 dicimus
3251 2637 3576 2696 creationem
3623 2635 3739 2686 ani.

2154 2761 2258 2800 ma:
2283 2743 2453 2799 solum
2482 2740 2795 2795 Creatorem
2826 2736 3067 2791 omnium
3099 2746 3278 2799 nosse,
3307 2740 3361 2786 et
3387 2740 3588 2796 corpus
3614 2734 3740 2779 tan-

2156 2847 2266 2893 tum
2299 2850 2393 2905 per
2420 2834 2651 2903 coniugii
2681 2831 2928 2902 copulam
2957 2825 3236 2891 seminari,
3265 2822 3355 2878 Dei
3384 2836 3513 2876 vero
3531 2817 3738 2889 judicio

2154 2925 2424 2998 coagulari
2448 2926 2499 2980 in
2528 2924 2685 2978 vulva
2716 2932 2771 2977 et
2794 2918 3058 2990 compingi
3083 2926 3242 2987 atque
3264 2911 3505 2977 formari,
3540 2924 3604 2963 ac
3628 2908 3738 2962 for-

2156 3029 2299 3076 mato
2321 3020 2430 3089 jam
2460 3030 2686 3087 corpore
2714 3013 2946 3069 animam
2972 3008 3141 3066 creari
3173 3016 3229 3062 et
3256 3004 3479 3069 inlundi,
3507 3009 3565 3055 ut
3593 3001 3740 3055 vivat

2157 3113 2210 3168 in
2234 3121 2385 3166 utero
2408 3110 2568 3164 homo
2588 3122 2654 3163 ex
2679 3105 2851 3161 anima
2881 3110 3136 3159 constans
3162 3099 3217 3155 et
3237 3110 3486 3166 corpore.
3510 3102 3564 3150 et
3585 3107 3739 3161 egre.

475 3192 869 3247 restitutionem
922 3191 1174 3255 futuram,
1206 3203 1362 3259 quam
1411 3188 1671 3258 Origenes
1712 3186 1944 3251 delirat;
1995 3194 2047 3238 ut

2157 3203 2335 3275 diatur
2362 3201 2513 3256 vivus
2539 3215 2602 3253 cx
2635 3209 2786 3253 utero
2808 3196 2995 3265 plenus
3017 3192 3249 3247 humana
3272 3185 3589 3243 substantia.

474 3287 748 3339 daemones
777 3285 857 3339 vel
878 3284 1023 3354 impii
1053 3283 1296 3337 homines
1323 3290 1443 3349 post
1467 3288 1729 3336 tormenta
1753 3281 1905 3350 quasi
1927 3294 2054 3349 sup-

474 3377 647 3442 pliciis
676 3376 973 3445 cxpurgati,
1002 3375 1086 3428 vel
1107 3373 1189 3427 illi
1214 3373 1265 3426 in
1295 3373 1589 3439 angelicam
1612 3386 1716 3441 qua
1743 3373 1908 3426 creati
1929 3380 2055 3425 sunt

477 3467 699 3522 redeant
728 3468 1038 3536 dignitatem
1059 3510 1073 3532 ,
1117 3465 1201 3520 vel
1232 3473 1255 3501 ε
1290 3464 1470 3531 injusti
1498 3464 1765 3533 jnstornm
1810 3464 2055 3518 societati

390 3622 395 3623 ν
476 3562 775 3617 donentur:
808 3574 874 3615 eo
902 3561 1043 3629 quod
1074 3559 1174 3614 hoc
1201 3558 1399 3613 divina:
1427 3558 1712 3613 conveniat
1739 3556 1956 3628 pietati,
1988 3571 2059 3613 ne

476 3653 600 3724 quid
632 3669 696 3708 ex
729 3652 1078 3708 rationalibus
1108 3660 1291 3722 pereat
1339 3651 1621 3716 creaturis,
1669 3651 1765 3707 sed
1815 3649 2059 3721 quolibet

477 3746 637 3801 modo
661 3746 918 3800 salvetur.
945 3744 1051 3801 Sed
1071 3759 1168 3800 nos
1188 3744 1474 3799 credamus
1500 3743 1601 3813 ipsi
1627 3743 1792 3814 iudici
1816 3743 2055 3799 omnium

482 3839 501 3876 ι
536 3838 842 3893 retributori
869 3838 1138 3907 jnstornm
1169 3832 1267 3905 qui
1288 3836 1423 3891 dixit
1448 3852 1462 3889 :
1488 3834 1643 3889 Ibunt
1672 3836 1818 3906 impii
1847 3836 1901 3890 in
1935 3851 2061 3905 sup-

394 3931 406 3942 '
476 3932 977 4005 pliciuma'ternum,
1011 3933 1134 4000 iusti
1162 3940 1329 3985 autem
1380 3931 1433 3985 in
1477 3933 1634 3985 vitam
1682 3938 1949 3997 (sternam,
2001 3937 2060 3983 ut

478 4026 759 4094 percipiant
789 4026 1010 4095 fructum
1033 4038 1243 4089 Operam
1271 4039 1479 4078 suorum
1521 4021 1735 4095 (Matth.
1778 4039 1906 4088 xxv,
1939 4021 2053 4092 46).

480 4128 505 4165 s
544 4118 609 4170 Et
641 4116 835 4170 iterum
864 4134 875 4167 ε
908 4114 933 4168 Ι
944 4124 990 4169 te
1031 4115 1085 4169 in
1116 4117 1286 4187 ignem
1330 4126 1595 4181 (sternant,
1629 4116 1718 4185 qui
1760 4125 1967 4183 paratus
1986 4126 2060 4172 est

479 4208 681 4261 diabolo
712 4217 757 4261 et
785 4206 979 4275 angelis
1008 4209 1119 4277 ejus
1147 4205 1337 4276 (lbid.,
1361 4207 1472 4275 41).

1102 4295 1327 4351 CAPUT
1368 4297 1435 4351 Χ.

554 4393 606 4444 lu
634 4390 918 4469 principio
944 4389 1147 4445 creavit
1178 4388 1318 4443 Deus
1365 4388 1595 4451 coelum.
1642 4397 1696 4444 et
1736 4398 1931 4445 terram
1959 4431 1973 4456 ,
2006 4401 2061 4447 et

480 4497 671 4551 aquam
722 4498 786 4536 ex
844 4481 1030 4536 nihilo.
1096 4481 1161 4535 Et
1212 4496 1333 4535 cum
1383 4481 1556 4535 adhuc
1596 4481 1830 4535 tenebrae
1882 4486 2053 4553 ipsam

481 4588 675 4639 nquam
697 4573 1051 4639 occultarent,
1076 4584 1129 4628 et
1150 4587 1285 4643 aqua
1311 4580 1505 4628 terram
1530 4571 1909 4638 absconderet,
1933 4572 2055 4629 facti

481 4675 606 4719 sunt
632 4665 805 4735 angeli
834 4675 887 4720 et
925 4680 1113 4721 omnes
1138 4666 1386 4721 caelestes
1418 4665 1665 4729 virtutes,
1694 4672 1754 4719 ut
1781 4680 1887 4720 non
1913 4678 2059 4721 esset

482 4757 651 4808 otiosa
681 4755 773 4809 Dei
801 4756 1032 4821 bonitas,
1058 4759 1115 4827 8
1143 4756 1238 4813 sed
1262 4756 1482 4813 haberet
1514 4758 1563 4811 in
1589 4757 1777 4827 quibus
1804 4773 1899 4827 per
1922 4759 2062 4814 mul-

484 4861 533 4901 ta
559 4858 683 4901 ante
707 4849 878 4917 Spatia
906 4848 1197 4905 bonitatem
1226 4866 1376 4905 suam
1407 4852 1717 4907 ostenderet
1743 4871 1755 4905 :
1784 4866 1837 4908 et
1871 4854 1941 4908 ita
1972 4854 2060 4910 hic

484 4938 708 4994 visibilis
735 4939 966 4994 mundus
989 4955 1052 4995 ex
1095 4942 1317 4997 materia
1345 4958 1463 5012 quae
1489 4959 1515 4997 a
1547 4945 1655 4999 Deo
1680 4945 1819 5002 facta
1858 4948 2055 5013 fuerat,

483 5034 654 5087 factus
680 5044 762 5089 est
782 5042 835 5089 et
861 5044 1099 5090 ornatus.

2064 5117 2102 5134 εκ

556 5288 580 5314 α
609 5277 730 5339 513.,
760 5291 876 5330 imo
904 5291 1036 5346 quoa
1070 5276 1295 5330 omnium
1323 5280 1438 5331 erit.

555 5348 582 5385 ι’
607 5348 725 5409 Ms.,
756 5348 900 5399 data.

558 5430 578 5456 ε
609 5418 665 5472 In
695 5416 850 5471 editis
874 5415 1115 5486 sequitur
1145 5420 1254 5487 ejus
1277 5420 1408 5472 enim
1446 5437 1564 5473 caro
1596 5438 1693 5475 non
1726 5422 1843 5475 vidit
1878 5438 2058 5477 corrna

486 5493 728 5559 ptionem,
760 5501 879 5555 quas
907 5502 971 5559 ex
1005 5503 1105 5542 ms.
1132 5489 1321 5543 delevi.

550 5562 574 5596 ά
603 5557 1041 5630 Praesentisoiue,
1077 5559 1191 5611 haec
1215 5573 1276 5613 es
1309 5574 1405 5614 ms.
1439 5561 1627 5630 adjeci.

555 5641 577 5667 ε
612 5629 684 5683 Ita
710 5643 811 5681 ms.
841 5627 967 5694 Alii,
996 5628 1077 5681 isti
1104 5645 1121 5691 ;
1154 5630 1311 5682 male.

558 5699 578 5736 τ
608 5699 808 5773 Italus.
834 5698 1207 5773 Alii,_ontninm
1241 5714 1287 5753 et
1318 5701 1609 5755 retributori
1632 5706 1802 5773 justo.

554 5780 576 5819 Β
608 5768 673 5821 Et
691 5768 873 5822 iterum
901 5784 919 5823 :
954 5769 977 5822 l
989 5778 1034 5822 te
1061 5772 1109 5823 in
1132 5773 1295 5841 ἐρημίη
1325 5782 1588 5840 (sternunt,
1620 5768 1705 5843 qui
1737 5784 1952 5842 paratus
1983 5787 2054 5829 est

2674 3342 2677 3345 ,
2764 3287 2992 3343 CAPUT
3038 3284 3148 3340 XV.

2234 3387 2413 3456 Neque
2440 3385 2574 3440 duas
2602 3383 2807 3437 animas
2836 3393 2957 3434 esse
3002 3376 3233 3433 dicimus
3261 3375 3313 3429 in
3342 3386 3451 3429 uno
3479 3370 3696 3427 homine
3720 3410 3738 3434 ,

2159 3479 2296 3536 sicut
2323 3479 2551 3534 Iacobus
2576 3484 2630 3532 et
2654 3476 2742 3530 alii
2769 3473 2792 3511 κ
2814 3472 3072 3545 Syrorum
3094 3470 3452 3540 disputatores
3469 3464 3738 3535 scribunt,

2161 3586 2318 3627 unam
2349 3568 2634 3625 animalem
2657 3580 2757 3636 qua
2782 3565 3052 3618 animetur
3077 3575 3293 3630 corpus,
3324 3566 3379 3613 et
3406 3555 3647 3611 immixta
3667 3554 3740 3608 sit

2159 3662 2426 3730 sanguini,
2449 3669 2505 3714 et
2534 3657 2756 3712 alteram
2789 3654 3082 3726 spiritalem
3121 3666 3242 3722 qua:
3278 3650 3543 3705 rationem
3574 3646 3737 3701 inini-

2159 3765 2326 3820 stret;
2360 3753 2455 3809 sed
2484 3751 2708 3806 dicimus
2740 3762 2898 3802 unam
2947 3761 3064 3802 esse
3102 3743 3453 3808 eamdemque
3501 3740 3740 3795 animam

2160 3850 2214 3905 in
2238 3848 2473 3911 homine,
2505 3859 2622 3915 qua:
2665 3851 2720 3898 et
2748 3855 2940 3910 corpus
2969 3853 3064 3893 sua
3087 3836 3343 3891 societate
3370 3832 3603 3887 viviﬁeet
3624 3872 3639 3897 ,
3682 3837 3741 3884 et

2162 3943 2503 4013 semetipsum
2530 3953 2623 4004 sua
2646 3935 2853 3993 ratione
2874 3933 3144 4001 disponat,
3181 3927 3383 3983 habens
3403 3927 3458 3979 in
3482 3939 3544 3980 se
3572 3922 3740 3978 liber-

2162 4046 2323 4093 tatem
2353 4034 2582 4099 arbitrii,
2615 4041 2671 4085 ut
2701 4032 2751 4085 in
2775 4042 2887 4084 suae
2903 4022 3213 4081 substantia:
3235 4020 3397 4091 eligat
3416 4015 3740 4088 cogitatione

2161 4127 2304 4200 quod
2337 4126 2469 4180 vult.

2683 4213 2785 4284 ιο
2819 4206 3042 4266 caper
3080 4203 3221 4262 xw.

2233 4310 2414 4365 Solum
2465 4304 2737 4361 hominem
2791 4300 3059 4357 credimus
3106 4296 3306 4351 habere
3334 4291 3567 4349 animam
3604 4287 3740 4344 sub-

2163 4402 2471 4465 stantivam,
2499 4412 2617 4469 quae
2642 4402 2801 4450 exuta
2844 4404 3073 4461 corpore
3117 4387 3265 4450 vivit,
3289 4396 3344 4442 et
3369 4397 3559 4440 sensus
3606 4394 3739 4455 suos

2163 4502 2323 4563 atque
2353 4490 2563 4560 ingenia
2592 4487 2845 4541 vivaeiter
2884 4492 3050 4538 tenet.
3082 4480 3197 4536 Non
3219 4493 3341 4535 cum
3373 4488 3599 4545 corpore
3626 4487 3741 4527 mo-

2168 4587 2323 4647 ritur,
2355 4584 2493 4638 sicut
2525 4584 2719 4635 Aratus
2749 4577 2763 4612 ¹
2817 4584 2908 4631 aut
2958 4575 3217 4642 Epicurea
3272 4570 3478 4625 vanitas
3509 4564 3740 4627 asserit;

2172 4692 2344 4746 neque
2373 4684 2492 4745 post
2512 4674 2777 4729 modicum
2810 4662 3179 4730 intervallum,
3208 4667 3342 4720 sicut
3373 4663 3555 4718 Zenon
3576 4659 3741 4722 dicit,

2169 4770 2290 4823 ouis
2321 4777 2358 4803 ω
2390 4764 2812 4820 substantialiter
2843 4762 2994 4827 vivit,
3025 4768 3079 4814 et
3104 4759 3364 4813 rationem
3394 4770 3542 4810 suam
3573 4759 3741 4807 tenet.

2735 4853 2963 4910 CAPUT
3004 4850 3168 4907 XVII.

2241 4950 2567 5007 Animalium
2602 4961 2730 5003 vero
2760 4947 2952 5000 anima:
2977 4958 3084 4998 non
3114 4950 3238 4997 sunt
3261 4937 3627 5001 substantivm,
3651 4934 3745 4990 sed

2166 5059 2289 5100 cum
2319 5055 2481 5096 carne
2510 5041 2623 5109 ipsa
2665 5048 2691 5074 η
2718 5037 2896 5093 carnis
2928 5037 2981 5090 in
3023 5033 3301 5089 nativitate
3350 5036 3661 5092 nascuntur,
3696 5039 3744 5083 et

2176 5282 2382 5336 diabolo
2406 5291 2451 5336 et
2472 5280 2664 5352 angelis
2682 5282 2813 5351 ejus.
2838 5277 2911 5333 Ita
2942 5291 3044 5333 ms.
3068 5276 3190 5333 cod.
3222 5274 3583 5333 Florentinus.
3666 5293 3679 5303 ο

2240 5354 2267 5391 ιι
2303 5354 2399 5406 Ms.
2431 5367 2534 5406 non
2569 5352 2725 5405 habet
2754 5352 2826 5404 in.

2248 5423 2261 5458 ί
2295 5422 2390 5476 Ms.
2424 5422 2569 5477 delet
2592 5422 2892 5475 necessaria.

2245 5493 2259 5541 i
2306 5493 2530 5562 Vulgati,
2553 5492 2890 5546 seminantur.

2192 5576 2196 5580 '
2244 5562 2264 5598 ¹ι
2307 5554 2558 5630 Syrorum
2584 5561 2958 5629 disputatores;
2985 5561 3056 5617 ita
3084 5576 3187 5616 ms.
3216 5559 3339 5617 cod.
3380 5554 3743 5616 Florentium.

2249 5632 2261 5668 ¹
2300 5632 2422 5686 IIth
2453 5642 2541 5685 aut
2572 5631 2822 5701 Epicurea
2853 5635 3049 5687 vanitas
3076 5647 3141 5688 es
3171 5647 3274 5687 ms.
3303 5630 3502 5688 addidi.

2242 5713 2279 5737 η’
2314 5704 2383 5755 Ita
2414 5718 2512 5756 ms.
2542 5702 2665 5756 cod.
2696 5701 3056 5758 Florentinus.

2246 5782 2269 5808 η
2294 5773 2365 5828 Ita
2388 5786 2487 5827 ms.
2522 5772 2645 5830 Alii.
2679 5773 2846 5827 carnis
2872 5775 3153 5829 vivacitate.
