4096 6342
389 363 488 416 ε)Ηῦ

1298 360 1381 414 DE
1420 355 1972 416 ECCI-ES|ASTICIS
2015 355 2449 418 DOGMATIBUS
2491 362 2710 418 LIBER.

3536 367 3642 423 980

389 486 504 524 cum
535 477 903 528 caruismorte
935 469 1184 523 finiuntur
1207 480 1258 523 et
1290 471 1610 534 moriuntur,
1637 482 1689 526 et
1710 471 1830 526 ideo
1859 485 1956 526 nec
1986 470 2033 527 A
2064 476 2259 544 adepto
2306 479 2494 532 salutis
2524 494 2766 543 munere,
2809 477 3182 534 sollicitudinis
3224 487 3419 534 nostra:
3468 490 3548 535 est
3585 493 3640 538 et

391 562 592 616 ratione
623 571 905 629 reguntur,
942 570 965 597 ι
996 576 1092 616 nec
1131 563 1344 628 vivunt,
1396 563 1535 618 sicut
1565 563 1715 618 Plato
1753 573 1808 619 et
1835 563 1960 617 Ale-

390 656 588 711 xander
615 653 641 692 ιι
671 664 874 724 putant,
905 655 1000 710 sed
1046 656 1110 711 ad
1154 657 1327 712 omnia
1376 667 1579 712 naturtc
1613 658 1954 713 incitamenta

386 749 666 803 ducuntur.

936 841 1160 900 CAPUT
1200 841 1384 896 XVIII.

456 937 644 990 Anima
694 938 919 990 humana
977 952 1080 989 non
1129 951 1250 990 cum
1281 952 1443 992 carne
1495 937 1742 1002 moritur,
1784 947 1805 974 ο
1838 925 1957 1006 quia

383 1044 488 1084 non
521 1044 638 1083 cum
664 1033 872 1095 fcarne,
917 1038 972 1082 ut
1005 1031 1250 1098 superius
1292 1029 1543 1091 diximus,
1572 1026 1598 1064 ἀ
1633 1030 1954 1094 seminatur;

382 1121 473 1175 sed
510 1119 734 1175 formato
785 1120 836 1174 in
885 1129 1069 1174 ventre
1110 1121 1294 1174 matris
1332 1135 1581 1189 corpore,
1627 1120 1717 1174 Dei
1756 1120 1958 1188 judicio

381 1211 592 1265 creatur
619 1221 670 1265 et
703 1210 1018 1273 infunditur,
1066 1219 1122 1265 ut
1151 1211 1294 1264 vivat
1339 1209 1498 1265 homo
1526 1211 1668 1266 intus
1700 1212 1751 1265 in
1783 1219 1954 1273 utero,

381 1317 433 1362 et
455 1308 531 1361 sic
563 1307 808 1375 procedat
845 1305 1124 1360 uativitate
1153 1307 1202 1358 in
1235 1305 1508 1359 mundum.

955 1394 1181 1450 CAPUT
1232 1394 1366 1448 XIX.

451 1486 666 1541 Duabus
692 1485 1004 1541 substantiis
1034 1494 1235 1539 tantum
1263 1493 1469 1538 constat
1494 1483 1674 1550 homo,
1699 1484 1874 1539 anima
1902 1493 1957 1539 et

383 1589 406 1616 ε
434 1593 682 1646 corpore.
726 1577 915 1632 Anima
949 1591 1067 1630 cum
1117 1577 1323 1630 ratione
1349 1579 1446 1647 ιι
1473 1591 1566 1629 sua
1588 1618 1602 1642 ,
1635 1584 1689 1630 et
1728 1591 1956 1645 corpore

377 1684 496 1722 cum
525 1667 770 1722 sensibus
795 1669 906 1721 suis
941 1664 982 1719 τ.
1013 1667 1155 1734 Quos
1187 1677 1361 1720 tamen
1394 1681 1581 1721 sensus
1611 1666 1810 1736 absque
1833 1667 1954 1720 ani-

379 1774 480 1814 mze
520 1760 778 1814 societate
831 1774 936 1812 non
973 1767 1149 1812 movet
1181 1768 1204 1805 8
1248 1773 1465 1828 corpus.
1517 1758 1708 1814 Anima
1741 1773 1868 1814 vero
1901 1768 1957 1814 et

376 1847 404 1888 δ
436 1851 552 1907 sine
578 1866 802 1920 corpore
819 1851 1081 1906 rationale
1107 1865 1261 1904 suum
1286 1859 1450 1905 tenet.

473 1971 493 1996 ο
968 1942 1193 1999 CAPUT
1233 1943 1353 1998 XX.

446 2039 560 2093 Non
585 2049 667 2094 est
703 2038 717 2076 ί
749 2038 936 2094 tertius
964 2039 1014 2092 in
1046 2038 1341 2093 substantia
1375 2037 1608 2093 hominis
1641 2039 1654 2088 i
1697 2039 1916 2109 spiritus
1937 2084 1950 2107 ,

375 2143 514 2188 sicut
539 2131 795 2203 Didymus
815 2131 1109 2196 contendit,
1140 2130 1232 2185 sed
1273 2130 1495 2200 spiritus
1527 2131 1638 2200 ipsa
1668 2140 1749 2185 est
1777 2131 1953 2186 anima

377 2235 472 2290 pro
498 2221 722 2289 spiritali
765 2230 974 2285 natura,
1008 2220 1088 2273 vel
1130 2234 1226 2289 pro
1257 2233 1322 2274 eo
1353 2219 1495 2286 quod
1541 2221 1708 2288 spiret
1739 2221 1789 2273 in
1834 2234 1954 2275 cor-

378 2329 505 2383 pore
536 2313 752 2384 spiritus
783 2314 1098 2384 appellatur.
1133 2314 1321 2368 Anima
1363 2330 1489 2369 vero
1518 2330 1582 2369 ex
1613 2330 1680 2371 eo
1706 2325 1947 2382 vocatur,

375 2406 512 2476 quod
537 2406 600 2460 ad
626 2407 907 2460 vivendum
933 2407 1014 2461 vel
1037 2406 1102 2460 ad
1120 2407 1492 2462 vivificandum
1517 2408 1715 2462 animet
1734 2423 1950 2478 corpus.

375 2499 587 2556 'I‘ertius
617 2514 742 2554 vero
794 2485 882 2569 qui
913 2499 980 2553 ab
1027 2499 1282 2568 Apostolo
1311 2498 1363 2570 (Ι
1399 2499 1577 2555 Thess.
1609 2516 1646 2566 ι,
1689 2500 1781 2570 22)
1830 2515 1950 2554 cum

375 2593 550 2646 anima
581 2601 637 2646 et
657 2606 882 2660 corpore
910 2591 1177 2646 inducitur
1201 2591 1441 2661 Spiritus,
1471 2592 1697 2662 gratiam
1723 2592 1954 2661 Spiritus

375 2686 544 2740 sancti
567 2701 685 2740 esse
712 2685 1092 2754 intelligamus,
1125 2699 1282 2750 quam
1313 2693 1432 2739 urat
1469 2685 1756 2753 Apostolus
1786 2695 1836 2739 ut
1869 2702 1952 2739 lno

375 2786 517 2845 tegra
548 2785 854 2844 perseveret
881 2777 931 2829 in
961 2776 1134 2840 nobis,
1170 2790 1237 2829 nc
1264 2786 1447 2829 nostro
1468 2776 1596 2830 vitio
1625 2784 1716 2830 aut
1746 2777 1953 2830 minua-

375 2879 482 2933 tur,
514 2881 603 2923 aut
650 2868 857 2937 fugetur
887 2883 915 2923 a
961 2869 1134 2935 nobis,
1165 2869 1284 2939 quia
1317 2869 1549 2938 Spiritus
1574 2879 1790 2925 sanctus
1817 2869 1952 2924 etfu-

374 2963 480 3030 giet
508 2961 684 3015 Ilctum
721 2960 873 3030 (Sap.
901 2976 937 3027 ι,
967 2960 1042 3029 4).

958 3050 1186 3108 CAPUT
1226 3051 1365 3106 XXI.

447 3145 698 3198 Libertati
730 3145 935 3199 arbitrii
978 3145 1058 3198 sui
1111 3145 1432 3198 commissus
1462 3151 1544 3198 est
1574 3143 1734 3198 homo
1773 3141 1948 3197 statim

2065 565 2301 621 celestis
2326 569 2526 636 pariter
2551 569 2834 638 adjutorii;
2859 579 2915 624 ut
2947 570 3207 635 labamur,
3239 573 3517 640 potestatis
3548 586 3642 626 no-

2064 666 2190 713 stra:
2215 667 2295 713 est
2313 669 2366 714 et
2395 660 2615 729 ignavia:
2643 671 2697 714 P:
2733 677 2836 716 non
2869 671 3046 717 tamen
3068 662 3133 716 ad
3156 663 3497 717 obtinendam
3529 665 3644 719 sine

2066 750 2179 814 illo,
2208 753 2297 821 qui
2349 743 2650 822 quaerentes
2700 753 2824 808 facit
2869 754 3144 820 invenire,
3193 754 3282 824 qui
3311 755 3644 823 pulsantibus

2063 841 2264 910 aperit,
2311 843 2400 911 qui
2448 843 2752 911 petentibus
2781 843 2946 899 donat
2991 843 3207 912 (Matth.
3249 859 3354 910 vii,
3387 845 3462 913 7).
3495 843 3645 899 Sicut

2062 947 2190 1002 ergo
2234 933 2444 987 initium
2477 934 2664 988 salutis
2697 943 2894 989 nostra:
2925 935 3035 990 Deo
3065 935 3355 990 miserante
3383 944 3436 989 et
3479 935 3644 1004 inspi-

2063 1032 2214 1078 rante
2261 1024 2460 1078 habere
2511 1039 2608 1078 nos
2654 1025 2956 1092 credimus,
3009 1027 3078 1080 ita
3117 1026 3392 1080 arbitrium
3444 1039 3642 1081 nostra:

2062 1125 2268 1170 natura:
2295 1131 2492 1187 sequax
2523 1118 2643 1173 esse
2666 1118 2862 1172 divina:
2892 1117 3256 1188 inspirationis
3286 1117 3450 1174 libere
3469 1119 3639 1174 confl-

2063 1215 2242 1262 temur
3330 1265 3334 1269 .

2135 1311 2163 1350 ει
2193 1299 2356 1370 Igitur
2386 1309 2443 1355 ut
2474 1316 2578 1356 non
2607 1301 2847 1358 labamur
2876 1317 2906 1356 a
2949 1301 3092 1358 bono
3137 1301 3220 1357 vel
3271 1308 3508 1367 naturai,
3553 1301 3638 1356 vel

2060 1392 2259 1457 meriti,
2309 1392 2683 1448 sollicitudinis
2712 1403 2919 1462 nostra:
2951 1403 3034 1449 est
3071 1401 3128 1448 et
3163 1392 3397 1449 caelestis
3439 1391 3640 1462 pariter

2061 1483 2308 1554 adjutorii
2335 1501 2348 1550 ;
2384 1494 2440 1540 ut
2469 1487 2729 1550 labamur,
2758 1486 3039 1556 potestatis
3060 1495 3256 1542 nostra:
3285 1495 3340 1543 et
3366 1485 3610 1556 ignavia.

2566 1580 2665 1650 13
2703 1578 2929 1636 CAPUT
2975 1579 3142 1634 χχιι.

2132 1666 2465 1723 Firmissime
2490 1669 2813 1725 credendum
2844 1679 2928 1725 est
2963 1671 3014 1724 in
3045 1668 3482 1739 praevaricatione
3507 1667 3637 1724 Adae

2061 1775 2248 1816 omnes
2274 1761 2519 1817 homines
2549 1764 2843 1817 naturalem
2874 1762 3277 1834 possibilitatem
3299 1770 3356 1817 et
3380 1763 3637 1816 innocen-

1985 1848 2035 1909 B
2064 1853 2190 1907 tiam
2222 1853 2520 1922 perdidisse
2549 1872 2558 1905 :
2591 1864 2644 1908 et
2669 1855 2936 1908 neminem
2969 1855 3037 1909 de
3067 1853 3330 1923 profundo
3360 1853 3501 1908 illius
3528 1853 3637 1908 rui-

2060 1961 2142 1999 nte
2171 1961 2265 2015 per
2303 1945 2530 2000 liberum
2585 1947 2861 2002 arbitrium
2926 1962 3083 2016 posse
3125 1962 3492 2018 consurgere,
3536 1945 3637 2001 nisi

2062 2053 2183 2090 eum
2234 2038 2404 2106 gratia
2439 2037 2528 2091 Dei
2578 2040 2888 2094 miserantis
2940 2040 3208 2094 erexerit:
3241 2039 3464 2094 liberum
3493 2037 3638 2094 enim

2058 2129 2334 2183 arbitrium
2366 2129 2456 2183 ille
2490 2145 2772 2199 perpessus
2795 2176 2808 2198 ,
2861 2131 2987 2186 dum
3020 2133 3132 2185 suis
3157 2131 3508 2186 inconsultius
3531 2131 3638 2185 uti-

2060 2231 2143 2274 tur
2173 2231 2195 2258 τ
2226 2222 2400 2284 bonis.
2434 2223 2631 2277 cadens
2664 2225 2715 2277 in
2751 2225 3214 2293 praevaricationis
3235 2224 3518 2296 profunda,
3544 2224 3639 2279 de-

2059 2327 2266 2367 mersus
2293 2321 2404 2376 est;
2432 2323 2484 2368 ct
2515 2314 2643 2371 nihil
2693 2315 3143 2384 quemadmodum
3193 2315 3385 2370 exinde
3416 2329 3638 2384 surgere

2060 2415 2240 2474 posset
2267 2407 2491 2472 invenit,
2513 2422 2715 2476 suaque
2737 2407 2792 2461 in
2810 2416 3070 2462 internum
3090 2407 3335 2463 libertate
3355 2407 3633 2476 deceptus,

2059 2497 2217 2567 hujus
2249 2500 2399 2553 ruina
2424 2497 2671 2555 latuisset
2689 2513 2998 2570 oppressus,
3026 2499 3129 2554 nisi
3157 2514 3278 2554 eum
3299 2509 3417 2570 post
3436 2499 3635 2554 Christi

2060 2604 2156 2658 pro
2182 2605 2276 2644 sua
2295 2591 2464 2658 gratia
2496 2591 2786 2645 relevasset
2813 2590 3098 2655 adventus,
3130 2592 3219 2660 qui
3247 2604 3346 2661 per
3375 2606 3525 2646 nova:
3551 2605 3636 2644 re-

2057 2683 2414 2752 generationis
2459 2683 2881 2752 purifleationem
2905 2699 3064 2739 omne
3099 2686 3425 2755 praeteritum
3449 2685 3635 2741 vitium

2059 2776 2138 2828 sui
2171 2773 2504 2845 baptismatis
2528 2774 2741 2829 lavacro
2767 2777 3034 2845 purgavit.

2614 2865 2842 2921 CAPUT
2895 2865 3060 2922 XXIII

2129 2954 2408 3010 Neminem
2437 2969 2557 3010 esse
2587 2970 2683 3024 per
2714 2957 3061 3026 semetipsum
3089 2957 3313 3027 bonum,
3346 2959 3446 3014 nisi
3475 2959 3636 3029 partio

2058 3047 2378 3118 cipationem
2408 3047 2487 3102 sui
2522 3046 2608 3101 ille
2636 3056 2657 3081 ·
2693 3049 2993 3113 donaverit,
3027 3049 3114 3118 qui
3145 3049 3292 3104 solus
3321 3059 3403 3105 est
3444 3050 3635 3106 bonus.

2618 3137 2846 3194 CAPUT
2884 3140 3075 3196 XXIV.

375 3239 426 3290 in
469 3237 634 3305 prima
662 3235 684 3272 ιι
710 3235 897 3289 mundi
950 3235 1282 3300 conditione,
1317 3244 1374 3289 ut
1416 3234 1426 3271 ¹
1482 3237 1627 3289 salva
1682 3235 1952 3304 vigilantia
1977 3220 2026 3284 C
2131 3230 2409 3288 Neminem
2441 3231 2601 3286 etiam
2628 3231 2963 3301 baptismatis
2992 3233 3160 3302 gratia
3185 3243 3496 3290 renovatum
3527 3235 3637 3290 ido-

375 3329 568 3382 mentis
592 3338 627 3363 η·
655 3328 926 3382 adnitente
954 3325 1113 3382 etiam
1137 3335 1162 3361 η
1195 3327 1246 3378 Ῑιι
1280 3327 1532 3395 [ιι-ωςθριί
1564 3325 1800 3380 custodia
1835 3341 1951 3394 per-

375 3429 666 3484 severaret,
693 3420 735 3472 si
778 3419 954 3484 vellet,
982 3419 1033 3471 in
1058 3433 1122 3471 eo
1144 3416 1285 3487 quod
1308 3427 1519 3471 ereatus
1547 3417 1719 3472 fuerat
1743 3432 1954 3485 perma-

375 3527 518 3566 nere.
559 3511 842 3580 Postquam
875 3524 1000 3563 vero
1031 3508 1346 3563 seductione
1375 3511 1642 3577 serpentis
1664 3523 1757 3578 per
1785 3508 1950 3564 Evam

376 3607 563 3660 cecidit
595 3605 746 3675 (Gen.
777 3620 853 3668 Ill,
885 3606 961 3670 6,),
1008 3611 1210 3657 natura:
1242 3602 1438 3657 bonum
1471 3603 1722 3673 perdidit,
1752 3605 1954 3673 pariter

376 3709 426 3751 et
457 3698 694 3766 vigorem
722 3695 925 3750 arbitrii
953 3711 967 3758 ;
1001 3709 1106 3749 non
1138 3704 1312 3748 tamen
1342 3695 1660 3749 electionem
1689 3737 1704 3758 .
1751 3711 1818 3750 ne
1844 3711 1952 3750 non

377 3799 520 3844 esset
565 3804 716 3842 Suum
749 3786 888 3856 quod
921 3795 945 3822 ο
975 3786 1202 3842 evitaret
1239 3789 1338 3857 12
1376 3797 1676 3856 peccatum,
1711 3801 1809 3842 nec
1840 3803 1956 3842 me-

377 3885 479 3939 rito
510 3883 872 3952 indulgeretur
921 3880 1061 3950 quod
1091 3894 1196 3934 non
1225 3879 1444 3934 arbitrio
1465 3880 1729 3934 diluisset.
1778 3881 1958 3936 Manet

375 3976 554 4045 itaque
576 3975 639 4029 ad
663 3972 1000 4044 qnzcrendam
1027 3971 1251 4026 salutem
1276 3971 1482 4026 arbitrii
1509 3971 1745 4040 libertas,
1772 3972 1822 4025 id
1851 3982 1952 4032 est.

379 4065 652 4120 rationalis
677 4064 942 4130 voluntas,
975 4063 1069 4117 sed
1097 4062 1421 4118 admonente
1447 4063 1594 4132 prius
1625 4063 1754 4128 Deo,
1787 4073 1842 4118 et
1873 4064 1956 4119 in-

378 4161 576 4213 vitante
605 4157 668 4212 atl
698 4158 962 4222 salutent,
995 4166 1051 4210 ut
1079 4155 1162 4210 vel
1192 4154 1383 4225 eligat,
1413 4156 1495 4210 vel
1545 4164 1828 4226 sequatur,
1870 4157 1954 4211 vel

378 4263 498 4321 agat
525 4251 806 4305 occasione
848 4250 1058 4314 salutis,
1107 4249 1205 4303 hoc
1227 4258 1329 4315 est,
1365 4249 1714 4319 inspiratione
1741 4251 1852 4304 Dei.
1889 4251 1959 4305 Ut

377 4354 552 4399 autem
602 4354 960 4414 consequatur
989 4342 1130 4413 quod
1182 4342 1358 4413 eligit,
1406 4346 1486 4397 vel
1519 4345 1658 4414 quod
1691 4347 1951 4416 sequitur,

377 4438 458 4490 vel
491 4435 628 4505 quod
658 4436 939 4490 occasione
969 4437 1096 4504 agit,
1134 4434 1224 4489 Dei
1256 4448 1376 4489 esse
1403 4434 1571 4490 libere
1611 4437 1955 4492 conﬁtemur.

381 4527 589 4579 Initium
620 4542 745 4595 ergo
773 4527 955 4581 stlutis
979 4536 1174 4580 nostra!
1205 4525 1314 4580 Deo
1344 4527 1630 4581 miserante
1655 4528 1950 4592 habemus;

378 4624 435 4670 ut
457 4615 855 4684 acquiescamus
877 4617 1161 4670 salutifera:
1185 4618 1549 4686 iuspirationi,
1581 4631 1773 4674 nostra:
1804 4631 1956 4690 pote-
1987 4597 2037 4658 θ

375 4708 528 4761 statis
549 4716 658 4770 est;
683 4713 740 4758 ut
757 4707 1110 4774 adipiscamur
1131 4708 1272 4776 quod
1300 4711 1688 4778 acquiescendo
1717 4714 1960 4768 admoni—

377 4797 506 4853 tioni
536 4799 802 4866 cupimus,
829 4797 992 4852 divini
1017 4808 1094 4852 est
1125 4799 1393 4862 muneris;
1421 4810 1476 4854 ut
1497 4817 1599 4856 non
1632 4805 1870 4860 Iahamur
1898 4811 1950 4864 in

448 4988 471 5014 η
506 4978 678 5032 Voces
700 4993 790 5032 nec
817 4977 983 5030 vivunt
1004 4990 1070 5030 ex
1103 4989 1202 5030 ms.
1239 4975 1556 5045 desumptae.

444 5049 471 5087 δ
496 5049 590 5104 Ms.
603 5095 617 5118 ,
645 5050 928 5118 disputant.

450 5131 471 5158 ⁸
499 5119 620 5188 Ms.,
651 5122 772 5189 quia
803 5136 890 5172 nec
919 5119 1106 5172 carnis.

444 5190 469 5227 (³
502 5192 624 5256 Ms.,
656 5207 824 5243 semen
867 5201 957 5243 est.

449 5273 472 5297 ε
499 5261 594 5315 IIic
621 5269 672 5316 et
699 5260 832 5313 infra
864 5275 964 5313 ms.
1001 5259 1158 5314 habet
1178 5275 1328 5312 carne
1351 5274 1443 5327 pro
1475 5277 1706 5330 corpore.

451 5330 470 5368 ί
501 5331 598 5385 Ms.
642 5330 827 5384 addit:
865 5332 915 5381 id
963 5345 1034 5382 est
1067 5333 1202 5394 risu,
1238 5332 1453 5395 auditu,
1507 5349 1680 5401 gustu,
1717 5337 1958 5406 odoratu,

378 5413 536 5459 tactu.

450 5484 472 5517 α
503 5474 620 5538 Ms.,
653 5488 790 5524 caro.

446 5544 472 5619 ξι
501 5547 628 5619 _.'l_ls.,
651 5547 928 5619 sinecqrne
951 5543 1193 5597 rationem
1217 5563 1359 5600 suam
1389 5549 1632 5619 integrant
1662 5559 1814 5605 tenet.

457 5616 465 5650 ί
499 5615 618 5680 Ms.,
651 5614 872 5666 tertium.

452 5689 463 5734 i
503 5686 571 5738 ιιι.
603 5700 702 5737 ins.
729 5684 854 5747 Alii,
885 5685 1136 5753 spiritum.

449 5757 468 5792 ¹ί
501 5757 606 5808 Vox
642 5757 819 5806 mundi
845 5755 1057 5808 additur
1081 5771 1143 5809 ex
1175 5775 1269 5812 nis.

456 5828 466 5866 ¹
503 5827 574 5879 Ita
606 5841 703 5880 nis.
741 5827 862 5885 Alii.
890 5826 1050 5879 ωιτη.

2059 3339 2215 3380 neum
2233 3339 2354 3380 esse
2369 3326 2434 3379 ad
2461 3324 2792 3394 superandas
2813 3324 3008 3379 diaboli
3039 3325 3257 3380 insidias
3277 3334 3330 3380 et
3355 3325 3420 3380 ad
3463 3330 3480 3364 ι
3521 3328 3638 3380 vin-

2058 3420 2258 3475 cendas
2283 3420 2460 3474 carnis
2487 3419 2979 3488 concupiscentias,
3011 3418 3114 3473 nisi
3145 3434 3240 3489 per
3269 3418 3637 3488 quotidianum

2056 3510 2380 3581 adjutorium
2416 3511 2507 3566 Dei
2539 3510 2990 3580 perseverantiam
3036 3509 3189 3565 bonae
3213 3510 3638 3566 conversationis

2059 3603 2350 3673 acceperit.

2569 3696 2670 3768 ιιι
2706 3695 2934 3752 υΑΡυτ
2979 3695 3144 3750 xxv.
3233 3693 3240 3700 '

2129 3787 2283 3855 Quod
2318 3797 2477 3844 nemo
2498 3789 2599 3842 nisi
2623 3796 2650 3823 ιι
2681 3802 2778 3857 per
2805 3787 3080 3842 Christum
3106 3787 3276 3841 libero
3298 3787 3436 3842 bene
3467 3795 3641 3840 utatur

2059 3883 2306 3946 arbitrio,
2339 3883 2478 3936 idem
2517 3881 2772 3950 magister
2825 3880 2877 3934 in
2918 3881 3140 3949 epistola
3173 3880 3237 3934 ad
3279 3880 3641 3934 Milevitanum

2060 3974 2346 4029 concilium
2379 3973 2502 4028 data
2553 3972 2829 4041 praadicat,
2863 3972 3088 4026 dicens:
3130 3971 3364 4025 Advorte
3405 3970 3641 4035 tandem,

2060 4082 2094 4122 o
2122 4067 2560 4135 pravissimarum
2586 4064 2845 4119 mentium
2880 4073 2907 4102 ν
2935 4077 3185 4134 perversa
3210 4063 3472 4130 doctrina,
3501 4061 3643 4132 quod

2061 4159 2292 4228 primum
2321 4157 2596 4212 hominem
2628 4156 2698 4210 ita
2725 4156 2945 4210 libertas
2993 4155 3108 4223 ipsa
3139 4154 3380 4224 decepit.
3414 4163 3469 4207 ut
3516 4153 3644 4207 dum

2061 4249 2423 4320 indulgentius
2453 4248 2621 4303 frenis
2660 4246 2777 4317 ejus
2829 4246 3015 4312 utitur,
3062 4246 3116 4300 in
3153 4245 3644 4316 pravaricationem

2061 4347 2485 4416 praesumptione
2513 4341 2792 4397 incideret.
2824 4340 2931 4395 Nec
2955 4355 3021 4395 ex
3051 4340 3150 4395 hac
3175 4341 3345 4409 potuit
3366 4339 3509 4400 erui.
3537 4339 3640 4393 nisi

2060 4440 2107 4493 ei
2137 4437 2469 4508 providentia
2497 4434 2920 4505 regenerationis
2958 4441 3154 4487 statum
3193 4432 3430 4500 pristina:
3467 4431 3633 4486 liber-

2063 4533 2188 4587 tatis
2219 4528 2421 4585 Christi
2449 4527 2659 4583 Domini
2683 4525 3028 4581 reformasset
3058 4525 3340 4580 adventus.

2634 4615 2859 4672 CAPUT
2896 4613 3083 4668 XXVI.

2140 4716 2293 4786 Quod
2322 4712 2500 4769 omnia
2529 4708 2702 4764 studia
2732 4717 2785 4762 et
2813 4705 2990 4760 omnia
3017 4720 3178 4775 opera
3207 4715 3269 4759 ac
3297 4705 3484 4759 merita
3527 4719 3642 4758 san-

2071 4823 2279 4868 ctorum
2311 4806 2377 4860 ad
2410 4804 2502 4858 Dei
2551 4801 2774 4872 gloriam
2808 4799 3126 4869 laudemque
3157 4798 3438 4854 referenda
3465 4809 3485 4834 ι
3516 4800 3644 4864 sint,

2136 4998 2174 5023 ιη
2204 4987 2276 5040 Ita
2307 4999 2408 5040 ms.
2445 4982 2569 5046 Alii,
2594 4981 2909 5044 admittente,
2945 4979 3102 5034 male.

2134 5067 2163 5094 ιι
2188 5059 2310 5123 Alii,
2342 5056 2600 5124 praecepti.

2144 5139 2165 5162 "
2187 5129 2295 5198 iMs.
2307 5169 2321 5192 ,
2350 5127 2659 5198 emendaret,

2143 5209 2168 5246 Ρ
2188 5192 2299 5253 Με.
2328 5197 2478 5251 addit
2504 5197 2555 5248 id
2582 5207 2662 5252 est
2685 5193 3001 5246 ra’-'onabilis
3038 5192 3325 5245 voluntatis.

2142 5279 2167 5316 οι
2214 5269 2337 5323 Hinc
2390 5267 2639 5319 videntur
2700 5265 2973 5316 abundare
3027 5273 3079 5315 et
3134 5274 3256 5315 sunt
3308 5261 3537 5315 tollenda
3593 5272 3646 5318 ut

2069 5354 2272 5395 SDUI’Ia.

2102 5355 2272 5464 minii).
2293 5409 2502 5464 collect.
2525 5404 2885 5460 Conciliornm
2916 5403 3100 5458 Isidori
3128 5403 3454 5466 Mercatoris,
3481 5404 3646 5458 donis.

2105 5529 2121 5544 ,
2153 5493 2171 5515 ⁵
2208 5480 2466 5541 Isidorus,
2497 5478 2668 5530 donet.

2152 5554 2168 5586 ‘
2207 5550 2371 5613 Idem,
2407 5550 2726 5602 evincendas.

2143 5629 2169 5656 “
2203 5621 2370 5685 Idem,
2399 5637 2487 5690 per
2516 5621 2732 5689 gratiam
2767 5618 2975 5672 Christi.

2145 5702 2168 5726 ν
2205 5693 2276 5746 Ita
2306 5700 2452 5745 recte
2479 5690 2734 5744 Isidorus.

2150 5772 2168 5797 ³
2199 5762 2450 5828 Isidorus,
2478 5771 2613 5815 sunt.
