4096 6342
452 382 555 439 987

1655 370 1977 428 GENNADII
2018 369 2483 429 MASSILIENSIS
2518 365 2524 369 ’

3607 381 3736 437 988

448 498 570 567 quia
600 510 757 551 nemo
796 492 1006 547 aliunde
1048 491 1098 547 ei
1128 490 1353 560 placeat,
1391 488 1491 545 nisi
1535 506 1600 544 ex
1630 503 1693 544 eo
1720 489 1859 558 quod
1911 488 2025 556 ipse
2054 468 2102 544 Ᾰ
2136 493 2231 557 bus
2256 478 2489 545 'donetur
2517 492 2669 557 fides,
2714 479 2785 547 ut"
2816 484 3110 549 idololatrze
3149 509 3214 548 an
3264 511 3369 565 imp
3392 500 3549 551 elati;
3600 513 3735 553 sua:

448 589 758 647 donaverit:
789 587 839 640 in
871 600 1026 655 quam
1057 599 1153 639 nos
1175 574 1499 640 sententiam
1528 583 1711 653 dirigit
1749 583 1915 637 beata:
1946 598 2024 636 re-

447 681 768 738 c0rdationis
807 692 956 748 papre
1003 677 1201 732 Zosimi
1224 677 1487 745 regularis
1537 678 1824 731 auctoritas
1850 716 1866 740 ,
1900 690 2019 728 cum

448 774 686 832 scribens
724 770 790 825 ad
839 773 1000 825 totius
1033 770 1179 824 orbis
1220 770 1501 839 episcopos
1543 770 1654 823 ait:
1688 768 1794 823 Nos
1845 777 2021 822 autem

448 868 698 922 instinctu
726 863 817 918 Dei
848 861 1048 935 (omnia
1075 862 1217 916 enim
1246 862 1384 917 bona
1429 862 1496 916 ad
1545 871 1817 917 auctorem
1862 877 2016 916 suum

445 957 725 1016 referenda
749 966 871 1010 sunt
902 955 1041 1009 unde
1068 954 1402 1023 nascuntur),
1432 955 1496 1009 ad
1519 953 1741 1009 fratrum
1758 964 1813 1010 et
1833 958 2019 1025 coepi-

447 1065 728 1121 scoporum
767 1058 1068 1103 nostrorum
1111 1046 1491 1101 conscientiam
1534 1047 1780 1101 universa
1832 1049 2026 1103 retuli-

445 1156 583 1199 mus.
616 1141 764 1195 IIunc
791 1150 966 1195 autem
1003 1154 1304 1199 sermonem
1356 1139 1732 1193 sincerissima:
1779 1142 2024 1195 veritatis

448 1239 566 1294 luce
610 1237 906 1291 radiantem
941 1241 1088 1288 tanto
1118 1234 1228 1288 Afri
1258 1233 1491 1302 episcopi
1526 1233 1734 1289 honore
1780 1234 2020 1288 venerati

446 1341 591 1397 sunt,
614 1339 672 1385 ut
694 1334 763 1385 ita
792 1329 856 1382 ad
874 1328 1124 1383 eumdem
1154 1327 1321 1380 virum
1346 1335 1369 1361 ἰ
1391 1327 1687 1381 scriberent
1712 1344 1723 1379 :
1759 1329 1858 1397 15
1889 1326 2020 1381 Illud

448 1438 581 1491 vero
608 1421 750 1492 quod
783 1422 836 1474 in
867 1419 1056 1473 litteris
1107 1433 1240 1486 quas
1287 1418 1352 1471 ad
1400 1418 1671 1471 universas
1724 1420 2022 1485 provincias

448 1513 645 1569 curasti
689 1526 808 1565 esse
857 1508 1143 1563 mittendas
1183 1508 1424 1576 posuisti,
1456 1509 1675 1563 dicens:
1706 1508 1816 1563 Nos
1843 1519 2019 1566 tamen

449 1604 705 1660 instinctu
726 1601 841 1665 Dei,
862 1610 992 1666 etc.,
1022 1598 1098 1653 sic
1121 1599 1412 1667 accipimus
1438 1598 1665 1665 dictum,
1702 1612 1755 1654 ut
1786 1601 1905 1655 illos
1930 1602 2020 1671 qui

449 1704 637 1753 contra
666 1693 758 1749 Dei
784 1692 1106 1762 adjutorium
1153 1692 1415 1745 extollunt
1461 1691 1677 1745 humani
1701 1692 1906 1747 arbitrii
1953 1694 2019 1746 Ii-

451 1791 752 1859 bertatem,
803 1785 1046 1842 districto
1096 1784 1294 1857 gladio,
1331 1784 1567 1838 veritatis
1621 1785 1768 1839 velut
1818 1788 2016 1841 cursim
2050 1823 2073 1859 A~

2130 584 2423 640 liberentur
2447 587 2738 652 erroribus,
2764 589 2862 659 17
2886 596 2943 643 ut
2964 588 3181 655 Iuda-is,
3210 590 3386 644 ablato
3406 592 3584 646 cordi:
3619 609 3638 643 \
3657 612 3731 644 ιρι

2128 677 2347 741 Iamine,
2375 679 2460 733 lux
2485 681 2724 735 veritatis
2755 692 3028 749 appareat,
3075 692 3131 735 ut
3165 681 3399 736 haeretici
3430 684 3729 737 catholica:

2130 769 2251 824 fidei
2279 773 2622 840 perceptione
2655 773 2989 841 resipiscant,
3017 785 3069 825 ut
3098 774 3420 828 schismatici
3448 774 3725 841 Spiritum

2126 862 2376 916 rediviva:
2405 864 2642 917 caritatis
2682 864 2962 932 accipiant,
2993 872 3048 918 ut
3077 865 3241 932 lapsis
3266 865 3591 933 poenitentia:
3625 881 3726 921 re-

2129 953 2303 1007 media
2345 954 2709 1022 conferantur,
2744 964 2801 1009 ut
2826 956 3055 1025 denique
3090 956 3488 1013 catechumenis
3524 959 3589 1013 ad
3623 976 3687 1016 re

2126 1049 2487 1117 generationis
2516 1058 2847 1101 sacramenta
2881 1048 3168 1117 perductis,
3215 1050 3451 1105 caelestis
3495 1053 3715 1107 miseri-

2125 1138 2323 1191 cardine
2354 1139 2470 1192 aula
2508 1137 2527 1175 τ
2564 1151 2848 1194 reseretur.
2885 1140 3009 1194 Haec
3037 1149 3215 1195 autem
3260 1157 3368 1195 non
3400 1144 3716 1211 perfuncto-

2128 1229 2205 1283 rie
2250 1246 2419 1298 neque
2467 1230 2693 1286 inaniter
2733 1248 2761 1284 a
2796 1232 3017 1287 Domino
3058 1235 3183 1301 peti,
3238 1248 3417 1289 rerum
3466 1235 3711 1304 ipsarum

2126 1328 2388 1375 monstrat
2418 1320 2658 1388 effectus,
2707 1322 3132 1392 quandoquidem
3175 1339 3237 1377 ex
3270 1326 3415 1380 omni
3458 1341 3709 1380 errorum

2124 1427 2321 1481 genere
2354 1413 2611 1480 plurimos
2657 1413 2795 1469 Deus
2822 1415 3069 1483 dignatur
3095 1416 3386 1483 attrahere,
3419 1433 3554 1487 quos
3584 1434 3712 1472 eru-

2127 1512 2210 1556 tos
2260 1505 2325 1558 de
2377 1513 2638 1573 potestate
2685 1506 3022 1560 tenebrarum
3056 1508 3344 1563 transferat
3390 1509 3440 1561 in
3481 1525 3707 1579 regnum

2129 1594 2243 1649 Filii
2275 1597 2510 1650 caritatis
2541 1613 2669 1662 suae,
2694 1608 2748 1652 et
2777 1613 2840 1651 ex
2867 1598 3004 1652 vasis
3029 1599 3121 1654 ira:
3151 1600 3307 1655 faciat
3339 1615 3464 1654 vasa
3497 1603 3711 1655 miseri-

2127 1690 2343 1743 cordia}.
2377 1690 2528 1757 Quod
2556 1690 2689 1745 adeo
2720 1700 2887 1745 totum
2918 1692 3081 1747 divini
3113 1695 3288 1763 operis
3310 1710 3431 1749 esse
3454 1698 3706 1761 sentitur,

2129 1789 2183 1831 ιιι
2228 1780 2341 1834 haec
2383 1780 2647 1835 efficiente
2692 1781 2802 1837 Deo
2831 1786 3120 1852 gratiarum
3170 1801 3385 1851 semper
3422 1787 3564 1841 actio
3594 1789 3711 1842 lau-

452 1881 718 1938 transiens
748 1886 1070 1949 amputares.
1104 1876 1239 1943 Quid
1271 1877 1409 1930 enim
1457 1887 1561 1931 tam
1590 1877 1758 1933 libero
1788 1877 1814 1915 ι)
1849 1878 2021 1934 fecisti
2050 1850 2100 1915 Β
2130 1870 2316 1941 disque
2366 1871 2637 1928 confessio
2664 1890 2762 1943 pro
2790 1875 3179 1932 illuminatione
3212 1879 3391 1933 talium
3426 1882 3505 1935 vel
3533 1896 3711 1936 corrc-

452 1975 693 2039 arbitt'io,
726 1964 883 2043 quam
928 1969 1069 2042 quod
1118 1970 1365 2024 universa
1397 1970 1448 2024 in
1481 1978 1677 2023 nostra:
1710 1971 2022 2029 humilitatis

451 2066 827 2131 conscientiam
862 2074 883 2103 ο
920 2062 1145 2118 retulisti
1171 2062 1192 2115 ?
1223 2072 1274 2115 et
1307 2072 1481 2117 tamen
1525 2062 1778 2118 instinctu
1823 2064 1915 2119 Dei
1947 2064 2024 2117 fa-

451 2171 593 2216 ctum
625 2171 744 2213 esse
772 2155 1000 2210 fideliter
1026 2154 1401 2224 sapienterque
1427 2155 1625 2219 vidisti,
1668 2161 1934 2211 veraciter
1960 2159 2022 2209 ti—

451 2255 743 2322 denterque
772 2249 995 2315 dixisti.
1022 2247 1146 2302 Ideo
1175 2248 1379 2317 utique,
1410 2250 1532 2318 quia
1564 2259 1893 2318 prteparatur
1928 2266 2026 2304 vo-

451 2332 627 2402 luntas
655 2359 684 2399 a
709 2342 951 2398 Domino.
986 2340 1051 2394 Et
1090 2348 1147 2394 ut
1197 2341 1319 2394 boni
1365 2340 1563 2410 aliquid
1594 2350 1754 2411 agant
1791 2346 2026 2411 paternis

451 2438 885 2510 inspirationibus
911 2452 1129 2491 suorum
1154 2437 1268 2505 ipse
1316 2443 1496 2505 tangat
1524 2436 1683 2490 corda
1714 2434 1740 2473 ἀ
1774 2436 2021 2494 fillorunt.

454 2532 707 2600 Quotquot
722 2532 853 2584 enim
864 2530 1042 2601 spiritu
1059 2526 1151 2581 Dei
1166 2537 1406 2598 aguntur,
1430 2528 1481 2580 lii
1499 2528 1594 2595 ﬁlii
1609 2527 1702 2581 Dei
1713 2542 1829 2583 sunt
1844 2530 2021 2600 (Rom.

455 2624 709 2691 “11.15);
729 2632 785 2676 ut
808 2636 905 2676 nec
928 2630 1168 2675 nostrum
1193 2620 1383 2675 deesse
1404 2620 1697 2674 sentiamus
1719 2621 2023 2688 arbitrium,

452 2724 504 2769 et
538 2715 591 2767 in
627 2713 779 2767 bonis
824 2712 1119 2782 quibusque
1168 2712 1453 2765 voluntatis
1503 2711 1750 2767 humanae
1798 2713 2028 2783 singulis

454 2808 709 2875 motibus,
738 2807 904 2878 magis
921 2806 1061 2862 illius
1084 2808 1261 2861 valere
1277 2820 1386 2860 non
1409 2806 1715 2862 dubitemus
1746 2808 2022 2861 auxilium.

1008 2899 1235 2955 CAPUT
1273 2898 1484 2955 XXVII.

482 3065 487 3070 _
525 2994 599 3047 ita
625 2992 765 3047 Deus
794 3007 861 3046 ex
890 2990 1141 3046 cordibus
1171 2990 1464 3058 hominum,
1497 2999 1656 3059 atque
1682 3000 1704 3028 ε
1734 2992 1787 3046 in
1827 2993 1938 3059 ipso
1968 2992 2031 3045 li-

456 3085 586 3141 bero
634 3095 886 3155 operatur
931 3083 1173 3151 arbitrio,
1224 3095 1282 3140 ut
1323 3095 1507 3141 saneta
1555 3086 1836 3155 cogitatio,
1886 3087 2027 3159 pium

456 3179 760 3244 consilium,
790 3178 1067 3248 omnisque
1096 3186 1271 3233 motus
1301 3178 1456 3234 bona:
1487 3179 1775 3235 voluntatis
1814 3194 1881 3235 ex
1920 3180 2030 3235 Deo
2058 3217 2104 3280 Ο

457 3273 527 3326 sit
555 3290 567 3325 :
596 3272 716 3340 quia
750 3286 842 3340 per
881 3270 1026 3325 illum
1069 3270 1268 3340 aliquid
1298 3270 1421 3327 boni
1453 3286 1755 3342 possumus,
1780 3272 1898 3327 sine
1925 3287 2032 3342 quo

457 3361 586 3418 nihil
612 3374 915 3431 possumus.

994 3453 1221 3509 CAPUT
1259 3452 1490 3507 XXVIII.

529 3542 835 3613 Quicunque
876 3541 1067 3598 dixerit
1112 3544 1337 3614 gratiam
1373 3545 1488 3611 Dei,
1535 3560 1635 3614 qua
1682 3544 2034 3610 jttStificamur

459 3649 555 3706 per
580 3634 759 3690 Jesum
791 3634 1058 3690 Christum
1092 3635 1375 3690 Dominum
1422 3645 1683 3701 nostrum,
1719 3637 1821 3707 ιθ
1848 3635 1912 3689 ad
1944 3650 2033 3690 so-

459 3726 565 3781 lam
595 3724 966 3782 remissionem
994 3734 1331 3795 peccatorum
1375 3716 1553 3781 valere
1583 3741 1699 3794 qua:
1718 3726 1833 3796 jam
1883 3740 2030 3780 com-

458 3817 621 3875 missa
649 3826 794 3884 sunt,
825 3832 929 3873 non
959 3818 1121 3873 etiam
1148 3817 1213 3872 ad
1258 3818 1578 3888 adjutorium
1610 3818 1793 3888 gratia:
1842 3826 1898 3872 ut
1926 3806 2031 3871 non

459 3909 879 3978 committantur,
906 3910 1187 3965 anathema
1210 3910 1299 3963 sit.

1012 4001 1241 4057 CAPUT
1284 4000 1473 4056 χχιιι.
1924 4074 1929 4077 _

528 4094 777 4163 Quisquis
803 4093 997 4150 dixerit
1023 4094 1249 4163 gratiam
1276 4093 1365 4149 Dei
1400 4109 1493 4162 per
1537 4093 1715 4149 Iesum
1764 4092 2033 4147 Christum

452 4193 676 4255 propter
707 4186 809 4239 hoc
833 4194 1034 4240 tantum
1061 4198 1158 4237 nos
1178 4182 1433 4251 adjuvare
1457 4182 1523 4237 ad
1554 4200 1657 4237 non
1686 4182 2032 4252 peccandum,

458 4278 581 4347 quia
614 4293 710 4347 per
735 4277 905 4347 ipsum
937 4276 1090 4331 nobis
1110 4275 1378 4331 revelatur
1408 4283 1462 4330 et
1480 4277 1717 4345 aperitur
1738 4277 2035 4346 intelligen-

461 4370 531 4425 tia
560 4369 952 4434 mandatorum,
987 4378 1043 4422 ut
1087 4369 1320 4422 sciamus
1348 4369 1475 4438 quid
1506 4378 1778 4437 appetere,
1810 4377 1864 4423 et
1908 4369 2035 4438 quid

459 4461 631 4514 vitare
674 4460 982 4526 debeamus,
1015 4474 1121 4514 non
1158 4468 1335 4513 autem
1385 4474 1480 4527 per
1519 4459 1660 4513 illam
1704 4460 1856 4513 nobis
1900 4475 2034 4527 prie-

462 4549 591 4605 slari
638 4557 694 4604 ut
739 4548 879 4619 quod
925 4550 1220 4605 faciendum
1269 4550 1615 4621 cognovimus
1660 4550 1818 4605 etiam
1862 4550 2035 4605 facere

460 4641 742 4711 diligamus
769 4650 928 4713 atque
952 4642 1241 4710 valeamus,
1273 4644 1554 4698 anathema
1585 4645 1674 4697 sit.

1033 4734 1257 4790 CAPUT
1298 4734 1465 4790 XXX.

536 4824 970 4881 Obsecrationum
999 4840 1208 4894 quoque
1253 4811 1662 4881 sacerdotalium
1702 4836 2035 4880 sacramen'a

466 4915 833 4987 respiciamus,
851 4930 971 4986 quae
991 4914 1059 4969 ab
1093 4915 1349 4984 apostolis
1376 4917 1567 4971 tradita
1588 4916 1641 4971 in
1674 4926 1785 4971 toto
1817 4915 2032 4979 mundo,

463 5020 623 5080 atque
663 5009 714 5063 in
753 5007 900 5063 omni
944 5007 1205 5062 catholica
1251 5006 1487 5063 Ecclesia
1532 5008 1865 5062 unitormiter
1890 5008 2036 5060 cele-

465 5101 706 5165 brantur,
738 5109 797 5154 ut
825 5100 995 5170 legem
1024 5098 1301 5165 credendi,
1335 5098 1416 5153 lex
1446 5106 1645 5152 statuat
1685 5096 2035 5166 supplicandi.

462 5190 597 5247 Cum
622 5189 764 5246 enim
795 5201 1096 5245 sanctarum
1125 5187 1356 5259 plebium
1392 5188 1644 5259 prtesules
1686 5187 1929 5243 mandata
1963 5187 2037 5241 si-

464 5282 631 5338 bimet
660 5282 921 5352 Iegat?one
944 5282 1227 5352 fungantur
1250 5280 1390 5349 apud
1420 5280 1650 5335 divinam
1674 5268 2035 5347 clementiam,

408 5430 411 5433 η
466 5373 681 5428 humani
710 5374 921 5443 generis
951 5381 1113 5443 agunt
1152 5388 1389 5439 causam,
1421 5381 1475 5427 et
1507 5380 1614 5427 tota
1646 5386 1822 5427 secum
1853 5372 2038 5427 Eccle-

418 5514 419 5517 η
467 5468 544 5523 sia
568 5468 996 5537 congemiscente
1025 5466 1293 5535 postulant
1322 5474 1371 5520 et
1416 5473 1697 5535 prccmtur
1726 5474 1780 5519 ut
1809 5463 2035 5520 infideli-

541 5637 566 5665 ι
593 5628 847 5693 Isidorus,
874 5627 1201 5682 rescriberem

542 5696 565 5735 ι’
594 5698 844 5759 Isidorus.
880 5698 1089 5766 fecistis.

547 5778 570 5807 ο
604 5767 853 5835 Isidorus,
883 5768 1140 5825 retulisiis.

543 5836 568 5875 ἀ
596 5837 752 5896 IsidO'
768 5856 845 5897 us.
882 5842 1127 5895 ﬁdelium.

2062 4592 2117 4654 D

2127 1966 2303 2021 ctione
2334 1967 2648 2023 referantur.

2694 2060 2921 2117 CAPUT
2963 2063 3151 2116 XXXI.

2201 2150 2331 2204 Illud
2374 2152 2535 2206 etiam
2584 2154 2724 2223 quod
2769 2156 2911 2210 circa
2958 2156 3306 2224 baptizandos
3354 2159 3406 2213 in
3457 2160 3709 2213 universo

2129 2242 2328 2296 mundo
2358 2252 2540 2299 sancta
2579 2244 2816 2301 Ecclesia
2867 2248 3201 2304 uniformiter
3245 2251 3353 2318 agit
3399 2265 3504 2304 non
3536 2252 3709 2304 otioso

2129 2322 2554 2404 contemplamur
2584 2338 2793 2413 intuitu.
2848 2340 2979 2395 Cum
3012 2343 3124 2396 sive
3156 2344 3380 2411 parvuli,
3413 2344 3526 2397 sive
3550 2345 3711 2412 juve-

2129 2440 2224 2479 nes
2268 2425 2334 2479 ad
2384 2432 2808 2497 regenerationis
2861 2435 3076 2489 veniunt
3122 2445 3552 2501 sacramentum,
3602 2453 3708 2493 non

2129 2522 2277 2589 prius
2304 2520 2502 2576 fontem
2530 2525 2652 2578 vitae
2681 2526 2893 2593 adeant,
2923 2542 3081 2595 quam
3112 2530 3429 2585 exorcismis
3457 2539 3511 2584 et
3531 2532 3714 2585 exsuf-

2130 2607 2437 2678 ﬂationibus
2468 2614 2781 2670 clericorum
2814 2618 3032 2686 spiritus
3059 2619 3127 2674 ab
3155 2620 3235 2674 eis
3266 2621 3571 2675 immundus
3598 2623 3715 2676 ab?-

2128 2712 2324 2770 gatur;
2384 2716 2437 2759 ut
2488 2716 2612 2761 tunc
2660 2724 2785 2764 vere
2832 2721 3085 2779 appareat
3134 2722 3157 2758 8
3203 2711 3416 2781 quando
3463 2712 3714 2781 princeps

2130 2797 2311 2849 mundi
2345 2800 2448 2869 18
2490 2800 2648 2869 hujus
2687 2802 2926 2856 mittatur
2970 2804 3110 2857 foras
3149 2802 3329 2870 (Joan.
3380 2819 3472 2866 χιι,
3509 2804 3624 2873 3i),
3658 2813 3713 2859 et

2129 2890 2398 2956 quomodo
2430 2892 2574 2958 prius
2601 2892 2845 2963 alligetur
2876 2893 3049 2961 fortis,
3078 2903 3133 2949 et
3154 2895 3406 2963 deinceps
3439 2911 3560 2949 vasa
3592 2896 3713 2966 ejus

2130 2979 2445 3050 diripiantur
2473 2981 2687 3053 (Matth.
2719 3000 2810 3049 xu,
2841 2984 2961 3055 29),
2994 2987 3044 3039 in
3084 2986 3478 3055 possessionem
3536 2998 3713 3042 trans-

2132 3073 2236 3128 lata
2269 3075 2505 3138 victoris,
2551 3077 2636 3146 qui
2665 3078 2917 3145 captivam
2954 3078 3091 3131 ducit
3134 3078 3510 3147 captivitatem,
3544 3088 3586 3133 et
3615 3084 3705 3133 dat

2136 3170 2271 3221 dona
2301 3168 2591 3223 hominibus
2624 3169 2838 3239 (Epltes.
2870 3186 2942 3236 tv,
2975 3170 3054 3239 8).
3162 3224 3164 3226 ,

2680 3262 2905 3317 CAPUT
2944 3262 3157 3317 XXXII.

2206 3355 2454 3409 Omnium
2496 3356 2754 3411 bonorum
2813 3357 3097 3412 affectuum
3142 3368 3299 3428 atque
3342 3376 3605 3429 operum,
3658 3371 3713 3416 et

2137 3446 2374 3500 omnium
2406 3447 2699 3503 studiorum
2733 3449 3080 3519 omniumque
3130 3449 3380 3504 virtutum
3422 3452 3615 3521 quibus
3644 3452 3712 3507 ab

2136 3537 2288 3592 initio
2316 3537 2431 3592 ‘idei
2455 3537 2520 3592 ad
2542 3540 2703 3594 Deum
2729 3540 2980 3605 tenditur,
3005 3541 3169 3596 Deum
3195 3540 3505 3610 profitemur
3531 3552 3712 3597 aucto-

2138 3647 2273 3685 rem.
2302 3632 2369 3686 Et
2398 3646 2499 3685 non
2529 3631 2832 3688 dubitamus
2860 3634 2925 3688 ab
2955 3634 3118 3704 ipsius
3139 3638 3305 3704 gratia
3335 3636 3509 3690 omnia
3542 3636 3713 3689 homi-

2138 3725 2220 3777 n's
2250 3723 2434 3778 merita
2480 3726 2781 3792 prmveniri,
2812 3740 2906 3793 per
2929 3741 3086 3794 quem
3120 3725 3174 3778 fit
3203 3735 3256 3780 ut
3280 3727 3473 3795 aliquid
3507 3726 3629 3779 boni
3661 3740 3712 3780 et

2138 3817 2276 3871 velle
2307 3816 2620 3885 incipiamus
2646 3826 2699 3871 et
2726 3818 2917 3871 facere.
2942 3818 3057 3883 Quo
3081 3818 3261 3884 utique
3289 3819 3486 3872 auxilio
3517 3829 3565 3871 et
3592 3834 3710 3871 mn-

2139 3922 2268 3962 nere
2293 3908 2382 3961 Dei
2415 3923 2518 3961 non
2545 3907 2784 3962 aufertur
2807 3908 3032 3962 liberum
3064 3909 3364 3975 arbitrium,
3398 3909 3489 3962 sed
3522 3910 3714 3962 libi-ra-

2138 4011 2246 4063 tur,
2275 4010 2330 4055 ιιι
2359 4000 2426 4055 de
2457 4003 2744 4056 tenebroso
2774 4001 3029 4066 lucidum,
3063 4001 3131 4057 de
3180 4016 3344 4068 pravo
3390 4010 3614 4064 rectum,
3650 4002 3713 4054 de

2138 4090 2387 4159 languido
2417 4106 2627 4158 sanum,
2654 4091 2726 4147 de
2753 4092 3087 4159 imprudente
3114 4094 3185 4147 sit
3216 4092 3513 4159 providum.
3546 4092 3713 4145 Tanta

2139 4180 2281 4236 enim
2308 4192 2386 4236 est
2417 4197 2537 4251 erga
2565 4197 2753 4237 omnes
2786 4183 3029 4236 homines
3058 4184 3265 4238 bonitas
3306 4182 3418 4246 Dei,
3451 4193 3504 4235 ιιι
3534 4192 3712 4235 nostra

2140 4272 2267 4327 velit
2292 4287 2411 4327 esse
2438 4274 2623 4327 merita
2655 4288 2773 4343 qua:
2819 4284 2941 4327 sunt
2972 4275 3136 4343 ipsius
3180 4274 3340 4342 dona,
3390 4284 3441 4328 et
3489 4289 3585 4342 pro
3631 4275 3712 4327 hi;

2138 4379 2256 4433 quae
2296 4364 2512 4434 largitus
2543 4374 2624 4419 est
2650 4375 2847 4420 aeterna
2879 4369 3093 4436 praemia
3133 4368 3200 4421 sit
3231 4367 3543 4421 donaturns.
3595 4368 3714 4437 Agit

2140 4456 2334 4527 quippe
2366 4458 2416 4511 in
2448 4457 2601 4512 nubis
2635 4466 2691 4511 ut
2729 4461 2867 4526 quod
2901 4460 3009 4513 vnlt
3037 4470 3084 4514 et
3117 4462 3341 4514 velimus
3371 4473 3425 4515 et
3453 4478 3670 4530 agamus
3697 4479 3713 4524 ;

2141 4564 2239 4603 nec
2268 4550 2439 4602 otiosa
2469 4563 2586 4603 esse
2618 4550 2669 4602 in
2703 4550 2856 4603 nobis
2902 4551 3096 4620 patitur
3133 4568 3249 4619 quae
3275 4553 3575 4607 exercenda
3609 4567 3713 4605 non

2141 4642 2450 4711 negligenda
2481 4644 2697 4697 donavit
2732 4661 2743 4695 :
2781 4652 2838 4696 ut
2881 4655 2933 4698 et
2979 4661 3075 4698 nos
3123 4654 3497 4713 cooperatores
3550 4645 3716 4698 simus

2138 4736 2320 4807 gratia:
2352 4736 2465 4802 Dei,
2495 4752 2556 4791 ac
2583 4738 2625 4790 si
2668 4738 2791 4806 quid
2839 4738 2891 4790 in
2924 4738 3073 4792 nobis
3101 4753 3162 4791 ex
3197 4747 3375 4793 nostra
3426 4737 3716 4791 viderimus

2139 4814 2454 4883 remissione
2483 4828 2846 4897 languescere,
2899 4828 2961 4881 ad
3011 4828 3155 4882 illum
3202 4828 3428 4882 sollicite
3474 4843 3709 4887 recurra-

2141 4920 2278 4985 mus,
2303 4922 2389 4988 qui
2415 4932 2560 4975 sanat
2588 4938 2757 4975 omnes
2780 4914 3049 4989 languores
3088 4930 3309 4985 nostros,
3341 4930 3387 4973 rt
3416 4920 3617 4972 redimit
3656 4921 3716 4972 de

2139 5014 2346 5066 interitu
2378 5012 2477 5082 19
2520 5013 2671 5064 vitam
2704 5022 2929 5063 nostram
2975 5008 3145 5078 (Psal.
3190 5024 3301 5072 CIII,
3335 5012 3386 5071 5,
3418 5010 3508 5079 4);
3537 5018 3590 5063 ct
3631 5011 3710 5063 cui

2139 5102 2374 5174 quotidie
2402 5104 2630 5157 dicimus
2658 5120 2671 5154 :
2702 5100 2779 5153 Ne
2806 5118 2896 5153 nos
2924 5102 3136 5153 inducas
3163 5102 3213 5153 in
3243 5102 3590 5165 leutationem,
3631 5101 3716 5154 sed

2140 5197 2297 5250 libera
2329 5212 2417 5249 nos
2441 5212 2471 5248 a
2494 5196 2626 5249 malo
2648 5194 2858 5263 (Matth.
2896 5208 2964 5257 vt,
2997 5192 3073 5257 2).
3256 5248 3261 5253 ,

2682 5284 2907 5339 CAPUT
2948 5283 3180 5337 XXXIII.

2212 5379 2526 5447 Quicunque
2548 5378 2670 5431 dicit
2695 5376 2804 5431 Ada
2831 5397 2857 5426 ιι
2888 5378 3113 5445 primum
3140 5377 3407 5431 hominem
3436 5376 3717 5431 mortalem

2144 5472 2360 5535 factum,
2395 5470 2464 5522 ita
2498 5479 2551 5522 ιιι
2579 5469 2687 5522 sive
2720 5478 2981 5536 peccaret,
3015 5468 3125 5524 sive
3160 5484 3263 5524 non
3311 5477 3577 5537 peccaret,
3607 5486 3721 5523 nu-

2228 5640 2251 5668 ο
2283 5630 2532 5695 Isidorus,
2558 5630 2630 5682 in.

2225 5701 2243 5737 ί
2277 5701 2530 5765 Isidorus,
2556 5705 2774 5769 referam
2808 5738 2821 5752 .

2222 5781 2245 5818 ε
2279 5770 2530 5835 Isidorus,
2559 5772 2826 5840 quomodo.
