  <div class='ocr_page' id='page_1' title='image "/cluster/home/n/w/nwhite01/storage/ocr_20150623/58/hvd.32044073505240/556.png"; bbox 0 0 4096 6342; ppageno 0'>
   <div class='ocr_carea' id='block_1_1' title="bbox 371 424 476 481">
    <p class='ocr_par' dir='ltr' id='par_1_1' title="bbox 371 424 476 481">
     <span class='ocr_line' id='line_1_1' title="bbox 371 424 476 481; baseline 0.01 -1"><span class='ocrx_word' id='word_1_1' title='bbox 371 424 476 481; x_wconf 87' lang='grc'><strong>989</strong></span> 
     </span>
    </p>
   </div>
   <div class='ocr_carea' id='block_1_2' title="bbox 1301 420 2712 479">
    <p class='ocr_par' dir='ltr' id='par_1_2' title="bbox 1301 420 2712 479">
     <span class='ocr_line' id='line_1_2' title="bbox 1301 420 2712 479; baseline -0.001 -2"><span class='ocrx_word' id='word_1_2' title='bbox 1301 421 1386 477; x_wconf 85' lang='lat' dir='ltr'><strong>DE</strong></span> <span class='ocrx_word' id='word_1_3' title='bbox 1426 420 1968 478; x_wconf 78' lang='lat' dir='ltr'><strong>ECCLESIASTICIS</strong></span> <span class='ocrx_word' id='word_1_4' title='bbox 2008 421 2450 479; x_wconf 79' lang='lat' dir='ltr'><strong>DOGMA&#39;I&#39;IBUS</strong></span> <span class='ocrx_word' id='word_1_5' title='bbox 2492 423 2712 479; x_wconf 77' lang='lat' dir='ltr'><strong>LIBER.</strong></span> 
     </span>
    </p>
   </div>
   <div class='ocr_carea' id='block_1_3' title="bbox 3536 428 3637 481">
    <p class='ocr_par' dir='ltr' id='par_1_3' title="bbox 3536 428 3637 481">
     <span class='ocr_line' id='line_1_3' title="bbox 3536 428 3637 481; baseline 0 -1"><span class='ocrx_word' id='word_1_6' title='bbox 3536 428 3637 481; x_wconf 65' lang='lat'><strong>9.40</strong></span> 
     </span>
    </p>
   </div>
   <div class='ocr_carea' id='block_1_4' title="bbox 372 535 3636 608">
    <p class='ocr_par' dir='ltr' id='par_1_4' title="bbox 372 535 3636 608">
     <span class='ocr_line' id='line_1_4' title="bbox 372 535 3636 608; baseline -0 -14"><span class='ocrx_word' id='word_1_7' title='bbox 372 549 602 602; x_wconf 89' lang='lat' dir='ltr'><strong>reretur,</strong></span> <span class='ocrx_word' id='word_1_8' title='bbox 648 554 699 591; x_wconf 86' lang='grc' dir='ltr'><strong>ιιι</strong></span> <span class='ocrx_word' id='word_1_9' title='bbox 739 551 959 607; x_wconf 90' lang='lat' dir='ltr'><strong>corpore</strong></span> <span class='ocrx_word' id='word_1_10' title='bbox 990 536 1111 602; x_wconf 92' lang='lat' dir='ltr'><strong>hoc,</strong></span> <span class='ocrx_word' id='word_1_11' title='bbox 1158 536 1209 591; x_wconf 91' lang='lat' dir='ltr'><strong>id</strong></span> <span class='ocrx_word' id='word_1_12' title='bbox 1249 544 1349 603; x_wconf 91' lang='lat' dir='ltr'><strong>est,</strong></span> <span class='ocrx_word' id='word_1_13' title='bbox 1380 537 1447 592; x_wconf 93' lang='lat' dir='ltr'><strong>de</strong></span> <span class='ocrx_word' id='word_1_14' title='bbox 1478 551 1704 608; x_wconf 89' lang='lat' dir='ltr'><strong>corpore</strong></span> <span class='ocrx_word' id='word_1_15' title='bbox 1750 538 1942 603; x_wconf 83' lang='lat' dir='ltr'><strong>exiret,</strong></span> <span class='ocrx_word' id='word_1_16' title='bbox 1975 537 2027 596; x_wconf 78' lang='grc' dir='ltr'>Α</span> <span class='ocrx_word' id='word_1_17' title='bbox 2048 535 2246 607; x_wconf 86' lang='lat' dir='ltr'><strong>justus,</strong></span> <span class='ocrx_word' id='word_1_18' title='bbox 2274 552 2393 591; x_wconf 81' lang='lat' dir='ltr'><strong>cum</strong></span> <span class='ocrx_word' id='word_1_19' title='bbox 2424 537 2476 591; x_wconf 92' lang='lat' dir='ltr'><strong>in</strong></span> <span class='ocrx_word' id='word_1_20' title='bbox 2519 538 2758 591; x_wconf 90' lang='lat' dir='ltr'><strong>oratione</strong></span> <span class='ocrx_word' id='word_1_21' title='bbox 2807 537 3077 605; x_wconf 73' lang='lat' dir='ltr'><strong>pluraliter</strong></span> <span class='ocrx_word' id='word_1_22' title='bbox 3107 535 3310 591; x_wconf 88' lang='lat' dir='ltr'><strong>diceret</strong></span> <span class='ocrx_word' id='word_1_23' title='bbox 3343 558 3353 589; x_wconf 75' lang='grc' dir='ltr'>ε</span> <span class='ocrx_word' id='word_1_24' title='bbox 3394 537 3636 593; x_wconf 82' lang='lat' dir='ltr'><strong>Peccavi-</strong></span> 
     </span>
    </p>
   </div>
   <div class='ocr_carea' id='block_1_5' title="bbox 375 629 1951 700">
    <p class='ocr_par' dir='ltr' id='par_1_5' title="bbox 375 629 1951 700">
     <span class='ocr_line' id='line_1_5' title="bbox 375 629 1951 700; baseline -0.003 -14"><span class='ocrx_word' id='word_1_25' title='bbox 375 647 481 686; x_wconf 92' lang='lat' dir='ltr'><strong>non</strong></span> <span class='ocrx_word' id='word_1_26' title='bbox 533 631 732 700; x_wconf 98' lang='lat' dir='ltr'><strong>peccati</strong></span> <span class='ocrx_word' id='word_1_27' title='bbox 779 630 988 695; x_wconf 89' lang='lat' dir='ltr'><strong>merito,</strong></span> <span class='ocrx_word' id='word_1_28' title='bbox 1047 629 1141 686; x_wconf 91' lang='lat' dir='ltr'><strong>sed</strong></span> <span class='ocrx_word' id='word_1_29' title='bbox 1186 631 1509 686; x_wconf 69' lang='lat' dir='ltr'><strong>necessitate</strong></span> <span class='ocrx_word' id='word_1_30' title='bbox 1553 641 1779 697; x_wconf 78' lang='lat' dir='ltr'><strong>naturae,</strong></span> <span class='ocrx_word' id='word_1_31' title='bbox 1826 643 1951 683; x_wconf 88' lang='lat' dir='ltr'><strong>ana-</strong></span> 
     </span>
    </p>
   </div>
   <div class='ocr_carea' id='block_1_6' title="bbox 373 726 670 781">
    <p class='ocr_par' dir='ltr' id='par_1_6' title="bbox 373 726 670 781">
     <span class='ocr_line' id='line_1_6' title="bbox 373 726 670 781; baseline -0.003 -1"><span class='ocrx_word' id='word_1_32' title='bbox 373 727 553 781; x_wconf 91' lang='lat' dir='ltr'><strong>thema</strong></span> <span class='ocrx_word' id='word_1_33' title='bbox 580 726 670 781; x_wconf 91' lang='lat' dir='ltr'><strong>sit.</strong></span> 
     </span>
    </p>
   </div>
   <div class='ocr_carea' id='block_1_7' title="bbox 929 817 1430 875">
    <p class='ocr_par' dir='ltr' id='par_1_7' title="bbox 929 817 1430 875">
     <span class='ocr_line' id='line_1_7' title="bbox 929 817 1430 875; baseline 0 -2"><span class='ocrx_word' id='word_1_34' title='bbox 929 817 1151 875; x_wconf 82' lang='lat' dir='ltr'><strong>CAPUT</strong></span> <span class='ocrx_word' id='word_1_35' title='bbox 1191 818 1430 873; x_wconf 82' lang='lat' dir='ltr'><strong>XXXIV.</strong></span> 
     </span>
    </p>
   </div>
   <div class='ocr_carea' id='block_1_8' title="bbox 441 909 1949 979">
    <p class='ocr_par' dir='ltr' id='par_1_8' title="bbox 441 909 1949 979">
     <span class='ocr_line' id='line_1_8' title="bbox 441 909 1949 979; baseline 0 -16"><span class='ocrx_word' id='word_1_36' title='bbox 441 910 756 979; x_wconf 70' lang='lat' dir='ltr'><strong>Quicunque</strong></span> <span class='ocrx_word' id='word_1_37' title='bbox 804 909 1053 978; x_wconf 88' lang='lat' dir='ltr'><strong>parvulos</strong></span> <span class='ocrx_word' id='word_1_38' title='bbox 1097 919 1340 965; x_wconf 85' lang='lat' dir='ltr'><strong>recentes</strong></span> <span class='ocrx_word' id='word_1_39' title='bbox 1389 910 1458 965; x_wconf 87' lang='lat' dir='ltr'><strong>ab</strong></span> <span class='ocrx_word' id='word_1_40' title='bbox 1514 910 1679 966; x_wconf 88' lang='lat' dir='ltr'><strong>uteris</strong></span> <span class='ocrx_word' id='word_1_41' title='bbox 1720 918 1949 964; x_wconf 87' lang='lat' dir='ltr'><strong>matrum</strong></span> 
     </span>
    </p>
   </div>
   <div class='ocr_carea' id='block_1_9' title="bbox 370 1002 1950 1073">
    <p class='ocr_par' dir='ltr' id='par_1_9' title="bbox 370 1002 1950 1073">
     <span class='ocr_line' id='line_1_9' title="bbox 370 1002 1950 1073; baseline -0.001 -14"><span class='ocrx_word' id='word_1_42' title='bbox 370 1002 717 1073; x_wconf 81' lang='lat' dir='ltr'><strong>baptizandos</strong></span> <span class='ocrx_word' id='word_1_43' title='bbox 744 1010 918 1071; x_wconf 89' lang='lat' dir='ltr'><strong>negat,</strong></span> <span class='ocrx_word' id='word_1_44' title='bbox 947 1013 1037 1055; x_wconf 87' lang='lat' dir='ltr'><strong>aut</strong></span> <span class='ocrx_word' id='word_1_45' title='bbox 1077 1002 1203 1057; x_wconf 88' lang='lat' dir='ltr'><strong>dicit</strong></span> <span class='ocrx_word' id='word_1_46' title='bbox 1241 1004 1291 1057; x_wconf 90' lang='lat' dir='ltr'><strong>in</strong></span> <span class='ocrx_word' id='word_1_47' title='bbox 1334 1005 1709 1059; x_wconf 86' lang='lat' dir='ltr'><strong>remissionem</strong></span> <span class='ocrx_word' id='word_1_48' title='bbox 1740 1003 1950 1073; x_wconf 88' lang='lat' dir='ltr'><strong>quidem</strong></span> 
     </span>
    </p>
   </div>
   <div class='ocr_carea' id='block_1_10' title="bbox 371 1094 1954 1165">
    <p class='ocr_par' dir='ltr' id='par_1_10' title="bbox 371 1094 1954 1165">
     <span class='ocr_line' id='line_1_10' title="bbox 371 1094 1954 1165; baseline 0.002 -18"><span class='ocrx_word' id='word_1_49' title='bbox 371 1102 709 1165; x_wconf 88' lang='lat' dir='ltr'><strong>peccatorum</strong></span> <span class='ocrx_word' id='word_1_50' title='bbox 740 1109 835 1149; x_wconf 89' lang='lat' dir='ltr'><strong>eos</strong></span> <span class='ocrx_word' id='word_1_51' title='bbox 864 1094 1140 1163; x_wconf 81' lang='lat' dir='ltr'><strong>baptizari,</strong></span> <span class='ocrx_word' id='word_1_52' title='bbox 1173 1096 1264 1150; x_wconf 90' lang='lat' dir='ltr'><strong>sed</strong></span> <span class='ocrx_word' id='word_1_53' title='bbox 1297 1096 1425 1149; x_wconf 87' lang='lat' dir='ltr'><strong>nihil</strong></span> <span class='ocrx_word' id='word_1_54' title='bbox 1458 1111 1523 1150; x_wconf 81' lang='lat' dir='ltr'><strong>ex</strong></span> <span class='ocrx_word' id='word_1_55' title='bbox 1550 1095 1715 1150; x_wconf 89' lang='lat' dir='ltr'><strong>Adam</strong></span> <span class='ocrx_word' id='word_1_56' title='bbox 1740 1097 1954 1151; x_wconf 84' lang='lat' dir='ltr'><strong>trahere</strong></span> 
     </span>
    </p>
   </div>
   <div class='ocr_carea' id='block_1_11' title="bbox 370 1185 1956 1257">
    <p class='ocr_par' dir='ltr' id='par_1_11' title="bbox 370 1185 1956 1257">
     <span class='ocr_line' id='line_1_11' title="bbox 370 1185 1956 1257; baseline 0 -16"><span class='ocrx_word' id='word_1_57' title='bbox 370 1185 645 1255; x_wconf 81' lang='lat' dir='ltr'><strong>originalis</strong></span> <span class='ocrx_word' id='word_1_58' title='bbox 690 1186 914 1254; x_wconf 88' lang='lat' dir='ltr'><strong>peccati,</strong></span> <span class='ocrx_word' id='word_1_59' title='bbox 962 1187 1101 1256; x_wconf 90' lang='lat' dir='ltr'><strong>quod</strong></span> <span class='ocrx_word' id='word_1_60' title='bbox 1153 1187 1365 1243; x_wconf 86' lang='lat' dir='ltr'><strong>lavacro</strong></span> <span class='ocrx_word' id='word_1_61' title='bbox 1412 1188 1838 1257; x_wconf 81' lang='lat' dir='ltr'><strong>regenerationis</strong></span> <span class='ocrx_word' id='word_1_62' title='bbox 1861 1202 1956 1241; x_wconf 80' lang='lat' dir='ltr'><strong>ex-</strong></span> 
     </span>
    </p>
   </div>
   <div class='ocr_carea' id='block_1_12' title="bbox 369 1276 1953 1348">
    <p class='ocr_par' dir='ltr' id='par_1_12' title="bbox 369 1276 1953 1348">
     <span class='ocr_line' id='line_1_12' title="bbox 369 1276 1953 1348; baseline 0.002 -17"><span class='ocrx_word' id='word_1_63' title='bbox 369 1276 568 1347; x_wconf 80' lang='lat' dir='ltr'><strong>pietur,</strong></span> <span class='ocrx_word' id='word_1_64' title='bbox 597 1276 736 1331; x_wconf 90' lang='lat' dir='ltr'><strong>unde</strong></span> <span class='ocrx_word' id='word_1_65' title='bbox 757 1278 826 1332; x_wconf 88' lang='lat' dir='ltr'><strong>sit</strong></span> <span class='ocrx_word' id='word_1_66' title='bbox 852 1292 1185 1346; x_wconf 81' lang='lat' dir='ltr'><strong>consequens</strong></span> <span class='ocrx_word' id='word_1_67' title='bbox 1208 1281 1331 1333; x_wconf 92' lang='lat' dir='ltr'><strong>utin</strong></span> <span class='ocrx_word' id='word_1_68' title='bbox 1354 1281 1433 1334; x_wconf 71' lang='lat' dir='ltr'><strong>eis</strong></span> <span class='ocrx_word' id='word_1_69' title='bbox 1461 1279 1632 1335; x_wconf 77' lang='lat' dir='ltr'><strong>forma</strong></span> <span class='ocrx_word' id='word_1_70' title='bbox 1663 1280 1953 1348; x_wconf 88' lang='lat' dir='ltr'><strong>baptisma-</strong></span> 
     </span>
    </p>
   </div>
   <div class='ocr_carea' id='block_1_13' title="bbox 372 1368 1953 1440">
    <p class='ocr_par' dir='ltr' id='par_1_13' title="bbox 372 1368 1953 1440">
     <span class='ocr_line' id='line_1_13' title="bbox 372 1368 1953 1440; baseline 0.003 -18"><span class='ocrx_word' id='word_1_71' title='bbox 372 1370 440 1422; x_wconf 80' lang='lat' dir='ltr'><strong>tis</strong></span> <span class='ocrx_word' id='word_1_72' title='bbox 487 1368 541 1422; x_wconf 92' lang='lat' dir='ltr'><strong>in</strong></span> <span class='ocrx_word' id='word_1_73' title='bbox 590 1371 960 1423; x_wconf 83' lang='lat' dir='ltr'><strong>remissionem</strong></span> <span class='ocrx_word' id='word_1_74' title='bbox 997 1378 1333 1436; x_wconf 81' lang='lat' dir='ltr'><strong>peccatorum</strong></span> <span class='ocrx_word' id='word_1_75' title='bbox 1369 1386 1474 1424; x_wconf 93' lang='lat' dir='ltr'><strong>non</strong></span> <span class='ocrx_word' id='word_1_76' title='bbox 1518 1387 1664 1440; x_wconf 89' lang='lat' dir='ltr'><strong>vera,</strong></span> <span class='ocrx_word' id='word_1_77' title='bbox 1699 1372 1788 1427; x_wconf 85' lang='lat' dir='ltr'><strong>Sed</strong></span> <span class='ocrx_word' id='word_1_78' title='bbox 1822 1372 1953 1427; x_wconf 79' lang='lat' dir='ltr'><strong>falsa</strong></span> 
     </span>
    </p>
   </div>
   <div class='ocr_carea' id='block_1_14' title="bbox 369 1458 1957 1529">
    <p class='ocr_par' dir='ltr' id='par_1_14' title="bbox 369 1458 1957 1529">
     <span class='ocr_line' id='line_1_14' title="bbox 369 1458 1957 1529; baseline 0.004 -16"><span class='ocrx_word' id='word_1_79' title='bbox 369 1458 714 1527; x_wconf 82' lang='lat' dir='ltr'><strong>intelligatur,</strong></span> <span class='ocrx_word' id='word_1_80' title='bbox 741 1460 1021 1513; x_wconf 82' lang='lat' dir='ltr'><strong>anathema</strong></span> <span class='ocrx_word' id='word_1_81' title='bbox 1067 1461 1154 1513; x_wconf 86' lang='lat' dir='ltr'><strong>sit.</strong></span> <span class='ocrx_word' id='word_1_82' title='bbox 1184 1461 1445 1529; x_wconf 84' lang='lat' dir='ltr'><strong>Quoniam</strong></span> <span class='ocrx_word' id='word_1_83' title='bbox 1480 1478 1585 1516; x_wconf 90' lang='lat' dir='ltr'><strong>non</strong></span> <span class='ocrx_word' id='word_1_84' title='bbox 1612 1465 1770 1519; x_wconf 88' lang='lat' dir='ltr'><strong>aliter</strong></span> <span class='ocrx_word' id='word_1_85' title='bbox 1799 1464 1957 1518; x_wconf 78' lang='lat' dir='ltr'><strong>intel-</strong></span> 
     </span>
    </p>
   </div>
   <div class='ocr_carea' id='block_1_15' title="bbox 370 1550 1955 1621">
    <p class='ocr_par' dir='ltr' id='par_1_15' title="bbox 370 1550 1955 1621">
     <span class='ocr_line' id='line_1_15' title="bbox 370 1550 1955 1621; baseline 0.002 -15"><span class='ocrx_word' id='word_1_86' title='bbox 370 1550 640 1621; x_wconf 87' lang='lat' dir='ltr'><strong>ligendum</strong></span> <span class='ocrx_word' id='word_1_87' title='bbox 665 1562 745 1606; x_wconf 77' lang='lat' dir='ltr'><strong>est</strong></span> <span class='ocrx_word' id='word_1_88' title='bbox 772 1553 914 1621; x_wconf 90' lang='lat' dir='ltr'><strong>quod</strong></span> <span class='ocrx_word' id='word_1_89' title='bbox 946 1551 1319 1621; x_wconf 77' lang='lat' dir='ltr'><strong>aitApnstolus</strong></span> <span class='ocrx_word' id='word_1_90' title='bbox 1343 1571 1357 1606; x_wconf 91' lang='lat'><strong>:</strong></span> <span class='ocrx_word' id='word_1_91' title='bbox 1389 1553 1491 1608; x_wconf 87' lang='lat' dir='ltr'><strong>Per</strong></span> <span class='ocrx_word' id='word_1_92' title='bbox 1518 1572 1675 1609; x_wconf 85' lang='lat' dir='ltr'><strong>unum</strong></span> <span class='ocrx_word' id='word_1_93' title='bbox 1702 1555 1955 1609; x_wconf 77' lang='lat' dir='ltr'><strong>hominem</strong></span> 
     </span>
    </p>
   </div>
   <div class='ocr_carea' id='block_1_16' title="bbox 370 1645 1953 1716">
    <p class='ocr_par' dir='ltr' id='par_1_16' title="bbox 370 1645 1953 1716">
     <span class='ocr_line' id='line_1_16' title="bbox 370 1645 1953 1716; baseline 0.003 -19"><span class='ocrx_word' id='word_1_94' title='bbox 370 1655 633 1711; x_wconf 85' lang='lat' dir='ltr'><strong>peccatum</strong></span> <span class='ocrx_word' id='word_1_95' title='bbox 659 1645 865 1696; x_wconf 58' lang='lat' dir='ltr'><strong>intravit</strong></span> <span class='ocrx_word' id='word_1_96' title='bbox 904 1645 953 1697; x_wconf 86' lang='lat' dir='ltr'><strong>in</strong></span> <span class='ocrx_word' id='word_1_97' title='bbox 984 1645 1248 1710; x_wconf 85' lang='lat' dir='ltr'><strong>mundum,</strong></span> <span class='ocrx_word' id='word_1_98' title='bbox 1294 1656 1341 1697; x_wconf 85' lang='lat' dir='ltr'><strong>et</strong></span> <span class='ocrx_word' id='word_1_99' title='bbox 1375 1662 1462 1716; x_wconf 87' lang='lat' dir='ltr'><strong>per</strong></span> <span class='ocrx_word' id='word_1_100' title='bbox 1491 1659 1750 1716; x_wconf 83' lang='lat' dir='ltr'><strong>peccatum</strong></span> <span class='ocrx_word' id='word_1_101' title='bbox 1783 1664 1953 1711; x_wconf 86' lang='lat' dir='ltr'><strong>mors;</strong></span> 
     </span>
    </p>
   </div>
   <div class='ocr_carea' id='block_1_17' title="bbox 372 1732 1955 1808">
    <p class='ocr_par' dir='ltr' id='par_1_17' title="bbox 372 1732 1955 1808">
     <span class='ocr_line' id='line_1_17' title="bbox 372 1732 1955 1808; baseline 0.003 -23"><span class='ocrx_word' id='word_1_102' title='bbox 372 1744 419 1785; x_wconf 87' lang='lat' dir='ltr'><strong>et</strong></span> <span class='ocrx_word' id='word_1_103' title='bbox 443 1735 517 1786; x_wconf 90' lang='lat' dir='ltr'><strong>ita</strong></span> <span class='ocrx_word' id='word_1_104' title='bbox 544 1734 594 1786; x_wconf 86' lang='lat' dir='ltr'><strong>in</strong></span> <span class='ocrx_word' id='word_1_105' title='bbox 627 1750 797 1787; x_wconf 86' lang='lat' dir='ltr'><strong>omnes</strong></span> <span class='ocrx_word' id='word_1_106' title='bbox 834 1732 1059 1787; x_wconf 75' lang='lat' dir='ltr'><strong>homines</strong></span> <span class='ocrx_word' id='word_1_107' title='bbox 1101 1737 1390 1802; x_wconf 73' lang='lat' dir='ltr'><strong>pertransiit</strong></span> <span class='ocrx_word' id='word_1_108' title='bbox 1419 1737 1472 1789; x_wconf 92' lang='lat' dir='ltr'><strong>in</strong></span> <span class='ocrx_word' id='word_1_109' title='bbox 1504 1754 1603 1806; x_wconf 91' lang='lat' dir='ltr'><strong>quo</strong></span> <span class='ocrx_word' id='word_1_110' title='bbox 1633 1754 1801 1791; x_wconf 87' lang='lat' dir='ltr'><strong>omnes</strong></span> <span class='ocrx_word' id='word_1_111' title='bbox 1835 1754 1955 1808; x_wconf 83' lang='lat' dir='ltr'><strong>pec—</strong></span> 
     </span>
    </p>
   </div>
   <div class='ocr_carea' id='block_1_18' title="bbox 372 1823 1055 1895">
    <p class='ocr_par' dir='ltr' id='par_1_18' title="bbox 372 1823 1055 1895">
     <span class='ocr_line' id='line_1_18' title="bbox 372 1823 1055 1895; baseline 0 -18"><span class='ocrx_word' id='word_1_112' title='bbox 372 1836 607 1878; x_wconf 42' lang='lat' dir='ltr'><strong>ruvsrunt</strong></span> <span class='ocrx_word' id='word_1_113' title='bbox 639 1824 815 1895; x_wconf 80' lang='lat' dir='ltr'><strong>(Rom.</strong></span> <span class='ocrx_word' id='word_1_114' title='bbox 848 1840 898 1888; x_wconf 90' lang='lat' dir='ltr'><strong>v,</strong></span> <span class='ocrx_word' id='word_1_115' title='bbox 940 1823 1055 1892; x_wconf 63' lang='lat'><strong>1&#39;2);</strong></span> 
     </span>
    </p>
   </div>
   <div class='ocr_carea' id='block_1_19' title="bbox 2057 627 3637 702">
    <p class='ocr_par' dir='ltr' id='par_1_19' title="bbox 2057 627 3637 702">
     <span class='ocr_line' id='line_1_19' title="bbox 2057 627 3637 702; baseline 0.003 -20"><span class='ocrx_word' id='word_1_116' title='bbox 2057 646 2192 695; x_wconf 88' lang='lat' dir='ltr'><strong>mus,</strong></span> <span class='ocrx_word' id='word_1_117' title='bbox 2224 629 2535 699; x_wconf 85' lang='lat' dir='ltr'><strong>iniquitatem</strong></span> <span class='ocrx_word' id='word_1_118' title='bbox 2568 632 2775 698; x_wconf 72' lang='lat' dir='ltr'><strong>fecimus</strong></span> <span class='ocrx_word' id='word_1_119' title='bbox 2796 627 2957 697; x_wconf 91' lang='lat' dir='ltr'><strong>(Dan.</strong></span> <span class='ocrx_word' id='word_1_120' title='bbox 2990 645 3062 694; x_wconf 78' lang='lat' dir='ltr'><strong>ts,</strong></span> <span class='ocrx_word' id='word_1_121' title='bbox 3083 628 3162 697; x_wconf 81' lang='grc'><strong>5),</strong></span> <span class='ocrx_word' id='word_1_122' title='bbox 3196 640 3248 684; x_wconf 90' lang='lat' dir='ltr'><strong>et</strong></span> <span class='ocrx_word' id='word_1_123' title='bbox 3276 641 3490 699; x_wconf 68' lang='lat' dir='ltr'><strong>caetera,</strong></span> <span class='ocrx_word' id='word_1_124' title='bbox 3520 648 3637 702; x_wconf 65' lang='lat' dir='ltr'><strong>quae</strong></span> 
     </span>
    </p>
   </div>
   <div class='ocr_carea' id='block_1_20' title="bbox 2056 721 3636 794">
    <p class='ocr_par' dir='ltr' id='par_1_20' title="bbox 2056 721 3636 794">
     <span class='ocr_line' id='line_1_20' title="bbox 2056 721 3636 794; baseline 0.003 -18"><span class='ocrx_word' id='word_1_125' title='bbox 2056 721 2128 776; x_wconf 91' lang='lat' dir='ltr'><strong>ibi</strong></span> <span class='ocrx_word' id='word_1_126' title='bbox 2173 722 2435 775; x_wconf 85' lang='lat' dir='ltr'><strong>veraciter</strong></span> <span class='ocrx_word' id='word_1_127' title='bbox 2488 732 2540 776; x_wconf 91' lang='lat' dir='ltr'><strong>et</strong></span> <span class='ocrx_word' id='word_1_128' title='bbox 2581 722 2852 777; x_wconf 85' lang='lat' dir='ltr'><strong>humiliter</strong></span> <span class='ocrx_word' id='word_1_129' title='bbox 2901 725 3187 777; x_wconf 82' lang='lat' dir='ltr'><strong>conﬁtetur</strong></span> <span class='ocrx_word' id='word_1_130' title='bbox 3231 738 3297 779; x_wconf 90' lang='lat' dir='ltr'><strong>ne</strong></span> <span class='ocrx_word' id='word_1_131' title='bbox 3340 737 3636 794; x_wconf 83' lang='lat' dir='ltr'><strong>putaretur,</strong></span> 
     </span>
    </p>
   </div>
   <div class='ocr_carea' id='block_1_21' title="bbox 2054 812 3636 885">
    <p class='ocr_par' dir='ltr' id='par_1_21' title="bbox 2054 812 3636 885">
     <span class='ocr_line' id='line_1_21' title="bbox 2054 812 3636 885; baseline 0.005 -19"><span class='ocrx_word' id='word_1_132' title='bbox 2054 812 2508 881; x_wconf 86' lang='lat' dir='ltr'><strong>quemadmodum</strong></span> <span class='ocrx_word' id='word_1_133' title='bbox 2554 815 2766 882; x_wconf 88' lang='lat' dir='ltr'><strong>quidam</strong></span> <span class='ocrx_word' id='word_1_134' title='bbox 2818 816 3075 878; x_wconf 86' lang='lat' dir='ltr'><strong>sentiunt,</strong></span> <span class='ocrx_word' id='word_1_135' title='bbox 3126 815 3225 870; x_wconf 88' lang='lat' dir='ltr'><strong>hnc</strong></span> <span class='ocrx_word' id='word_1_136' title='bbox 3269 834 3372 870; x_wconf 90' lang='lat' dir='ltr'><strong>non</strong></span> <span class='ocrx_word' id='word_1_137' title='bbox 3402 818 3467 873; x_wconf 90' lang='lat' dir='ltr'><strong>de</strong></span> <span class='ocrx_word' id='word_1_138' title='bbox 3506 820 3636 885; x_wconf 86' lang='lat' dir='ltr'><strong>suis,</strong></span> 
     </span>
    </p>
   </div>
   <div class='ocr_carea' id='block_1_22' title="bbox 2055 904 3637 977">
    <p class='ocr_par' dir='ltr' id='par_1_22' title="bbox 2055 904 3637 977">
     <span class='ocr_line' id='line_1_22' title="bbox 2055 904 3637 977; baseline 0.004 -20"><span class='ocrx_word' id='word_1_139' title='bbox 2055 904 2150 958; x_wconf 88' lang='lat' dir='ltr'><strong>sed</strong></span> <span class='ocrx_word' id='word_1_140' title='bbox 2176 904 2243 959; x_wconf 91' lang='lat' dir='ltr'><strong>de</strong></span> <span class='ocrx_word' id='word_1_141' title='bbox 2267 906 2443 974; x_wconf 91' lang='lat' dir='ltr'><strong>populi</strong></span> <span class='ocrx_word' id='word_1_142' title='bbox 2472 907 2552 959; x_wconf 91' lang='lat' dir='ltr'><strong>sui</strong></span> <span class='ocrx_word' id='word_1_143' title='bbox 2583 904 2783 959; x_wconf 75' lang='lat' dir='ltr'><strong>dixisse</strong></span> <span class='ocrx_word' id='word_1_144' title='bbox 2806 910 3032 975; x_wconf 70' lang='lat' dir='ltr'><strong>peccatis</strong></span> <span class='ocrx_word' id='word_1_145' title='bbox 3058 925 3071 972; x_wconf 89' lang='lat'><strong>;</strong></span> <span class='ocrx_word' id='word_1_146' title='bbox 3105 920 3284 977; x_wconf 85' lang='lat' dir='ltr'><strong>postea</strong></span> <span class='ocrx_word' id='word_1_147' title='bbox 3315 910 3485 965; x_wconf 79' lang='lat' dir='ltr'><strong>dixit:</strong></span> <span class='ocrx_word' id='word_1_148' title='bbox 3509 908 3637 964; x_wconf 85' lang='lat' dir='ltr'><strong>Cum</strong></span> 
     </span>
    </p>
   </div>
   <div class='ocr_carea' id='block_1_23' title="bbox 2056 999 3639 1073">
    <p class='ocr_par' dir='ltr' id='par_1_23' title="bbox 2056 999 3639 1073">
     <span class='ocr_line' id='line_1_23' title="bbox 2056 999 3639 1073; baseline 0.006 -26"><span class='ocrx_word' id='word_1_149' title='bbox 2056 1012 2255 1049; x_wconf 84' lang='lat' dir='ltr'><strong>orarem</strong></span> <span class='ocrx_word' id='word_1_150' title='bbox 2284 1008 2329 1049; x_wconf 90' lang='lat' dir='ltr'><strong>et</strong></span> <span class='ocrx_word' id='word_1_151' title='bbox 2359 999 2622 1066; x_wconf 82' lang='lat' dir='ltr'><strong>conﬁterer</strong></span> <span class='ocrx_word' id='word_1_152' title='bbox 2654 1009 2859 1064; x_wconf 80' lang='lat' dir='ltr'><strong>peccata</strong></span> <span class='ocrx_word' id='word_1_153' title='bbox 2885 1017 2996 1053; x_wconf 67' lang='lat' dir='ltr'><strong>mea</strong></span> <span class='ocrx_word' id='word_1_154' title='bbox 3024 1011 3069 1053; x_wconf 87' lang='lat' dir='ltr'><strong>et</strong></span> <span class='ocrx_word' id='word_1_155' title='bbox 3097 1012 3302 1071; x_wconf 83' lang='lat' dir='ltr'><strong>peccata</strong></span> <span class='ocrx_word' id='word_1_156' title='bbox 3337 1002 3514 1073; x_wconf 83' lang='lat' dir='ltr'><strong>pepuli</strong></span> <span class='ocrx_word' id='word_1_157' title='bbox 3542 1006 3639 1058; x_wconf 89' lang='lat' dir='ltr'><strong>mei</strong></span> 
     </span>
    </p>
   </div>
   <div class='ocr_carea' id='block_1_24' title="bbox 2058 1087 3639 1162">
    <p class='ocr_par' dir='ltr' id='par_1_24' title="bbox 2058 1087 3639 1162">
     <span class='ocr_line' id='line_1_24' title="bbox 2058 1087 3639 1162; baseline 0.006 -22"><span class='ocrx_word' id='word_1_158' title='bbox 2058 1088 2280 1142; x_wconf 73' lang='lat' dir='ltr'><strong>Domino</strong></span> <span class='ocrx_word' id='word_1_159' title='bbox 2313 1087 2421 1141; x_wconf 89' lang='lat' dir='ltr'><strong>Deo</strong></span> <span class='ocrx_word' id='word_1_160' title='bbox 2445 1105 2553 1142; x_wconf 91' lang='lat' dir='ltr'><strong>meo</strong></span> <span class='ocrx_word' id='word_1_161' title='bbox 2584 1088 2770 1160; x_wconf 84' lang='lat' dir='ltr'><strong>(Ibid.,</strong></span> <span class='ocrx_word' id='word_1_162' title='bbox 2796 1090 2886 1159; x_wconf 67' lang='lat'><strong>20)</strong></span> <span class='ocrx_word' id='word_1_163' title='bbox 2913 1108 2927 1145; x_wconf 88' lang='lat'>:</span> <span class='ocrx_word' id='word_1_164' title='bbox 2980 1091 3149 1146; x_wconf 87' lang='lat' dir='ltr'><strong>noluit</strong></span> <span class='ocrx_word' id='word_1_165' title='bbox 3196 1092 3373 1147; x_wconf 89' lang='lat' dir='ltr'><strong>dicere</strong></span> <span class='ocrx_word' id='word_1_166' title='bbox 3425 1102 3639 1162; x_wconf 83' lang='lat' dir='ltr'><strong>peccata</strong></span> 
     </span>
    </p>
   </div>
   <div class='ocr_carea' id='block_1_25' title="bbox 2058 1180 3639 1252">
    <p class='ocr_par' dir='ltr' id='par_1_25' title="bbox 2058 1180 3639 1252">
     <span class='ocr_line' id='line_1_25' title="bbox 2058 1180 3639 1252; baseline 0.004 -18"><span class='ocrx_word' id='word_1_167' title='bbox 2058 1190 2241 1234; x_wconf 87' lang='lat' dir='ltr'><strong>nostra</strong></span> <span class='ocrx_word' id='word_1_168' title='bbox 2262 1220 2275 1243; x_wconf 97' lang='lat'><strong>,</strong></span> <span class='ocrx_word' id='word_1_169' title='bbox 2306 1180 2398 1234; x_wconf 89' lang='lat' dir='ltr'><strong>sed</strong></span> <span class='ocrx_word' id='word_1_170' title='bbox 2430 1181 2606 1249; x_wconf 90' lang='lat' dir='ltr'><strong>populi</strong></span> <span class='ocrx_word' id='word_1_171' title='bbox 2638 1181 2717 1234; x_wconf 88' lang='lat' dir='ltr'><strong>sui</strong></span> <span class='ocrx_word' id='word_1_172' title='bbox 2747 1181 2884 1235; x_wconf 80' lang='lat' dir='ltr'><strong>dixit</strong></span> <span class='ocrx_word' id='word_1_173' title='bbox 2910 1192 2961 1236; x_wconf 92' lang='lat' dir='ltr'><strong>et</strong></span> <span class='ocrx_word' id='word_1_174' title='bbox 2991 1197 3081 1237; x_wconf 90' lang='lat' dir='ltr'><strong>sua</strong></span> <span class='ocrx_word' id='word_1_175' title='bbox 3104 1223 3118 1247; x_wconf 96' lang='lat'><strong>,</strong></span> <span class='ocrx_word' id='word_1_176' title='bbox 3151 1185 3401 1252; x_wconf 85' lang='lat' dir='ltr'><strong>quoniam</strong></span> <span class='ocrx_word' id='word_1_177' title='bbox 3436 1185 3639 1240; x_wconf 79' lang='lat' dir='ltr'><strong>futuros</strong></span> 
     </span>
    </p>
   </div>
   <div class='ocr_carea' id='block_1_26' title="bbox 2058 1269 3637 1348">
    <p class='ocr_par' dir='ltr' id='par_1_26' title="bbox 2058 1269 3637 1348">
     <span class='ocr_line' id='line_1_26' title="bbox 2058 1269 3637 1348; baseline 0.008 -24"><span class='ocrx_word' id='word_1_178' title='bbox 2058 1269 2189 1324; x_wconf 92' lang='lat' dir='ltr'><strong>istos</strong></span> <span class='ocrx_word' id='word_1_179' title='bbox 2210 1270 2299 1340; x_wconf 90' lang='lat' dir='ltr'><strong>qui</strong></span> <span class='ocrx_word' id='word_1_180' title='bbox 2333 1281 2438 1324; x_wconf 90' lang='lat' dir='ltr'><strong>tam</strong></span> <span class='ocrx_word' id='word_1_181' title='bbox 2467 1270 2606 1326; x_wconf 80' lang='lat' dir='ltr'><strong>male</strong></span> <span class='ocrx_word' id='word_1_182' title='bbox 2637 1270 2661 1309; x_wconf 70' lang='grc' dir='ltr'><strong>ιι</strong></span> <span class='ocrx_word' id='word_1_183' title='bbox 2688 1272 3045 1342; x_wconf 79' lang='lat' dir='ltr'><strong>intelligerent</strong></span> <span class='ocrx_word' id='word_1_184' title='bbox 3083 1284 3330 1345; x_wconf 64' lang='lat' dir='ltr'><strong>tanquam</strong></span> <span class='ocrx_word' id='word_1_185' title='bbox 3382 1277 3637 1348; x_wconf 75' lang='lat' dir='ltr'><strong>propheta</strong></span> 
     </span>
    </p>
   </div>
   <div class='ocr_carea' id='block_1_27' title="bbox 2059 1361 2324 1431">
    <p class='ocr_par' dir='ltr' id='par_1_27' title="bbox 2059 1361 2324 1431">
     <span class='ocr_line' id='line_1_27' title="bbox 2059 1361 2324 1431; baseline -0.004 -16"><span class='ocrx_word' id='word_1_186' title='bbox 2059 1361 2324 1431; x_wconf 75' lang='lat' dir='ltr'><strong>prtevidit.</strong></span> 
     </span>
    </p>
   </div>
   <div class='ocr_carea' id='block_1_28' title="bbox 2510 1456 3187 1527">
    <p class='ocr_par' dir='ltr' id='par_1_28' title="bbox 2510 1456 3187 1527">
     <span class='ocr_line' id='line_1_28' title="bbox 2510 1456 3187 1527; baseline 0.004 -19"><span class='ocrx_word' id='word_1_187' title='bbox 2510 1460 2616 1527; x_wconf 76' lang='lat'><strong>22</strong></span> <span class='ocrx_word' id='word_1_188' title='bbox 2653 1456 2882 1512; x_wconf 82' lang='lat' dir='ltr'><strong>CAPUT</strong></span> <span class='ocrx_word' id='word_1_189' title='bbox 2924 1457 3187 1513; x_wconf 76' lang='lat' dir='ltr'><strong>xxxv&quot;.</strong></span> 
     </span>
    </p>
   </div>
   <div class='ocr_carea' id='block_1_29' title="bbox 2129 1545 3637 1615">
    <p class='ocr_par' dir='ltr' id='par_1_29' title="bbox 2129 1545 3637 1615">
     <span class='ocr_line' id='line_1_29' title="bbox 2129 1545 3637 1615; baseline 0.006 -16"><span class='ocrx_word' id='word_1_190' title='bbox 2129 1545 2442 1615; x_wconf 83' lang='lat' dir='ltr'><strong>Quicunque</strong></span> <span class='ocrx_word' id='word_1_191' title='bbox 2474 1547 2586 1615; x_wconf 89' lang='lat' dir='ltr'><strong>ipsa</strong></span> <span class='ocrx_word' id='word_1_192' title='bbox 2617 1548 2773 1601; x_wconf 87' lang='lat' dir='ltr'><strong>verba</strong></span> <span class='ocrx_word' id='word_1_193' title='bbox 2816 1548 3097 1602; x_wconf 73' lang='lat' dir='ltr'><strong>dominica:</strong></span> <span class='ocrx_word' id='word_1_194' title='bbox 3135 1551 3394 1606; x_wconf 89' lang='lat' dir='ltr'><strong>orationis</strong></span> <span class='ocrx_word' id='word_1_195' title='bbox 3441 1552 3527 1606; x_wconf 90' lang='lat' dir='ltr'><strong>ubi</strong></span> <span class='ocrx_word' id='word_1_196' title='bbox 3559 1551 3637 1608; x_wconf 79' lang='lat' dir='ltr'><strong>di-</strong></span> 
     </span>
    </p>
   </div>
   <div class='ocr_carea' id='block_1_30' title="bbox 2060 1637 3638 1708">
    <p class='ocr_par' dir='ltr' id='par_1_30' title="bbox 2060 1637 3638 1708">
     <span class='ocr_line' id='line_1_30' title="bbox 2060 1637 3638 1708; baseline 0.004 -17"><span class='ocrx_word' id='word_1_197' title='bbox 2060 1637 2232 1693; x_wconf 85' lang='lat' dir='ltr'><strong>cimus</strong></span> <span class='ocrx_word' id='word_1_198' title='bbox 2264 1656 2275 1690; x_wconf 93' lang='lat'><strong>:</strong></span> <span class='ocrx_word' id='word_1_199' title='bbox 2310 1637 2520 1692; x_wconf 81' lang='lat' dir='ltr'><strong>Dimitte</strong></span> <span class='ocrx_word' id='word_1_200' title='bbox 2549 1639 2691 1692; x_wconf 87' lang='lat' dir='ltr'><strong>nobis</strong></span> <span class='ocrx_word' id='word_1_201' title='bbox 2718 1639 2885 1693; x_wconf 87' lang='lat' dir='ltr'><strong>debita</strong></span> <span class='ocrx_word' id='word_1_202' title='bbox 2932 1650 3127 1708; x_wconf 87' lang='lat' dir='ltr'><strong>nostra,</strong></span> <span class='ocrx_word' id='word_1_203' title='bbox 3161 1643 3231 1696; x_wconf 89' lang='lat' dir='ltr'><strong>ita</strong></span> <span class='ocrx_word' id='word_1_204' title='bbox 3256 1644 3440 1699; x_wconf 89' lang='lat' dir='ltr'><strong>volunt</strong></span> <span class='ocrx_word' id='word_1_205' title='bbox 3464 1661 3491 1699; x_wconf 92' lang='lat' dir='ltr'><strong>a</strong></span> <span class='ocrx_word' id='word_1_206' title='bbox 3514 1659 3638 1699; x_wconf 82' lang='lat' dir='ltr'><strong>san-</strong></span> 
     </span>
    </p>
   </div>
   <div class='ocr_carea' id='block_1_31' title="bbox 2059 1732 3635 1801">
    <p class='ocr_par' dir='ltr' id='par_1_31' title="bbox 2059 1732 3635 1801">
     <span class='ocr_line' id='line_1_31' title="bbox 2059 1732 3635 1801; baseline 0.004 -16"><span class='ocrx_word' id='word_1_207' title='bbox 2059 1732 2162 1787; x_wconf 84' lang='lat' dir='ltr'><strong>etis</strong></span> <span class='ocrx_word' id='word_1_208' title='bbox 2190 1732 2317 1795; x_wconf 91' lang='lat' dir='ltr'><strong>dici,</strong></span> <span class='ocrx_word' id='word_1_209' title='bbox 2346 1744 2401 1786; x_wconf 84' lang='lat' dir='ltr'><strong>ut</strong></span> <span class='ocrx_word' id='word_1_210' title='bbox 2421 1732 2693 1787; x_wconf 90' lang='lat' dir='ltr'><strong>humiliter</strong></span> <span class='ocrx_word' id='word_1_211' title='bbox 2716 1749 2820 1787; x_wconf 92' lang='lat' dir='ltr'><strong>non</strong></span> <span class='ocrx_word' id='word_1_212' title='bbox 2845 1735 3105 1789; x_wconf 85' lang='lat' dir='ltr'><strong>veraciter</strong></span> <span class='ocrx_word' id='word_1_213' title='bbox 3132 1734 3231 1789; x_wconf 90' lang='lat' dir='ltr'><strong>hoc</strong></span> <span class='ocrx_word' id='word_1_214' title='bbox 3253 1736 3478 1801; x_wconf 88' lang='lat' dir='ltr'><strong>dicatur,</strong></span> <span class='ocrx_word' id='word_1_215' title='bbox 3505 1754 3635 1791; x_wconf 86' lang='lat' dir='ltr'><strong>aua-</strong></span> 
     </span>
    </p>
   </div>
   <div class='ocr_carea' id='block_1_32' title="bbox 1105 1824 3635 1896">
    <p class='ocr_par' dir='ltr' id='par_1_32' title="bbox 1105 1824 3635 1896">
     <span class='ocr_line' id='line_1_32' title="bbox 1105 1824 3635 1896; baseline 0.001 -17"><span class='ocrx_word' id='word_1_216' title='bbox 1105 1827 1203 1879; x_wconf 86' lang='lat' dir='ltr'><strong>nisi</strong></span> <span class='ocrx_word' id='word_1_217' title='bbox 1232 1830 1683 1896; x_wconf 87' lang='lat' dir='ltr'><strong>quemadmodum</strong></span> <span class='ocrx_word' id='word_1_218' title='bbox 1717 1828 1953 1882; x_wconf 71' lang='lat' dir='ltr'><strong>Ecclesia</strong></span> <span class='ocrx_word' id='word_1_219' title='bbox 1996 1835 2037 1882; x_wconf 77' lang='grc' dir='ltr'><strong>ο</strong></span> <span class='ocrx_word' id='word_1_220' title='bbox 2064 1824 2241 1878; x_wconf 88' lang='lat' dir='ltr'><strong>thema</strong></span> <span class='ocrx_word' id='word_1_221' title='bbox 2269 1824 2357 1877; x_wconf 90' lang='lat' dir='ltr'><strong>sit.</strong></span> <span class='ocrx_word' id='word_1_222' title='bbox 2392 1824 2521 1891; x_wconf 85' lang='lat' dir='ltr'><strong>Quis</strong></span> <span class='ocrx_word' id='word_1_223' title='bbox 2548 1824 2688 1877; x_wconf 89' lang='lat' dir='ltr'><strong>enim</strong></span> <span class='ocrx_word' id='word_1_224' title='bbox 2736 1824 2873 1879; x_wconf 84' lang='lat' dir='ltr'><strong>lerat</strong></span> <span class='ocrx_word' id='word_1_225' title='bbox 2899 1834 3163 1891; x_wconf 89' lang='lat' dir='ltr'><strong>orantem,</strong></span> <span class='ocrx_word' id='word_1_226' title='bbox 3192 1842 3297 1880; x_wconf 89' lang='lat' dir='ltr'><strong>non</strong></span> <span class='ocrx_word' id='word_1_227' title='bbox 3332 1828 3635 1883; x_wconf 88' lang='lat' dir='ltr'><strong>hominibus</strong></span> 
     </span>
    </p>
   </div>
   <div class='ocr_carea' id='block_1_33' title="bbox 372 1914 3639 1987">
    <p class='ocr_par' dir='ltr' id='par_1_33' title="bbox 372 1914 3639 1987">
     <span class='ocr_line' id='line_1_33' title="bbox 372 1914 3639 1987; baseline 0.004 -17"><span class='ocrx_word' id='word_1_228' title='bbox 372 1917 629 1970; x_wconf 81' lang='lat' dir='ltr'><strong>ethnlica</strong></span> <span class='ocrx_word' id='word_1_229' title='bbox 676 1917 870 1985; x_wconf 88' lang='lat' dir='ltr'><strong>ubique</strong></span> <span class='ocrx_word' id='word_1_230' title='bbox 916 1917 1104 1971; x_wconf 71' lang='lat' dir='ltr'><strong>dilfusa</strong></span> <span class='ocrx_word' id='word_1_231' title='bbox 1135 1932 1348 1983; x_wconf 89' lang='lat' dir='ltr'><strong>semper</strong></span> <span class='ocrx_word' id='word_1_232' title='bbox 1390 1920 1670 1974; x_wconf 78' lang='lat' dir='ltr'><strong>intellexit.</strong></span> <span class='ocrx_word' id='word_1_233' title='bbox 1727 1920 1951 1987; x_wconf 79' lang='lat' dir='ltr'><strong>Propter</strong></span> <span class='ocrx_word' id='word_1_234' title='bbox 1980 1914 2147 1975; x_wconf 73' lang='lat' dir='ltr'><strong>Bscd</strong></span> <span class='ocrx_word' id='word_1_235' title='bbox 2200 1916 2300 1984; x_wconf 78' lang='lat' dir='ltr'><strong>ipsi</strong></span> <span class='ocrx_word' id='word_1_236' title='bbox 2351 1915 2577 1970; x_wconf 75' lang='lat' dir='ltr'><strong>D&#39;Oﬂlill0</strong></span> <span class='ocrx_word' id='word_1_237' title='bbox 2628 1919 3003 1981; x_wconf 69' lang='grc' dir='ltr'>ιιιειιιὶθηιϐῐη,</span> <span class='ocrx_word' id='word_1_238' title='bbox 3032 1917 3120 1987; x_wconf 83' lang='lat' dir='ltr'><strong>qui</strong></span> <span class='ocrx_word' id='word_1_239' title='bbox 3172 1917 3326 1972; x_wconf 74' lang='lat' dir='ltr'><strong>labiis</strong></span> <span class='ocrx_word' id='word_1_240' title='bbox 3368 1920 3467 1974; x_wconf 74' lang='lat' dir='ltr'><strong>Sibi</strong></span> <span class='ocrx_word' id='word_1_241' title='bbox 3514 1920 3639 1974; x_wconf 60' lang='lat' dir='ltr'><strong>die“</strong></span> 
     </span>
    </p>
   </div>
   <div class='ocr_carea' id='block_1_34' title="bbox 375 2008 1953 2081">
    <p class='ocr_par' dir='ltr' id='par_1_34' title="bbox 375 2008 1953 2081">
     <span class='ocr_line' id='line_1_34' title="bbox 375 2008 1953 2081; baseline 0.002 -20"><span class='ocrx_word' id='word_1_242' title='bbox 375 2009 511 2061; x_wconf 88' lang='lat' dir='ltr'><strong>hanc</strong></span> <span class='ocrx_word' id='word_1_243' title='bbox 541 2008 682 2062; x_wconf 88' lang='lat' dir='ltr'><strong>enim</strong></span> <span class='ocrx_word' id='word_1_244' title='bbox 735 2008 853 2063; x_wconf 78' lang='lat' dir='ltr'><strong>fidei</strong></span> <span class='ocrx_word' id='word_1_245' title='bbox 886 2010 1120 2079; x_wconf 86' lang='lat' dir='ltr'><strong>regulam</strong></span> <span class='ocrx_word' id='word_1_246' title='bbox 1153 2011 1312 2064; x_wconf 90' lang='lat' dir='ltr'><strong>etiam</strong></span> <span class='ocrx_word' id='word_1_247' title='bbox 1359 2012 1584 2079; x_wconf 87' lang='lat' dir='ltr'><strong>parvuli,</strong></span> <span class='ocrx_word' id='word_1_248' title='bbox 1619 2012 1727 2081; x_wconf 76' lang='lat'><strong>20</strong></span> <span class='ocrx_word' id='word_1_249' title='bbox 1753 2013 1839 2080; x_wconf 90' lang='lat' dir='ltr'><strong>qui</strong></span> <span class='ocrx_word' id='word_1_250' title='bbox 1873 2012 1953 2065; x_wconf 85' lang='lat' dir='ltr'><strong>tti-</strong></span> 
     </span>
    </p>
   </div>
   <div class='ocr_carea' id='block_1_35' title="bbox 374 2098 1950 2171">
    <p class='ocr_par' dir='ltr' id='par_1_35' title="bbox 374 2098 1950 2171">
     <span class='ocr_line' id='line_1_35' title="bbox 374 2098 1950 2171; baseline 0.003 -19"><span class='ocrx_word' id='word_1_251' title='bbox 374 2098 447 2153; x_wconf 87' lang='lat' dir='ltr'><strong>hil</strong></span> <span class='ocrx_word' id='word_1_252' title='bbox 476 2110 814 2170; x_wconf 84' lang='lat' dir='ltr'><strong>peccatorum</strong></span> <span class='ocrx_word' id='word_1_253' title='bbox 840 2101 891 2154; x_wconf 88' lang='lat' dir='ltr'><strong>in</strong></span> <span class='ocrx_word' id='word_1_254' title='bbox 922 2112 943 2137; x_wconf 79' lang='grc' dir='ltr'><strong><em>ο</em></strong></span> <span class='ocrx_word' id='word_1_255' title='bbox 973 2102 1166 2170; x_wconf 81' lang='lat' dir='ltr'><strong>St&#39;IpSIS</strong></span> <span class='ocrx_word' id='word_1_256' title='bbox 1195 2102 1366 2156; x_wconf 89' lang='lat' dir='ltr'><strong>adhuc</strong></span> <span class='ocrx_word' id='word_1_257' title='bbox 1389 2104 1727 2157; x_wconf 88' lang='lat' dir='ltr'><strong>committere</strong></span> <span class='ocrx_word' id='word_1_258' title='bbox 1760 2114 1950 2171; x_wconf 80' lang='lat' dir='ltr'><strong>potue-</strong></span> 
     </span>
    </p>
   </div>
   <div class='ocr_carea' id='block_1_36' title="bbox 375 2189 1953 2259">
    <p class='ocr_par' dir='ltr' id='par_1_36' title="bbox 375 2189 1953 2259">
     <span class='ocr_line' id='line_1_36' title="bbox 375 2189 1953 2259; baseline 0.003 -16"><span class='ocrx_word' id='word_1_259' title='bbox 375 2201 519 2251; x_wconf 86' lang='lat' dir='ltr'><strong>runt,</strong></span> <span class='ocrx_word' id='word_1_260' title='bbox 547 2189 666 2244; x_wconf 64' lang='lat' dir='ltr'><strong>ideo</strong></span> <span class='ocrx_word' id='word_1_261' title='bbox 697 2192 747 2243; x_wconf 92' lang='lat' dir='ltr'><strong>iu</strong></span> <span class='ocrx_word' id='word_1_262' title='bbox 782 2202 1122 2259; x_wconf 87' lang='lat' dir='ltr'><strong>peccatorum</strong></span> <span class='ocrx_word' id='word_1_263' title='bbox 1163 2193 1534 2248; x_wconf 86' lang='lat' dir='ltr'><strong>remissionem</strong></span> <span class='ocrx_word' id='word_1_264' title='bbox 1569 2196 1829 2249; x_wconf 86' lang='lat' dir='ltr'><strong>veraciter</strong></span> <span class='ocrx_word' id='word_1_265' title='bbox 1862 2194 1953 2249; x_wconf 80' lang='lat' dir='ltr'><strong>ba-</strong></span> 
     </span>
    </p>
   </div>
   <div class='ocr_carea' id='block_1_37' title="bbox 376 2284 1954 2357">
    <p class='ocr_par' dir='ltr' id='par_1_37' title="bbox 376 2284 1954 2357">
     <span class='ocr_line' id='line_1_37' title="bbox 376 2284 1954 2357; baseline 0.003 -21"><span class='ocrx_word' id='word_1_266' title='bbox 376 2284 661 2351; x_wconf 73' lang='lat' dir='ltr'><strong>ptizantur,</strong></span> <span class='ocrx_word' id='word_1_267' title='bbox 711 2295 764 2338; x_wconf 90' lang='lat' dir='ltr'><strong>ut</strong></span> <span class='ocrx_word' id='word_1_268' title='bbox 813 2286 865 2338; x_wconf 94' lang='lat' dir='ltr'><strong>in</strong></span> <span class='ocrx_word' id='word_1_269' title='bbox 902 2284 979 2339; x_wconf 88' lang='lat' dir='ltr'><strong>eis</strong></span> <span class='ocrx_word' id='word_1_270' title='bbox 1020 2286 1423 2355; x_wconf 87' lang='lat' dir='ltr'><strong>regenerationc</strong></span> <span class='ocrx_word' id='word_1_271' title='bbox 1459 2288 1776 2348; x_wconf 85' lang='lat' dir='ltr'><strong>mundetur.</strong></span> <span class='ocrx_word' id='word_1_272' title='bbox 1813 2288 1954 2357; x_wconf 91' lang='lat' dir='ltr'><strong>quod</strong></span> 
     </span>
    </p>
   </div>
   <div class='ocr_carea' id='block_1_38' title="bbox 376 2375 1047 2445">
    <p class='ocr_par' dir='ltr' id='par_1_38' title="bbox 376 2375 1047 2445">
     <span class='ocr_line' id='line_1_38' title="bbox 376 2375 1047 2445; baseline -0.003 -15"><span class='ocrx_word' id='word_1_273' title='bbox 376 2375 721 2445; x_wconf 74' lang='lat' dir='ltr'><strong>generatione</strong></span> <span class='ocrx_word' id='word_1_274' title='bbox 750 2387 1047 2431; x_wconf 73' lang='lat' dir='ltr'><strong>traxerunt.</strong></span> 
     </span>
    </p>
   </div>
   <div class='ocr_carea' id='block_1_39' title="bbox 921 2467 1404 2524">
    <p class='ocr_par' dir='ltr' id='par_1_39' title="bbox 921 2467 1404 2524">
     <span class='ocr_line' id='line_1_39' title="bbox 921 2467 1404 2524; baseline 0.002 -3"><span class='ocrx_word' id='word_1_275' title='bbox 921 2467 1147 2524; x_wconf 80' lang='lat' dir='ltr'><strong>CAPUT</strong></span> <span class='ocrx_word' id='word_1_276' title='bbox 1191 2469 1404 2523; x_wconf 87' lang='lat' dir='ltr'><strong>XXXV.</strong></span> 
     </span>
    </p>
   </div>
   <div class='ocr_carea' id='block_1_40' title="bbox 450 2552 1961 2632">
    <p class='ocr_par' dir='ltr' id='par_1_40' title="bbox 450 2552 1961 2632">
     <span class='ocr_line' id='line_1_40' title="bbox 450 2552 1961 2632; baseline 0.001 -18"><span class='ocrx_word' id='word_1_277' title='bbox 450 2562 596 2627; x_wconf 88' lang='lat' dir='ltr'><strong>Quod</strong></span> <span class='ocrx_word' id='word_1_278' title='bbox 626 2562 699 2617; x_wconf 89' lang='lat' dir='ltr'><strong>ait</strong></span> <span class='ocrx_word' id='word_1_279' title='bbox 723 2572 939 2616; x_wconf 89' lang='lat' dir='ltr'><strong>sanctus</strong></span> <span class='ocrx_word' id='word_1_280' title='bbox 970 2562 1205 2617; x_wconf 81' lang='lat' dir='ltr'><strong>Joannes</strong></span> <span class='ocrx_word' id='word_1_281' title='bbox 1233 2563 1546 2632; x_wconf 74' lang='lat' dir='ltr'><strong>apostolus:</strong></span> <span class='ocrx_word' id='word_1_282' title='bbox 1578 2563 1637 2618; x_wconf 88' lang='lat' dir='ltr'><strong>Si</strong></span> <span class='ocrx_word' id='word_1_283' title='bbox 1680 2552 1961 2616; x_wconf 76' lang='lat' dir='ltr'><strong>dixerimus</strong></span> 
     </span>
    </p>
   </div>
   <div class='ocr_carea' id='block_1_41' title="bbox 379 2655 1962 2725">
    <p class='ocr_par' dir='ltr' id='par_1_41' title="bbox 379 2655 1962 2725">
     <span class='ocr_line' id='line_1_41' title="bbox 379 2655 1962 2725; baseline 0.001 -21"><span class='ocrx_word' id='word_1_284' title='bbox 379 2655 498 2722; x_wconf 84' lang='lat' dir='ltr'><strong>quia</strong></span> <span class='ocrx_word' id='word_1_285' title='bbox 547 2665 803 2723; x_wconf 76' lang='lat' dir='ltr'><strong>peccatum</strong></span> <span class='ocrx_word' id='word_1_286' title='bbox 840 2672 939 2707; x_wconf 84' lang='lat' dir='ltr'><strong>non</strong></span> <span class='ocrx_word' id='word_1_287' title='bbox 986 2655 1247 2725; x_wconf 82' lang='lat' dir='ltr'><strong>habemus,</strong></span> <span class='ocrx_word' id='word_1_288' title='bbox 1290 2671 1381 2707; x_wconf 90' lang='lat' dir='ltr'><strong>nos</strong></span> <span class='ocrx_word' id='word_1_289' title='bbox 1412 2655 1548 2722; x_wconf 87' lang='lat' dir='ltr'><strong>ipsos</strong></span> <span class='ocrx_word' id='word_1_290' title='bbox 1578 2655 1885 2719; x_wconf 83' lang='lat' dir='ltr'><strong>seducimus,</strong></span> <span class='ocrx_word' id='word_1_291' title='bbox 1916 2664 1962 2707; x_wconf 88' lang='lat' dir='ltr'><strong>et</strong></span> 
     </span>
    </p>
   </div>
   <div class='ocr_carea' id='block_1_42' title="bbox 379 2745 1962 2819">
    <p class='ocr_par' dir='ltr' id='par_1_42' title="bbox 379 2745 1962 2819">
     <span class='ocr_line' id='line_1_42' title="bbox 379 2745 1962 2819; baseline 0.001 -20"><span class='ocrx_word' id='word_1_292' title='bbox 379 2749 561 2799; x_wconf 67' lang='lat' dir='ltr'><strong>veritas</strong></span> <span class='ocrx_word' id='word_1_293' title='bbox 588 2747 640 2798; x_wconf 91' lang='lat' dir='ltr'><strong>in</strong></span> <span class='ocrx_word' id='word_1_294' title='bbox 669 2747 809 2799; x_wconf 85' lang='lat' dir='ltr'><strong>nobis</strong></span> <span class='ocrx_word' id='word_1_295' title='bbox 839 2764 938 2800; x_wconf 87' lang='lat' dir='ltr'><strong>non</strong></span> <span class='ocrx_word' id='word_1_296' title='bbox 968 2757 1039 2801; x_wconf 79' lang='lat' dir='ltr'><strong>est</strong></span> <span class='ocrx_word' id='word_1_297' title='bbox 1086 2746 1133 2819; x_wconf 92' lang='grc' dir='ltr'><strong>(ι</strong></span> <span class='ocrx_word' id='word_1_298' title='bbox 1161 2745 1317 2799; x_wconf 85' lang='lat' dir='ltr'><strong>Joan.</strong></span> <span class='ocrx_word' id='word_1_299' title='bbox 1342 2763 1382 2812; x_wconf 90' lang='grc' dir='ltr'>ι,</span> <span class='ocrx_word' id='word_1_300' title='bbox 1407 2746 1484 2816; x_wconf 89' lang='grc'><strong>8),</strong></span> <span class='ocrx_word' id='word_1_301' title='bbox 1515 2746 1757 2817; x_wconf 85' lang='lat' dir='ltr'><strong>quisquis</strong></span> <span class='ocrx_word' id='word_1_302' title='bbox 1777 2747 1853 2802; x_wconf 90' lang='lat' dir='ltr'><strong>sic</strong></span> <span class='ocrx_word' id='word_1_303' title='bbox 1874 2761 1962 2801; x_wconf 88' lang='lat' dir='ltr'><strong>ac-</strong></span> 
     </span>
    </p>
   </div>
   <div class='ocr_carea' id='block_1_43' title="bbox 380 2835 1962 2907">
    <p class='ocr_par' dir='ltr' id='par_1_43' title="bbox 380 2835 1962 2907">
     <span class='ocr_line' id='line_1_43' title="bbox 380 2835 1962 2907; baseline 0 -16"><span class='ocrx_word' id='word_1_304' title='bbox 380 2835 683 2907; x_wconf 85' lang='lat' dir='ltr'><strong>cipiendum</strong></span> <span class='ocrx_word' id='word_1_305' title='bbox 726 2837 1010 2905; x_wconf 89' lang='lat' dir='ltr'><strong>putaverit,</strong></span> <span class='ocrx_word' id='word_1_306' title='bbox 1063 2848 1121 2891; x_wconf 91' lang='lat' dir='ltr'><strong>ut</strong></span> <span class='ocrx_word' id='word_1_307' title='bbox 1166 2836 1308 2892; x_wconf 89' lang='lat' dir='ltr'><strong>dicat</strong></span> <span class='ocrx_word' id='word_1_308' title='bbox 1348 2848 1566 2906; x_wconf 89' lang='lat' dir='ltr'><strong>propter</strong></span> <span class='ocrx_word' id='word_1_309' title='bbox 1608 2837 1962 2892; x_wconf 90' lang='lat' dir='ltr'><strong>humilitatem</strong></span> 
     </span>
    </p>
   </div>
   <div class='ocr_carea' id='block_1_44' title="bbox 383 2927 1963 2997">
    <p class='ocr_par' dir='ltr' id='par_1_44' title="bbox 383 2927 1963 2997">
     <span class='ocr_line' id='line_1_44' title="bbox 383 2927 1963 2997; baseline -0.001 -16"><span class='ocrx_word' id='word_1_310' title='bbox 383 2943 489 2981; x_wconf 92' lang='lat' dir='ltr'><strong>non</strong></span> <span class='ocrx_word' id='word_1_311' title='bbox 515 2940 763 2996; x_wconf 87' lang='lat' dir='ltr'><strong>oportere</strong></span> <span class='ocrx_word' id='word_1_312' title='bbox 793 2927 917 2992; x_wconf 87' lang='lat' dir='ltr'><strong>dici,</strong></span> <span class='ocrx_word' id='word_1_313' title='bbox 970 2943 1066 2982; x_wconf 89' lang='lat' dir='ltr'><strong>nos</strong></span> <span class='ocrx_word' id='word_1_314' title='bbox 1112 2944 1215 2981; x_wconf 90' lang='lat' dir='ltr'><strong>non</strong></span> <span class='ocrx_word' id='word_1_315' title='bbox 1266 2927 1466 2982; x_wconf 90' lang='lat' dir='ltr'><strong>habere</strong></span> <span class='ocrx_word' id='word_1_316' title='bbox 1506 2937 1805 2997; x_wconf 86' lang='lat' dir='ltr'><strong>peccatum,</strong></span> <span class='ocrx_word' id='word_1_317' title='bbox 1856 2942 1963 2980; x_wconf 90' lang='lat' dir='ltr'><strong>nun</strong></span> 
     </span>
    </p>
   </div>
   <div class='ocr_carea' id='block_1_45' title="bbox 382 3020 1964 3089">
    <p class='ocr_par' dir='ltr' id='par_1_45' title="bbox 382 3020 1964 3089">
     <span class='ocr_line' id='line_1_45' title="bbox 382 3020 1964 3089; baseline -0.001 -16"><span class='ocrx_word' id='word_1_318' title='bbox 382 3022 506 3089; x_wconf 87' lang='lat' dir='ltr'><strong>quia</strong></span> <span class='ocrx_word' id='word_1_319' title='bbox 547 3021 741 3076; x_wconf 89' lang='lat' dir='ltr'><strong>veritas</strong></span> <span class='ocrx_word' id='word_1_320' title='bbox 771 3029 872 3084; x_wconf 88' lang='lat' dir='ltr'><strong>est,</strong></span> <span class='ocrx_word' id='word_1_321' title='bbox 924 3020 1203 3075; x_wconf 88' lang='lat' dir='ltr'><strong>anathema</strong></span> <span class='ocrx_word' id='word_1_322' title='bbox 1237 3021 1322 3074; x_wconf 87' lang='lat' dir='ltr'><strong>sit.</strong></span> <span class='ocrx_word' id='word_1_323' title='bbox 1354 3022 1605 3089; x_wconf 83' lang='lat' dir='ltr'><strong>Sequitur</strong></span> <span class='ocrx_word' id='word_1_324' title='bbox 1656 3022 1797 3073; x_wconf 84' lang='lat' dir='ltr'><strong>enim</strong></span> <span class='ocrx_word' id='word_1_325' title='bbox 1832 3034 1964 3088; x_wconf 84' lang='lat' dir='ltr'><strong>apo-</strong></span> 
     </span>
    </p>
   </div>
   <div class='ocr_carea' id='block_1_46' title="bbox 383 3111 1967 3181">
    <p class='ocr_par' dir='ltr' id='par_1_46' title="bbox 383 3111 1967 3181">
     <span class='ocr_line' id='line_1_46' title="bbox 383 3111 1967 3181; baseline -0.001 -15"><span class='ocrx_word' id='word_1_326' title='bbox 383 3111 553 3166; x_wconf 84' lang='lat' dir='ltr'><strong>stolus</strong></span> <span class='ocrx_word' id='word_1_327' title='bbox 580 3122 631 3164; x_wconf 86' lang='lat' dir='ltr'><strong>et</strong></span> <span class='ocrx_word' id='word_1_328' title='bbox 663 3112 939 3181; x_wconf 84' lang='lat' dir='ltr'><strong>adjungit:</strong></span> <span class='ocrx_word' id='word_1_329' title='bbox 976 3112 1037 3166; x_wconf 88' lang='lat' dir='ltr'><strong>Si</strong></span> <span class='ocrx_word' id='word_1_330' title='bbox 1058 3126 1224 3164; x_wconf 80' lang='lat' dir='ltr'><strong>autent</strong></span> <span class='ocrx_word' id='word_1_331' title='bbox 1245 3112 1465 3181; x_wconf 81' lang='lat' dir='ltr'><strong>confessi</strong></span> <span class='ocrx_word' id='word_1_332' title='bbox 1496 3113 1743 3179; x_wconf 77' lang='lat' dir='ltr'><strong>fuerimus</strong></span> <span class='ocrx_word' id='word_1_333' title='bbox 1763 3121 1967 3181; x_wconf 82' lang='lat' dir='ltr'><strong>peccata</strong></span> 
     </span>
    </p>
   </div>
   <div class='ocr_carea' id='block_1_47' title="bbox 387 3202 1969 3273">
    <p class='ocr_par' dir='ltr' id='par_1_47' title="bbox 387 3202 1969 3273">
     <span class='ocr_line' id='line_1_47' title="bbox 387 3202 1969 3273; baseline 0.001 -19"><span class='ocrx_word' id='word_1_334' title='bbox 387 3211 579 3263; x_wconf 83' lang='lat' dir='ltr'><strong>nostra,</strong></span> <span class='ocrx_word' id='word_1_335' title='bbox 612 3202 777 3268; x_wconf 77' lang='lat' dir='ltr'><strong>ﬁdelis</strong></span> <span class='ocrx_word' id='word_1_336' title='bbox 806 3213 876 3256; x_wconf 87' lang='lat' dir='ltr'><strong>est</strong></span> <span class='ocrx_word' id='word_1_337' title='bbox 906 3214 953 3256; x_wconf 88' lang='lat' dir='ltr'><strong>et</strong></span> <span class='ocrx_word' id='word_1_338' title='bbox 988 3205 1160 3273; x_wconf 88' lang='lat' dir='ltr'><strong>justus</strong></span> <span class='ocrx_word' id='word_1_339' title='bbox 1199 3203 1285 3271; x_wconf 89' lang='lat' dir='ltr'><strong>qui</strong></span> <span class='ocrx_word' id='word_1_340' title='bbox 1322 3204 1543 3255; x_wconf 81' lang='lat' dir='ltr'><strong>remittat</strong></span> <span class='ocrx_word' id='word_1_341' title='bbox 1590 3203 1731 3256; x_wconf 85' lang='lat' dir='ltr'><strong>nobis</strong></span> <span class='ocrx_word' id='word_1_342' title='bbox 1760 3212 1969 3271; x_wconf 88' lang='lat' dir='ltr'><strong>peccata</strong></span> 
     </span>
    </p>
   </div>
   <div class='ocr_carea' id='block_1_48' title="bbox 2059 2009 3641 2081">
    <p class='ocr_par' dir='ltr' id='par_1_48' title="bbox 2059 2009 3641 2081">
     <span class='ocr_line' id='line_1_48' title="bbox 2059 2009 3641 2081; baseline 0.003 -18"><span class='ocrx_word' id='word_1_343' title='bbox 2059 2009 2253 2063; x_wconf 90' lang='lat' dir='ltr'><strong>dimitti</strong></span> <span class='ocrx_word' id='word_1_344' title='bbox 2298 2010 2472 2072; x_wconf 90' lang='lat' dir='ltr'><strong>velle,</strong></span> <span class='ocrx_word' id='word_1_345' title='bbox 2519 2018 2575 2065; x_wconf 88' lang='lat' dir='ltr'><strong>et</strong></span> <span class='ocrx_word' id='word_1_346' title='bbox 2612 2012 2774 2065; x_wconf 89' lang='lat' dir='ltr'><strong>corde</strong></span> <span class='ocrx_word' id='word_1_347' title='bbox 2814 2010 2943 2066; x_wconf 92' lang='lat' dir='ltr'><strong>dicit</strong></span> <span class='ocrx_word' id='word_1_348' title='bbox 2993 2026 3112 2081; x_wconf 73' lang='lat' dir='ltr'><strong>qure</strong></span> <span class='ocrx_word' id='word_1_349' title='bbox 3161 2012 3260 2066; x_wconf 87' lang='lat' dir='ltr'><strong>sibi</strong></span> <span class='ocrx_word' id='word_1_350' title='bbox 3309 2013 3641 2067; x_wconf 83' lang='lat' dir='ltr'><strong>dimittantur</strong></span> 
     </span>
    </p>
   </div>
   <div class='ocr_carea' id='block_1_49' title="bbox 2058 2101 2629 2157">
    <p class='ocr_par' dir='ltr' id='par_1_49' title="bbox 2058 2101 2629 2157">
     <span class='ocr_line' id='line_1_49' title="bbox 2058 2101 2629 2157; baseline -0.002 -2"><span class='ocrx_word' id='word_1_351' title='bbox 2058 2101 2232 2156; x_wconf 89' lang='lat' dir='ltr'><strong>debita</strong></span> <span class='ocrx_word' id='word_1_352' title='bbox 2266 2117 2370 2157; x_wconf 93' lang='lat' dir='ltr'><strong>non</strong></span> <span class='ocrx_word' id='word_1_353' title='bbox 2408 2102 2629 2157; x_wconf 90' lang='lat' dir='ltr'><strong>habere.</strong></span> 
     </span>
    </p>
   </div>
   <div class='ocr_carea' id='block_1_50' title="bbox 2587 2191 3147 2248">
    <p class='ocr_par' dir='ltr' id='par_1_50' title="bbox 2587 2191 3147 2248">
     <span class='ocr_line' id='line_1_50' title="bbox 2587 2191 3147 2248; baseline 0.002 -1"><span class='ocrx_word' id='word_1_354' title='bbox 2587 2191 2816 2248; x_wconf 82' lang='lat' dir='ltr'><strong>CAPUT</strong></span> <span class='ocrx_word' id='word_1_355' title='bbox 2858 2194 3147 2248; x_wconf 82' lang='lat' dir='ltr'><strong>XXXVIII.</strong></span> 
     </span>
    </p>
   </div>
   <div class='ocr_carea' id='block_1_51' title="bbox 2133 2282 3637 2353">
    <p class='ocr_par' dir='ltr' id='par_1_51' title="bbox 2133 2282 3637 2353">
     <span class='ocr_line' id='line_1_51' title="bbox 2133 2282 3637 2353; baseline 0.002 -15"><span class='ocrx_word' id='word_1_356' title='bbox 2133 2283 2188 2338; x_wconf 89' lang='lat' dir='ltr'><strong>Si</strong></span> <span class='ocrx_word' id='word_1_357' title='bbox 2215 2283 2331 2353; x_wconf 86' lang='lat' dir='ltr'><strong>quis</strong></span> <span class='ocrx_word' id='word_1_358' title='bbox 2369 2298 2464 2351; x_wconf 91' lang='lat' dir='ltr'><strong>per</strong></span> <span class='ocrx_word' id='word_1_359' title='bbox 2488 2282 2744 2338; x_wconf 76' lang='lat' dir='ltr'><strong>offensam</strong></span> <span class='ocrx_word' id='word_1_360' title='bbox 2778 2284 3231 2353; x_wconf 73' lang='lat' dir='ltr'><strong>praevaricationis</strong></span> <span class='ocrx_word' id='word_1_361' title='bbox 3262 2285 3388 2340; x_wconf 77' lang='lat' dir='ltr'><strong>Ada:</strong></span> <span class='ocrx_word' id='word_1_362' title='bbox 3418 2301 3522 2339; x_wconf 92' lang='lat' dir='ltr'><strong>non</strong></span> <span class='ocrx_word' id='word_1_363' title='bbox 3554 2296 3637 2341; x_wconf 91' lang='lat' dir='ltr'><strong>to-</strong></span> 
     </span>
    </p>
   </div>
   <div class='ocr_carea' id='block_1_52' title="bbox 2063 2372 3642 2442">
    <p class='ocr_par' dir='ltr' id='par_1_52' title="bbox 2063 2372 3642 2442">
     <span class='ocr_line' id='line_1_52' title="bbox 2063 2372 3642 2442; baseline 0.003 -15"><span class='ocrx_word' id='word_1_364' title='bbox 2063 2383 2195 2441; x_wconf 90' lang='lat' dir='ltr'><strong>tutn,</strong></span> <span class='ocrx_word' id='word_1_365' title='bbox 2223 2374 2272 2427; x_wconf 91' lang='lat' dir='ltr'><strong>id</strong></span> <span class='ocrx_word' id='word_1_366' title='bbox 2299 2383 2400 2437; x_wconf 90' lang='lat' dir='ltr'><strong>est,</strong></span> <span class='ocrx_word' id='word_1_367' title='bbox 2424 2372 2720 2428; x_wconf 80' lang='lat' dir='ltr'><strong>secundum</strong></span> <span class='ocrx_word' id='word_1_368' title='bbox 2751 2386 2945 2442; x_wconf 89' lang='lat' dir='ltr'><strong>corpus</strong></span> <span class='ocrx_word' id='word_1_369' title='bbox 2974 2384 3029 2430; x_wconf 91' lang='lat' dir='ltr'><strong>et</strong></span> <span class='ocrx_word' id='word_1_370' title='bbox 3056 2375 3290 2429; x_wconf 89' lang='lat' dir='ltr'><strong>animam</strong></span> <span class='ocrx_word' id='word_1_371' title='bbox 3321 2376 3372 2430; x_wconf 94' lang='lat' dir='ltr'><strong>in</strong></span> <span class='ocrx_word' id='word_1_372' title='bbox 3405 2377 3642 2431; x_wconf 83' lang='lat' dir='ltr'><strong>deterius</strong></span> 
     </span>
    </p>
   </div>
   <div class='ocr_carea' id='block_1_53' title="bbox 2061 2463 3645 2531">
    <p class='ocr_par' dir='ltr' id='par_1_53' title="bbox 2061 2463 3645 2531">
     <span class='ocr_line' id='line_1_53' title="bbox 2061 2463 3645 2531; baseline 0.004 -13"><span class='ocrx_word' id='word_1_373' title='bbox 2061 2463 2193 2518; x_wconf 91' lang='lat' dir='ltr'><strong>dicit</strong></span> <span class='ocrx_word' id='word_1_374' title='bbox 2240 2465 2509 2519; x_wconf 86' lang='lat' dir='ltr'><strong>hominem</strong></span> <span class='ocrx_word' id='word_1_375' title='bbox 2562 2474 2987 2531; x_wconf 88' lang='lat' dir='ltr'><strong>commutatum,</strong></span> <span class='ocrx_word' id='word_1_376' title='bbox 3048 2467 3142 2522; x_wconf 89' lang='lat' dir='ltr'><strong>sed</strong></span> <span class='ocrx_word' id='word_1_377' title='bbox 3181 2468 3374 2522; x_wconf 76' lang='lat' dir='ltr'><strong>anima:</strong></span> <span class='ocrx_word' id='word_1_378' title='bbox 3400 2467 3645 2525; x_wconf 84' lang='lat' dir='ltr'><strong>libertate</strong></span> 
     </span>
    </p>
   </div>
   <div class='ocr_carea' id='block_1_54' title="bbox 2062 2554 3647 2630">
    <p class='ocr_par' dir='ltr' id='par_1_54' title="bbox 2062 2554 3647 2630">
     <span class='ocr_line' id='line_1_54' title="bbox 2062 2554 3647 2630; baseline 0.003 -22"><span class='ocrx_word' id='word_1_379' title='bbox 2062 2554 2227 2626; x_wconf 62' lang='lat' dir='ltr'><strong>illaesa</strong></span> <span class='ocrx_word' id='word_1_380' title='bbox 2254 2555 2513 2621; x_wconf 89' lang='lat' dir='ltr'><strong>durante,</strong></span> <span class='ocrx_word' id='word_1_381' title='bbox 2551 2571 2747 2625; x_wconf 91' lang='lat' dir='ltr'><strong>corpus</strong></span> <span class='ocrx_word' id='word_1_382' title='bbox 2779 2558 3150 2613; x_wconf 85' lang='lat' dir='ltr'><strong>tantummodo</strong></span> <span class='ocrx_word' id='word_1_383' title='bbox 3173 2560 3501 2630; x_wconf 89' lang='lat' dir='ltr'><strong>corruptioni</strong></span> <span class='ocrx_word' id='word_1_384' title='bbox 3531 2575 3647 2613; x_wconf 89' lang='lat' dir='ltr'><strong>cre-</strong></span> 
     </span>
    </p>
   </div>
   <div class='ocr_carea' id='block_1_55' title="bbox 2064 2646 3647 2718">
    <p class='ocr_par' dir='ltr' id='par_1_55' title="bbox 2064 2646 3647 2718">
     <span class='ocr_line' id='line_1_55' title="bbox 2064 2646 3647 2718; baseline 0.002 -17"><span class='ocrx_word' id='word_1_385' title='bbox 2064 2646 2141 2701; x_wconf 92' lang='lat' dir='ltr'><strong>dit</strong></span> <span class='ocrx_word' id='word_1_386' title='bbox 2198 2647 2510 2715; x_wconf 76' lang='lat' dir='ltr'><strong>obnoxium,</strong></span> <span class='ocrx_word' id='word_1_387' title='bbox 2556 2647 2754 2717; x_wconf 76' lang='lat' dir='ltr'><strong>Pelagii</strong></span> <span class='ocrx_word' id='word_1_388' title='bbox 2806 2663 2993 2705; x_wconf 89' lang='lat' dir='ltr'><strong>errore</strong></span> <span class='ocrx_word' id='word_1_389' title='bbox 3042 2649 3295 2718; x_wconf 90' lang='lat' dir='ltr'><strong>deceptus</strong></span> <span class='ocrx_word' id='word_1_390' title='bbox 3335 2650 3647 2705; x_wconf 88' lang='lat' dir='ltr'><strong>adversatur</strong></span> 
     </span>
    </p>
   </div>
   <div class='ocr_carea' id='block_1_56' title="bbox 2069 2740 3649 2811">
    <p class='ocr_par' dir='ltr' id='par_1_56' title="bbox 2069 2740 3649 2811">
     <span class='ocr_line' id='line_1_56' title="bbox 2069 2740 3649 2811; baseline 0.001 -18"><span class='ocrx_word' id='word_1_391' title='bbox 2069 2740 2362 2808; x_wconf 76' lang='lat' dir='ltr'><strong>Scriptura:</strong></span> <span class='ocrx_word' id='word_1_392' title='bbox 2387 2740 2584 2794; x_wconf 88' lang='lat' dir='ltr'><strong>dicenti</strong></span> <span class='ocrx_word' id='word_1_393' title='bbox 2616 2757 2626 2790; x_wconf 89' lang='lat'>:</span> <span class='ocrx_word' id='word_1_394' title='bbox 2658 2740 2841 2793; x_wconf 84' lang='lat' dir='ltr'><strong>Anima</strong></span> <span class='ocrx_word' id='word_1_395' title='bbox 2871 2757 2984 2810; x_wconf 77' lang='lat' dir='ltr'><strong>qua:</strong></span> <span class='ocrx_word' id='word_1_396' title='bbox 3005 2742 3304 2809; x_wconf 84' lang='lat' dir='ltr'><strong>peccaverit,</strong></span> <span class='ocrx_word' id='word_1_397' title='bbox 3337 2741 3447 2811; x_wconf 89' lang='lat' dir='ltr'><strong>ipsa</strong></span> <span class='ocrx_word' id='word_1_398' title='bbox 3470 2742 3649 2795; x_wconf 82' lang='lat' dir='ltr'><strong>morie-</strong></span> 
     </span>
    </p>
   </div>
   <div class='ocr_carea' id='block_1_57' title="bbox 2067 2829 3649 2903">
    <p class='ocr_par' dir='ltr' id='par_1_57' title="bbox 2067 2829 3649 2903">
     <span class='ocr_line' id='line_1_57' title="bbox 2067 2829 3649 2903; baseline 0 -18"><span class='ocrx_word' id='word_1_399' title='bbox 2067 2842 2149 2885; x_wconf 86' lang='lat' dir='ltr'><strong>tur</strong></span> <span class='ocrx_word' id='word_1_400' title='bbox 2181 2829 2392 2902; x_wconf 65' lang='lat' dir='ltr'><strong>{Ezech.</strong></span> <span class='ocrx_word' id='word_1_401' title='bbox 2424 2846 2569 2898; x_wconf 80' lang='lat' dir='ltr'><strong>xvnl,</strong></span> <span class='ocrx_word' id='word_1_402' title='bbox 2602 2831 2684 2900; x_wconf 77' lang='grc'><strong>4),</strong></span> <span class='ocrx_word' id='word_1_403' title='bbox 2706 2840 2761 2885; x_wconf 84' lang='lat' dir='ltr'><strong>et</strong></span> <span class='ocrx_word' id='word_1_404' title='bbox 2789 2849 2803 2885; x_wconf 87' lang='lat'>:</span> <span class='ocrx_word' id='word_1_405' title='bbox 2845 2832 3071 2887; x_wconf 82' lang='lat' dir='ltr'><strong>Nescitis</strong></span> <span class='ocrx_word' id='word_1_406' title='bbox 3101 2833 3341 2903; x_wconf 85' lang='lat' dir='ltr'><strong>quoniam</strong></span> <span class='ocrx_word' id='word_1_407' title='bbox 3369 2834 3451 2887; x_wconf 85' lang='lat' dir='ltr'><strong>cui</strong></span> <span class='ocrx_word' id='word_1_408' title='bbox 3480 2834 3649 2887; x_wconf 83' lang='lat' dir='ltr'><strong>obedi-</strong></span> 
     </span>
    </p>
   </div>
   <div class='ocr_carea' id='block_1_58' title="bbox 2066 2924 3650 2996">
    <p class='ocr_par' dir='ltr' id='par_1_58' title="bbox 2066 2924 3650 2996">
     <span class='ocr_line' id='line_1_58' title="bbox 2066 2924 3650 2996; baseline 0.002 -22"><span class='ocrx_word' id='word_1_409' title='bbox 2066 2924 2169 2988; x_wconf 83' lang='lat' dir='ltr'><strong>tis,</strong></span> <span class='ocrx_word' id='word_1_410' title='bbox 2221 2932 2265 2977; x_wconf 82' lang='lat' dir='ltr'><strong>ct</strong></span> <span class='ocrx_word' id='word_1_411' title='bbox 2302 2939 2334 2976; x_wconf 92' lang='lat' dir='ltr'><strong>a</strong></span> <span class='ocrx_word' id='word_1_412' title='bbox 2376 2939 2477 2994; x_wconf 87' lang='lat' dir='ltr'><strong>quo</strong></span> <span class='ocrx_word' id='word_1_413' title='bbox 2522 2924 2635 2993; x_wconf 83' lang='lat' dir='ltr'><strong>quis</strong></span> <span class='ocrx_word' id='word_1_414' title='bbox 2690 2932 2980 2992; x_wconf 86' lang='lat' dir='ltr'><strong>superatur,</strong></span> <span class='ocrx_word' id='word_1_415' title='bbox 3035 2925 3144 2994; x_wconf 81' lang='lat' dir='ltr'><strong>ejus</strong></span> <span class='ocrx_word' id='word_1_416' title='bbox 3186 2940 3359 2979; x_wconf 82' lang='lat' dir='ltr'><strong>servus</strong></span> <span class='ocrx_word' id='word_1_417' title='bbox 3411 2926 3650 2996; x_wconf 81' lang='lat' dir='ltr'><strong>adjicitur</strong></span> 
     </span>
    </p>
   </div>
   <div class='ocr_carea' id='block_1_59' title="bbox 2066 3012 2524 3085">
    <p class='ocr_par' dir='ltr' id='par_1_59' title="bbox 2066 3012 2524 3085">
     <span class='ocr_line' id='line_1_59' title="bbox 2066 3012 2524 3085; baseline 0.004 -21"><span class='ocrx_word' id='word_1_418' title='bbox 2066 3012 2245 3083; x_wconf 82' lang='lat' dir='ltr'><strong>(Rom.</strong></span> <span class='ocrx_word' id='word_1_419' title='bbox 2278 3028 2328 3067; x_wconf 79' lang='lat' dir='ltr'><strong>Vt</strong></span> <span class='ocrx_word' id='word_1_420' title='bbox 2351 3054 2365 3079; x_wconf 90' lang='lat'><strong>,</strong></span> <span class='ocrx_word' id='word_1_421' title='bbox 2394 3013 2524 3085; x_wconf 81' lang='lat' dir='ltr'><strong>I6)?</strong></span> 
     </span>
    </p>
   </div>
   <div class='ocr_carea' id='block_1_60' title="bbox 2609 3096 3119 3163">
    <p class='ocr_par' dir='ltr' id='par_1_60' title="bbox 2609 3096 3119 3163">
     <span class='ocr_line' id='line_1_60' title="bbox 2609 3096 3119 3163; baseline 0.006 -4"><span class='ocrx_word' id='word_1_422' title='bbox 2609 3096 2835 3161; x_wconf 69' lang='lat' dir='ltr'><strong>CAPUT</strong></span> <span class='ocrx_word' id='word_1_423' title='bbox 2875 3106 3119 3163; x_wconf 86' lang='lat' dir='ltr'><strong>XXXIX.</strong></span> 
     </span>
    </p>
   </div>
   <div class='ocr_carea' id='block_1_61' title="bbox 2141 3194 3651 3267">
    <p class='ocr_par' dir='ltr' id='par_1_61' title="bbox 2141 3194 3651 3267">
     <span class='ocr_line' id='line_1_61' title="bbox 2141 3194 3651 3267; baseline 0.004 -18"><span class='ocrx_word' id='word_1_424' title='bbox 2141 3194 2197 3250; x_wconf 88' lang='lat' dir='ltr'><strong>Si</strong></span> <span class='ocrx_word' id='word_1_425' title='bbox 2219 3194 2337 3264; x_wconf 88' lang='lat' dir='ltr'><strong>quis</strong></span> <span class='ocrx_word' id='word_1_426' title='bbox 2355 3195 2453 3250; x_wconf 91' lang='lat' dir='ltr'><strong>soli</strong></span> <span class='ocrx_word' id='word_1_427' title='bbox 2476 3194 2606 3250; x_wconf 68' lang='lat' dir='ltr'><strong>Adae</strong></span> <span class='ocrx_word' id='word_1_428' title='bbox 2637 3198 3129 3266; x_wconf 68' lang='lat' dir='ltr'><strong>praevaricationem</strong></span> <span class='ocrx_word' id='word_1_429' title='bbox 3160 3214 3334 3267; x_wconf 87' lang='lat' dir='ltr'><strong>suam,</strong></span> <span class='ocrx_word' id='word_1_430' title='bbox 3366 3214 3468 3253; x_wconf 90' lang='lat' dir='ltr'><strong>non</strong></span> <span class='ocrx_word' id='word_1_431' title='bbox 3494 3199 3651 3255; x_wconf 88' lang='lat' dir='ltr'><strong>etiam</strong></span> 
     </span>
    </p>
   </div>
   <div class='ocr_carea' id='block_1_62' title="bbox 388 3277 3651 3364">
    <p class='ocr_par' dir='ltr' id='par_1_62' title="bbox 388 3277 3651 3364">
     <span class='ocr_line' id='line_1_62' title="bbox 388 3277 3651 3364; baseline 0.002 -17"><span class='ocrx_word' id='word_1_432' title='bbox 388 3304 432 3347; x_wconf 84' lang='lat' dir='ltr'><strong>et</strong></span> <span class='ocrx_word' id='word_1_433' title='bbox 459 3294 661 3347; x_wconf 79' lang='lat' dir='ltr'><strong>mundat</strong></span> <span class='ocrx_word' id='word_1_434' title='bbox 690 3294 779 3348; x_wconf 80' lang='lat' dir='ltr'><strong>nos</strong></span> <span class='ocrx_word' id='word_1_435' title='bbox 801 3295 861 3348; x_wconf 86' lang='lat' dir='ltr'><strong>ab</strong></span> <span class='ocrx_word' id='word_1_436' title='bbox 886 3296 1021 3348; x_wconf 89' lang='lat' dir='ltr'><strong>omni</strong></span> <span class='ocrx_word' id='word_1_437' title='bbox 1041 3294 1326 3364; x_wconf 84' lang='lat' dir='ltr'><strong>iniquitate.</strong></span> <span class='ocrx_word' id='word_1_438' title='bbox 1355 3294 1450 3350; x_wconf 85' lang='lat' dir='ltr'><strong>Ubi</strong></span> <span class='ocrx_word' id='word_1_439' title='bbox 1472 3296 1598 3348; x_wconf 89' lang='lat' dir='ltr'><strong>satis</strong></span> <span class='ocrx_word' id='word_1_440' title='bbox 1622 3304 1840 3363; x_wconf 83' lang='lat' dir='ltr'><strong>apparet</strong></span> <span class='ocrx_word' id='word_1_441' title='bbox 1862 3294 1964 3351; x_wconf 90' lang='lat' dir='ltr'><strong>hoc</strong></span> <span class='ocrx_word' id='word_1_442' title='bbox 1990 3277 2037 3339; x_wconf 86' lang='lat' dir='ltr'><strong>C</strong></span> <span class='ocrx_word' id='word_1_443' title='bbox 2068 3285 2184 3355; x_wconf 78' lang='lat' dir='ltr'><strong>eius</strong></span> <span class='ocrx_word' id='word_1_444' title='bbox 2215 3286 2492 3357; x_wconf 70' lang='lat' dir='ltr'><strong>propagini</strong></span> <span class='ocrx_word' id='word_1_445' title='bbox 2539 3291 2731 3342; x_wconf 73' lang='lat' dir='ltr'><strong>asserit</strong></span> <span class='ocrx_word' id='word_1_446' title='bbox 2779 3288 3048 3355; x_wconf 78' lang='lat' dir='ltr'><strong>nocuisse.</strong></span> <span class='ocrx_word' id='word_1_447' title='bbox 3091 3298 3181 3345; x_wconf 80' lang='lat' dir='ltr'><strong>aut</strong></span> <span class='ocrx_word' id='word_1_448' title='bbox 3228 3300 3376 3345; x_wconf 80' lang='lat' dir='ltr'><strong>certe</strong></span> <span class='ocrx_word' id='word_1_449' title='bbox 3424 3300 3651 3344; x_wconf 80' lang='lat' dir='ltr'><strong>mortem</strong></span> 
     </span>
    </p>
   </div>
   <div class='ocr_carea' id='block_1_63' title="bbox 388 3384 1969 3452">
    <p class='ocr_par' dir='ltr' id='par_1_63' title="bbox 388 3384 1969 3452">
     <span class='ocr_line' id='line_1_63' title="bbox 388 3384 1969 3452; baseline 0.002 -14"><span class='ocrx_word' id='word_1_450' title='bbox 388 3398 495 3439; x_wconf 91' lang='lat' dir='ltr'><strong>non</strong></span> <span class='ocrx_word' id='word_1_451' title='bbox 523 3393 723 3438; x_wconf 88' lang='lat' dir='ltr'><strong>tantum</strong></span> <span class='ocrx_word' id='word_1_452' title='bbox 751 3384 1043 3452; x_wconf 84' lang='lat' dir='ltr'><strong>humiliter,</strong></span> <span class='ocrx_word' id='word_1_453' title='bbox 1080 3385 1172 3440; x_wconf 89' lang='lat' dir='ltr'><strong>sed</strong></span> <span class='ocrx_word' id='word_1_454' title='bbox 1206 3387 1367 3440; x_wconf 85' lang='lat' dir='ltr'><strong>etiam</strong></span> <span class='ocrx_word' id='word_1_455' title='bbox 1418 3388 1684 3441; x_wconf 88' lang='lat' dir='ltr'><strong>veraciter</strong></span> <span class='ocrx_word' id='word_1_456' title='bbox 1710 3387 1834 3442; x_wconf 92' lang='lat' dir='ltr'><strong>dici.</strong></span> <span class='ocrx_word' id='word_1_457' title='bbox 1868 3388 1969 3441; x_wconf 86' lang='lat' dir='ltr'><strong>Po-</strong></span> 
     </span>
    </p>
   </div>
   <div class='ocr_carea' id='block_1_64' title="bbox 390 3474 1971 3547">
    <p class='ocr_par' dir='ltr' id='par_1_64' title="bbox 390 3474 1971 3547">
     <span class='ocr_line' id='line_1_64' title="bbox 390 3474 1971 3547; baseline 0.004 -21"><span class='ocrx_word' id='word_1_458' title='bbox 390 3482 525 3527; x_wconf 89' lang='lat' dir='ltr'><strong>terat</strong></span> <span class='ocrx_word' id='word_1_459' title='bbox 552 3474 692 3529; x_wconf 87' lang='lat' dir='ltr'><strong>enim</strong></span> <span class='ocrx_word' id='word_1_460' title='bbox 723 3475 997 3542; x_wconf 77' lang='lat' dir='ltr'><strong>apostolus</strong></span> <span class='ocrx_word' id='word_1_461' title='bbox 1026 3475 1243 3547; x_wconf 43' lang='lat' dir='ltr'><strong>dicere;</strong></span> <span class='ocrx_word' id='word_1_462' title='bbox 1270 3475 1329 3531; x_wconf 89' lang='lat' dir='ltr'><strong>Si</strong></span> <span class='ocrx_word' id='word_1_463' title='bbox 1360 3476 1650 3531; x_wconf 77' lang='lat' dir='ltr'><strong>dixerimus</strong></span> <span class='ocrx_word' id='word_1_464' title='bbox 1686 3495 1696 3529; x_wconf 91' lang='lat'><strong>:</strong></span> <span class='ocrx_word' id='word_1_465' title='bbox 1732 3478 1847 3532; x_wconf 86' lang='lat' dir='ltr'><strong>Non</strong></span> <span class='ocrx_word' id='word_1_466' title='bbox 1876 3478 1971 3533; x_wconf 79' lang='lat' dir='ltr'><strong>ha-</strong></span> 
     </span>
    </p>
   </div>
   <div class='ocr_carea' id='block_1_65' title="bbox 390 3565 1969 3637">
    <p class='ocr_par' dir='ltr' id='par_1_65' title="bbox 390 3565 1969 3637">
     <span class='ocr_line' id='line_1_65' title="bbox 390 3565 1969 3637; baseline 0.003 -19"><span class='ocrx_word' id='word_1_467' title='bbox 390 3565 577 3620; x_wconf 87' lang='lat' dir='ltr'><strong>bemus</strong></span> <span class='ocrx_word' id='word_1_468' title='bbox 601 3577 895 3636; x_wconf 88' lang='lat' dir='ltr'><strong>peccatum,</strong></span> <span class='ocrx_word' id='word_1_469' title='bbox 929 3582 1025 3623; x_wconf 90' lang='lat' dir='ltr'><strong>nos</strong></span> <span class='ocrx_word' id='word_1_470' title='bbox 1064 3568 1209 3637; x_wconf 89' lang='lat' dir='ltr'><strong>ipsos</strong></span> <span class='ocrx_word' id='word_1_471' title='bbox 1240 3570 1567 3631; x_wconf 78' lang='lat' dir='ltr'><strong>extollimus,</strong></span> <span class='ocrx_word' id='word_1_472' title='bbox 1610 3580 1663 3624; x_wconf 90' lang='lat' dir='ltr'><strong>et</strong></span> <span class='ocrx_word' id='word_1_473' title='bbox 1697 3569 1969 3624; x_wconf 72' lang='lat' dir='ltr'><strong>humilitas</strong></span> 
     </span>
    </p>
   </div>
   <div class='ocr_carea' id='block_1_66' title="bbox 391 3656 1966 3727">
    <p class='ocr_par' dir='ltr' id='par_1_66' title="bbox 391 3656 1966 3727">
     <span class='ocr_line' id='line_1_66' title="bbox 391 3656 1966 3727; baseline 0.003 -18"><span class='ocrx_word' id='word_1_474' title='bbox 391 3656 442 3709; x_wconf 89' lang='lat' dir='ltr'><strong>in</strong></span> <span class='ocrx_word' id='word_1_475' title='bbox 472 3656 623 3711; x_wconf 85' lang='lat' dir='ltr'><strong>nobis</strong></span> <span class='ocrx_word' id='word_1_476' title='bbox 668 3673 770 3711; x_wconf 91' lang='lat' dir='ltr'><strong>non</strong></span> <span class='ocrx_word' id='word_1_477' title='bbox 802 3666 902 3711; x_wconf 83' lang='lat' dir='ltr'><strong>est.</strong></span> <span class='ocrx_word' id='word_1_478' title='bbox 933 3658 1036 3713; x_wconf 90' lang='lat' dir='ltr'><strong>Sed</strong></span> <span class='ocrx_word' id='word_1_479' title='bbox 1068 3674 1188 3714; x_wconf 89' lang='lat' dir='ltr'><strong>cum</strong></span> <span class='ocrx_word' id='word_1_480' title='bbox 1215 3659 1289 3713; x_wconf 90' lang='lat' dir='ltr'><strong>ait</strong></span> <span class='ocrx_word' id='word_1_481' title='bbox 1312 3666 1331 3712; x_wconf 77' lang='grc' dir='ltr'><strong>ε’</strong></span> <span class='ocrx_word' id='word_1_482' title='bbox 1358 3659 1468 3712; x_wconf 82' lang='lat' dir='ltr'><strong>Nos</strong></span> <span class='ocrx_word' id='word_1_483' title='bbox 1496 3659 1632 3727; x_wconf 85' lang='lat' dir='ltr'><strong>ipsos</strong></span> <span class='ocrx_word' id='word_1_484' title='bbox 1663 3662 1966 3727; x_wconf 76' lang='lat' dir='ltr'><strong>decipimus,</strong></span> 
     </span>
    </p>
   </div>
   <div class='ocr_carea' id='block_1_67' title="bbox 392 3749 1970 3821">
    <p class='ocr_par' dir='ltr' id='par_1_67' title="bbox 392 3749 1970 3821">
     <span class='ocr_line' id='line_1_67' title="bbox 392 3749 1970 3821; baseline 0.003 -19"><span class='ocrx_word' id='word_1_485' title='bbox 392 3756 436 3802; x_wconf 88' lang='lat' dir='ltr'><strong>et</strong></span> <span class='ocrx_word' id='word_1_486' title='bbox 465 3751 642 3803; x_wconf 86' lang='lat' dir='ltr'><strong>veritas</strong></span> <span class='ocrx_word' id='word_1_487' title='bbox 671 3751 720 3803; x_wconf 88' lang='lat' dir='ltr'><strong>in</strong></span> <span class='ocrx_word' id='word_1_488' title='bbox 752 3749 894 3803; x_wconf 88' lang='lat' dir='ltr'><strong>nobis</strong></span> <span class='ocrx_word' id='word_1_489' title='bbox 925 3767 1025 3803; x_wconf 92' lang='lat' dir='ltr'><strong>non</strong></span> <span class='ocrx_word' id='word_1_490' title='bbox 1055 3760 1147 3817; x_wconf 85' lang='lat' dir='ltr'><strong>est,</strong></span> <span class='ocrx_word' id='word_1_491' title='bbox 1190 3754 1321 3805; x_wconf 86' lang='lat' dir='ltr'><strong>satis</strong></span> <span class='ocrx_word' id='word_1_492' title='bbox 1347 3752 1583 3806; x_wconf 86' lang='lat' dir='ltr'><strong>ostendit</strong></span> <span class='ocrx_word' id='word_1_493' title='bbox 1613 3767 1733 3805; x_wconf 90' lang='lat' dir='ltr'><strong>eum</strong></span> <span class='ocrx_word' id='word_1_494' title='bbox 1763 3754 1851 3821; x_wconf 90' lang='lat' dir='ltr'><strong>qui</strong></span> <span class='ocrx_word' id='word_1_495' title='bbox 1885 3752 1970 3806; x_wconf 85' lang='lat' dir='ltr'><strong>di-</strong></span> 
     </span>
    </p>
   </div>
   <div class='ocr_carea' id='block_1_68' title="bbox 392 3839 1969 3912">
    <p class='ocr_par' dir='ltr' id='par_1_68' title="bbox 392 3839 1969 3912">
     <span class='ocr_line' id='line_1_68' title="bbox 392 3839 1969 3912; baseline 0.001 -18"><span class='ocrx_word' id='word_1_496' title='bbox 392 3841 527 3894; x_wconf 82' lang='lat' dir='ltr'><strong>xerit</strong></span> <span class='ocrx_word' id='word_1_497' title='bbox 558 3854 617 3895; x_wconf 91' lang='lat' dir='ltr'><strong>se</strong></span> <span class='ocrx_word' id='word_1_498' title='bbox 648 3855 753 3894; x_wconf 91' lang='lat' dir='ltr'><strong>non</strong></span> <span class='ocrx_word' id='word_1_499' title='bbox 786 3839 985 3895; x_wconf 78' lang='lat' dir='ltr'><strong>habere</strong></span> <span class='ocrx_word' id='word_1_500' title='bbox 1014 3850 1310 3910; x_wconf 87' lang='lat' dir='ltr'><strong>peccatum,</strong></span> <span class='ocrx_word' id='word_1_501' title='bbox 1343 3857 1446 3896; x_wconf 91' lang='lat' dir='ltr'><strong>non</strong></span> <span class='ocrx_word' id='word_1_502' title='bbox 1478 3856 1661 3896; x_wconf 88' lang='lat' dir='ltr'><strong>verum</strong></span> <span class='ocrx_word' id='word_1_503' title='bbox 1686 3842 1850 3912; x_wconf 89' lang='lat' dir='ltr'><strong>loqui,</strong></span> <span class='ocrx_word' id='word_1_504' title='bbox 1876 3843 1969 3897; x_wconf 86' lang='lat' dir='ltr'><strong>sed</strong></span> 
     </span>
    </p>
   </div>
   <div class='ocr_carea' id='block_1_69' title="bbox 396 3932 603 3987">
    <p class='ocr_par' dir='ltr' id='par_1_69' title="bbox 396 3932 603 3987">
     <span class='ocr_line' id='line_1_69' title="bbox 396 3932 603 3987; baseline 0 -2"><span class='ocrx_word' id='word_1_505' title='bbox 396 3932 603 3987; x_wconf 79' lang='lat' dir='ltr'><strong>falsum.</strong></span> 
     </span>
    </p>
   </div>
   <div class='ocr_carea' id='block_1_70' title="bbox 928 4024 1434 4082">
    <p class='ocr_par' dir='ltr' id='par_1_70' title="bbox 928 4024 1434 4082">
     <span class='ocr_line' id='line_1_70' title="bbox 928 4024 1434 4082; baseline 0.006 -3"><span class='ocrx_word' id='word_1_506' title='bbox 928 4024 1153 4081; x_wconf 83' lang='lat' dir='ltr'><strong>CAPUT</strong></span> <span class='ocrx_word' id='word_1_507' title='bbox 1195 4025 1434 4082; x_wconf 81' lang='lat' dir='ltr'><strong>XXXVI.</strong></span> 
     </span>
    </p>
   </div>
   <div class='ocr_carea' id='block_1_71' title="bbox 467 4119 1974 4190">
    <p class='ocr_par' dir='ltr' id='par_1_71' title="bbox 467 4119 1974 4190">
     <span class='ocr_line' id='line_1_71' title="bbox 467 4119 1974 4190; baseline 0.001 -18"><span class='ocrx_word' id='word_1_508' title='bbox 467 4121 781 4190; x_wconf 90' lang='lat' dir='ltr'><strong>Quicunque</strong></span> <span class='ocrx_word' id='word_1_509' title='bbox 808 4120 1004 4173; x_wconf 80' lang='lat' dir='ltr'><strong>dixerit</strong></span> <span class='ocrx_word' id='word_1_510' title='bbox 1026 4119 1077 4173; x_wconf 93' lang='lat' dir='ltr'><strong>in</strong></span> <span class='ocrx_word' id='word_1_511' title='bbox 1099 4120 1343 4175; x_wconf 90' lang='lat' dir='ltr'><strong>oratione</strong></span> <span class='ocrx_word' id='word_1_512' title='bbox 1363 4120 1627 4174; x_wconf 90' lang='lat' dir='ltr'><strong>dominica</strong></span> <span class='ocrx_word' id='word_1_513' title='bbox 1652 4119 1771 4175; x_wconf 91' lang='lat' dir='ltr'><strong>ideo</strong></span> <span class='ocrx_word' id='word_1_514' title='bbox 1794 4119 1974 4175; x_wconf 87' lang='lat' dir='ltr'><strong>dicere</strong></span> 
     </span>
    </p>
   </div>
   <div class='ocr_carea' id='block_1_72' title="bbox 395 4207 1971 4281">
    <p class='ocr_par' dir='ltr' id='par_1_72' title="bbox 395 4207 1971 4281">
     <span class='ocr_line' id='line_1_72' title="bbox 395 4207 1971 4281; baseline -0.001 -17"><span class='ocrx_word' id='word_1_515' title='bbox 395 4221 606 4267; x_wconf 88' lang='lat' dir='ltr'><strong>sanctos</strong></span> <span class='ocrx_word' id='word_1_516' title='bbox 630 4229 643 4265; x_wconf 93' lang='lat'>:</span> <span class='ocrx_word' id='word_1_517' title='bbox 672 4210 876 4264; x_wconf 80' lang='lat' dir='ltr'><strong>Dimitte</strong></span> <span class='ocrx_word' id='word_1_518' title='bbox 901 4210 1040 4264; x_wconf 89' lang='lat' dir='ltr'><strong>nobis</strong></span> <span class='ocrx_word' id='word_1_519' title='bbox 1065 4209 1229 4263; x_wconf 83' lang='lat' dir='ltr'><strong>debita</strong></span> <span class='ocrx_word' id='word_1_520' title='bbox 1247 4212 1348 4281; x_wconf 75' lang='lat'><strong>21</strong></span> <span class='ocrx_word' id='word_1_521' title='bbox 1372 4218 1544 4263; x_wconf 88' lang='lat' dir='ltr'><strong>nostra</strong></span> <span class='ocrx_word' id='word_1_522' title='bbox 1564 4207 1779 4280; x_wconf 77' lang='lat' dir='ltr'><strong>(Matth.</strong></span> <span class='ocrx_word' id='word_1_523' title='bbox 1799 4224 1869 4274; x_wconf 79' lang='grc' dir='ltr'><strong>νι,</strong></span> <span class='ocrx_word' id='word_1_524' title='bbox 1890 4210 1971 4279; x_wconf 67' lang='lat'><strong>2),</strong></span> 
     </span>
    </p>
   </div>
   <div class='ocr_carea' id='block_1_73' title="bbox 397 4301 1973 4373">
    <p class='ocr_par' dir='ltr' id='par_1_73' title="bbox 397 4301 1973 4373">
     <span class='ocr_line' id='line_1_73' title="bbox 397 4301 1973 4373; baseline -0.002 -16"><span class='ocrx_word' id='word_1_525' title='bbox 397 4312 455 4357; x_wconf 91' lang='lat' dir='ltr'><strong>ut</strong></span> <span class='ocrx_word' id='word_1_526' title='bbox 481 4319 584 4359; x_wconf 91' lang='lat' dir='ltr'><strong>non</strong></span> <span class='ocrx_word' id='word_1_527' title='bbox 626 4318 720 4373; x_wconf 92' lang='lat' dir='ltr'><strong>pro</strong></span> <span class='ocrx_word' id='word_1_528' title='bbox 752 4303 943 4370; x_wconf 90' lang='lat' dir='ltr'><strong>seipsis</strong></span> <span class='ocrx_word' id='word_1_529' title='bbox 975 4302 1076 4356; x_wconf 89' lang='lat' dir='ltr'><strong>hoc</strong></span> <span class='ocrx_word' id='word_1_530' title='bbox 1104 4301 1301 4365; x_wconf 86' lang='lat' dir='ltr'><strong>dicant,</strong></span> <span class='ocrx_word' id='word_1_531' title='bbox 1333 4302 1451 4369; x_wconf 80' lang='lat' dir='ltr'><strong>quia</strong></span> <span class='ocrx_word' id='word_1_532' title='bbox 1484 4317 1591 4356; x_wconf 91' lang='lat' dir='ltr'><strong>non</strong></span> <span class='ocrx_word' id='word_1_533' title='bbox 1619 4309 1703 4356; x_wconf 89' lang='lat' dir='ltr'><strong>est</strong></span> <span class='ocrx_word' id='word_1_534' title='bbox 1743 4302 1820 4355; x_wconf 92' lang='lat' dir='ltr'><strong>eis</strong></span> <span class='ocrx_word' id='word_1_535' title='bbox 1862 4301 1973 4370; x_wconf 90' lang='lat' dir='ltr'><strong>jam</strong></span> 
     </span>
    </p>
   </div>
   <div class='ocr_carea' id='block_1_74' title="bbox 398 4392 1976 4463">
    <p class='ocr_par' dir='ltr' id='par_1_74' title="bbox 398 4392 1976 4463">
     <span class='ocr_line' id='line_1_74' title="bbox 398 4392 1976 4463; baseline -0.003 -14"><span class='ocrx_word' id='word_1_536' title='bbox 398 4395 697 4449; x_wconf 87' lang='lat' dir='ltr'><strong>necessaria</strong></span> <span class='ocrx_word' id='word_1_537' title='bbox 729 4394 825 4448; x_wconf 88' lang='lat' dir='ltr'><strong>ista</strong></span> <span class='ocrx_word' id='word_1_538' title='bbox 861 4393 1067 4463; x_wconf 89' lang='lat' dir='ltr'><strong>petitio,</strong></span> <span class='ocrx_word' id='word_1_539' title='bbox 1098 4392 1191 4447; x_wconf 91' lang='lat' dir='ltr'><strong>sed</strong></span> <span class='ocrx_word' id='word_1_540' title='bbox 1222 4407 1316 4462; x_wconf 93' lang='lat' dir='ltr'><strong>pro</strong></span> <span class='ocrx_word' id='word_1_541' title='bbox 1353 4392 1471 4447; x_wconf 88' lang='lat' dir='ltr'><strong>aliis</strong></span> <span class='ocrx_word' id='word_1_542' title='bbox 1501 4393 1588 4462; x_wconf 87' lang='lat' dir='ltr'><strong>qui</strong></span> <span class='ocrx_word' id='word_1_543' title='bbox 1629 4401 1754 4447; x_wconf 88' lang='lat' dir='ltr'><strong>sunt</strong></span> <span class='ocrx_word' id='word_1_544' title='bbox 1799 4393 1849 4447; x_wconf 91' lang='lat' dir='ltr'><strong>in</strong></span> <span class='ocrx_word' id='word_1_545' title='bbox 1877 4408 1976 4447; x_wconf 90' lang='lat' dir='ltr'><strong>suo</strong></span> 
     </span>
    </p>
   </div>
   <div class='ocr_carea' id='block_1_75' title="bbox 396 4483 1976 4554">
    <p class='ocr_par' dir='ltr' id='par_1_75' title="bbox 396 4483 1976 4554">
     <span class='ocr_line' id='line_1_75' title="bbox 396 4483 1976 4554; baseline 0.001 -19"><span class='ocrx_word' id='word_1_546' title='bbox 396 4484 594 4553; x_wconf 90' lang='lat' dir='ltr'><strong>populo</strong></span> <span class='ocrx_word' id='word_1_547' title='bbox 616 4494 922 4550; x_wconf 88' lang='lat' dir='ltr'><strong>peccatores</strong></span> <span class='ocrx_word' id='word_1_548' title='bbox 945 4501 958 4549; x_wconf 93' lang='lat'><strong>;</strong></span> <span class='ocrx_word' id='word_1_549' title='bbox 986 4492 1037 4537; x_wconf 92' lang='lat' dir='ltr'><strong>et</strong></span> <span class='ocrx_word' id='word_1_550' title='bbox 1061 4483 1180 4538; x_wconf 91' lang='lat' dir='ltr'><strong>ideo</strong></span> <span class='ocrx_word' id='word_1_551' title='bbox 1202 4498 1307 4538; x_wconf 91' lang='lat' dir='ltr'><strong>non</strong></span> <span class='ocrx_word' id='word_1_552' title='bbox 1339 4484 1520 4539; x_wconf 93' lang='lat' dir='ltr'><strong>dicere</strong></span> <span class='ocrx_word' id='word_1_553' title='bbox 1543 4499 1976 4554; x_wconf 85' lang='lat' dir='ltr'><strong>unumquemque</strong></span> 
     </span>
    </p>
   </div>
   <div class='ocr_carea' id='block_1_76' title="bbox 397 4575 1978 4640">
    <p class='ocr_par' dir='ltr' id='par_1_76' title="bbox 397 4575 1978 4640">
     <span class='ocr_line' id='line_1_76' title="bbox 397 4575 1978 4640; baseline 0.002 -13"><span class='ocrx_word' id='word_1_554' title='bbox 397 4581 723 4636; x_wconf 84' lang='lat' dir='ltr'><strong>sanctorum,</strong></span> <span class='ocrx_word' id='word_1_555' title='bbox 755 4575 961 4629; x_wconf 88' lang='lat' dir='ltr'><strong>dimitte</strong></span> <span class='ocrx_word' id='word_1_556' title='bbox 990 4575 1119 4629; x_wconf 90' lang='lat' dir='ltr'><strong>mihi</strong></span> <span class='ocrx_word' id='word_1_557' title='bbox 1149 4576 1327 4630; x_wconf 89' lang='lat' dir='ltr'><strong>debita</strong></span> <span class='ocrx_word' id='word_1_558' title='bbox 1356 4590 1497 4640; x_wconf 89' lang='lat' dir='ltr'><strong>mea,</strong></span> <span class='ocrx_word' id='word_1_559' title='bbox 1528 4576 1619 4631; x_wconf 89' lang='lat' dir='ltr'><strong>sed</strong></span> <span class='ocrx_word' id='word_1_560' title='bbox 1648 4576 1855 4631; x_wconf 90' lang='lat' dir='ltr'><strong>dimitte</strong></span> <span class='ocrx_word' id='word_1_561' title='bbox 1883 4590 1978 4630; x_wconf 65' lang='lat'><strong>1.0-</strong></span> 
     </span>
    </p>
   </div>
   <div class='ocr_carea' id='block_1_77' title="bbox 399 4646 2055 4737">
    <p class='ocr_par' dir='ltr' id='par_1_77' title="bbox 399 4646 2055 4737">
     <span class='ocr_line' id='line_1_77' title="bbox 399 4646 2055 4737; baseline 0.002 -19"><span class='ocrx_word' id='word_1_562' title='bbox 399 4664 480 4719; x_wconf 91' lang='lat' dir='ltr'><strong>bis</strong></span> <span class='ocrx_word' id='word_1_563' title='bbox 509 4673 721 4733; x_wconf 89' lang='lat' dir='ltr'><strong>peccata</strong></span> <span class='ocrx_word' id='word_1_564' title='bbox 753 4673 956 4727; x_wconf 73' lang='lat' dir='ltr'><strong>nostra,</strong></span> <span class='ocrx_word' id='word_1_565' title='bbox 990 4674 1048 4717; x_wconf 90' lang='lat' dir='ltr'><strong>ut</strong></span> <span class='ocrx_word' id='word_1_566' title='bbox 1078 4664 1181 4719; x_wconf 90' lang='lat' dir='ltr'><strong>hoc</strong></span> <span class='ocrx_word' id='word_1_567' title='bbox 1210 4682 1305 4734; x_wconf 90' lang='lat' dir='ltr'><strong>pro</strong></span> <span class='ocrx_word' id='word_1_568' title='bbox 1332 4667 1448 4720; x_wconf 91' lang='lat' dir='ltr'><strong>aliis</strong></span> <span class='ocrx_word' id='word_1_569' title='bbox 1481 4668 1657 4736; x_wconf 90' lang='lat' dir='ltr'><strong>potius</strong></span> <span class='ocrx_word' id='word_1_570' title='bbox 1686 4682 1845 4737; x_wconf 89' lang='lat' dir='ltr'><strong>quam</strong></span> <span class='ocrx_word' id='word_1_571' title='bbox 1878 4681 1975 4737; x_wconf 91' lang='lat' dir='ltr'><strong>pro</strong></span> <span class='ocrx_word' id='word_1_572' title='bbox 2000 4646 2055 4707; x_wconf 77' lang='grc' dir='ltr'><strong>Ῑ)</strong></span> 
     </span>
    </p>
   </div>
   <div class='ocr_carea' id='block_1_78' title="bbox 396 4749 1976 4825">
    <p class='ocr_par' dir='ltr' id='par_1_78' title="bbox 396 4749 1976 4825">
     <span class='ocr_line' id='line_1_78' title="bbox 396 4749 1976 4825; baseline 0.003 -16"><span class='ocrx_word' id='word_1_573' title='bbox 396 4770 456 4810; x_wconf 88' lang='lat' dir='ltr'><strong>se</strong></span> <span class='ocrx_word' id='word_1_574' title='bbox 476 4755 654 4825; x_wconf 87' lang='lat' dir='ltr'><strong>justus</strong></span> <span class='ocrx_word' id='word_1_575' title='bbox 683 4762 867 4823; x_wconf 84' lang='lat' dir='ltr'><strong>petere</strong></span> <span class='ocrx_word' id='word_1_576' title='bbox 913 4749 1260 4823; x_wconf 74' lang='lat' dir='ltr'><strong>intelligatur,</strong></span> <span class='ocrx_word' id='word_1_577' title='bbox 1294 4760 1576 4811; x_wconf 87' lang='lat' dir='ltr'><strong>anathema</strong></span> <span class='ocrx_word' id='word_1_578' title='bbox 1608 4762 1696 4811; x_wconf 85' lang='lat' dir='ltr'><strong>sit.</strong></span> <span class='ocrx_word' id='word_1_579' title='bbox 1746 4758 1976 4814; x_wconf 85' lang='lat' dir='ltr'><strong>Sanctus</strong></span> 
     </span>
    </p>
   </div>
   <div class='ocr_carea' id='block_1_79' title="bbox 396 4844 1970 4914">
    <p class='ocr_par' dir='ltr' id='par_1_79' title="bbox 396 4844 1970 4914">
     <span class='ocr_line' id='line_1_79' title="bbox 396 4844 1970 4914; baseline 0.001 -15"><span class='ocrx_word' id='word_1_580' title='bbox 396 4846 536 4899; x_wconf 79' lang='lat' dir='ltr'><strong>enim</strong></span> <span class='ocrx_word' id='word_1_581' title='bbox 567 4852 622 4898; x_wconf 89' lang='lat' dir='ltr'><strong>et</strong></span> <span class='ocrx_word' id='word_1_582' title='bbox 645 4844 820 4914; x_wconf 88' lang='lat' dir='ltr'><strong>justus</strong></span> <span class='ocrx_word' id='word_1_583' title='bbox 848 4853 963 4898; x_wconf 88' lang='lat' dir='ltr'><strong>erat</strong></span> <span class='ocrx_word' id='word_1_584' title='bbox 1006 4846 1279 4913; x_wconf 90' lang='lat' dir='ltr'><strong>apostolus</strong></span> <span class='ocrx_word' id='word_1_585' title='bbox 1306 4845 1536 4901; x_wconf 81' lang='lat' dir='ltr'><strong>Jacobus</strong></span> <span class='ocrx_word' id='word_1_586' title='bbox 1577 4863 1697 4903; x_wconf 91' lang='lat' dir='ltr'><strong>eum</strong></span> <span class='ocrx_word' id='word_1_587' title='bbox 1723 4848 1970 4903; x_wconf 86' lang='lat' dir='ltr'><strong>dicebat:</strong></span> 
     </span>
    </p>
   </div>
   <div class='ocr_carea' id='block_1_80' title="bbox 397 4935 1977 5007">
    <p class='ocr_par' dir='ltr' id='par_1_80' title="bbox 397 4935 1977 5007">
     <span class='ocr_line' id='line_1_80' title="bbox 397 4935 1977 5007; baseline 0.003 -17"><span class='ocrx_word' id='word_1_588' title='bbox 397 4936 464 4991; x_wconf 83' lang='lat' dir='ltr'><strong>In</strong></span> <span class='ocrx_word' id='word_1_589' title='bbox 494 4937 661 4992; x_wconf 83' lang='lat' dir='ltr'><strong>multis</strong></span> <span class='ocrx_word' id='word_1_590' title='bbox 704 4937 834 4991; x_wconf 89' lang='lat' dir='ltr'><strong>enim</strong></span> <span class='ocrx_word' id='word_1_591' title='bbox 874 4935 1177 5003; x_wconf 76' lang='lat' dir='ltr'><strong>o/fendimus</strong></span> <span class='ocrx_word' id='word_1_592' title='bbox 1231 4953 1401 4992; x_wconf 86' lang='lat' dir='ltr'><strong>omnes</strong></span> <span class='ocrx_word' id='word_1_593' title='bbox 1449 4936 1585 5007; x_wconf 83' lang='lat' dir='ltr'><strong>(Jac.</strong></span> <span class='ocrx_word' id='word_1_594' title='bbox 1621 4954 1698 5005; x_wconf 88' lang='grc' dir='ltr'>ιιι,</span> <span class='ocrx_word' id='word_1_595' title='bbox 1729 4940 1811 5007; x_wconf 75' lang='grc'><strong>2).</strong></span> <span class='ocrx_word' id='word_1_596' title='bbox 1846 4940 1977 4995; x_wconf 88' lang='lat' dir='ltr'><strong>Natu</strong></span> 
     </span>
    </p>
   </div>
   <div class='ocr_carea' id='block_1_81' title="bbox 396 5028 1978 5098">
    <p class='ocr_par' dir='ltr' id='par_1_81' title="bbox 396 5028 1978 5098">
     <span class='ocr_line' id='line_1_81' title="bbox 396 5028 1978 5098; baseline 0.003 -16"><span class='ocrx_word' id='word_1_597' title='bbox 396 5028 820 5098; x_wconf 63' lang='lat' dir='ltr'><strong>quare‘additum</strong></span> <span class='ocrx_word' id='word_1_598' title='bbox 850 5036 952 5093; x_wconf 91' lang='lat' dir='ltr'><strong>est,</strong></span> <span class='ocrx_word' id='word_1_599' title='bbox 980 5041 1186 5092; x_wconf 88' lang='lat' dir='ltr'><strong>omnes,</strong></span> <span class='ocrx_word' id='word_1_600' title='bbox 1217 5028 1317 5082; x_wconf 90' lang='lat' dir='ltr'><strong>nisi</strong></span> <span class='ocrx_word' id='word_1_601' title='bbox 1350 5037 1407 5082; x_wconf 90' lang='lat' dir='ltr'><strong>ut</strong></span> <span class='ocrx_word' id='word_1_602' title='bbox 1439 5029 1534 5082; x_wconf 91' lang='lat' dir='ltr'><strong>ista</strong></span> <span class='ocrx_word' id='word_1_603' title='bbox 1566 5032 1826 5084; x_wconf 89' lang='lat' dir='ltr'><strong>sententia</strong></span> <span class='ocrx_word' id='word_1_604' title='bbox 1850 5045 1978 5086; x_wconf 82' lang='lat' dir='ltr'><strong>con-</strong></span> 
     </span>
    </p>
   </div>
   <div class='ocr_carea' id='block_1_82' title="bbox 396 5118 1979 5195">
    <p class='ocr_par' dir='ltr' id='par_1_82' title="bbox 396 5118 1979 5195">
     <span class='ocr_line' id='line_1_82' title="bbox 396 5118 1979 5195; baseline 0.001 -22"><span class='ocrx_word' id='word_1_605' title='bbox 396 5124 604 5175; x_wconf 86' lang='lat' dir='ltr'><strong>veniret</strong></span> <span class='ocrx_word' id='word_1_606' title='bbox 650 5121 855 5195; x_wconf 87' lang='lat' dir='ltr'><strong>psalmo</strong></span> <span class='ocrx_word' id='word_1_607' title='bbox 887 5119 979 5176; x_wconf 90' lang='lat' dir='ltr'><strong>ubi</strong></span> <span class='ocrx_word' id='word_1_608' title='bbox 1028 5118 1265 5191; x_wconf 76' lang='lat' dir='ltr'><strong>legitur:</strong></span> <span class='ocrx_word' id='word_1_609' title='bbox 1301 5118 1383 5173; x_wconf 84' lang='lat' dir='ltr'><strong>Ne</strong></span> <span class='ocrx_word' id='word_1_610' title='bbox 1425 5122 1579 5174; x_wconf 86' lang='lat' dir='ltr'><strong>intres</strong></span> <span class='ocrx_word' id='word_1_611' title='bbox 1629 5122 1682 5173; x_wconf 87' lang='lat' dir='ltr'><strong>in</strong></span> <span class='ocrx_word' id='word_1_612' title='bbox 1719 5123 1979 5192; x_wconf 82' lang='lat' dir='ltr'><strong>judicium</strong></span> 
     </span>
    </p>
   </div>
   <div class='ocr_carea' id='block_1_83' title="bbox 400 5210 1981 5283">
    <p class='ocr_par' dir='ltr' id='par_1_83' title="bbox 400 5210 1981 5283">
     <span class='ocr_line' id='line_1_83' title="bbox 400 5210 1981 5283; baseline 0.003 -21"><span class='ocrx_word' id='word_1_613' title='bbox 400 5226 515 5263; x_wconf 89' lang='lat' dir='ltr'><strong>cum</strong></span> <span class='ocrx_word' id='word_1_614' title='bbox 544 5226 682 5263; x_wconf 85' lang='lat' dir='ltr'><strong>servo</strong></span> <span class='ocrx_word' id='word_1_615' title='bbox 715 5220 821 5277; x_wconf 86' lang='lat' dir='ltr'><strong>tuo,</strong></span> <span class='ocrx_word' id='word_1_616' title='bbox 843 5211 1085 5280; x_wconf 84' lang='lat' dir='ltr'><strong>quoniam</strong></span> <span class='ocrx_word' id='word_1_617' title='bbox 1110 5226 1211 5265; x_wconf 86' lang='lat' dir='ltr'><strong>non</strong></span> <span class='ocrx_word' id='word_1_618' title='bbox 1231 5210 1605 5283; x_wconf 79' lang='lat' dir='ltr'><strong>justiﬁcabitur</strong></span> <span class='ocrx_word' id='word_1_619' title='bbox 1625 5213 1678 5264; x_wconf 82' lang='lat' dir='ltr'><strong>in</strong></span> <span class='ocrx_word' id='word_1_620' title='bbox 1709 5222 1981 5281; x_wconf 83' lang='lat' dir='ltr'><strong>conspectu</strong></span> 
     </span>
    </p>
   </div>
   <div class='ocr_carea' id='block_1_84' title="bbox 400 5300 1982 5373">
    <p class='ocr_par' dir='ltr' id='par_1_84' title="bbox 400 5300 1982 5373">
     <span class='ocr_line' id='line_1_84' title="bbox 400 5300 1982 5373; baseline 0.002 -18"><span class='ocrx_word' id='word_1_621' title='bbox 400 5311 486 5355; x_wconf 88' lang='lat' dir='ltr'><strong>tuo</strong></span> <span class='ocrx_word' id='word_1_622' title='bbox 525 5302 686 5355; x_wconf 86' lang='lat' dir='ltr'><strong>omnis</strong></span> <span class='ocrx_word' id='word_1_623' title='bbox 715 5301 881 5356; x_wconf 82' lang='lat' dir='ltr'><strong>virens</strong></span> <span class='ocrx_word' id='word_1_624' title='bbox 902 5300 1073 5373; x_wconf 87' lang='lat' dir='ltr'><strong>(Psal.</strong></span> <span class='ocrx_word' id='word_1_625' title='bbox 1103 5318 1285 5370; x_wconf 78' lang='lat' dir='ltr'><strong>chtn,</strong></span> <span class='ocrx_word' id='word_1_626' title='bbox 1318 5302 1419 5372; x_wconf 78' lang='lat'><strong>5)?</strong></span> <span class='ocrx_word' id='word_1_627' title='bbox 1450 5302 1517 5358; x_wconf 85' lang='lat' dir='ltr'><strong>Et</strong></span> <span class='ocrx_word' id='word_1_628' title='bbox 1545 5304 1599 5357; x_wconf 91' lang='lat' dir='ltr'><strong>in</strong></span> <span class='ocrx_word' id='word_1_629' title='bbox 1630 5304 1871 5359; x_wconf 89' lang='lat' dir='ltr'><strong>oratione</strong></span> <span class='ocrx_word' id='word_1_630' title='bbox 1897 5320 1982 5358; x_wconf 91' lang='lat' dir='ltr'><strong>sa-</strong></span> 
     </span>
    </p>
   </div>
   <div class='ocr_carea' id='block_1_85' title="bbox 400 5393 1983 5466">
    <p class='ocr_par' dir='ltr' id='par_1_85' title="bbox 400 5393 1983 5466">
     <span class='ocr_line' id='line_1_85' title="bbox 400 5393 1983 5466; baseline 0.002 -19"><span class='ocrx_word' id='word_1_631' title='bbox 400 5393 718 5462; x_wconf 90' lang='lat' dir='ltr'><strong>pientissimi</strong></span> <span class='ocrx_word' id='word_1_632' title='bbox 749 5393 1051 5449; x_wconf 84' lang='lat' dir='ltr'><strong>SalomOnis</strong></span> <span class='ocrx_word' id='word_1_633' title='bbox 1076 5410 1091 5447; x_wconf 88' lang='lat'><strong>:</strong></span> <span class='ocrx_word' id='word_1_634' title='bbox 1122 5393 1245 5448; x_wconf 89' lang='lat' dir='ltr'><strong>Non</strong></span> <span class='ocrx_word' id='word_1_635' title='bbox 1276 5404 1349 5449; x_wconf 88' lang='lat' dir='ltr'><strong>est</strong></span> <span class='ocrx_word' id='word_1_636' title='bbox 1380 5395 1529 5449; x_wconf 91' lang='lat' dir='ltr'><strong>homo</strong></span> <span class='ocrx_word' id='word_1_637' title='bbox 1555 5396 1641 5466; x_wconf 86' lang='lat' dir='ltr'><strong>qui</strong></span> <span class='ocrx_word' id='word_1_638' title='bbox 1670 5412 1776 5450; x_wconf 89' lang='lat' dir='ltr'><strong>non</strong></span> <span class='ocrx_word' id='word_1_639' title='bbox 1813 5405 1983 5464; x_wconf 72' lang='lat' dir='ltr'><strong>peccet</strong></span> 
     </span>
    </p>
   </div>
   <div class='ocr_carea' id='block_1_86' title="bbox 404 5482 2049 5553">
    <p class='ocr_par' dir='ltr' id='par_1_86' title="bbox 404 5482 2049 5553">
     <span class='ocr_line' id='line_1_86' title="bbox 404 5482 2049 5553; baseline 0.003 -17"><span class='ocrx_word' id='word_1_640' title='bbox 404 5482 597 5553; x_wconf 76' lang='lat' dir='ltr'><strong>(Eccle.</strong></span> <span class='ocrx_word' id='word_1_641' title='bbox 628 5482 852 5553; x_wconf 68' lang='lat' dir='ltr'><strong>vn,2I).</strong></span> <span class='ocrx_word' id='word_1_642' title='bbox 884 5485 950 5537; x_wconf 89' lang='lat' dir='ltr'><strong>Et</strong></span> <span class='ocrx_word' id='word_1_643' title='bbox 983 5484 1034 5537; x_wconf 91' lang='lat' dir='ltr'><strong>in</strong></span> <span class='ocrx_word' id='word_1_644' title='bbox 1066 5484 1201 5540; x_wconf 88' lang='lat' dir='ltr'><strong>libro</strong></span> <span class='ocrx_word' id='word_1_645' title='bbox 1225 5487 1395 5542; x_wconf 88' lang='lat' dir='ltr'><strong>sancti</strong></span> <span class='ocrx_word' id='word_1_646' title='bbox 1424 5485 1525 5542; x_wconf 81' lang='lat' dir='ltr'><strong>Job</strong></span> <span class='ocrx_word' id='word_1_647' title='bbox 1554 5504 1566 5540; x_wconf 93' lang='lat'><strong>:</strong></span> <span class='ocrx_word' id='word_1_648' title='bbox 1600 5484 1665 5541; x_wconf 87' lang='lat' dir='ltr'><strong>In</strong></span> <span class='ocrx_word' id='word_1_649' title='bbox 1692 5504 1846 5541; x_wconf 87' lang='lat' dir='ltr'><strong>manu</strong></span> <span class='ocrx_word' id='word_1_650' title='bbox 1875 5505 1983 5541; x_wconf 86' lang='lat' dir='ltr'><strong>om-</strong></span> <span class='ocrx_word' id='word_1_651' title='bbox 2034 5514 2049 5521; x_wconf 94' lang='lat'><em>-</em></span> 
     </span>
    </p>
   </div>
   <div class='ocr_carea' id='block_1_87' title="bbox 402 5574 1980 5646">
    <p class='ocr_par' dir='ltr' id='par_1_87' title="bbox 402 5574 1980 5646">
     <span class='ocr_line' id='line_1_87' title="bbox 402 5574 1980 5646; baseline 0.005 -20"><span class='ocrx_word' id='word_1_652' title='bbox 402 5575 479 5627; x_wconf 87' lang='lat' dir='ltr'><strong>nis</strong></span> <span class='ocrx_word' id='word_1_653' title='bbox 501 5574 718 5629; x_wconf 85' lang='lat' dir='ltr'><strong>hominis</strong></span> <span class='ocrx_word' id='word_1_654' title='bbox 745 5576 930 5644; x_wconf 86' lang='lat' dir='ltr'><strong>signat,</strong></span> <span class='ocrx_word' id='word_1_655' title='bbox 975 5584 1030 5627; x_wconf 90' lang='lat' dir='ltr'><strong>ut</strong></span> <span class='ocrx_word' id='word_1_656' title='bbox 1067 5579 1193 5630; x_wconf 88' lang='lat' dir='ltr'><strong>sciat</strong></span> <span class='ocrx_word' id='word_1_657' title='bbox 1228 5580 1389 5631; x_wconf 89' lang='lat' dir='ltr'><strong>omnis</strong></span> <span class='ocrx_word' id='word_1_658' title='bbox 1437 5578 1586 5632; x_wconf 89' lang='lat' dir='ltr'><strong>homo</strong></span> <span class='ocrx_word' id='word_1_659' title='bbox 1628 5579 1980 5646; x_wconf 81' lang='lat' dir='ltr'><strong>inﬁrmitatem</strong></span> 
     </span>
    </p>
   </div>
   <div class='ocr_carea' id='block_1_88' title="bbox 401 5663 1981 5735">
    <p class='ocr_par' dir='ltr' id='par_1_88' title="bbox 401 5663 1981 5735">
     <span class='ocr_line' id='line_1_88' title="bbox 401 5663 1981 5735; baseline 0.007 -18"><span class='ocrx_word' id='word_1_660' title='bbox 401 5679 544 5717; x_wconf 84' lang='lat' dir='ltr'><strong>suam</strong></span> <span class='ocrx_word' id='word_1_661' title='bbox 572 5663 709 5728; x_wconf 84' lang='lat' dir='ltr'><strong>(Job.</strong></span> <span class='ocrx_word' id='word_1_662' title='bbox 742 5681 940 5730; x_wconf 78' lang='lat' dir='ltr'><strong>xxxv&quot;,</strong></span> <span class='ocrx_word' id='word_1_663' title='bbox 973 5666 1049 5735; x_wconf 88' lang='lat'><strong>7).</strong></span> <span class='ocrx_word' id='word_1_664' title='bbox 1078 5665 1229 5723; x_wconf 89' lang='lat' dir='ltr'><strong>Unde</strong></span> <span class='ocrx_word' id='word_1_665' title='bbox 1258 5668 1420 5725; x_wconf 85' lang='lat' dir='ltr'><strong>etiam</strong></span> <span class='ocrx_word' id='word_1_666' title='bbox 1452 5668 1640 5728; x_wconf 86' lang='lat' dir='ltr'><strong>Daniel</strong></span> <span class='ocrx_word' id='word_1_667' title='bbox 1668 5682 1887 5727; x_wconf 89' lang='lat' dir='ltr'><strong>sanctus</strong></span> <span class='ocrx_word' id='word_1_668' title='bbox 1926 5682 1981 5728; x_wconf 85' lang='lat' dir='ltr'><strong>et</strong></span> 
     </span>
    </p>
   </div>
   <div class='ocr_carea' id='block_1_89' title="bbox 473 5840 1132 5913">
    <p class='ocr_par' dir='ltr' id='par_1_89' title="bbox 473 5840 1132 5913">
     <span class='ocr_line' id='line_1_89' title="bbox 473 5840 1132 5913; baseline 0.005 -18"><span class='ocrx_word' id='word_1_669' title='bbox 473 5850 497 5877; x_wconf 72' lang='grc' dir='ltr'><strong>ι</strong></span> <span class='ocrx_word' id='word_1_670' title='bbox 532 5840 781 5911; x_wconf 78' lang='lat' dir='ltr'><strong>Isidorus,</strong></span> <span class='ocrx_word' id='word_1_671' title='bbox 814 5853 967 5897; x_wconf 85' lang='lat' dir='ltr'><strong>semet</strong></span> <span class='ocrx_word' id='word_1_672' title='bbox 992 5843 1132 5913; x_wconf 81' lang='lat' dir='ltr'><strong>ipsis.</strong></span> 
     </span>
    </p>
   </div>
   <div class='ocr_carea' id='block_1_90' title="bbox 2072 3381 3655 3451">
    <p class='ocr_par' dir='ltr' id='par_1_90' title="bbox 2072 3381 3655 3451">
     <span class='ocr_line' id='line_1_90' title="bbox 2072 3381 3655 3451; baseline 0.004 -19"><span class='ocrx_word' id='word_1_673' title='bbox 2072 3388 2278 3433; x_wconf 90' lang='lat' dir='ltr'><strong>tantum</strong></span> <span class='ocrx_word' id='word_1_674' title='bbox 2306 3381 2544 3450; x_wconf 93' lang='lat' dir='ltr'><strong>corporis</strong></span> <span class='ocrx_word' id='word_1_675' title='bbox 2566 3395 2683 3451; x_wconf 69' lang='lat' dir='ltr'><strong>quae</strong></span> <span class='ocrx_word' id='word_1_676' title='bbox 2710 3396 2866 3450; x_wconf 69' lang='lat' dir='ltr'><strong>paena</strong></span> <span class='ocrx_word' id='word_1_677' title='bbox 2901 3383 3100 3451; x_wconf 89' lang='lat' dir='ltr'><strong>peccati</strong></span> <span class='ocrx_word' id='word_1_678' title='bbox 3124 3391 3225 3448; x_wconf 86' lang='lat' dir='ltr'><strong>est,</strong></span> <span class='ocrx_word' id='word_1_679' title='bbox 3261 3399 3369 3438; x_wconf 91' lang='lat' dir='ltr'><strong>non</strong></span> <span class='ocrx_word' id='word_1_680' title='bbox 3393 3392 3568 3438; x_wconf 90' lang='lat' dir='ltr'><strong>autem</strong></span> <span class='ocrx_word' id='word_1_681' title='bbox 3601 3394 3655 3438; x_wconf 88' lang='lat' dir='ltr'><strong>et</strong></span> 
     </span>
    </p>
   </div>
   <div class='ocr_carea' id='block_1_91' title="bbox 2074 3470 3656 3544">
    <p class='ocr_par' dir='ltr' id='par_1_91' title="bbox 2074 3470 3656 3544">
     <span class='ocr_line' id='line_1_91' title="bbox 2074 3470 3656 3544; baseline 0.001 -17"><span class='ocrx_word' id='word_1_682' title='bbox 2074 3483 2391 3543; x_wconf 85' lang='lat' dir='ltr'><strong>peccatum,</strong></span> <span class='ocrx_word' id='word_1_683' title='bbox 2422 3470 2563 3544; x_wconf 89' lang='lat' dir='ltr'><strong>quod</strong></span> <span class='ocrx_word' id='word_1_684' title='bbox 2596 3488 2741 3527; x_wconf 89' lang='lat' dir='ltr'><strong>mors</strong></span> <span class='ocrx_word' id='word_1_685' title='bbox 2774 3484 2855 3529; x_wconf 91' lang='lat' dir='ltr'><strong>est</strong></span> <span class='ocrx_word' id='word_1_686' title='bbox 2886 3474 3077 3529; x_wconf 60' lang='lat' dir='ltr'><strong>animae</strong></span> <span class='ocrx_word' id='word_1_687' title='bbox 3102 3520 3116 3544; x_wconf 91' lang='lat'><strong>,</strong></span> <span class='ocrx_word' id='word_1_688' title='bbox 3146 3490 3241 3544; x_wconf 89' lang='lat' dir='ltr'><strong>per</strong></span> <span class='ocrx_word' id='word_1_689' title='bbox 3270 3491 3433 3531; x_wconf 90' lang='lat' dir='ltr'><strong>unum</strong></span> <span class='ocrx_word' id='word_1_690' title='bbox 3478 3474 3656 3529; x_wconf 81' lang='lat' dir='ltr'><strong>humi-</strong></span> 
     </span>
    </p>
   </div>
   <div class='ocr_carea' id='block_1_92' title="bbox 2075 3565 3651 3636">
    <p class='ocr_par' dir='ltr' id='par_1_92' title="bbox 2075 3565 3651 3636">
     <span class='ocr_line' id='line_1_92' title="bbox 2075 3565 3651 3636; baseline 0.001 -18"><span class='ocrx_word' id='word_1_691' title='bbox 2075 3579 2197 3620; x_wconf 90' lang='lat' dir='ltr'><strong>nem</strong></span> <span class='ocrx_word' id='word_1_692' title='bbox 2229 3567 2278 3618; x_wconf 91' lang='lat' dir='ltr'><strong>in</strong></span> <span class='ocrx_word' id='word_1_693' title='bbox 2307 3579 2465 3619; x_wconf 91' lang='lat' dir='ltr'><strong>omne</strong></span> <span class='ocrx_word' id='word_1_694' title='bbox 2489 3578 2659 3634; x_wconf 86' lang='lat' dir='ltr'><strong>genus</strong></span> <span class='ocrx_word' id='word_1_695' title='bbox 2677 3567 2781 3636; x_wconf 76' lang='lat'><strong>23</strong></span> <span class='ocrx_word' id='word_1_696' title='bbox 2810 3565 3099 3621; x_wconf 89' lang='lat' dir='ltr'><strong>humanum</strong></span> <span class='ocrx_word' id='word_1_697' title='bbox 3128 3568 3386 3622; x_wconf 82' lang='lat' dir='ltr'><strong>transisse</strong></span> <span class='ocrx_word' id='word_1_698' title='bbox 3407 3575 3651 3628; x_wconf 86' lang='lat' dir='ltr'><strong>testatur,</strong></span> 
     </span>
    </p>
   </div>
   <div class='ocr_carea' id='block_1_93' title="bbox 2074 3654 3652 3726">
    <p class='ocr_par' dir='ltr' id='par_1_93' title="bbox 2074 3654 3652 3726">
     <span class='ocr_line' id='line_1_93' title="bbox 2074 3654 3652 3726; baseline 0.002 -17"><span class='ocrx_word' id='word_1_699' title='bbox 2074 3655 2386 3725; x_wconf 73' lang='lat' dir='ltr'><strong>iniustitiam</strong></span> <span class='ocrx_word' id='word_1_700' title='bbox 2405 3654 2514 3709; x_wconf 90' lang='lat' dir='ltr'><strong>Deo</strong></span> <span class='ocrx_word' id='word_1_701' title='bbox 2533 3654 2698 3720; x_wconf 89' lang='lat' dir='ltr'><strong>dabit,</strong></span> <span class='ocrx_word' id='word_1_702' title='bbox 2722 3656 3099 3711; x_wconf 86' lang='lat' dir='ltr'><strong>contradicens</strong></span> <span class='ocrx_word' id='word_1_703' title='bbox 3131 3658 3389 3726; x_wconf 80' lang='lat' dir='ltr'><strong>Apostnlo</strong></span> <span class='ocrx_word' id='word_1_704' title='bbox 3418 3656 3652 3712; x_wconf 86' lang='lat' dir='ltr'><strong>dicenti:</strong></span> 
     </span>
    </p>
   </div>
   <div class='ocr_carea' id='block_1_94' title="bbox 2076 3745 3649 3813">
    <p class='ocr_par' dir='ltr' id='par_1_94' title="bbox 2076 3745 3649 3813">
     <span class='ocr_line' id='line_1_94' title="bbox 2076 3745 3649 3813; baseline 0.001 -14"><span class='ocrx_word' id='word_1_705' title='bbox 2076 3746 2179 3799; x_wconf 87' lang='lat' dir='ltr'><strong>Per</strong></span> <span class='ocrx_word' id='word_1_706' title='bbox 2201 3762 2357 3799; x_wconf 87' lang='lat' dir='ltr'><strong>unum</strong></span> <span class='ocrx_word' id='word_1_707' title='bbox 2386 3745 2639 3800; x_wconf 86' lang='lat' dir='ltr'><strong>hominem</strong></span> <span class='ocrx_word' id='word_1_708' title='bbox 2676 3757 2935 3813; x_wconf 85' lang='lat' dir='ltr'><strong>peccatum</strong></span> <span class='ocrx_word' id='word_1_709' title='bbox 2967 3750 3173 3801; x_wconf 85' lang='lat' dir='ltr'><strong>intravit</strong></span> <span class='ocrx_word' id='word_1_710' title='bbox 3204 3750 3258 3801; x_wconf 88' lang='lat' dir='ltr'><strong>in</strong></span> <span class='ocrx_word' id='word_1_711' title='bbox 3288 3749 3538 3801; x_wconf 86' lang='lat' dir='ltr'><strong>mundum</strong></span> <span class='ocrx_word' id='word_1_712' title='bbox 3557 3791 3571 3813; x_wconf 92' lang='lat'><strong>,</strong></span> <span class='ocrx_word' id='word_1_713' title='bbox 3601 3759 3649 3803; x_wconf 85' lang='lat' dir='ltr'><strong>et</strong></span> 
     </span>
    </p>
   </div>
   <div class='ocr_carea' id='block_1_95' title="bbox 2076 3840 3655 3911">
    <p class='ocr_par' dir='ltr' id='par_1_95' title="bbox 2076 3840 3655 3911">
     <span class='ocr_line' id='line_1_95' title="bbox 2076 3840 3655 3911; baseline 0.002 -19"><span class='ocrx_word' id='word_1_714' title='bbox 2076 3855 2165 3907; x_wconf 89' lang='lat' dir='ltr'><strong>per</strong></span> <span class='ocrx_word' id='word_1_715' title='bbox 2194 3848 2452 3908; x_wconf 86' lang='lat' dir='ltr'><strong>peccatum</strong></span> <span class='ocrx_word' id='word_1_716' title='bbox 2481 3855 2637 3907; x_wconf 89' lang='lat' dir='ltr'><strong>mors,</strong></span> <span class='ocrx_word' id='word_1_717' title='bbox 2671 3851 2717 3892; x_wconf 86' lang='lat' dir='ltr'><strong>et</strong></span> <span class='ocrx_word' id='word_1_718' title='bbox 2750 3840 2822 3893; x_wconf 88' lang='lat' dir='ltr'><strong>ita</strong></span> <span class='ocrx_word' id='word_1_719' title='bbox 2850 3842 2904 3894; x_wconf 91' lang='lat' dir='ltr'><strong>in</strong></span> <span class='ocrx_word' id='word_1_720' title='bbox 2941 3857 3115 3895; x_wconf 85' lang='lat' dir='ltr'><strong>omnes</strong></span> <span class='ocrx_word' id='word_1_721' title='bbox 3142 3841 3369 3896; x_wconf 86' lang='lat' dir='ltr'><strong>homines</strong></span> <span class='ocrx_word' id='word_1_722' title='bbox 3396 3853 3655 3911; x_wconf 83' lang='lat' dir='ltr'><strong>pertrans-</strong></span> 
     </span>
    </p>
   </div>
   <div class='ocr_carea' id='block_1_96' title="bbox 2074 3930 3651 4004">
    <p class='ocr_par' dir='ltr' id='par_1_96' title="bbox 2074 3930 3651 4004">
     <span class='ocr_line' id='line_1_96' title="bbox 2074 3930 3651 4004; baseline 0.002 -21"><span class='ocrx_word' id='word_1_723' title='bbox 2074 3931 2162 3995; x_wconf 86' lang='lat' dir='ltr'><strong>iit,</strong></span> <span class='ocrx_word' id='word_1_724' title='bbox 2186 3930 2239 3984; x_wconf 89' lang='lat' dir='ltr'><strong>in</strong></span> <span class='ocrx_word' id='word_1_725' title='bbox 2269 3947 2366 4000; x_wconf 89' lang='lat' dir='ltr'><strong>quo</strong></span> <span class='ocrx_word' id='word_1_726' title='bbox 2401 3946 2571 3984; x_wconf 84' lang='lat' dir='ltr'><strong>omnes</strong></span> <span class='ocrx_word' id='word_1_727' title='bbox 2608 3931 2834 3985; x_wconf 87' lang='lat' dir='ltr'><strong>homines</strong></span> <span class='ocrx_word' id='word_1_728' title='bbox 2875 3940 3203 4001; x_wconf 85' lang='lat' dir='ltr'><strong>peccaverunt</strong></span> <span class='ocrx_word' id='word_1_729' title='bbox 3232 3932 3403 4004; x_wconf 85' lang='lat' dir='ltr'><strong>(Rom.</strong></span> <span class='ocrx_word' id='word_1_730' title='bbox 3451 3948 3501 4000; x_wconf 77' lang='grc' dir='ltr'><strong>ν,</strong></span> <span class='ocrx_word' id='word_1_731' title='bbox 3544 3932 3651 3996; x_wconf 74' lang='grc'><strong>12).</strong></span> 
     </span>
    </p>
   </div>
   <div class='ocr_carea' id='block_1_97' title="bbox 2679 4024 3056 4080">
    <p class='ocr_par' dir='ltr' id='par_1_97' title="bbox 2679 4024 3056 4080">
     <span class='ocr_line' id='line_1_97' title="bbox 2679 4024 3056 4080; baseline 0 -1"><span class='ocrx_word' id='word_1_732' title='bbox 2679 4024 2904 4080; x_wconf 86' lang='lat' dir='ltr'><strong>CAPUT</strong></span> <span class='ocrx_word' id='word_1_733' title='bbox 2945 4024 3056 4079; x_wconf 82' lang='lat' dir='ltr'><strong>XL.</strong></span> 
     </span>
    </p>
   </div>
   <div class='ocr_carea' id='block_1_98' title="bbox 2148 4113 3656 4186">
    <p class='ocr_par' dir='ltr' id='par_1_98' title="bbox 2148 4113 3656 4186">
     <span class='ocr_line' id='line_1_98' title="bbox 2148 4113 3656 4186; baseline 0.001 -18"><span class='ocrx_word' id='word_1_734' title='bbox 2148 4113 2201 4168; x_wconf 89' lang='lat' dir='ltr'><strong>Si</strong></span> <span class='ocrx_word' id='word_1_735' title='bbox 2225 4114 2344 4185; x_wconf 89' lang='lat' dir='ltr'><strong>quis</strong></span> <span class='ocrx_word' id='word_1_736' title='bbox 2374 4114 2709 4170; x_wconf 87' lang='lat' dir='ltr'><strong>invocatione</strong></span> <span class='ocrx_word' id='word_1_737' title='bbox 2736 4114 2967 4170; x_wconf 88' lang='lat' dir='ltr'><strong>humana</strong></span> <span class='ocrx_word' id='word_1_738' title='bbox 2985 4115 3210 4186; x_wconf 76' lang='lat' dir='ltr'><strong>gratiam</strong></span> <span class='ocrx_word' id='word_1_739' title='bbox 3235 4116 3326 4171; x_wconf 85' lang='lat' dir='ltr'><strong>Dei</strong></span> <span class='ocrx_word' id='word_1_740' title='bbox 3345 4115 3473 4171; x_wconf 91' lang='lat' dir='ltr'><strong>dicit</strong></span> <span class='ocrx_word' id='word_1_741' title='bbox 3501 4130 3656 4185; x_wconf 86' lang='lat' dir='ltr'><strong>posse</strong></span> 
     </span>
    </p>
   </div>
   <div class='ocr_carea' id='block_1_99' title="bbox 2078 4204 3655 4275">
    <p class='ocr_par' dir='ltr' id='par_1_99' title="bbox 2078 4204 3655 4275">
     <span class='ocr_line' id='line_1_99' title="bbox 2078 4204 3655 4275; baseline 0.002 -17"><span class='ocrx_word' id='word_1_742' title='bbox 2078 4204 2331 4269; x_wconf 83' lang='lat' dir='ltr'><strong>conferri,</strong></span> <span class='ocrx_word' id='word_1_743' title='bbox 2365 4219 2470 4261; x_wconf 89' lang='lat' dir='ltr'><strong>non</strong></span> <span class='ocrx_word' id='word_1_744' title='bbox 2498 4215 2675 4259; x_wconf 90' lang='lat' dir='ltr'><strong>autem</strong></span> <span class='ocrx_word' id='word_1_745' title='bbox 2698 4206 2868 4274; x_wconf 89' lang='lat' dir='ltr'><strong>ipsam</strong></span> <span class='ocrx_word' id='word_1_746' title='bbox 2890 4206 3113 4275; x_wconf 82' lang='lat' dir='ltr'><strong>gratiam</strong></span> <span class='ocrx_word' id='word_1_747' title='bbox 3145 4207 3322 4262; x_wconf 80' lang='lat' dir='ltr'><strong>facere</strong></span> <span class='ocrx_word' id='word_1_748' title='bbox 3352 4217 3409 4262; x_wconf 92' lang='lat' dir='ltr'><strong>ut</strong></span> <span class='ocrx_word' id='word_1_749' title='bbox 3441 4207 3655 4262; x_wconf 87' lang='lat' dir='ltr'><strong>invoce-</strong></span> 
     </span>
    </p>
   </div>
   <div class='ocr_carea' id='block_1_100' title="bbox 2079 4295 3655 4367">
    <p class='ocr_par' dir='ltr' id='par_1_100' title="bbox 2079 4295 3655 4367">
     <span class='ocr_line' id='line_1_100' title="bbox 2079 4295 3655 4367; baseline 0 -17"><span class='ocrx_word' id='word_1_750' title='bbox 2079 4306 2165 4350; x_wconf 92' lang='lat' dir='ltr'><strong>tur</strong></span> <span class='ocrx_word' id='word_1_751' title='bbox 2191 4312 2220 4350; x_wconf 92' lang='lat' dir='ltr'><strong>a</strong></span> <span class='ocrx_word' id='word_1_752' title='bbox 2252 4295 2434 4364; x_wconf 92' lang='lat' dir='ltr'><strong>nobis,</strong></span> <span class='ocrx_word' id='word_1_753' title='bbox 2480 4296 2799 4352; x_wconf 88' lang='lat' dir='ltr'><strong>contradicit</strong></span> <span class='ocrx_word' id='word_1_754' title='bbox 2847 4297 3019 4351; x_wconf 67' lang='lat' dir='ltr'><strong>Esaiae</strong></span> <span class='ocrx_word' id='word_1_755' title='bbox 3050 4298 3322 4367; x_wconf 71' lang='lat' dir='ltr'><strong>propheta:</strong></span> <span class='ocrx_word' id='word_1_756' title='bbox 3350 4339 3365 4364; x_wconf 95' lang='lat'><strong>,</strong></span> <span class='ocrx_word' id='word_1_757' title='bbox 3400 4298 3481 4353; x_wconf 90' lang='lat' dir='ltr'><strong>vel</strong></span> <span class='ocrx_word' id='word_1_758' title='bbox 3512 4298 3655 4367; x_wconf 88' lang='lat' dir='ltr'><strong>Apo-</strong></span> 
     </span>
    </p>
   </div>
   <div class='ocr_carea' id='block_1_101' title="bbox 2078 4387 3659 4461">
    <p class='ocr_par' dir='ltr' id='par_1_101' title="bbox 2078 4387 3659 4461">
     <span class='ocr_line' id='line_1_101' title="bbox 2078 4387 3659 4461; baseline 0 -18"><span class='ocrx_word' id='word_1_759' title='bbox 2078 4389 2218 4444; x_wconf 89' lang='lat' dir='ltr'><strong>stolo</strong></span> <span class='ocrx_word' id='word_1_760' title='bbox 2262 4389 2401 4444; x_wconf 90' lang='lat' dir='ltr'><strong>idem</strong></span> <span class='ocrx_word' id='word_1_761' title='bbox 2432 4388 2631 4444; x_wconf 85' lang='lat' dir='ltr'><strong>dicenti</strong></span> <span class='ocrx_word' id='word_1_762' title='bbox 2663 4406 2676 4442; x_wconf 90' lang='lat'>:</span> <span class='ocrx_word' id='word_1_763' title='bbox 2720 4387 2959 4444; x_wconf 75' lang='lat' dir='ltr'><strong>Inventus</strong></span> <span class='ocrx_word' id='word_1_764' title='bbox 2990 4408 3105 4444; x_wconf 86' lang='lat' dir='ltr'><strong>sum</strong></span> <span class='ocrx_word' id='word_1_765' title='bbox 3133 4408 3163 4444; x_wconf 91' lang='lat' dir='ltr'><strong>a</strong></span> <span class='ocrx_word' id='word_1_766' title='bbox 3193 4407 3295 4445; x_wconf 89' lang='lat' dir='ltr'><strong>non</strong></span> <span class='ocrx_word' id='word_1_767' title='bbox 3322 4391 3659 4461; x_wconf 64' lang='lat' dir='ltr'><strong>quaerentibus</strong></span> 
     </span>
    </p>
   </div>
   <div class='ocr_carea' id='block_1_102' title="bbox 2078 4480 3658 4555">
    <p class='ocr_par' dir='ltr' id='par_1_102' title="bbox 2078 4480 3658 4555">
     <span class='ocr_line' id='line_1_102' title="bbox 2078 4480 3658 4555; baseline -0.001 -19"><span class='ocrx_word' id='word_1_768' title='bbox 2078 4500 2179 4549; x_wconf 80' lang='lat' dir='ltr'><strong>me,</strong></span> <span class='ocrx_word' id='word_1_769' title='bbox 2211 4484 2385 4555; x_wconf 84' lang='lat' dir='ltr'><strong>palam</strong></span> <span class='ocrx_word' id='word_1_770' title='bbox 2406 4484 2625 4555; x_wconf 86' lang='lat' dir='ltr'><strong>apparui</strong></span> <span class='ocrx_word' id='word_1_771' title='bbox 2648 4484 2725 4537; x_wconf 81' lang='lat' dir='ltr'><strong>his</strong></span> <span class='ocrx_word' id='word_1_772' title='bbox 2752 4484 2838 4554; x_wconf 88' lang='lat' dir='ltr'><strong>qui</strong></span> <span class='ocrx_word' id='word_1_773' title='bbox 2859 4499 2938 4537; x_wconf 91' lang='lat' dir='ltr'><strong>me</strong></span> <span class='ocrx_word' id='word_1_774' title='bbox 2966 4500 3066 4537; x_wconf 90' lang='lat' dir='ltr'><strong>non</strong></span> <span class='ocrx_word' id='word_1_775' title='bbox 3091 4486 3467 4554; x_wconf 84' lang='lat' dir='ltr'><strong>interrogabant</strong></span> <span class='ocrx_word' id='word_1_776' title='bbox 3492 4480 3658 4553; x_wconf 86' lang='lat' dir='ltr'><strong>(Esai.</strong></span> 
     </span>
    </p>
   </div>
   <div class='ocr_carea' id='block_1_103' title="bbox 2080 4574 2696 4645">
    <p class='ocr_par' dir='ltr' id='par_1_103' title="bbox 2080 4574 2696 4645">
     <span class='ocr_line' id='line_1_103' title="bbox 2080 4574 2696 4645; baseline -0.005 -15"><span class='ocrx_word' id='word_1_777' title='bbox 2080 4591 2201 4639; x_wconf 81' lang='lat' dir='ltr'><strong>va,</strong></span> <span class='ocrx_word' id='word_1_778' title='bbox 2236 4577 2298 4641; x_wconf 85' lang='lat' dir='ltr'><strong>I;</strong></span> <span class='ocrx_word' id='word_1_779' title='bbox 2330 4575 2480 4630; x_wconf 85' lang='lat' dir='ltr'><strong>Rom.</strong></span> <span class='ocrx_word' id='word_1_780' title='bbox 2508 4592 2558 4640; x_wconf 78' lang='grc' dir='ltr'>ι,</span> <span class='ocrx_word' id='word_1_781' title='bbox 2583 4574 2696 4645; x_wconf 72' lang='lat'><strong>20).</strong></span> 
     </span>
    </p>
   </div>
   <div class='ocr_carea' id='block_1_104' title="bbox 2672 4666 3051 4723">
    <p class='ocr_par' dir='ltr' id='par_1_104' title="bbox 2672 4666 3051 4723">
     <span class='ocr_line' id='line_1_104' title="bbox 2672 4666 3051 4723; baseline 0.005 -2"><span class='ocrx_word' id='word_1_782' title='bbox 2672 4666 2898 4723; x_wconf 89' lang='lat' dir='ltr'><strong>CAPUT</strong></span> <span class='ocrx_word' id='word_1_783' title='bbox 2942 4667 3051 4723; x_wconf 89' lang='lat' dir='ltr'><strong>XLI</strong></span> 
     </span>
    </p>
   </div>
   <div class='ocr_carea' id='block_1_105' title="bbox 2152 4759 3662 4829">
    <p class='ocr_par' dir='ltr' id='par_1_105' title="bbox 2152 4759 3662 4829">
     <span class='ocr_line' id='line_1_105' title="bbox 2152 4759 3662 4829; baseline 0.001 -14"><span class='ocrx_word' id='word_1_784' title='bbox 2152 4759 2209 4815; x_wconf 92' lang='lat' dir='ltr'><strong>Si</strong></span> <span class='ocrx_word' id='word_1_785' title='bbox 2236 4760 2355 4829; x_wconf 91' lang='lat' dir='ltr'><strong>quis</strong></span> <span class='ocrx_word' id='word_1_786' title='bbox 2383 4769 2436 4813; x_wconf 92' lang='lat' dir='ltr'><strong>ut</strong></span> <span class='ocrx_word' id='word_1_787' title='bbox 2460 4774 2488 4813; x_wconf 89' lang='lat' dir='ltr'><strong>a</strong></span> <span class='ocrx_word' id='word_1_788' title='bbox 2523 4768 2743 4828; x_wconf 89' lang='lat' dir='ltr'><strong>peccato</strong></span> <span class='ocrx_word' id='word_1_789' title='bbox 2773 4774 3059 4828; x_wconf 80' lang='lat' dir='ltr'><strong>purgamur</strong></span> <span class='ocrx_word' id='word_1_790' title='bbox 3079 4759 3406 4815; x_wconf 76' lang='lat' dir='ltr'><strong>voluntatem</strong></span> <span class='ocrx_word' id='word_1_791' title='bbox 3428 4768 3662 4816; x_wconf 87' lang='lat' dir='ltr'><strong>nostram</strong></span> 
     </span>
    </p>
   </div>
   <div class='ocr_carea' id='block_1_106' title="bbox 2083 4849 3664 4919">
    <p class='ocr_par' dir='ltr' id='par_1_106' title="bbox 2083 4849 3664 4919">
     <span class='ocr_line' id='line_1_106' title="bbox 2083 4849 3664 4919; baseline 0.001 -16"><span class='ocrx_word' id='word_1_792' title='bbox 2083 4850 2250 4905; x_wconf 92' lang='lat' dir='ltr'><strong>Deum</strong></span> <span class='ocrx_word' id='word_1_793' title='bbox 2279 4860 2590 4916; x_wconf 77' lang='lat' dir='ltr'><strong>exSpectare</strong></span> <span class='ocrx_word' id='word_1_794' title='bbox 2612 4849 2907 4917; x_wconf 90' lang='lat' dir='ltr'><strong>contendit,</strong></span> <span class='ocrx_word' id='word_1_795' title='bbox 2940 4866 3041 4905; x_wconf 91' lang='grc' dir='ltr'>ιιοιι</span> <span class='ocrx_word' id='word_1_796' title='bbox 3067 4860 3242 4906; x_wconf 90' lang='lat' dir='ltr'><strong>autem</strong></span> <span class='ocrx_word' id='word_1_797' title='bbox 3273 4862 3328 4905; x_wconf 89' lang='lat' dir='ltr'><strong>ut</strong></span> <span class='ocrx_word' id='word_1_798' title='bbox 3352 4851 3509 4906; x_wconf 90' lang='lat' dir='ltr'><strong>etiam</strong></span> <span class='ocrx_word' id='word_1_799' title='bbox 3540 4866 3664 4919; x_wconf 87' lang='lat' dir='ltr'><strong>pur-</strong></span> 
     </span>
    </p>
   </div>
   <div class='ocr_carea' id='block_1_107' title="bbox 2083 4940 3665 5010">
    <p class='ocr_par' dir='ltr' id='par_1_107' title="bbox 2083 4940 3665 5010">
     <span class='ocr_line' id='line_1_107' title="bbox 2083 4940 3665 5010; baseline 0 -16"><span class='ocrx_word' id='word_1_800' title='bbox 2083 4940 2195 5010; x_wconf 87' lang='lat' dir='ltr'><strong>gari</strong></span> <span class='ocrx_word' id='word_1_801' title='bbox 2220 4940 2462 5007; x_wconf 86' lang='lat' dir='ltr'><strong>velimus,</strong></span> <span class='ocrx_word' id='word_1_802' title='bbox 2494 4955 2587 5009; x_wconf 92' lang='lat' dir='ltr'><strong>per</strong></span> <span class='ocrx_word' id='word_1_803' title='bbox 2608 4942 2774 4996; x_wconf 88' lang='lat' dir='ltr'><strong>sancti</strong></span> <span class='ocrx_word' id='word_1_804' title='bbox 2800 4942 3031 5010; x_wconf 91' lang='lat' dir='ltr'><strong>Spiritus</strong></span> <span class='ocrx_word' id='word_1_805' title='bbox 3057 4942 3375 4997; x_wconf 79' lang='lat' dir='ltr'><strong>inlusionem</strong></span> <span class='ocrx_word' id='word_1_806' title='bbox 3398 4955 3450 4998; x_wconf 86' lang='lat' dir='ltr'><strong>et</strong></span> <span class='ocrx_word' id='word_1_807' title='bbox 3475 4957 3665 5010; x_wconf 80' lang='lat' dir='ltr'><strong>opera-</strong></span> 
     </span>
    </p>
   </div>
   <div class='ocr_carea' id='block_1_108' title="bbox 2087 5028 3660 5100">
    <p class='ocr_par' dir='ltr' id='par_1_108' title="bbox 2087 5028 3660 5100">
     <span class='ocr_line' id='line_1_108' title="bbox 2087 5028 3660 5100; baseline 0.001 -17"><span class='ocrx_word' id='word_1_808' title='bbox 2087 5030 2283 5083; x_wconf 86' lang='lat' dir='ltr'><strong>tionem</strong></span> <span class='ocrx_word' id='word_1_809' title='bbox 2330 5028 2383 5083; x_wconf 89' lang='lat' dir='ltr'><strong>in</strong></span> <span class='ocrx_word' id='word_1_810' title='bbox 2414 5029 2567 5084; x_wconf 90' lang='lat' dir='ltr'><strong>nobis</strong></span> <span class='ocrx_word' id='word_1_811' title='bbox 2590 5030 2702 5084; x_wconf 86' lang='lat' dir='ltr'><strong>lieri</strong></span> <span class='ocrx_word' id='word_1_812' title='bbox 2728 5032 3045 5096; x_wconf 82' lang='lat' dir='ltr'><strong>conﬁtetur,</strong></span> <span class='ocrx_word' id='word_1_813' title='bbox 3082 5034 3284 5087; x_wconf 89' lang='lat' dir='ltr'><strong>resistit</strong></span> <span class='ocrx_word' id='word_1_814' title='bbox 3314 5033 3412 5097; x_wconf 91' lang='lat' dir='ltr'><strong>ipsi</strong></span> <span class='ocrx_word' id='word_1_815' title='bbox 3436 5031 3660 5100; x_wconf 91' lang='lat' dir='ltr'><strong>Spiritui</strong></span> 
     </span>
    </p>
   </div>
   <div class='ocr_carea' id='block_1_109' title="bbox 2085 5121 3665 5197">
    <p class='ocr_par' dir='ltr' id='par_1_109' title="bbox 2085 5121 3665 5197">
     <span class='ocr_line' id='line_1_109' title="bbox 2085 5121 3665 5197; baseline 0.001 -21"><span class='ocrx_word' id='word_1_816' title='bbox 2085 5130 2291 5188; x_wconf 87' lang='lat' dir='ltr'><strong>sancto,</strong></span> <span class='ocrx_word' id='word_1_817' title='bbox 2328 5137 2421 5191; x_wconf 87' lang='lat' dir='ltr'><strong>per</strong></span> <span class='ocrx_word' id='word_1_818' title='bbox 2446 5121 2784 5179; x_wconf 84' lang='lat' dir='ltr'><strong>Salomonetn</strong></span> <span class='ocrx_word' id='word_1_819' title='bbox 2812 5124 3010 5180; x_wconf 91' lang='lat' dir='ltr'><strong>dicenti</strong></span> <span class='ocrx_word' id='word_1_820' title='bbox 3035 5142 3047 5178; x_wconf 90' lang='lat'><strong>:</strong></span> <span class='ocrx_word' id='word_1_821' title='bbox 3078 5124 3410 5197; x_wconf 78' lang='lat' dir='ltr'><strong>Prteparatur</strong></span> <span class='ocrx_word' id='word_1_822' title='bbox 3436 5124 3665 5178; x_wconf 84' lang='lat' dir='ltr'><strong>voluntas</strong></span> 
     </span>
    </p>
   </div>
   <div class='ocr_carea' id='block_1_110' title="bbox 2084 5213 3668 5286">
    <p class='ocr_par' dir='ltr' id='par_1_110' title="bbox 2084 5213 3668 5286">
     <span class='ocr_line' id='line_1_110' title="bbox 2084 5213 3668 5286; baseline 0.001 -19"><span class='ocrx_word' id='word_1_823' title='bbox 2084 5232 2116 5268; x_wconf 92' lang='lat' dir='ltr'><strong>a</strong></span> <span class='ocrx_word' id='word_1_824' title='bbox 2146 5213 2401 5281; x_wconf 88' lang='lat' dir='ltr'><strong>Domino;</strong></span> <span class='ocrx_word' id='word_1_825' title='bbox 2439 5224 2493 5269; x_wconf 89' lang='lat' dir='ltr'><strong>et</strong></span> <span class='ocrx_word' id='word_1_826' title='bbox 2528 5215 2786 5285; x_wconf 88' lang='lat' dir='ltr'><strong>Apostolo</strong></span> <span class='ocrx_word' id='word_1_827' title='bbox 2830 5217 3116 5272; x_wconf 88' lang='lat' dir='ltr'><strong>salubriter</strong></span> <span class='ocrx_word' id='word_1_828' title='bbox 3146 5216 3452 5286; x_wconf 73' lang='lat' dir='ltr'><strong>pranlicauti</strong></span> <span class='ocrx_word' id='word_1_829' title='bbox 3485 5234 3495 5269; x_wconf 90' lang='lat'>:</span> <span class='ocrx_word' id='word_1_830' title='bbox 3536 5215 3668 5269; x_wconf 88' lang='lat' dir='ltr'><strong>Deus</strong></span> 
     </span>
    </p>
   </div>
   <div class='ocr_carea' id='block_1_111' title="bbox 2085 5309 3670 5382">
    <p class='ocr_par' dir='ltr' id='par_1_111' title="bbox 2085 5309 3670 5382">
     <span class='ocr_line' id='line_1_111' title="bbox 2085 5309 3670 5382; baseline -0.001 -18"><span class='ocrx_word' id='word_1_831' title='bbox 2085 5320 2159 5364; x_wconf 87' lang='lat' dir='ltr'><strong>est</strong></span> <span class='ocrx_word' id='word_1_832' title='bbox 2186 5310 2271 5380; x_wconf 84' lang='lat' dir='ltr'><strong>qui</strong></span> <span class='ocrx_word' id='word_1_833' title='bbox 2300 5321 2541 5380; x_wconf 86' lang='lat' dir='ltr'><strong>aperatur</strong></span> <span class='ocrx_word' id='word_1_834' title='bbox 2571 5311 2622 5364; x_wconf 87' lang='lat' dir='ltr'><strong>in</strong></span> <span class='ocrx_word' id='word_1_835' title='bbox 2669 5311 2812 5365; x_wconf 79' lang='lat' dir='ltr'><strong>nobis</strong></span> <span class='ocrx_word' id='word_1_836' title='bbox 2841 5321 2887 5365; x_wconf 83' lang='lat' dir='ltr'><strong>et</strong></span> <span class='ocrx_word' id='word_1_837' title='bbox 2914 5309 3118 5377; x_wconf 57' lang='lat' dir='ltr'><strong>velle,”</strong></span> <span class='ocrx_word' id='word_1_838' title='bbox 3144 5312 3387 5381; x_wconf 78' lang='lat' dir='ltr'><strong>perﬁcere</strong></span> <span class='ocrx_word' id='word_1_839' title='bbox 3414 5326 3507 5382; x_wconf 85' lang='lat' dir='ltr'><strong>pro</strong></span> <span class='ocrx_word' id='word_1_840' title='bbox 3536 5309 3670 5363; x_wconf 81' lang='lat' dir='ltr'><strong>bona</strong></span> 
     </span>
    </p>
   </div>
   <div class='ocr_carea' id='block_1_112' title="bbox 2085 5400 2853 5474">
    <p class='ocr_par' dir='ltr' id='par_1_112' title="bbox 2085 5400 2853 5474">
     <span class='ocr_line' id='line_1_112' title="bbox 2085 5400 2853 5474; baseline 0.001 -19"><span class='ocrx_word' id='word_1_841' title='bbox 2085 5402 2343 5456; x_wconf 80' lang='lat' dir='ltr'><strong>voluntate</strong></span> <span class='ocrx_word' id='word_1_842' title='bbox 2368 5400 2593 5474; x_wconf 79' lang='lat' dir='ltr'><strong>(Philip.</strong></span> <span class='ocrx_word' id='word_1_843' title='bbox 2626 5418 2663 5459; x_wconf 88' lang='lat' dir='ltr'><strong>tt</strong></span> <span class='ocrx_word' id='word_1_844' title='bbox 2692 5446 2705 5468; x_wconf 93' lang='lat'><strong>,</strong></span> <span class='ocrx_word' id='word_1_845' title='bbox 2744 5404 2853 5473; x_wconf 81' lang='lat' dir='ltr'><strong>I5).</strong></span> 
     </span>
    </p>
   </div>
   <div class='ocr_carea' id='block_1_113' title="bbox 2671 5493 3167 5551">
    <p class='ocr_par' dir='ltr' id='par_1_113' title="bbox 2671 5493 3167 5551">
     <span class='ocr_line' id='line_1_113' title="bbox 2671 5493 3167 5551; baseline -0.008 0"><span class='ocrx_word' id='word_1_846' title='bbox 2671 5494 2898 5551; x_wconf 85' lang='lat' dir='ltr'><strong>CAPUT</strong></span> <span class='ocrx_word' id='word_1_847' title='bbox 2938 5493 3093 5550; x_wconf 84' lang='lat' dir='ltr'><strong>XLII.</strong></span> <span class='ocrx_word' id='word_1_848' title='bbox 3164 5528 3167 5531; x_wconf 58' lang='grc' dir='ltr'><strong><em>ν</em></strong></span> 
     </span>
    </p>
   </div>
   <div class='ocr_carea' id='block_1_114' title="bbox 2100 5582 3671 5657">
    <p class='ocr_par' dir='ltr' id='par_1_114' title="bbox 2100 5582 3671 5657">
     <span class='ocr_line' id='line_1_114' title="bbox 2100 5582 3671 5657; baseline -0.003 -17"><span class='ocrx_word' id='word_1_849' title='bbox 2100 5606 2103 5607; x_wconf 48' lang='grc' dir='ltr'><em>ν</em></span> <span class='ocrx_word' id='word_1_850' title='bbox 2161 5586 2216 5640; x_wconf 91' lang='lat' dir='ltr'><strong>Si</strong></span> <span class='ocrx_word' id='word_1_851' title='bbox 2257 5588 2377 5655; x_wconf 92' lang='lat' dir='ltr'><strong>quis</strong></span> <span class='ocrx_word' id='word_1_852' title='bbox 2399 5587 2539 5642; x_wconf 90' lang='lat' dir='ltr'><strong>sicut</strong></span> <span class='ocrx_word' id='word_1_853' title='bbox 2570 5597 2910 5657; x_wconf 86' lang='lat' dir='ltr'><strong>augmentum</strong></span> <span class='ocrx_word' id='word_1_854' title='bbox 2940 5630 2956 5655; x_wconf 91' lang='lat'><strong>,</strong></span> <span class='ocrx_word' id='word_1_855' title='bbox 2990 5589 3061 5641; x_wconf 89' lang='lat' dir='ltr'><strong>ita</strong></span> <span class='ocrx_word' id='word_1_856' title='bbox 3088 5596 3246 5642; x_wconf 80' lang='lat' dir='ltr'><strong>etiam</strong></span> <span class='ocrx_word' id='word_1_857' title='bbox 3278 5585 3485 5639; x_wconf 90' lang='lat' dir='ltr'><strong>initium</strong></span> <span class='ocrx_word' id='word_1_858' title='bbox 3512 5582 3630 5637; x_wconf 86' lang='lat' dir='ltr'><strong>lidel</strong></span> <span class='ocrx_word' id='word_1_859' title='bbox 3652 5623 3671 5651; x_wconf 87' lang='lat'><strong>,</strong></span> 
     </span>
    </p>
   </div>
   <div class='ocr_carea' id='block_1_115' title="bbox 2090 5676 3670 5748">
    <p class='ocr_par' dir='ltr' id='par_1_115' title="bbox 2090 5676 3670 5748">
     <span class='ocr_line' id='line_1_115' title="bbox 2090 5676 3670 5748; baseline 0.001 -19"><span class='ocrx_word' id='word_1_860' title='bbox 2090 5676 2371 5746; x_wconf 89' lang='lat' dir='ltr'><strong>ipsumque</strong></span> <span class='ocrx_word' id='word_1_861' title='bbox 2418 5678 2748 5733; x_wconf 85' lang='lat' dir='ltr'><strong>credulitatis</strong></span> <span class='ocrx_word' id='word_1_862' title='bbox 2789 5679 3038 5733; x_wconf 80' lang='lat' dir='ltr'><strong>achctum</strong></span> <span class='ocrx_word' id='word_1_863' title='bbox 3066 5719 3081 5747; x_wconf 88' lang='lat'><strong>,</strong></span> <span class='ocrx_word' id='word_1_864' title='bbox 3122 5694 3228 5748; x_wconf 91' lang='lat' dir='ltr'><strong>quo</strong></span> <span class='ocrx_word' id='word_1_865' title='bbox 3258 5677 3311 5733; x_wconf 90' lang='lat' dir='ltr'><strong>in</strong></span> <span class='ocrx_word' id='word_1_866' title='bbox 3342 5692 3463 5732; x_wconf 90' lang='lat' dir='ltr'><strong>eum</strong></span> <span class='ocrx_word' id='word_1_867' title='bbox 3496 5676 3670 5731; x_wconf 80' lang='lat' dir='ltr'><strong>credi-</strong></span> 
     </span>
    </p>
   </div>
   <div class='ocr_carea' id='block_1_116' title="bbox 2161 5852 2818 5935">
    <p class='ocr_par' dir='ltr' id='par_1_116' title="bbox 2161 5852 2818 5935">
     <span class='ocr_line' id='line_1_116' title="bbox 2161 5852 2818 5935; baseline 0.003 -26"><span class='ocrx_word' id='word_1_868' title='bbox 2161 5852 2200 5935; x_wconf 66' lang='lat' dir='ltr'><strong>_b</strong></span> <span class='ocrx_word' id='word_1_869' title='bbox 2224 5854 2475 5921; x_wconf 85' lang='lat' dir='ltr'><strong>Isidorus.</strong></span> <span class='ocrx_word' id='word_1_870' title='bbox 2507 5857 2818 5917; x_wconf 74' lang='lat' dir='ltr'><strong>ittlelliqanl.</strong></span> 
     </span>
    </p>
   </div>
  </div>
