4096 6342
428 339 519 395 991

428 543 689 596 rationem
745 541 882 594 sacri
930 537 1265 608 baptismatis
1315 535 1421 607 24
1477 536 1847 605 pervenimus,
1904 549 2010 589 non

428 633 612 701 gratiae
649 632 873 695 donum,
926 630 978 683 id
1027 638 1129 692 est,
1184 642 1280 697 per
1323 627 1729 697 inspirationem
1778 627 2010 695 Spiritus

428 726 598 780 sancti
637 710 991 795 corrigentem
1025 724 1356 777 voluntatem
1402 731 1640 776 nostram
1685 721 1753 775 ab
1782 719 2006 775 inﬁdeli-

429 826 536 874 tate
559 817 623 871 ad
653 816 832 883 ﬁdem,
866 815 933 870 ab
959 816 1235 886 impietate
1263 815 1327 869 ad
1360 816 1636 884 pietatem,
1666 815 1760 870 sed
1793 823 2013 868 natura-
2042 826 2043 829 ‘

428 910 551 964 liter
580 908 732 963 nobis
784 909 961 963 inesse
996 909 1160 974 dicit,
1191 907 1497 977 apostolicis
1546 906 1887 976 dogmatibus
1917 907 2013 961 ad-

426 1002 699 1058 versarius
727 1002 1073 1071 approbatur,
1107 1000 1265 1056 beato
1285 1002 1532 1070 aposmlo
1566 999 1729 1053 Paulo
1754 999 1966 1055 dicente
1993 1012 2007 1056 τ

427 1094 743 1165 Conﬁdimus
772 1094 892 1163 quia
919 1094 1006 1163 qui
1045 1093 1193 1161 ccepi:
1238 1093 1292 1145 in
1334 1093 1471 1146 vobis
1496 1091 1682 1145 bonum
1705 1107 1835 1161 apus
1858 1090 2014 1162 perﬁ-

428 1189 518 1242 ciet
546 1205 703 1259 usque
732 1188 783 1241 in
808 1187 942 1241 diem
967 1186 1155 1241 Christi
1171 1184 1295 1239 Jesu
1317 1183 1546 1253 (Philip.
1579 1185 1703 1256 1,6).
1734 1185 1798 1239 Et
1830 1184 1956 1238 illud
1994 1202 2006 1237 :

434 1278 591 1333 Vobis
635 1281 811 1334 datum
835 1290 910 1332 est
943 1295 1035 1348 pro
1080 1277 1302 1342 Christo,
1353 1293 1455 1331 non
1498 1277 1685 1342 solum,
1729 1286 1781 1329 ut
1811 1278 1862 1330 in
1897 1276 2045 1331 eum'

430 1370 669 1434 credatis,
694 1388 865 1424 rerum
889 1371 1041 1423 etiam
1084 1379 1137 1422 ut
1182 1384 1277 1437 pro
1317 1369 1410 1422 illo
1436 1369 1708 1439 patiamini
1739 1367 2009 1440 (Ibidem).

430 1462 496 1514 lit
526 1481 537 1514 ε
572 1462 755 1516 Gratia
787 1461 918 1515 salvi
956 1462 1081 1532 facti
1122 1463 1241 1515 estis
1269 1478 1357 1531 per
1394 1461 1578 1527 ﬁdem,
1612 1470 1659 1514 et
1695 1460 1791 1513 hoc
1824 1477 1926 1514 non
1952 1476 2014 1514 ex

427 1556 596 1610 vobis:
629 1555 723 1609 Dei
751 1557 887 1609 enim
932 1555 1123 1608 donum
1180 1562 1253 1607 est
1298 1553 1513 1624 (Ephcs.
1540 1568 1597 1618 ll,
1629 1551 1704 1621 5).
1736 1551 1836 1618 Qui
1867 1553 2011 1607 enim

431 1648 590 1701 ﬁdem
620 1662 723 1717 qua
756 1647 807 1700 in
844 1648 1007 1700 Deum
1035 1645 1304 1719 credimus
1332 1646 1517 1699 dicunt
1543 1659 1671 1699 esse
1691 1645 2007 1710 naturalem,

428 1753 614 1793 omnes
650 1754 745 1794 eos
773 1739 859 1807 qui
892 1739 959 1791 ab
992 1737 1227 1792 Ecclesia
1277 1735 1477 1791 Christi
1511 1735 1668 1792 alieni
1702 1744 1843 1803 sunt,
1879 1751 2008 1806 quo-

429 1833 712 1887 dammodo
742 1831 930 1887 ﬁdeles
958 1845 1081 1887 esse
1103 1831 1385 1885 deﬁniunt.

991 1922 1219 1979 CAPUT
1261 1922 1423 1977 XLIII

497 2015 553 2072 Si
597 2017 719 2087 quis
765 2018 880 2071 sine
907 2016 1075 2087 gratia
1105 2015 1201 2070 Dei
1241 2014 1587 2071 credentibus
1613 2059 1626 2083 ,
1672 2016 1976 2073 volentibus
1997 2061 2012 2085 ,

429 2108 876 2171 desiderantibus,
904 2108 1247 2175 conantibus,
1277 2107 1621 2163 studentibus
1640 2152 1653 2171 ,
1675 2110 1979 2180 petentibus
1997 2152 2013 2177 ,

428 2201 820 2272 qumrentibus,
846 2199 1182 2271 pulsantibus
1201 2242 1217 2267 ,
1243 2200 1399 2254 nobis
1430 2200 1855 2256 misericordiam
1888 2202 2017 2257 dicit

428 2292 659 2348 conferri
688 2292 978 2359 divinitus,
1000 2308 1105 2347 non
1135 2302 1311 2347 autem
1347 2301 1406 2348 ut
1428 2292 1730 2359 credamus,
1764 2294 2013 2359 velimus,

429 2384 515 2437 vel
550 2383 664 2438 haec
706 2385 884 2439 omnia
915 2384 1055 2439 sicut
1080 2394 1294 2452 oportet
1320 2398 1477 2452 agere
1507 2385 1780 2439 valeamus
1814 2400 1906 2454 per
1939 2385 2017 2438 in-

430 2475 694 2530 lusionem
725 2485 780 2531 et
825 2474 1232 2546 inSpirationem
1274 2476 1446 2530 sancti
1498 2475 1731 2545 Spiritus
1762 2478 1815 2530 in
1864 2478 2018 2532 nobis

431 2569 545 2623 ﬁeri
569 2569 884 2634 conﬁtetur;
911 2577 965 2622 et
991 2578 1081 2622 aut
1118 2568 1405 2622 humilitati
1437 2578 1528 2622 aut
1561 2568 1885 2624 obedientite
1915 2568 2017 2623 bu-

432 2674 604 2714 manaa
630 2659 903 2730 subiungit
930 2660 1116 2730 gratia:
1152 2659 1478 2729 adjutorium
1499 2700 1513 2725 ,
1548 2676 1645 2714 nec
1676 2669 1734 2714 ut
1764 2661 2020 2716 obedien-

433 2761 514 2807 tes
536 2760 591 2807 et
618 2751 845 2807 humiles
872 2752 1042 2806 simus
1066 2792 1080 2817 ,
1126 2752 1295 2821 ipsius
1320 2752 1504 2821 gratiae
1536 2754 1641 2825 25
1667 2753 1868 2807 donum
1900 2767 2020 2807 esse

432 2845 720 2911 consentit,
781 2844 981 2900 resistit
1013 2845 1269 2914 Apostolo
1317 2844 1513 2900 dicenti
1543 2863 1555 2899 :
1585 2846 1723 2911 Quid
1749 2846 1881 2899 enim
1922 2847 2020 2899 ha-

434 2939 520 2994 bes
540 2940 677 3009 quod
712 2954 813 2992 non
846 2938 1085 3008 accepisti
1120 2936 1173 3009 (Ι
1204 2936 1322 2993 Cor.
1352 2953 1424 3005 tv,
1450 2938 1546 3010 7)?
1576 2946 1631 2993 et
1663 2955 1676 2992 :
1708 2936 1894 2992 Gratia
1926 2938 2023 2992 Dei

434 3049 545 3087 sum
578 3035 632 3088 id
656 3035 792 3104 quod
810 3050 924 3088 sum
952 3031 1007 3103 (1
1036 3035 1153 3087 Cor.
1186 3049 1275 3100 xv,
1310 3034 1421 3102 I0).

1006 3123 1230 3181 CAPUT
1261 3125 1448 3179 XLIV.

1645 329 1959 386 GICNNADII
2001 326 2464 385 MASSILIENSIS

429 466 546 505 tnns
567 450 652 520 qui
681 448 929 520 justiﬁeat
953 445 1172 515 impium
1195 442 1370 516 (Hom.
1399 460 1469 507 iv,
1503 443 1579 514 ὅ),
1605 452 1658 497 et
1684 444 1749 498 ad
1780 457 2003 513 regene-
2030 442 2081 500 Α

3594 332 3665 384 59
3674 330 3714 382 2

2374 494 2381 503 ί
2677 435 2903 494 CAPUT
2946 436 3128 493 XLVI.

2189 534 2482 589 Arbitrium
2506 533 2796 588 voluntatis
2820 534 2871 589 in
2904 533 3078 603 primo
3102 531 3319 588 homine
3350 524 3741 605 inﬁrmatum,‘

2117 627 2215 681 nisi
2251 643 2345 695 per
2373 628 2595 697 gratiam
2627 627 2877 697 baptismi
2906 643 3013 682 non
3055 634 3229 696 potest
3255 629 3515 698 reparari.
3548 629 3716 697 Quod

2116 718 2371 773 amissum
2404 720 2502 774 nisi
2534 735 2562 774 a
2615 734 2723 790 quo
2767 719 2938 789 putuit
2984 718 3099 773 dari
3152 722 3274 774 non‘
3301 728 3477 789 potest
3530 724 3715 778 reddi.

2119 812 2274 869 Unde
2307 812 2517 868 Veritas
2566 813 2741 871 dicit:
2786 814 2849 869 Si
2892 829 2980 867 uos
3016 811 3185 868 Filius
3235 812 3538 884 liberaverit,
3588 827 3719 872 tunc

2114 923 2228 961 vere
2257 907 2402 961 liberi
2430 909 2571 963 eritis
2598 907 2777 980 (Joan.
2815 922 2929 974 vni,
2962 908 3072 977 30).

2676 1000 2904 1056 CAPUT
2943 1000 3147 1055 XLVII.

2187 1091 2383 1147 Natura
2416 1092 2648 1148 humana
2693 1094 2899 1147 etiamsi
2952 1093 3005 1147 in
3055 1093 3143 1147 illa
3184 1092 3490 1164 integritate
3522 1097 3575 1152 in
3610 1114 3715 1167 qua

2118 1193 2201 1240 est
2220 1186 2436 1240 condita
2461 1185 2983 1255 permaneret,nullo
3008 1185 3167 1241 modo
3198 1187 3431 1257 seipsam
3464 1198 3715 1247 creatore

2118 1292 2217 1331 suo
2240 1292 2345 1332 non
2373 1278 2660 1345 adjuvante
2688 1289 2952 1333 servaret.
2991 1277 3143 1334 Unde
3174 1296 3295 1335 cum
3322 1282 3438 1336 sine
3464 1283 3558 1338 Dei
3590 1299 3717 1353 gra-

2119 1370 2188 1425 tia
2218 1370 2442 1427 salutem
2475 1387 2580 1427 non
2611 1382 2793 1440 posset
2818 1370 3092 1426 custodire
3122 1389 3280 1443 quam
3305 1377 3538 1448 accepit,
3573 1393 3716 1447 queo

2118 1463 2278 1518 modo
2301 1464 2418 1518 sine
2442 1463 2534 1519 Dei
2565 1464 2731 1534 gratia
2758 1464 2957 1533 poterit
2984 1480 3241 1535 reparare
3268 1466 3410 1537 quod
3433 1468 3713 1539 perdidit?

2651 1554 2876 1611 CAPUT
2916 1555 3146 1611 XLVIII.
3200 1541 3211 1553 '

2189 1648 2338 1702 Sicut
2366 1648 2446 1703 eis
2489 1648 2578 1719 qui
2603 1649 2846 1705 volentes
2886 1650 2937 1705 in
2969 1650 3087 1720 lege
3127 1650 3410 1718 jnstiﬁcari
3458 1667 3488 1705 a
3540 1656 3714 1723 gratia

2115 1741 2431 1795 exciderunt
2460 1742 2740 1797 verissime
2778 1743 2908 1798 dicit
2938 1743 3263 1812 Apostolus:
3299 1744 3360 1799 Si
3390 1746 3443 1800 in
3471 1747 3576 1817 27
3607 1747 3715 1817 lege

2044 1821 2093 1881 B
2108 1834 2319 1906 justitia‘
2348 1846 2453 1902 est,
2474 1852 2592 1906 ergo
2621 1836 2859 1891 Christus
2879 1839 3039 1908 gratis
3069 1848 3297 1892 mortuus
3328 1849 3400 1893 est
3424 1839 3623 1912 (Colat.
3655 1857 3715 1906 it,

2116 1927 2213 1994 2t)
2247 1945 2257 1978 :
2288 1927 2365 1979 sic
2389 1927 2468 1981 eis
2498 1928 2587 1996 qui
2615 1929 2837 1996 gratiam
2871 1944 3031 1999 quam
3071 1931 3418 1985 commendat
3458 1941 3512 1984 et
3536 1932 3717 2000 perri-

2119 2017 2198 2086 pit
2229 2016 2361 2071 ﬁdes
2388 2016 2585 2071 Christi
2634 2027 2822 2087 putant
2864 2034 2983 2075 esse
3030 2031 3278 2076 naturam
3324 2023 3602 2079 verissime
3634 2026 3718 2078 di-

2119 2111 2258 2164 citur
2284 2128 2298 2166 :
2322 2111 2375 2165 Si
2410 2127 2505 2177 per
2535 2120 2776 2166 naturam
2802 2113 3009 2180 iustitia
3045 2124 3150 2179 est,
3199 2130 3327 2185 ergo
3366 2118 3533 2185 gratis
3560 2117 3718 2173 Chri-

2120 2214 2236 2257 stus
2265 2213 2508 2258 mortuus
2538 2214 2642 2260 est.
2670 2204 2785 2259 Jam
2815 2207 2900 2259 hic
2941 2206 3080 2260 enim
3114 2218 3230 2262 erat
3259 2207 3345 2263 lex
3365 2249 3379 2273 ,
3415 2218 3470 2264 et
3498 2225 3607 2265 non
3629 2210 3716 2279 ju-

2121 2297 2415 2364 stilicabat;
2445 2298 2555 2367 jam
2586 2299 2672 2354 hic
2699 2310 2891 2356 eratet
2916 2311 3122 2369 natura,
3152 2314 3202 2363 et
3229 2318 3333 2358 non
3354 2305 3713 2373 justiﬁeabat:

2122 2388 2242 2443 ideo
2270 2388 2512 2445 Christus
2543 2405 2648 2445 non
2698 2393 2865 2461 gratis
2890 2402 3131 2449 mortuus
3160 2404 3283 2459 est;
3316 2407 3371 2449 ut
3413 2405 3467 2451 et
3496 2396 3580 2451 lex
3619 2413 3714 2466 per

2121 2478 2269 2560 illum
2317 2480 2629 2551 impleretur
2671 2483 2760 2553 qui
2796 2483 2929 2538 dixit
2962 2502 2973 2536 :
3008 2484 3129 2539 Non
3156 2486 3266 2539 reui
3297 2486 3489 2541 solvere
3523 2488 3707 2558 legem,

2122 2572 2212 2624 sed
2259 2572 2472 2644 implere
2517 2573 2729 2643 (Matth.
2785 2591 2817 2629 v
2843 2619 2856 2638 ,
2892 2576 2983 2645 l7)
3017 2595 3028 2629 :
3082 2587 3137 2631 et
3178 2587 3369 2632 natura
3418 2594 3517 2649 per
3548 2580 3716 2638 Adam

2124 2664 2351 2734 perdita,
2401 2681 2495 2736 per
2528 2666 2677 2721 illum
2718 2677 3061 2737 repararetur
3103 2669 3195 2739 qui
3222 2669 3377 2737 dixit,
3412 2672 3625 2726 venisse
3658 2689 3714 2725 se

2124 2771 2366 2825 quaarere
2396 2766 2448 2812 et
2476 2757 2687 2814 salvare
2713 2759 2853 2827 quod
2888 2760 3124 2829 perierat
3152 2760 3306 2833 (Luc.
3338 2779 3449 2828 xu,
3485 2765 3562 2834 7).

2206 2838 2214 2845 ’
2662 2849 2915 2909 CAPUT
2953 2851 3142 2908 XLIX.

2199 2941 2891 3013 Secundumsupradictas
2956 2954 3259 2999 sanctarum
3316 2947 3713 3015 Scripturarum

2125 3033 2441 3098 sententias,
2468 3034 2553 3088 vel
2579 3035 2918 3104 antiquorum
2951 3035 3165 3091 Patrum
3196 3036 3561 3104 deﬁnitiones,
3588 3040 3709 3107 hoc,

2131 3127 2241 3180 [)eo
2282 3126 2607 3210 propitiante
2634 3166 2649 3193 ,
2684 3136 2738 3181 et
2772 3125 3068 3196 praedicare
3096 3128 3355 3182 debemus
3379 3138 3431 3183 et
3472 3130 3713 3211 credere,

508 3216 563 3273 Si
594 3218 713 3287 quis
745 3234 838 3287 per
884 3227 1088 3273 natura:
1119 3216 1355 3287 vigorem
1399 3217 1595 3273 bonum
1636 3218 1847 3290 aliquod
1880 3220 2019 3290 quod
2049 3206 2096 3269 C
2129 3217 2268 3286 quod
2299 3233 2396 3288 per
2424 3202 2698 3287 peccatum
2731 3216 2889 3286 primi
2923 3218 3155 3273 hominis
3195 3220 3263 3273 ita
3311 3234 3480 3290 genus
3532 3202 3713 3276 huma-

435 3310 501 3365 ad
528 3313 751 3365 salutem
777 3314 1005 3381 pertinet
1035 3312 1156 3365 vita:
1177 3320 1413 3375 teternte,
1440 3313 1672 3380 cogitare
1704 3322 1761 3367 ut
1779 3312 2017 3381 expedit,

435 3412 527 3457 aut
550 3404 772 3473 eligere,
803 3404 921 3458 sive
948 3404 1190 3470 salutari,
1212 3402 1263 3457 id
1292 3413 1394 3469 est,
1421 3405 1740 3473 evangelica)
1765 3406 2023 3473 praedica-

434 3495 565 3549 tioni
598 3494 905 3549 consentire
936 3510 1096 3564 posse
1147 3495 1467 3559 conﬁrmat,
1501 3497 1705 3567 absque
1755 3497 2024 3553 illumina-

436 3587 580 3641 tione
606 3594 661 3640 et
688 3586 1036 3654 inSpiratioue
1058 3587 1289 3656 Spiritus
1313 3587 1505 3652 sancti,
1538 3590 1626 3658 qui
1656 3588 1747 3643 dat
1774 3590 2024 3644 omnibus

434 3682 751 3737 suavitatem
778 3681 828 3734 in
847 3680 1237 3736 consentiendo
1259 3690 1309 3735 et
1342 3682 1391 3735 in
1417 3682 1687 3737 credendo
1716 3684 2018 3753 veritatem,

436 3775 690 3831 hmretico
721 3774 919 3830 fallitur
957 3775 1183 3846 spiritu,
1216 3792 1321 3831 non
1349 3776 1649 3845 intelligens
1688 3791 1874 3833 vocem
1927 3777 2017 3831 Dei

434 3870 487 3924 in
535 3853 822 3937 Euangelio
853 3866 1084 3922 dlcentis
1113 3886 1127 3921 :
1174 3854 1415 3922 Sineme
1443 3867 1572 3921 nihil
1611 3866 1825 3938 potestis
1855 3869 2023 3939 facere

434 3962 613 4034 (Ioan.
644 3978 731 4027 xv,
784 3962 861 4032 6).
919 3961 985 4015 Et
1013 3960 1138 4016 illud
1175 3962 1413 4031 Apostoli
1446 3978 1459 4014 :
1491 3960 1611 4015 Non
1662 3963 1801 4032 quod
1848 3952 2051 4015 idonei

432 4075 608 4112 sumus
651 4057 875 4129 cegitare
924 4056 1119 4127 aliquid
1169 4073 1200 4108 a
1247 4056 1390 4109 nobis
1438 4057 1582 4125 quasi
1614 4072 1677 4110 ea:
1718 4057 1883 4123 nobis,
1930 4056 2021 4110 sed

431 4147 730 4220 sufﬁcientia
759 4160 933 4204 nostra
960 4165 1023 4203 ea:
1046 4147 1153 4203 Deo
1184 4157 1256 4202 est
1289 4146 1373 4220 (Il
1402 4148 1521 4202 Cor.
1546 4165 1622 4215 ut,
1653 4151 1730 4218 5).

1005 4239 1231 4296 CAPUT
1272 4240 1433 4296 XLV.

505 4332 561 4387 Si
611 4333 731 4402 quis
779 4333 914 4387 alios
957 4348 1052 4400 per
1096 4332 1521 4415 misericprdiam
1550 4375 1563 4399 ,
1598 4333 1736 4388 alios
1767 4349 1894 4401 vero
1927 4350 2053 4403 per.

434 4423 660 4479 liberum
687 4425 967 4483 arbitrium
990 4464 1004 4489 ,
1030 4423 1169 4493 quod
1205 4425 1255 4477 in
1284 4424 1532 4479 omnibus
1554 4426 1639 4492 qui
1674 4426 1739 4479 de
1769 4430 2019 4495 praevari-
2052 4416 2053 4419 V

432 4515 642 4572 catione
684 4516 839 4587 primi
882 4517 1117 4570 hominis
1149 4516 1255 4569 nati
1296 4524 1422 4569 sunt
1468 4526 1679 4570 constat
1719 4532 1839 4571 esse
1867 4520 2020 4571 vitia-

2130 3324 2256 3363 num
2309 3309 2380 3362 sit
2420 3309 2766 3375 inclinatum,
2821 3319 2879 3364 ut
2910 3310 3086 3365 nullus
3139 3320 3318 3381 postea
3360 3321 3453 3367 aut
3491 3306 3736 3383 diligere

2128 3401 2297 3455 Deum
2331 3402 2465 3456 sicut
2493 3401 2749 3481 oportuit.
2785 3412 2877 3456 aut
2903 3402 3125 3458 credere
3156 3403 3210 3457 in
3240 3403 3406 3459 Deum
3434 3448 3449 3471 ,
3474 3414 3567 3461 aut
3590 3420 3717 3474 ope-

2128 3495 2233 3549 rari
2261 3505 2478 3565 prepter
2510 3495 2675 3551 Deum
2718 3496 2860 3566 quod
2894 3496 3090 3550 bonum
3121 3506 3203 3551 est
3233 3498 3439 3568 possit,
3470 3500 3570 3554 nisi
3593 3515 3712 3555 eum

2125 3587 2294 3657 gratia
2320 3585 2701 3642 misericordia:
2724 3587 2916 3642 divina:
2949 3590 3285 3656 praevenerit.
3317 3589 3470 3647 Unde
3496 3602 3548 3645 et
3575 3591 3707 3646 .—\be|

2121 3680 2267 3749 justo
2299 3687 2351 3734 et
2381 3678 2511 3744 Noe,
2537 3688 2591 3733 et
2622 3679 2834 3744 Abram,
2864 3689 2916 3735 et
2949 3680 3117 3748 Isaac,
3148 3691 3201 3737 et
3227 3679 3419 3751 Jacob,
3462 3684 3715 3754 omnique

2126 3776 2465 3846 antiquorum
2494 3784 2799 3830 sanctorum
2832 3775 3153 3830 multitudini
3205 3776 3348 3831 illam
3400 3778 3713 3849 praeclaram

2130 3868 2307 3933 ﬁdem,
2358 3882 2516 3937 quam
2573 3868 2624 3921 in
2678 3868 2914 3937 ipsorum
2947 3866 3103 3923 laude
3148 3867 3403 3937 praedicat
3441 3871 3714 3937 apostolus

2129 3958 2325 4013 Paulus
2359 3958 2545 4028 (lIebr.
2582 3974 2638 4012 ιιι
2661 3999 2675 4025 ,
2710 3960 2761 4025 Δ,
2794 3960 2847 4023 7,
2878 3959 2964 4029 8),
3006 3974 3110 4013 non
3138 3974 3231 4026 per
3261 3959 3458 4014 bonum
3490 3969 3711 4027 naturm,

2125 4051 2267 4122 quod
2296 4053 2403 4122 28
2432 4051 2579 4120 prius
2607 4051 2658 4104 in
2690 4049 2857 4105 Adam
2892 4049 3066 4105 fuerat
3099 4051 3313 4117 datum,
3337 4050 3430 4106 sed
3465 4066 3561 4122 per
3586 4066 3712 4123 gra-

2130 4145 2255 4198 tiam
2312 4144 2403 4198 Dei
2446 4143 2715 4198 credimus
2766 4143 2927 4199 luisse
2973 4143 3244 4198 collatam.
3277 4142 3444 4210 Quam
3486 4146 3711 4211 gratiam

2124 4239 2286 4291 ctiam
2334 4247 2452 4305 post
2490 4237 2786 4313 adventum
2819 4236 3025 4291 Domini
3055 4237 3302 4291 omnibus
3331 4237 3419 4308 qui
3452 4236 3711 4307 baptizari

2123 4316 2464 4399 desiderant,
2500 4345 2602 4383 non
2630 4332 2681 4385 in
2708 4329 2880 4385 libero
2903 4332 3127 4385 arbitrio
3145 4330 3359 4397 'haberi,
3395 4330 3488 4385 sed
3513 4331 3713 4386 Christi

2125 4406 2367 4476 nolimus
2398 4424 2555 4475 simul
2589 4433 2635 4476 et
2669 4422 2937 4477 credimus
2970 4423 3213 4493 largitate
3233 4423 3486 4491 conferri,
3521 4437 3715 4478 secun-

2130 4514 2256 4567 dum
2308 4513 2434 4567 illud
2476 4514 2615 4581 quod
2656 4513 2763 4583 jam
2816 4529 2959 4579 saepe
3011 4515 3211 4569 dictum
3242 4523 3325 4571 est
3380 4522 3433 4569 et
3464 4516 3716 4583 pradicat

433 4617 544 4662 tum
567 4648 582 4673 ,
606 4580 936 4676 ad'gratiam
972 4608 1219 4677 baptismi
1250 4624 1406 4678 posse
1438 4609 1623 4663 venire
1652 4610 1959 4675 contendit,
1993 4626 2020 4662 a
2054 4580 2105 4639 Ῑ)
2132 4606 2324 4659 Paulus
2348 4580 2619 4674 apostolus
2640 4580 2828 4659 {Vobis
2856 4607 3103 4660 donatum
3132 4615 3204 4660 est
3232 4622 3324 4676 pro
3355 4580 3581 4670 Christo,
3612 4625 3713 4661 non

433 4710 577 4757 recta
628 4701 731 4755 ﬁde
763 4701 1018 4769 probatur
1050 4701 1277 4757 alienus.
1328 4702 1421 4756 llle
1450 4702 1589 4755 enim
1627 4718 1731 4756 non
1781 4703 2019 4757 omnium

432 4793 659 4847 liberum
684 4791 959 4847 arbitrium
996 4809 1089 4861 per
1121 4804 1396 4861 peceatum
1424 4792 1578 4863 primi
1616 4793 1847 4847 hominis
1876 4809 2022 4850 asse—

433 4876 505 4940 rit
535 4884 858 4938 inﬁrmatum
885 4903 897 4951 ;
928 4895 1019 4939 aut
1052 4894 1197 4939 certe
1228 4886 1299 4939 ita
1328 4886 1510 4940 lassum
1537 4895 1707 4955 putat,
1753 4897 1807 4940 ut
1843 4897 2018 4943 tamen

431 4975 645 5045 quidam
674 4976 1009 5047 Valeautzs
1030 4976 1147 5030 sine
1174 4976 1502 5032 revelatione
1538 4977 1627 5031 Dei
1660 4979 2015 5034 inini5terinm
2045 5015 2047 5017 ι

432 5069 618 5122 salutis
664 5080 879 5123 interna:
941 5085 1034 5138 per
1092 5068 1414 5137 semetipsos
1467 5083 1624 5137 posse
1677 5073 2017 5139 conqu'rcrc.

432 5162 585 5231 Quod
642 5179 798 5231 quam
847 5164 914 5217 sit
972 5162 1297 5216 contrarium
1352 5161 1463 5230 ipse
1522 5162 1779 5216 Dominus
1829 5166 2019 5233 prohat

434 5253 609 5322 (Joan.
644 5271 688 5307 vt
724 5295 737 5317 ,
762 5254 887 5320 Η),
915 5252 1001 5323 qui
1046 5267 1149 5305 non
1183 5251 1408 5323 aliquos,
1440 5251 1532 5304 sed
1565 5253 1831 5307 neminem
1865 5254 1929 5307 ad
1960 5268 2017 5307 se
2050 5328 2053 5329 ν

434 5361 592 5415 posse
616 5344 795 5399 venire
829 5341 1190 5409 testatur,‘nisi
1225 5358 1383 5413 quem
1423 5344 1578 5415 Pater
1604 5350 1903 5398 attraxerit.
1932 5345 2017 5399 Si-

433 5447 524 5491 cut
548 5448 600 5490 et
632 5438 786 5491 Petro
815 5436 944 5489 dicit
977 5454 991 5488 :
1024 5434 1214 5489 Beatus
1259 5453 1330 5499 es,
1376 5435 1553 5489 Simon
1586 5436 1688 5488 Itur
1712 5438 1870 5503 lena,
1898 5440 2017 5508 quia

434 5547 552 5583 caro
585 5539 630 5584 et
660 5531 873 5601 sanguis
913 5546 1013 5582 non
1043 5529 1279 5581 reuelauit
1305 5528 1393 5581 tibi
1410 5569 1425 5592 ,
1448 5530 1534 5582 sed
1562 5526 1714 5582 Pater
1736 5546 1895 5593 meus,
1931 5531 2018 5597 qui

435 5623 486 5675 iu
509 5623 643 5675 (telis
666 5631 734 5675 est
760 5621 971 5693 (Matth.
999 5637 1083 5675 xvi
1102 5662 1116 5683 ,
1150 5621 1262 5686 I7).
1296 5621 1359 5675 Et
1391 5622 1679 5689 Apestolus
1705 5640 1717 5674 :
1742 5621 1905 5675 Nemo
1929 5640 2020 5691 po-

438 5722 528 5765 ικλι
565 5714 731 5765 dicere
787 5712 1034 5769 Dominus
1089 5712 1240 5766 Iesus
1274 5752 1288 5777 ,
1342 5713 1441 5766 nisi
1489 5713 1540 5766 iu
1598 5711 1797 5781 Spit‘ttt
1844 5726 2018 5767 sancto

442 5805 482 5863 (Ι
506 5802 623 5858 Cor.
661 5820 752 5861 xu.
781 5802 853 5863 ὅ).

2128 4698 2297 4749 solum
2326 4705 2379 4749 nt
2408 4697 2461 4749 in
2487 4712 2597 4749 eum
2631 4698 2851 4751 credatis
2872 4739 2885 4761 ,
2928 4699 3019 4752 sed
3065 4699 3219 4752 etiam
3251 4708 3305 4751 ut
3342 4715 3436 4768 pro
3462 4715 3520 4753 eo
3549 4701 3716 4767 pa‘ia-
3800 4758 3803 4761 η

2128 4790 2253 4841 mini
2278 4788 2502 4859 (Philip.
2541 4805 2577 4851 ι,
2609 4788 2721 4857 ‘29).
2752 4790 2814 4842 Et
2838 4789 2963 4842 illttd
3000 4809 3011 4842 :
3045 4790 3184 4843 Deus
3212 4791 3300 4857 qui
3325 4791 3471 4859 ccepit
3498 4790 3549 4842 in
3578 4790 3716 4843 rubis

2127 4884 2311 4950 bonum
2344 4898 2471 4951 Opus
2498 4923 2510 4945 ,
2547 4883 2769 4947 perﬁciet
2810 4899 2966 4951 usque
3013 4883 3065 4935 in
3114 4883 3247 4935 diem
3303 4882 3509 4936 Domini
3552 4884 3715 4937 nos'ri

2126 4974 2310 5044 (lbid.,
2343 4974 2415 5041 6).
2448 4974 2507 5027 Et
2542 4974 2666 5028 illud
2695 4993 2703 5025 τ
2739 4974 2920 5028 Gratia
2952 4974 3080 5027 salvi
3111 4976 3234 5044 facti
3265 4976 3381 5029 estis
3416 4992 3501 5043 per
3533 4976 3712 5044 ﬁdem,

2124 5078 2167 5121 et
2198 5066 2292 5118 hoc
2318 5084 2418 5118 non
2447 5082 2509 5119 ex
2552 5067 2688 5119 vobis
2711 5108 2724 5129 ,
2776 5066 2870 5119 Βιιί
2900 5068 3032 5119 enim
3072 5068 3262 5120 donum
3292 5079 3364 5120 est
3400 5066 3619 5140 (Ephes.
3656 5083 3712 5130 ll,

2124 5146 2202 5230 8).
2243 5161 2304 5213 Et
2349 5159 2489 5228 quod
2532 5159 2597 5214 de
2624 5160 2803 5226 seipse
2834 5163 2905 5213 ait
2935 5160 3223 5229 ApOStolus
3256 5180 3266 5213 :
3308 5160 3715 5215 Misericordimn

2122 5266 2421 5307 consecutus
2452 5269 2593 5317 sum,
2626 5263 2677 5305 ut
2705 5252 2871 5319 ﬁdelis
2902 5269 3057 5305 essent
3088 5251 3142 5318 (l
3174 5253 3295 5308 Cor.
3331 5269 3423 5318 VII,
3453 5254 3565 5321 25).
3599 5254 3639 5306 Ν
3681 5270 3713 5305 ιι

2122 5346 2255 5398 dixit
2277 5345 2399 5413 quia
2432 5359 2577 5398 eram
2606 5386 2620 5409 ,
2647 5343 2739 5397 sed
2767 5354 2819 5395 ut
2850 5358 3041 5397 essent.
3079 5344 3138 5398 Et
3171 5346 3299 5399 illud
3338 5364 3348 5397 :
3391 5344 3529 5409 Quid
3551 5343 3708 5397 habes

2124 5437 2257 5508 quod
2305 5454 2403 5489 non
2456 5420 2694 5505 accepisti
2747 5432 2801 5503 (Ι
2841 5432 3067 5503 συγκιν,
3112 5438 3188 5506 7).
3232 5437 3295 5490 Et
3342 5437 3515 5491 illud:
3551 5436 3715 5489 Omne

2125 5531 2303 5593 datum
2348 5530 2567 5591 bonum,
2599 5538 2646 5580 et
2696 5542 2845 5580 omne
2887 5529 3077 5581 donum
3119 5531 3397 5600 perfectum
3444 5529 3713 5582 desursum

2126 5631 2219 5689 est,
2244 5618 2551 5673 descendens
2570 5634 2599 5668 a
2623 5615 2777 5670 I’atre
2802 5616 3052 5695 luminum
3079 5620 3219 5689 (lac.
3250 5636 3288 5685 ι,
3315 5620 3426 5690 Ili).
3456 5619 3520 5673 Et
3546 5620 3709 5672 illud:

2130 5712 2295 5767 Nemo
2326 5712 2470 5764 habet
2510 5708 2784 5780 quidquam
2817 5711 2915 5764 nisi
2961 5712 3041 5765 illi
3071 5712 3251 5766 datum
3294 5713 3447 5782 fuerit
3495 5712 3711 5783 desuper

2153 5806 2307 5861 Joan.
2339 5821 2425 5867 tu,
2456 5804 2569 5874 9.7).
