4096 6342
290 329 390 387 995

902 441 1126 498 CAPUT
1167 441 1226 497 L.

359 537 468 591 lloc
497 532 656 589 etiam
685 535 975 589 secundum
1018 535 1175 589 tldem
1205 533 1524 588 catholicam
1562 532 1865 597 credimus,

292 628 422 699 quod
455 635 573 693 post
606 638 878 696 acceptam
910 628 1161 697 baptismi
1190 629 1439 696 gratiam,
1473 642 1662 684 omnes
1689 627 1869 696 bapti—

293 722 410 785 zati,
440 719 650 775 Christo
680 720 967 775 auxiliante
997 731 1051 775 et
1083 730 1437 790 cooperante,
1467 736 1589 791 quae
1619 720 1686 774 ad
1718 720 1865 774 salu-

295 824 395 869 tem
432 813 617 865 anima:
642 814 903 881 pertinent
925 854 938 876 ,
972 813 1177 880 possint
1206 821 1262 868 et
1284 813 1541 879 debeant,
1573 813 1617 868 si
1641 812 1873 866 ﬁdeliter

296 908 531 961 laborare
564 906 859 970 votuerint,
894 905 1000 975 29
1024 905 1346 974 adimplere.
1382 904 1606 974 Aliquos
1636 917 1765 957 vero
1803 902 1871 956 ad

296 997 485 1053 malum
529 996 704 1050 divina
738 1004 1001 1066 potestate
1046 997 1461 1066 praidestinatos
1490 1010 1613 1052 esse
1644 1010 1750 1049 nou
1785 1009 1873 1048 su-

296 1091 397 1143 lum
453 1104 556 1143 non
588 1089 857 1144 credimus
886 1134 901 1159 ,
946 1091 1041 1145 sed
1090 1091 1251 1145 etiam
1292 1091 1338 1145 si
1382 1096 1507 1145 sunt
1544 1089 1636 1160 qui
1667 1097 1873 1143 tantum

297 1179 417 1235 uiali
444 1178 664 1234 credere
692 1179 876 1245 velint,
907 1196 1027 1237 cum
1051 1182 1198 1237 omni
1228 1181 1584 1255 detestatione
1614 1180 1723 1237 illis
1748 1195 1878 1237 ana-

298 1275 469 1329 thema
498 1274 742 1329 dicimus.

906 1364 1133 1421 CAPUT
1172 1366 1237 1422 ιι

368 1457 419 1509 1η
444 1440 600 1511 ὀιιιιιί
630 1470 792 1526 opere
817 1456 957 1513 bono
988 1472 1093 1512 non
1123 1473 1223 1514 nos
1250 1457 1567 1527 incipimus,
1600 1468 1655 1513 et
1690 1467 1878 1528 postea

299 1563 388 1618 per
420 1548 513 1603 Dei
565 1548 983 1603 misericordiam
1021 1546 1368 1618 adjuvamur;
1402 1550 1496 1606 sed
1538 1552 1653 1619 ipse
1692 1552 1877 1617 nobis,

303 1641 457 1696 nullis
491 1640 917 1721 przeccdentibus
939 1641 1092 1696 bonis
1122 1642 1357 1705 meritis,
1390 1651 1443 1696 et
1466 1641 1624 1696 tidem
1656 1651 1707 1695 et
1728 1656 1879 1695 amo-

300 1748 408 1789 rem
437 1734 522 1788 sui
560 1733 706 1802 prius
745 1732 971 1801 inspirat
1010 1751 1021 1786 :
1072 1741 1129 1787 ut
1157 1742 1210 1787 et
1255 1733 1503 1803 baptismi
1546 1745 1881 1787 sacramenta

1200 323 1285 379 DE
1325 321 1874 379 ECCLESIASTICIS
1916 321 2358 379 DUGMATIDUS
2396 320 2617 377 LIDLR.

3434 319 3535 378 99‘

1891 442 1946 500 Α
1970 435 2074 491 don
2105 446 2159 491 et
2187 436 2451 501 Marcion;
2483 436 2562 489 vel
2606 432 2867 488 contraria
2891 473 2904 497 ,
2952 438 3010 484 ut
3056 430 3410 495 Manicbmus;
3460 431 3545 488 vel

1974 542 1998 603 νο
2028 531 2126 584 tria
2158 538 2212 584 et
2247 508 2516 593 barbara',
2563 539 2616 583 nt
2648 530 2891 583 Setiantis
2925 536 2979 583 et
3008 530 3033 564 ιι
3063 528 3421 591 Theodosius;
3463 527 3550 582 vel

1975 628 1999 657 θ
2031 621 2221 685 multa,
2256 631 2312 674 ut
2334 620 2676 684 Valentinus;
2707 621 2787 674 vel
2816 618 3087 674 Christum
3139 619 3409 673 hominem
3449 620 3553 692 31

1974 711 2137 766 fuisse
2167 712 2369 781 absque
2395 712 2523 778 Deo,
2553 723 2607 764 ut
2630 712 2942 779 Cerinthus,
2972 711 3162 779 Ebion,
3192 711 3471 774 ArtemOn,
3502 723 3556 766 et

1972 802 2254 858 Photinus.
2288 805 2362 857 Ex
2392 804 2544 870 istis,
2579 804 2827 873 inquam,
2880 804 2923 857 si
2949 804 3035 872 qui
3066 803 3132 857 ad
3163 818 3259 857 nos
3289 802 3555 869 venerint,

1976 910 2079 951 non
2112 897 2493 965 requirendum
2524 897 2591 951 ab
2621 897 2685 950 iis
2709 906 2886 951 utrum
2920 896 3173 966 baptizati
3202 897 3306 950 sint
3329 912 3395 949 an
3428 911 3556 960 no",

1974 988 2068 1043 sed
2100 988 2200 1042 hoc
2231 997 2459 1053 tantum,
2492 988 2540 1041 si
2582 989 2806 1043 credant
2854 988 3108 1043 Ecclesia:
3138 988 3320 1055 ﬁdem,
3374 1000 3425 1042 et
3469 987 3561 1043 ba-

1978 1086 2248 1155 ptizentur
2286 1085 2653 1141 ecclesiastico
2687 1082 2705 1121 τ
2742 1084 3079 1153 baptismate.

2574 1176 2800 1234 CAPUT
2841 1177 2973 1232 LIII.

2055 1269 2304 1338 Quotidie
2353 1280 2378 1317 ε
2418 1269 2759 1326 eucharistiac
2808 1268 3239 1324 communionem
3289 1267 3565 1337 percipere

1981 1378 2081 1418 nec
2129 1362 2314 1427 laudo,
2370 1378 2469 1417 nec.
2498 1360 2525 1399 ιι
2556 1365 2822 1431 vitupero.
2855 1361 3112 1416 Omnibus
3164 1370 3341 1414 tamen
3398 1358 3559 1413 domi-

1984 1457 2120 1511 nicis
2164 1456 2352 1511 diebus
2384 1456 2892 1511 communicandum
2932 1455 3132 1510 suadeo
3161 1463 3214 1509 et
3262 1455 3473 1515 hortor,
3525 1451 3567 1505 si

1988 1558 2166 1604 tamen
2212 1563 2363 1603 mens
2410 1548 2569 1603 lsine
2607 1547 2798 1601 allecto
2839 1546 3091 1616 peccandi
3125 1546 3138 1595 i
3177 1544 3267 1599 sit.
3320 1543 3449 1597 Nam
3480 1544 3571 1595 ha-

1986 1642 2200 1696 bentem
2248 1641 2425 1695 adbuc
2449 1642 2775 1695 voluntatem
2811 1638 3103 1709 peccandi,
3152 1636 3362 1708 gravari
3403 1636 3573 1704 magis

1987 1736 2109 1790 dico
2140 1734 2482 1790 eueharistia:
2523 1735 2869 1804 perceptione
2918 1749 3079 1804 quam
3108 1731 3134 1771 ¹ι
3178 1732 3466 1801 puriﬁcari.
3513 1731 3576 1784 Et

302 1822 532 1877 ﬁdeliter
566 1821 930 1891 requiramus,
966 1830 1019 1876 et
1048 1831 1167 1890 post
1196 1822 1520 1891 baptismum
1561 1837 1682 1875 cum
1721 1822 1887 1890 ipsius
1918 1812 1968 1873 B
1996 1826 2117 1882 ideo
2142 1828 2385 1898 quamvis
2418 1826 2537 1895 quis
2574 1835 2795 1894 peccato
2824 1826 3150 1891 mordeatur,
3185 1823 3437 1894 peccandi
3470 1837 3575 1876 non

301 1916 569 1982 adiutorio
598 1930 659 1969 ea
691 1930 809 1985 qua:
837 1914 938 1969 sibi
969 1922 1097 1968 sunt
1123 1914 1317 1983 placita
1345 1914 1569 1985 implere
1594 1915 1882 1983 possimus.

303 2008 450 2064 Uude
499 2006 933 2063 manifestissime
985 2008 1310 2063 credendum
1347 2018 1430 2063 est
1476 2008 1618 2077 quod
1651 2019 1706 2063 et
1748 2009 1887 2062 illius

302 2100 528 2156 latronis
565 2116 721 2172 quem
764 2100 1020 2156 Dominus
1051 2100 1115 2155 ad
1150 2101 1379 2171 paradisi
1412 2100 1639 2170 patriam
1672 2115 1890 2156 revoca-

306 2192 379 2245 vit
406 2191 566 2259 (Luc.
601 2207 750 2257 xxiii,
780 2191 897 2261 45),
925 2200 977 2246 et
999 2191 1231 2246 Cornelii
1257 2192 1605 2253 centurionis.
1638 2190 1702 2244 ad
1730 2207 1889 2261 quem

304 2285 527 2354 angelus
558 2283 770 2337 Domini
802 2284 997 2338 missus
1034 2294 1117 2338 est
1149 2282 1287 2355 (Act.
1342 2300 1369 2337 ι
1392 2264 1519 2353 ,3),
1574 2282 1893 2352 Zaclneique

303 2376 387 2445 qui
416 2376 593 2444 ipsum
626 2375 906 2429 Dominum
935 2376 1210 2446 suscipere
1241 2375 1438 2430 meruit
1476 2373 1630 2444 (Luc.
1657 2390 1771 2441 xu,
1803 2375 1889 2445 2),

306 2467 393 2523 illa
425 2476 535 2523 tam
570 2469 897 2524 admirabilis
940 2469 1073 2524 ﬁdes
1118 2484 1223 2524 non
1252 2467 1414 2524 fuerit
1437 2467 1507 2524 de
1546 2478 1763 2533 natura,
1799 2467 1893 2522 sed
1943 2472 1953 2489 ‘

307 2562 505 2617 divinae
530 2562 716 2631 gratia:
747 2562 989 2633 largitate
1014 2564 1226 2616 donata.

913 2655 1139 2711 CAPUT
1179 2656 1286 2711 LII.

383 2746 655 2817 Baptisma
684 2762 845 2801 unum
878 2758 979 2811 est,
1010 2748 1102 2801 sed
1126 2747 1176 2801 in
1214 2746 1450 2803 Ecclesia
1470 2788 1485 2814 ,
1511 2746 1599 2802 ubi
1631 2761 1733 2800 una
1768 2745 1898 2802 ﬁdes

312 2846 421 2903 cst,
468 2838 557 2892 ubi
592 2840 642 2892 in
686 2838 902 2893 nomine
940 2837 1112 2892 Patris
1146 2848 1196 2893 ct
1229 2837 1349 2892 Filii
1381 2848 1433 2892 et
1461 2837 1690 2906 Spiritus
1727 2838 1897 2892 sancti

314 2927 492 2981 datur.
550 2928 613 2981 Et
645 2928 764 2981 ideo
797 2929 840 2981 si
880 2930 968 2997 qui
998 2928 1134 2995 apud
1175 2929 1293 2983 illos
1323 2928 1609 2982 hmreticos
1648 2928 1898 2996 baptizati

314 3030 436 3073 sunt
466 3020 555 3088 qui
596 3018 647 3072 in
677 3026 876 3073 sancta:
906 3020 1182 3074 Trinitatis
1214 3020 1321 3089 30
1350 3018 1694 3073 confessione
1722 3018 1896 3087 bapti-

315 3120 468 3177 zant,
491 3122 544 3166 et
565 3112 789 3165 veniunt
809 3111 873 3163 ad
904 3126 1021 3175 nos,
1046 3112 1370 3180 recipiantur
1397 3111 1610 3181 quidem
1643 3120 1699 3164 ut
1728 3109 1901 3177 bapti-

1993 1919 2189 1973 hubeat
2212 1917 2281 1973 de
2303 1926 2501 1972 czetero
2524 1917 2877 1985 voluntatem,
2902 1927 2955 1971 et
2980 1921 3467 1971 communicaturus
3487 1927 3577 1966 sa-

1996 2010 2225 2065 tisfaciat
2277 2010 2526 2079 lacrymis
2569 2018 2623 2064 et
2673 2009 3042 2073 orationibus;
3092 2018 3145 2063 et
3189 1992 3580 2061 conﬁdens‘de

1996 2102 2205 2157 Domini
2262 2102 2606 2157 miseratione
2640 2142 2653 2166 ,
2711 2101 2801 2169 qni
2851 2108 3067 2169 peccata
3115 2098 3215 2168 piro
3256 2098 3579 2152 confessioni

1994 2194 2197 2249 donare
2238 2194 2547 2255 consuevit,
2579 2192 2799 2246 accedat
2831 2191 2895 2244 ad
2928 2190 3310 2246 eucharistiam
3360 2188 3584 2256 intrepi-

1996 2284 2097 2338 dus
2127 2291 2181 2338 et
2218 2297 2461 2337 securus.
2494 2282 2599 2338 Sed
2633 2283 2739 2337 hoc.
2757 2281 2824 2336 de
2856 2282 2949 2336 illo
2990 2281 3109 2335 dico
3149 2294 3307 2350 quem
3336 2279 3584 2347 capitalia

2004 2372 2092 2429 let
2112 2376 2358 2429 mortalia
2384 2385 2599 2445 peccata
2624 2390 2728 2428 non
2744 2383 2996 2443 gravant;
3022 2387 3141 2427 nam
3165 2386 3322 2440 quem
3342 2370 3585 2427 mortalia

1999 2468 2223 2524 crimina
2262 2478 2384 2537 post
2423 2468 2745 2537 baptismum
2768 2466 3056 2521 commissa
3090 2473 3364 2534 picmunt,
3399 2463 3583 2517 hortor

2004 2560 2147 2628 prius
2174 2558 2384 2628 publica
2416 2559 2729 2628 pmnitentia
2758 2556 3090 2625 satisfacere,
3110 2566 3163 2611 et
3192 2556 3262 2609 ita
3289 2553 3586 2610 saccrdods

1996 2652 2199 2722 judicio
2248 2654 2650 2707 reconciliatum
2704 2653 3069 2707 communioni
3129 2650 3353 2711 sociari.
3404 2650 3448 2704 si
3481 2651 3589 2705 vult

2004 2760 2107 2800 non
2134 2744 2198 2798 ad
2225 2744 2484 2814 judicium
2509 2756 2562 2801 et
2590 2745 3090 2799 condemnationem
3113 2747 3193 2797 sui
3215 2741 3591 2799 eucharistiam

2002 2836 2108 2907 32
2164 2837 2463 2905 percipere.
2516 2836 2625 2892 Sed
2674 2846 2729 2891 et
2775 2847 2984 2891 secreta
3036 2834 3401 2890 satisfactione
3456 2834 3591 2888 solvi

2005 2930 2249 2984 mortalia
2279 2930 2502 2984 crimina
2552 2930 2656 2983 iion
2688 2944 2971 2999 negamus,
3001 2939 3038 2965 ιη
3072 2928 3165 2982 sed
3209 2935 3411 2981 mutato
3446 2927 3595 2995 prius

2005 3022 2249 3079 srrculari
2275 3021 2476 3084 habitu,
2501 3031 2555 3075 et
2577 3020 2826 3075 confesso
2854 3018 3129 3089 religionis
3151 3019 3327 3072 studio
3356 3034 3451 3087 per
3474 3018 3595 3072 vitae

2004 3117 2418 3177 correctionem,
2446 3122 2497 3169 ct
2519 3098 2629 3183 jugi
2662 3122 2687 3148 "
2718 3114 2827 3167 imo
2846 3124 3108 3180 perpetuo
3137 3112 3280 3165 luctu
3308 3111 3595 3163 miserante

315 3204 437 3264 zati,
459 3218 524 3256 ne
545 3213 739 3255 sancta:
756 3200 1031 3255 Trinitatis
1050 3200 1316 3255 invocatio
1330 3200 1411 3254 vel
1426 3199 1692 3254 confessio
1714 3200 1907 3254 aunul-
1937 3185 1986 3253 C
2022 3208 2127 3262 Deo
2159 3216 2183 3242 ο
2210 3208 2417 3261 veniam
2442 3215 2804 3275 consequatur
2834 3222 2845 3258 :
2877 3204 2949 3260 ita
2973 3205 3231 3258 duntaxat
3250 3213 3307 3257 ut
3329 3201 3595 3256 contraria

317 3296 476 3359 letur;
511 3295 603 3348 sed
629 3295 919 3349 doceantur
950 3295 1153 3364 integre
1178 3304 1231 3349 et
1258 3296 1589 3348 instruantur
1611 3308 1717 3362 quo
1742 3308 1906 3348 sensu

318 3396 523 3441 sancta:
541 3384 816 3441 Trinitatis
832 3388 1140 3457 mysterium
1157 3387 1210 3440 in
1227 3386 1462 3441 Ecclesia
1478 3395 1721 3441 teneatur
1748 3404 1762 3440 :
1788 3395 1843 3440 et
1860 3386 1905 3439 si

286 3522 289 3527 .
317 3478 666 3534 consentiunt
686 3478 930 3544 credere,
946 3479 1030 3532 vel
1046 3478 1389 3544 acquiescunt
1409 3477 1672 3544 conﬁteri,
1699 3478 1907 3546 purgati

318 3573 424 3641 jam
451 3571 576 3626 ﬁdei
602 3572 904 3638 integritate
926 3572 1309 3626 conlirmentur
1332 3585 1519 3626 manus
1540 3570 1902 3641 impositione.

319 3666 374 3720 Si
404 3679 537 3719 vero
566 3664 767 3734 parvuli
798 3674 922 3719 sunt
950 3666 1031 3719 vel
1064 3664 1317 3731 hebetes,
1348 3665 1438 3734 qui
1462 3664 1758 3720 doctrinam
1802 3680 1905 3719 non

320 3761 556 3830 capiant,
580 3752 943 3827 reSpondeant
983 3776 1078 3829 pro
1101 3761 1204 3814 illis
1233 3763 1321 3829 qui
1361 3776 1456 3815 eos
1482 3760 1713 3815 ollerunt
1750 3761 1907 3829 juxta

319 3860 575 3905 'morem
620 3849 965 3920 baptizandi;
1022 3862 1075 3905 ct
1124 3853 1200 3905 sic
1231 3866 1418 3905 manus
1468 3852 1808 3919 impositioue
1853 3862 1909 3906 et

317 3943 611 3998 chrismate
638 3943 989 4008 commoniti,
1041 3943 1382 4000 eucharistioe
1411 3944 1681 4014 mysteriis
1717 3945 1909 3997 admit-

318 4043 521 4089 tantur.
555 4035 679 4089 Illos
709 4044 885 4089 autem
918 4035 1005 4104 qui
1048 4050 1152 4089 non
1195 4042 1399 4089 sanctae
1439 4034 1718 4088 Trinitatis
1754 4039 1910 4089 invo-

318 4134 534 4183 catione
574 4126 713 4198 apud
763 4127 1044 4182 haereticos
1083 4127 1335 4197 baptizati
1385 4136 1539 4193 sunt,
1591 4135 1645 4181 et
1692 4127 1911 4182 veniunt

320 4221 387 4274 ad
414 4235 539 4287 nos,
574 4219 830 4289 baptizari
859 4218 1054 4273 debere
1078 4218 1506 4287 pronuntiamus.
1537 4234 1641 4273 non
1670 4219 1907 4289 rebapti-

322 4313 459 4367 zari.
492 4311 673 4381 Neque
702 4310 848 4365 enim
879 4310 1206 4365 credendum
1237 4318 1320 4366 est
1344 4325 1437 4365 eos
1471 4310 1637 4366 fuisse
1672 4311 1914 4380 baptiza-

325 4411 450 4471 tos,
484 4406 573 4476 qni
606 4421 709 4460 non
756 4405 808 4459 in
858 4406 1073 4459 nomine
1119 4404 1295 4459 Patris
1335 4413 1388 4459 et
1418 4404 1538 4459 Filii
1585 4414 1638 4460 et
1677 4405 1912 4475 Spiritus

323 4499 499 4553 sancti
532 4500 683 4567 juxta
714 4499 953 4567 regulam
986 4513 1016 4552 a
1045 4498 1273 4553 Domino
1301 4500 1528 4568 positam
1563 4499 1712 4555 tincti
1742 4510 1867 4555 sunt
1895 4520 1906 4554 :

326 4597 384 4642 ut
410 4598 537 4641 sunt
560 4588 818 4655 Pauliani,
846 4590 1132 4653 Procliani,
1164 4590 1486 4657 Dorborittc,
1510 4591 1536 4630 δ
1561 4592 1797 4661 Siphori,
1822 4596 1909 4664 qui

329 4692 475 4733 nunc
496 4687 750 4731 vocantur
771 4678 1086 4745 Bouosiaui;
1110 4681 1439 4748 Pbotiniani,
1468 4684 1794 4753 Montanitaz,
1824 4687 1913 4757 qui

329 4781 383 4826 et
410 4768 747 4835 Priscilliani,
782 4778 836 4823 et
862 4769 1162 4839 Maniclnei,
1187 4774 1442 4844 variaque
1482 4777 1767 4846 impietatis
1795 4796 1917 4849 ger-

331 4862 473 4917 mina
497 4877 511 4926 ;
535 4861 621 4915 vel
640 4868 848 4915 canem:
876 4860 1099 4917 istorum
1123 4863 1347 4934 originis
1364 4866 1477 4921 sive
1494 4867 1698 4922 ordinis
1717 4881 1919 4940 pestes,

332 4971 451 5025 qua:
479 4955 583 5010 duo
614 4954 870 5025 principia
914 4955 1016 5011 sibi
1048 4956 1229 5027 ignota
1260 4958 1638 5027 introducunt,
1674 4971 1735 5017 ut
1790 4967 1920 5021 Ccr-

408 5096 431 5122 ἰ
456 5086 528 5140 Ita
556 5102 656 5143 ms.
689 5088 814 5153 Alii,
846 5105 1047 5144 nomen.

406 5156 585 5238 bnis.)
631 5158 940 5238 Symphori,
980 5158 1695 5238 ortnniani,“Montanitw,
1747 5170 1835 5238 qui
1868 5180 1915 5225 et

336 5226 657 5303 Priscittiani
675 5226 771 5283 'urt'
797 5226 1103 5303 Maximiani
1132 5244 1282 5303 atque
1318 5232 1607 5288 Manio/imi.

412 5308 434 5375 ξ
465 5299 584 5375 Ms.,
615 5310 741 5375 t_etra
765 5310 819 5375 ut
843 5301 1025 5371 Baidn,
1057 5299 1253 5375 inepte.

408 5367 433 5403 ί¹
465 5370 585 5437 Ms.,
616 5369 927 5427 Theodotus.

414 5448 435 5474 ο
468 5441 590 5506 Ms.,
622 5440 810 5506 hiulca,
835 5444 991 5499 male.

417 5506 434 5544 ί
469 5510 591 5585 Ms.,
621 5512 673 5562 id
702 5520 774 5563 est
805 5514 1049 5585 catholico
1077 5517 1390 5585 baptismate.

377 5652 387 5662 _
415 5581 566 5701 :Alii
600 5596 693 5650 pro
722 5583 1038 5638 eucharistite
1068 5581 1465 5643 communionem
1500 5588 1696 5646 habent
1724 5590 1914 5645 eucha-

377 5667 411 5701 ιδ
438 5667 555 5701 iam.

337 5666 555 5705 nouam.

413 5718 441 5759 ⁸³
467 5722 591 5788 Alii,
628 5724 955 5791 reprehendo.

419 5794 436 5831 ι
468 5794 564 5850 Ms.
597 5809 692 5865 pro
718 5796 824 5849 sine
853 5796 1149 5854 habetnon.

2012 3318 2105 3372 pro
2131 3313 2155 3351 P
2179 3300 2257 3354 his
2284 3316 2403 3370 qute
2434 3300 2652 3366 poenitet
2675 3308 2818 3367 agat,
2851 3308 2906 3353 et
2933 3298 3313 3353 eucharistiam
3345 3294 3595 3350 omnibus

2011 3393 2294 3449 dominicis
2316 3393 2505 3448 diebus
2528 3392 2753 3464 supplex
2777 3404 2829 3447 et
2852 3390 3150 3447 submissus
3173 3405 3340 3459 uSque
3366 3388 3430 3443 ad
3457 3406 3504 3443 m
3546 3404 3592 3442 ιι

2014 3500 2118 3544 tem
2153 3489 2431 3559 percipiat.
3264 3480 3265 3487 “

2608 3577 2832 3633 CAPUT
2875 3577 3006 3631 LIV.
3156 3650 3159 3655 ί

2083 3672 2400 3727 I’oemtentia
2434 3686 2555 3725 vera
2585 3680 2688 3737 cst,
2725 3668 3028 3737 paenitenda
3064 3682 3169 3720 non
3201 3663 3509 3727 admittere,
3545 3672 3597 3717 et

2011 3766 2246 3820 admissa
2288 3764 2508 3818 deﬂere.
2551 3761 2855 3816 Satist-actio
2904 3758 3369 3829 poenitentizeeSt,
3408 3768 3598 3808 causas

2011 3864 2351 3925 peccatorum
2400 3864 2425 3901 ει
2469 3851 2755 3915 excidere,
2801 3866 2897 3904 nec
2944 3864 3129 3903 earum
3171 3844 3598 3916 suggestionibus

2012 3948 2210 4002 a‘ditum
2246 3945 2543 4015 indulgere.

2610 4034 2836 4091 CAPUT
2877 4034 2985 4089 LV.

2085 4131 2142 4186 In
2170 4129 2367 4185 divinis
2400 4127 2849 4198 promissionibus
2872 4125 3000 4180 nihil
3034 4133 3301 4178 terrenum
3333 4119 3417 4176 Vel
3447 4128 3596 4174 tran-

2013 4225 2257 4280 sitorium
2298 4234 2708 4293 exspectemus,
2740 4219 2878 4276 sicut
2918 4218 3152 4275 Melitani
3194 4217 3432 4285 sper’ant.
3479 4214 3595 4269 Non

2019 4315 2323 4386 nuptiarum
2366 4314 2609 4385 copulam
2630 4355 2643 4379 ,
2675 4313 2815 4366 sicut
2842 4307 3130 4365 Ccriuthns
3161 4315 3215 4361 et
3243 4305 3473 4360 Marcion
3504 4304 3599 4361 de.

2015 4412 2196 4466 lirant.
2227 4408 2353 4480 .Non
2386 4406 2525 4476 quod
2558 4405 2623 4461 ad
2665 4403 2842 4460 cibum
2876 4403 2957 4457 vel
2999 4401 3064 4455 ad
3095 4408 3273 4471 potum
3330 4400 3594 4467 pertinet,

2017 4503 2153 4558 sicut
2184 4511 2229 4566 τ,
2262 4500 2423 4570 Papia
2453 4508 2706 4562 auctore,
2741 4496 2999 4562 Irenzcus,
3038 4500 3091 4548 ct
3118 4492 3478 4547 Tertullianus
3501 4532 3513 4554 ,
3547 4499 3601 4544 et

2020 4593 2326 4649 Lactantius
2348 4590 2715 4662 acquiescunt.
2740 4589 2922 4658 Neque
2951 4596 3067 4656 post
3104 4585 3250 4639 mille
3280 4600 3446 4639 annos
3483 4595 3602 4653 post

2020 4687 2471 4743 resurrectionem
2505 4697 2724 4752 regnum
2750 4680 2946 4735 Christi
2978 4681 3029 4733 in
3063 4690 3199 4732 terra
3240 4679 3473 4731 futurum
3504 4716 3518 4741 ,
3549 4687 3602 4732 et

2022 4787 2234 4833 sanctos
2283 4790 2403 4829 cum
2444 4774 2537 4827 illo
2587 4774 2637 4826 in
2667 4770 2874 4825 deliciis
2922 4778 3238 4839 regnaturos
3287 4784 3601 4838 speremus,

2023 4870 2162 4925 sicut
2193 4867 2369 4936 Nepos
2395 4864 2607 4925 docuit,
2652 4863 2741 4931 qui
2784 4863 3008 4930 primam
3042 4859 3306 4929 jusmrum
3357 4876 3600 4914 resurre-

2024 4964 2254 5018 ctionem
2278 5000 2293 5026 ,
2325 4967 2379 5013 et
2408 4957 2514 5028 33
2537 4954 2827 5011 secundam
2878 4953 3165 5024 impiorum
3214 4952 3492 5007 conﬁnxit.
3537 4950 3602 5004 Et

2020 5134 2023 5135 ν
2099 5102 2111 5148 l
2146 5097 2266 5158 Ms.,
2296 5092 2434 5146 insit.

2093 5168 2115 5205 ιε
2151 5168 2243 5220 Ms.
2257 5208 2271 5233 ,
2304 5162 2532 5232 purgari.
2664 5204 2667 5205 ν

2098 5238 2114 5275 1
2150 5237 2245 5290 Ms.
2280 5251 2382 5288 non
2418 5233 2575 5288 habet
2594 5236 2641 5285 et
2666 5233 2921 5287 mortalia.

2093 5319 2132 5346 ιιι
2162 5310 2256 5362 Ms.
2268 5348 2283 5371 ,
2315 5305 2522 5359 scilicet.

2093 5389 2117 5416 υ
2150 5379 2272 5444 Ms.,
2297 5375 2517 5446 jejunio.

2095 5463 2118 5487 υ
2150 5450 2274 5504 Haec
2298 5444 2461 5503 verba
2482 5485 2497 5511 ,
2526 5446 2723 5500 veniam
2769 5454 3101 5514 consequatur
3129 5458 3195 5501 ex
3238 5457 3339 5499 ms.
3358 5444 3599 5515 .I'CIIU:Il3

2021 5528 2164 5579 sunt

2094 5605 2120 5641 p
2149 5593 2271 5659 Ms.,
2301 5590 2363 5644 iis
2386 5604 2481 5659 pro
2507 5588 2603 5642 his.

2095 5676 2119 5713 tl
2148 5664 2266 5721 Ms.,
2296 5664 2520 5715 eradere.
3440 5718 3441 5721 η

2098 5747 2116 5771 τ
2154 5733 2225 5787 lta
2253 5735 2389 5786 hunc
2418 5735 2587 5789 locum
2613 5729 2909 5789 emendavi.
2941 5728 3063 5797 Ms.,
3091 5727 3315 5801 Papias;
3346 5729 3449 5799 alii,
3490 5729 3595 5786 Pa~

2024 5808 2121 5871 pia:
2134 5820 2153 5871 ;
2176 5805 2334 5861 male.
