4096 6342
532 318 629 376 995

1758 320 2080 378 GENNADII
2121 324 2581 383 MASSILIENSIS

3694 333 3805 389 996

531 439 665 485 tuter
715 429 809 485 has
849 429 982 485 duas
1028 437 1355 484 mortuorum
1399 430 1821 488 resurrectiones
1850 474 1865 501 ,
1913 445 2102 505 gentes
2128 407 2491 509 A.stiterunt,
2529 439 2690 508 lapsis
2722 441 3159 509 superbientibus
3185 444 3410 513 angelis,
3444 445 3544 500 hoc
3576 462 3809 505 munere

533 532 829 590 ignorantes
860 520 1024 575 Deum
1074 520 1126 574 in
1153 520 1362 589 angulis
1391 526 1654 577 terrarum
1688 523 1739 578 in
1778 540 1942 582 carne
1983 540 2103 582 ser-

532 616 717 667 vanda.
768 613 895 680 Quir:
942 621 1062 681 post
1108 612 1250 667 mille
1275 628 1443 667 annos
1481 616 1630 683 regni
1671 616 1722 669 in
1754 628 1891 672 terra
1919 618 2109 687 justo-

531 720 677 773 rnm,
724 706 1002 777 instigante
1045 706 1256 761 diabolo
1299 707 1578 762 movendae
1610 718 1736 763 sunt
1776 710 1842 763 ad
1874 726 2102 781 pugnam

530 806 710 851 contra
761 796 935 864 justos
976 804 998 832 ο
1051 806 1368 866 regnantes;
1422 808 1476 853 et
1525 799 1754 856 Domino
1807 817 1903 871 pro
1947 803 2104 872 iustis

528 897 796 958 pugnante
822 888 991 943 imbre
1020 890 1176 960 igneo
1202 890 1639 960 compescendas,
1663 902 1823 963 atque
1845 892 1917 947 ita
1960 908 2102 947 mor-

528 988 665 1046 tuas,
681 995 800 1034 cum
814 980 1021 1034 caeteris
1035 980 1087 1034 in
1106 978 1375 1049 impietate
1387 979 1413 1018 δ
1428 989 1551 1036 ante
1566 984 1813 1048 mortuis,
1825 982 1889 1037 ad
1904 992 2100 1051 aeterna

527 1072 783 1142 supplicia
826 1073 877 1126 in
910 1072 1299 1141 incorruptibili
1325 1086 1487 1127 carne
1514 1074 1916 1130 resuscitandas
1950 1085 1994 1126 ο.

1109 1163 1333 1219 CAPUT
1374 1164 1507 1219 LVI.

594 1260 808 1315 Nullum
858 1259 1128 1315 credimus
1174 1259 1237 1313 ad
1284 1260 1510 1315 salutem
1542 1261 1643 1316 nisi
1690 1261 1802 1316 Deo
1845 1261 2103 1327 invitante

527 1354 737 1418 venire;
795 1352 997 1417 nullum
1047 1350 1326 1406 invitatum
1371 1352 1599 1407 salutem
1650 1368 1801 1409 suam
1847 1355 1947 1409 nisi
1996 1355 2104 1410 Deo
2146 1371 2152 1376 '

527 1445 815 1499 auxiliante
852 1444 1099 1513 operari;
1152 1443 1355 1498 nullum
1416 1444 1520 1498 nisi
1550 1455 1794 1500 orantem
1845 1446 2104 1502 auxilium

529 1535 861 1606 promereri;
906 1536 1111 1590 nullum
1141 1535 1236 1590 Dei
1285 1536 1560 1592 voluntate
1609 1538 1823 1608 perire,
1873 1539 1967 1593 sed
2009 1554 2105 1608 per

526 1627 757 1697 seipsum
782 1642 875 1696 pro
892 1626 1155 1682 electione
1172 1627 1397 1691 arbitrii,
1427 1643 1493 1683 ne
1522 1629 1863 1699 ingenuitatis
1882 1629 2103 1685 libertas

526 1729 684 1789 atque
731 1728 967 1788 potestas
993 1720 1160 1774 semel
1190 1719 1391 1774 homini
1417 1721 1706 1789 attributa,
1743 1723 1811 1777 ad
1853 1724 2101 1779 servilem

524 1810 740 1879 cogatur
767 1809 1163 1864 necessitatem.

1097 1902 1323 1958 CAPUT
1364 1901 1518 1958 LVII.

597 1993 785 2048 Malum
842 1994 923 2050 vel
956 1994 1161 2049 malitia
1207 2010 1312 2049 non
1343 2004 1424 2049 est
1452 2011 1481 2049 a
1524 1995 1634 2051 Deo
1664 2005 1842 2052 creata
1868 2041 1883 2067 ,
1932 1995 2029 2052 sed
2066 2010 2096 2055 a

524 2085 736 2140 diabolo
789 2086 1035 2154 inventa,
1070 2087 1190 2155 quia
1231 2097 1284 2140 et
1326 2086 1439 2157 ipse
1466 2087 1634 2143 bonus
1673 2102 1703 2141 a
1735 2088 1845 2144 Deo
1889 2096 2101 2143 creatus

523 2188 623 2233 est.
652 2179 754 2234 Sed
782 2179 901 2249 quia
932 2179 1100 2234 libero
1130 2180 1371 2247 arbitrio,
1405 2193 1457 2234 ut
1488 2191 1609 2251 pote
1641 2182 1918 2241 rationalis
1943 2196 2097 2237 crea-

522 2280 637 2325 tura
680 2287 707 2324 a
757 2270 864 2325 Deo
914 2272 1233 2331 commissus
1262 2282 1374 2336 est,
1406 2281 1459 2327 et
1505 2273 1771 2341 cogitandi
1819 2282 2099 2343 acceperat

521 2361 824 2417 facultatem
849 2404 862 2427 ,
893 2363 1171 2416 scientiam
1202 2362 1327 2416 boni
1359 2361 1467 2434 34
1492 2364 1649 2417 vertit
1674 2363 1739 2417 ad
1773 2363 1970 2418 malum
1996 2405 2011 2428 ,
2043 2372 2098 2418 et

522 2453 681 2508 multa
712 2454 995 2524 cogitando
1026 2455 1195 2509 factus
1223 2463 1305 2509 est
1336 2453 1581 2509 inventor
1610 2455 1763 2521 mali;
1795 2465 1847 2511 et
1874 2454 2013 2526 quod
2042 2456 2093 2511 in

518 2559 576 2599 se
606 2545 910 2614 perdiderat
952 2544 1137 2623 invidit
1175 2546 1227 2598 in
1268 2544 1387 2597 aliis
1413 2584 1428 2608 ,
1477 2559 1575 2598 nrc
1616 2554 1900 2600 contentus
1948 2544 2095 2599 Solus

518 2635 696 2705 perire
726 2637 897 2690 suasit
916 2635 1064 2700 aliis;
1088 2635 1256 2705 utqui
1278 2644 1421 2689 esset
1443 2650 1552 2688 sua:
1577 2635 1792 2689 malitia:
1824 2637 2090 2701 inventor,

518 2727 671 2782 fieret
693 2735 747 2781 et
774 2727 998 2782 aliorum
1029 2735 1214 2781 auctor
1242 2744 1253 2778 :
1286 2736 1338 2782 et
1369 2742 1433 2781 ex
1458 2742 1523 2781 eo
1546 2727 1741 2781 malum
1772 2728 1852 2781 vel
1892 2727 2091 2783 malitia

520 2819 783 2886 percurrit
818 2820 869 2872 in
906 2826 1130 2873 eset-ras
1160 2817 1450 2873 rationales
1478 2826 1769 2873 creaturas.

1083 2906 1305 2963 CAPUT
1346 2908 1522 2965 LVIII.
1630 2911 1635 2915 ’

584 2999 733 3055 Unde
758 3001 1128 3071 cognoscimus
1169 3002 1299 3054 nihil
1339 3016 1458 3056 esse
1498 3011 1685 3055 natura
1720 3002 2047 3059 immutabile
2071 3043 2087 3067 ,

513 3092 615 3146 nisi
663 3092 834 3146 solum
869 3090 1035 3146 Deum
1067 3089 1091 3127 ἀ
1126 3092 1331 3146 l’atretn
1364 3104 1415 3147 et
1456 3094 1685 3157 Filium,
1732 3103 1785 3148 ct
1832 3096 2087 3164 Spiritum

2208 528 2579 585 retributionis
2605 543 2951 602 acceperunt,
2976 543 3034 590 ut
3056 534 3204 591 nulla
3227 536 3338 605 jam
3362 538 3605 607 rubigine
3628 541 3808 595 surri-

2208 621 2401 691 pientis
2438 622 2610 691 culpa:
2656 623 3005 679 mordeantur
3035 641 3047 677 :
3079 635 3135 681 ut
3165 636 3219 679 et
3249 628 3301 680 in
3340 629 3809 699 contemplatione

2207 712 2513 769 Conditoris
2543 715 2660 769 sine
2692 714 2962 771 felicitatis
2993 716 3097 772 fine
3130 728 3500 789 permaneant,
3523 731 3577 777 et
3609 722 3664 777 in
3694 722 3809 779 hoc

2208 805 2286 859 sic
2311 805 2539 861 conditae
2566 813 2766 861 {eterna
2798 808 3091 864 stabilitate
3116 809 3433 865 subsistant.

2780 921 3007 977 CAPUT
3048 923 3211 979 LXII.

2280 1008 2443 1062 Tales
2467 1020 2633 1064 creati
2666 1021 2792 1064 sunt
2818 1014 3014 1082 angeli,
3039 1024 3097 1068 ut
3126 1017 3193 1078 si,
3226 1017 3446 1081 vellent,
3480 1019 3532 1071 in
3563 1019 3808 1085 beatitu-

2211 1098 2349 1153 dinis
2380 1100 2496 1155 luce
2538 1102 2906 1169 persisterent,
2953 1105 2997 1158 si
3034 1115 3212 1160 autem
3242 1106 3462 1172 vellent,
3492 1109 3654 1162 etiam
3686 1110 3801 1165 labi

2210 1191 2529 1260 potuissent.
2570 1194 2719 1248 Unde
2756 1204 2809 1248 et
2835 1195 2998 1251 Satan
3026 1212 3146 1251 cum
3178 1200 3527 1269 sequentibus
3571 1202 3806 1272 legioni—

2208 1282 2307 1338 bus
2329 1284 2665 1341 cecidit.Sed
2698 1296 2817 1355 post
2848 1289 2965 1357 ejus
3000 1290 3203 1355 lapsum
3234 1292 3304 1346 ita
3332 1294 3633 1349 continuati
3664 1307 3801 1351 sunt

2206 1375 2377 1437 angeli
2408 1374 2496 1443 qui
2531 1379 2894 1444 perstiterunt,
2935 1387 2990 1434 ut
3027 1381 3220 1438 cadere
3264 1384 3487 1439 omnino
3520 1402 3625 1441 non
3653 1403 3801 1457 .pos-

2206 1476 2345 1530 sent,
2376 1468 2500 1537 quia
2525 1484 2592 1523 ne
2617 1470 2837 1525 omnino
2862 1470 2971 1540 iam
3001 1473 3277 1542 caderent,
3294 1476 3550 1533 virtutem
3587 1479 3803 1536 incom—

2207 1560 2577 1619 mutabilitatis
2606 1573 2948 1632 acceperunt.

2694 1655 2805 1726 36
2842 1656 3067 1713 caper
3109 1658 3293 1716 LXIII.

2285 1743 2447 1799 Bonae
2483 1753 2609 1799 sunt
2637 1750 2858 1816 nuptiae,
2897 1750 2989 1804 sed
3020 1765 3180 1808 causa
3212 1752 3444 1810 filiorum
3480 1767 3537 1812 et
3572 1773 3800 1831 compe-

2125 1815 2178 1879 ³
2203 1835 2416 1890 scenda:
2444 1815 2817 1894 fornicationis
2844 1840 3087 1897 obtentu.

2770 1951 2999 2008 CAPUT
3034 1954 3194 2008 LXIV

2274 2041 2460 2096 Melior
2488 2052 2571 2097 est
2601 2044 2927 2100 continentia
2951 2086 2965 2109 ,
2995 2046 3087 2101 sed
3118 2063 3223 2102 non
3258 2059 3281 2087 ε
3313 2052 3412 2107 sibi
3445 2054 3559 2107 sola
3591 2057 3797 2117 sufﬁcit

2202 2130 2268 2186 ad
2296 2133 2759 2199 beatitudinem,si
2790 2150 2883 2206 pro
2907 2137 3025 2192 solo
3044 2154 3229 2195 amore
3252 2142 3521 2211 pudicitiae
3552 2146 3569 2183 τ
3600 2164 3794 2206 recen-

2201 2234 2402 2289 seatur,
2434 2224 2528 2279 sed
2564 2226 2610 2280 si
2649 2236 2702 2287 et
2742 2241 2863 2281 cum
2906 2236 2931 2274 ε
2977 2231 3065 2283 ta'i
3107 2230 3294 2286 effectu
3347 2248 3507 2289 causa
3562 2242 3793 2297 vacandi

2202 2315 2427 2372 Domino
2463 2318 2709 2389 eligatur,
2752 2321 2985 2391 alioquin
3030 2322 3314 2378 divortium
3350 2329 3518 2398 magis
3549 2331 3789 2403 conjugii

2200 2405 2471 2464 videbitur
2500 2423 2618 2465 esse
2645 2426 2803 2481 quam
2831 2409 2857 2447 ιλ
2890 2413 3147 2482 appetitio
3176 2418 3452 2472 castitatis.

2771 2522 2999 2579 CAPUT
3036 2524 3196 2581 LXV.

2262 2611 2544 2681 Virginitas
2567 2622 2793 2684 utroque
2823 2615 2964 2670 bono
2995 2619 3302 2686 prtecelsior
3332 2634 3433 2687 est,
3464 2625 3585 2693 quia
3614 2635 3671 2680 et
3694 2645 3789 2683 na-

2198 2709 2365 2755 turam
2396 2703 2559 2757 vincit
2600 2713 2654 2759 et
2687 2720 2937 2775 pugnam.
2973 2707 3252 2777 Naturam,
3280 2715 3529 2783 corporis
3558 2717 3785 2786 integri-

2196 2799 2335 2857 tate;
2358 2808 2619 2862 pugnam,
2646 2810 2775 2864 pace
2802 2797 3157 2865 castimonia,
3184 2818 3303 2869 quae
3332 2818 3430 2872 pro
3456 2805 3571 2860 solo
3596 2823 3784 2867 arnore

2196 2883 2464 2937 pudicitia:
2494 2883 2545 2937 in
2576 2898 2706 2953 pace
2736 2895 2839 2941 est.

2751 2978 2977 3036 CAPUT
3014 2981 3198 3038 LXVI.

2267 3067 2469 3121 Bonum
2499 3077 2583 3123 est
2617 3068 2794 3124 cibum
2827 3085 2948 3125 cum
2975 3075 3265 3142 gratiarum
3296 3079 3506 3135 actione
3538 3097 3774 3154 sumere,

512 3192 787 3250 sanctum,
812 3184 900 3251 qui
929 3185 1121 3236 mtttari
1153 3199 1255 3237 non
1282 3192 1458 3253 potest
1498 3203 1524 3236 a
1556 3186 1714 3248 bono,
1747 3159 2087 3253 quia'natura
2113 3187 2161 3252 C
2191 3168 2243 3212 et
2286 3159 2714 3253 qumquam“
2755 3165 3007 3233 prmcepi‘
3034 3166 3300 3223 edendum
3338 3182 3437 3225 es"
3487 3173 3773 3235 Αδδίίυετθ

512 3275 749 3344 possidet
794 3275 1024 3341 bonum,
1069 3290 1169 3329 nec
1206 3286 1383 3346 potest
1426 3277 1566 3330 aliud
1610 3276 1734 3346 quid
1775 3292 1895 3332 esse
1924 3294 2082 3348 quam

511 3366 727 3420 bonum.

1098 3454 1323 3511 CAPUT
1364 3457 1497 3511 LIX.

583 3546 769 3615 Angeli
797 3559 947 3614 vero,
976 3545 1067 3615 qui
1098 3547 1150 3600 in
1183 3547 1269 3600 illa
1292 3562 1394 3618 qua
1421 3550 1587 3603 creati
1612 3562 1736 3605 sunt
1759 3551 2083 3608 beatitudine

512 3646 895 3709 perseverant,
931 3651 1035 3691 non
1081 3647 1270 3693 natura
1317 3640 1590 3708 possident
1628 3641 1861 3710 bonum,
1893 3655 1946 3698 ut
1975 3659 2079 3700 non

512 3738 845 3785 mutarentur
873 3744 993 3784 cuin
1017 3731 1245 3795 caeteris,
1295 3731 1389 3786 sed
1418 3732 1641 3787 arbitrio
1679 3745 1950 3791 servantes
1989 3738 2081 3792 bo-

506 3837 627 3877 nam
655 3820 1004 3890 voluntatem,
1028 3830 1084 3877 et
1110 3821 1306 3877 bonum
1336 3824 1678 3892 conditionis,
1710 3838 1765 3881 et
1794 3828 1948 3884 fidem
1982 3846 2079 3885 suo

507 3913 730 3971 Domino
761 3912 1121 3983 rependendo.
1155 3914 1380 3985 Propter
1407 3918 1549 3986 quod
1572 3928 1625 3974 et
1652 3922 1840 3975 meriti
1869 3924 1934 3976 ab
1967 3924 2078 3992 ipso

506 4006 738 4060 Domino
785 4006 957 4061 sancti
988 4006 1165 4077 angeli
1189 4018 1465 4078 vocantur,
1498 4012 1638 4081 quod
1666 4020 1948 4070 tenuerunt
1987 4033 2075 4070 ar-

501 4101 663 4169 bitrio
708 4103 1044 4159 sanctitatem
1070 4142 1087 4171 ,
1118 4118 1217 4159 nec
1246 4105 1513 4160 sociorum
1557 4109 1803 4178 exemplo
1830 4108 2077 4165 deviave-

500 4202 623 4253 runt
650 4206 680 4247 a
705 4192 867 4248 bono.

1099 4286 1327 4343 CAPUT
1367 4288 1477 4343 LX.

565 4376 725 4432 Fides
741 4391 887 4444 vera,
906 4390 1022 4447 quae
1042 4385 1125 4430 est
1141 4377 1425 4443 catholica,
1445 4381 1680 4436 omnium
1702 4392 2071 4461 creaturarum

494 4470 610 4523 sive
640 4468 993 4538 spiritualium
1011 4509 1026 4533 ,
1051 4469 1163 4523 sive
1194 4470 1552 4539 corporalium
1578 4473 1683 4544 35
1722 4476 1916 4531 bonam
1942 4492 2073 4532 con-

494 4559 672 4613 litetur
715 4558 1064 4614 substantiam
1093 4600 1107 4624 ,
1152 4568 1206 4614 et
1236 4560 1363 4615 mali
1392 4563 1590 4618 nullam
1619 4580 1738 4621 esse
1767 4578 2009 4623 naturam
2043 4587 2057 4627 :
2089 4558 2150 4635 ἢ

490 4650 613 4723 quia
640 4651 813 4721 Deus,
844 4651 935 4722 qui
979 4651 1339 4708 universitatis
1368 4662 1451 4709 est
1477 4656 1741 4723 conditor,
1782 4658 1915 4713 nihil
1956 4676 2061 4717 non

480 4727 686 4800 bonum
728 4744 868 4800 fecit.
898 4744 1049 4801 Unde
1077 4754 1131 4803 et
1162 4748 1408 4803 diabolus
1440 4749 1609 4805 bonus
1638 4762 1815 4818 esset,
1843 4752 1887 4807 si
1919 4756 1967 4808 in
1996 4769 2062 4810 eo

487 4836 628 4907 quod
672 4836 841 4892 factus
888 4846 969 4891 est
999 4850 1354 4906 permaneret.
1390 4840 1493 4896 Sed
1516 4842 1640 4912 quia
1685 4846 1914 4900 naturali
1968 4863 2061 4901 ex-

484 4931 729 4988 cellentia
755 4930 892 4985 male
919 4944 1047 4984 usus
1074 4941 1178 4997 eSt,
1204 4941 1257 4986 et
1282 4934 1334 5003 in
1362 4935 1583 4991 veritate
1614 4952 1719 4991 non
1749 4938 1915 5007 stetit,
1951 4956 2056 4995 non

481 5026 531 5079 iu
585 5024 906 5080 contrariam
952 5025 1304 5080 substantiam
1344 5028 1585 5092 transiit,
1644 5030 1738 5085 sed
1777 5046 1805 5084 a
1848 5046 2057 5089 summo

482 5120 512 5171 Ι)
536 5132 642 5184 uio,
674 5118 757 5173 cui
780 5118 961 5174 debuit
988 5116 1288 5184 adhaerere,
1320 5119 1587 5175 discessit.

1064 5209 1288 5267 CAPUT
1331 5211 1468 5268 LXI.

476 5364 479 5367 _
554 5301 785 5357 Virtutes
825 5302 1077 5372 angelica:
1105 5317 1224 5373 quae
1250 5302 1303 5358 in
1333 5304 1516 5361 divino
1549 5321 1733 5365 amore
1761 5310 1879 5368 fixa:
1916 5328 2049 5383 prae-

546 5494 573 5522 ι
603 5486 724 5547 Ms.,
747 5496 1110 5556 repugnantes.

549 5561 572 5593 ιδ
604 5556 723 5621 Ms.,
756 5558 986 5620 mortuis,
1023 5572 1117 5626 pro
1144 5566 1262 5611 ante
1297 5560 1531 5612 mortuis.

552 5639 572 5664 ε
603 5626 699 5677 Ms.
724 5625 946 5680 additde
965 5629 1113 5680 istam
1138 5630 1540 5697 superstitionem
1570 5633 1715 5686 valde
1746 5636 2050 5696 decitantes.

545 5698 568 5733 ά
604 5696 722 5762 Ms.,
754 5714 859 5750 esse
887 5714 1173 5763 perennem.

549 5778 569 5801 ο
612 5767 721 5818 Sibi
754 5770 858 5820 solo
887 5769 1082 5830 stt/ﬁcit.
1118 5772 1183 5826 ita
1218 5786 1315 5827 ms.
1342 5771 1702 5832 Florentinus.

2190 3258 2369 3305 autem
2398 3251 2465 3306 ab
2495 3252 2763 3322 aliquibus
2804 3269 2910 3308 non
2942 3258 3091 3325 quasi
3123 3260 3301 3329 malis,
3340 3263 3431 3316 sed
3474 3266 3623 3334 quasi
3666 3285 3771 3324 non

2196 3348 2515 3401 necessariis
2559 3363 2663 3403 non
2709 3357 2792 3403 est
2838 3351 3058 3417 malum.
3108 3354 3371 3410 Moderari
3415 3372 3548 3413 vero
3583 3376 3768 3418 eorum

2186 3454 2340 3494 usum
2379 3456 2471 3508 pro
2504 3444 2820 3498 necessitate
2848 3453 2903 3498 et
2943 3454 3216 3515 tempore,
3259 3450 3475 3520 proprie
3504 3451 3765 3508 Christia»

2187 3545 2374 3585 norum
2401 3541 2502 3586 εει.

2664 3626 2766 3698 37
2815 3626 3040 3684 CAPUT
3078 3629 3282 3684 van.

2254 3714 2414 3769 Malas
2446 3730 2572 3770 vero
2596 3716 2776 3772 dicere
2804 3720 3035 3788 nuptias,
3063 3722 3144 3776 vel
3179 3723 3509 3778 fornicationi
3542 3741 3759 3798 compa-

2187 3806 2383 3860 randas
2412 3815 2503 3861 aut
2528 3818 2714 3877 stupro
2741 3825 2753 3872 ;
2779 3810 2930 3864 cibos
2953 3826 3162 3881 quoque
3196 3814 3415 3869 credere
3446 3817 3640 3884 malos,
3676 3823 3783 3877 vel

2188 3897 2203 3933 ί
2233 3898 2461 3953 malitias
2484 3913 2705 3955 causare
2735 3902 3171 3971 percipientibus,
3197 3922 3299 3959 non
3324 3920 3403 3961 est
3431 3909 3763 3970 Christiano-

2181 4004 2319 4057 rum,
2367 3990 2458 4045 sed
2494 3992 2707 4060 prolirie
2744 3992 3164 4049 Hirrnchitarum
3195 4006 3247 4050 et
3287 3997 3720 4058 Manichaerum.

2482 4174 2493 4181 η
2720 4104 2944 4163 CAPUT
2986 4108 3210 4164 vant.

2252 4196 2266 4246 i
2300 4197 2531 4253 Sacrata:
2554 4198 2663 4254 Deo
2689 4201 2974 4269 virginitati
2999 4204 3213 4271 nuptias
3233 4218 3534 4276 comquare,
3550 4216 3644 4267 aut
3665 4226 3765 4281 pro

2177 4304 2357 4343 amore
2388 4291 2682 4360 castigandi
2725 4307 2770 4346 Ct
2795 4294 2992 4362 rporis,
3037 4295 3433 4353 abstinentibus
3466 4315 3491 4352 a
3519 4302 3647 4356 vino
3675 4300 3765 4361 vel

2176 4381 2426 4436 carnibus
2451 4382 2524 4436 nil
2547 4383 2768 4439 credere
2797 4385 2972 4439 meriti
2994 4400 3325 4456 accrescere,
3349 4404 3452 4445 noti
3486 4391 3591 4448 hoc
3608 4392 3763 4449 Chri~

2175 4473 2356 4538 Stiani,
2387 4472 2479 4527 sed
2505 4473 2772 4528 Joviniani
2804 4485 2901 4530 est.

2728 4566 2953 4622 CAPUT
2995 4569 3179 4626 LXIX.

2245 4654 2450 4724 Integra
2500 4656 2603 4712 fide
2644 4658 2968 4715 credendum
3018 4672 3102 4716 est
3147 4663 3357 4719 beatam
3406 4664 3627 4720 Mariam
3662 4667 3760 4725 Dei

2170 4745 2371 4801 Chri~li
2406 4756 2651 4812 matrem,
2686 4760 2739 4804 et
2765 4752 3022 4823 virginem
3048 4755 3379 4825 concepisse,
3408 4767 3463 4812 et
3492 4758 3755 4829 virginem

2170 4839 2440 4908 genuisse,
2471 4851 2525 4896 et
2551 4850 2669 4910 post
2707 4852 2911 4913 partum
2943 4846 3199 4915 virginem
3232 4850 3611 4917 permansisse.
3646 4854 3759 4909 Nec

2171 4942 2253 4986 est
2301 4934 2643 5004 blasphemiae
2688 4937 2917 4993 llelvidii
2962 4942 3410 5010 acquiesccndum
3439 4946 3530 5014 qui
3574 4946 3751 5002 dixit:

2171 5023 2296 5079 Fuit
2328 5027 2467 5098 virgo
2496 5040 2610 5081 ante
2637 5040 2859 5099 partum,
2894 5048 2994 5085 non
3024 5032 3162 5103 virgo
3193 5043 3305 5102 post
3332 5044 3555 5103 partum.

2733 5142 2962 5199 CAPUT
3007 5143 3171 5199 LXX.

2236 5230 2528 5300 Elementa,
2561 5230 2617 5288 id
2643 5242 2725 5288 est
2754 5235 2951 5289 malum
2983 5244 3038 5290 et
3066 5246 3290 5305 terram,
3326 5252 3431 5295 non
3460 5238 3755 5297 credamus

2160 5322 2424 5378 abolenda
2458 5340 2554 5394 per
2581 5326 2780 5396 ignem,
2810 5328 2911 5383 sed.
2937 5329 2989 5383 in
3021 5331 3213 5386 melius
3239 5334 3615 5392 commutanda
3643 5353 3657 5390 :
3690 5338 3751 5390 fi-

2300 5506 2371 5559 lta
2396 5506 2654 5573 ms.‘A|ii,
2679 5509 2943 5566 retinetur.

2237 5586 2259 5619 ς
2300 5575 2416 5629 Tali
2445 5576 2653 5644 affectu,
2687 5581 2756 5634 ita
2789 5598 2889 5637 ms.
3175 5612 3185 5623 ο

2231 5644 2253 5729 lt
2452 5650 2671 5729 castitas,
2705 5667 2798 5718 pro
2825 5656 3070 5724 appetitio
3099 5657 3372 5729 castitati!-
3554 5690 3637 5723 ..τι
3682 5692 3705 5711 τι

2238 5726 2248 5750 ¹
2296 5719 2416 5795 ᾒιεη
2447 5719 3069 5795 ηιαίρλςαιίεαξ
3538 5719 3621 5795 *ἶ
3674 5758 3693 5785 ι

2238 5739 2248 5750 ⁸
2298 5739 2416 5779 Μδ.,
2447 5739 2564 5770 matt
2598 5739 2781 5791 εαυδαξ
2998 5740 3011 5791 ΔΚ
3038 5772 3053 5779 Α
3126 5788 3141 5791 Π
3674 5758 3693 5785 ³

2234 5796 2242 5835 1
2296 5789 2362 5842 Itzt
2396 5807 2494 5844 IIIS.
2533 5792 2633 5848 Alit
2664 5739 3213 5911 Sr'w
3614 5816 3633 5831 ι
3724 5792 3731 5799 “

3809 4729 3825 4755 ι

3783 5056 3813 5141 ἐ
