4096 6342
275 310 390 369 097.

1198 304 1283 359 DE
1325 301 1871 385 ECCLI'ZSIASTICIS
1912 260 2352 361 DOGMATIBUS
2390 301 2613 359 LIBER.

278 440 457 496 guram
487 437 697 493 quoque
727 421 932 488 mundi,
954 420 1005 479 id
1026 430 1109 475 est
1136 419 1444 491 imaginem,
1467 433 1572 472 non
1598 418 1846 473 substan-
1872 424 1926 482 Α
1950 434 2084 490 aqua
2128 419 2351 473 mixtum
2377 434 2394 482 ;
2440 417 2563 487 quia
2605 423 2659 471 et
2697 415 2877 470 vinum
2926 423 3025 469 tutt
3062 415 3116 469 in
3146 414 3531 487 redemptionis

284 519 408 571 tiam
445 516 807 579 transituram.

776 606 887 681 33
920 602 1145 675 CAPUT
1185 600 1369 657 LXXI.

355 702 556 753 Donum
584 703 667 752 est
702 695 980 751 facultates
1010 708 1131 749 cum
1175 691 1577 762 dispensatione
1613 692 1859 761 pauperi-

284 790 381 846 bus
418 803 661 860 erogare.
705 786 889 849 Melius
916 794 998 855 est
1025 800 1123 853 pro
1146 783 1441 851 intentione
1464 781 1721 852 sequendi
1755 782 1858 836 Do-

284 882 485 936 minum
515 888 539 916 α
571 878 784 953 insimul
821 877 1043 941 donare,
1074 884 1129 935 et
1168 874 1469 947 absolutum
1502 872 1859 931 sollicitudine

283 987 403 1025 cum
432 968 645 1024 Christo
674 982 852 1037 egere.

438 1130 441 1133 ,
838 1056 1064 1114 CAPUT
1104 1057 1315 1115 LXXII.

356 1153 599 1207 Maritum
624 1151 845 1207 duarum
874 1161 989 1220 post
1014 1151 1335 1221 baptismum
1366 1158 1726 1215 matronarum
1753 1148 1862 1205 cle-

283 1250 451 1301 rieum
496 1260 601 1301 non
632 1245 1008 1317 ordinandum.
1051 1243 1233 1314 Neque
1262 1257 1384 1297 eum
1415 1242 1503 1313 qui
1549 1257 1706 1297 unam
1746 1242 1865 1311 qui-

284 1341 425 1402 dem,
463 1337 488 1375 δ
522 1337 612 1391 sed
645 1336 993 1393 concubinam
1033 1351 1137 1390 non
1178 1342 1475 1407 matronam
1519 1334 1720 1389 habuit.
1754 1333 1864 1397 Nec

284 1431 433 1483 idum
465 1430 556 1498 qui
584 1428 926 1492 viduam,aut
956 1442 1086 1495 repu
1108 1427 1309 1490 liatam,
1337 1426 1421 1481 vel
1447 1426 1782 1481 meretricem
1811 1426 1863 1491 in

284 1520 624 1575 matrimonio
669 1519 911 1587 sumpsit.
982 1517 1164 1590 Neque
1211 1533 1332 1572 eum
1382 1516 1473 1587 qui
1520 1519 1863 1586 semetipsum

286 1614 523 1680 ιιιςοιὶιιρι
567 1611 808 1682 corporis
847 1612 927 1685 sui
975 1612 1217 1667 membro
1257 1610 1621 1681 indignatione
1665 1612 1863 1681 aliqua,

288 1706 370 1759 vel
417 1705 559 1773 justo
609 1706 875 1775 injustove
925 1705 1113 1773 timore
1162 1712 1465 1772 superatus,
1519 1707 1861 1760 truncaverit.

1962 521 2157 566 nostrm
2199 510 2477 582 mysterio,
2509 524 2630 564 cum
2670 507 2847 563 dixit:
2880 506 3003 562 Non
3046 508 3211 562 bibant
3251 511 3436 563 ande
3474 512 3535 562 de

1960 603 2055 656 hoc
2083 603 2331 674 genimine
2357 602 2470 654 vitis
2492 598 2705 673 (Matth.
2735 598 2981 670 xxvn,29)
3002 607 3087 662 ;et
3105 614 3241 670 aqua
3282 601 3532 666 mixtum,

1963 710 2067 750 non
2092 694 2233 765 quod
2266 703 2385 763 post
2425 708 2633 747 coenam
2670 692 2918 758 dabatur,
2964 693 3059 748 sed
3089 692 3229 763 quod
3258 693 3324 747 de
3371 695 3539 750 latere

1961 790 2078 857 ejus
2116 787 2298 843 lancea
2343 786 2583 857 perfosso
2627 801 2763 856 aqua
2814 802 2935 841 eum
2996 787 3252 857 sanguine
3326 802 3537 858 egressa

1966 878 2143 950 (Joan.
2186 895 2299 946 nx,
2325 878 2415 947 30,
2450 878 2563 950 3t),
2594 879 2773 933 vinum
2802 878 2868 934 de
2898 894 3023 934 vera
3070 878 3184 949 ejus
3217 881 3394 935 carnis
3434 881 3539 937 vite

1964 985 2085 1027 cum
2113 986 2248 1040 aqua
2271 985 2587 1039 expressum
2617 969 2939 1025 ostenditur.

2501 1060 2728 1116 CAPUT
2768 1060 2999 1116 LXXVI.

2036 1153 2180 1209 Bona
2209 1160 2289 1208 est
2317 1166 2442 1207 caro
2472 1162 2671 1218 nostra,
2691 1159 2745 1207 et
2770 1151 2923 1207 valde
2951 1153 3108 1217 bona,
3126 1161 3181 1207 ut
3201 1164 3322 1222 p'IIe
3344 1166 3371 1205 a
3399 1152 3539 1207 bono

1966 1248 2081 1301 solo
2110 1246 2219 1301 Deo
2259 1246 2506 1310 condita;
2550 1252 2606 1301 et
2636 1259 2740 1298 non
2781 1254 2861 1299 est
2891 1245 3048 1311 mala,
3094 1254 3150 1299 ut
3183 1248 3362 1300 volunt
3397 1246 3409 1280 ί
3447 1246 3545 1301 Se-

1968 1340 2202 1406 tbianus,
2232 1347 2285 1392 et
2306 1337 2602 1406 Ophianus,
2627 1346 2680 1391 et
2702 1336 3063 1400 Patricianus;
3089 1351 3187 1391 nec
3212 1336 3335 1390 mali
3358 1352 3540 1402 C.Ill“3,

1967 1440 2025 1486 ut
2045 1430 2227 1485 docuit
2252 1429 2528 1485 Florianus
2554 1442 2695 1493 ;.nce
2720 1443 2785 1483 ex
2818 1428 2960 1481 malo
2989 1436 3043 1483 et
3071 1428 3212 1481 bono
3239 1438 3541 1497 compacta,

1969 1531 2028 1578 ut
2075 1522 2395 1577 Manichacus
2448 1521 2797 1591 blasphemat.
2843 1520 2947 1575 Sed
2993 1536 3114 1574 cum
3161 1521 3233 1575 sit
3277 1522 3549 1575 creatione

1972 1616 2131 1680 bona,
2167 1614 2434 1668 arbitriol
2484 1614 2676 1667 animae
2717 1612 2946 1667 efﬁcitur
2976 1612 3129 1667 nobis
3169 1612 3248 1667 vel
3289 1612 3424 1667 bona
3464 1614 3549 1668 vel

1974 1708 2133 1774 mala,
2181 1722 2286 1760 non
2332 1706 2699 1759 immutatione
2743 1704 3071 1769 substantiae,
3106 1704 3200 1759 sed
3250 1705 3552 1759 exsecutio-

290 1797 473 1866 Neque
500 1796 645 1848 illum
671 1794 760 1864 qui
795 1810 981 1849 usuras
1009 1796 1280 1863 accepisse
1306 1794 1663 1860 convincitur,
1697 1808 1785 1849 aut
1816 1798 1866 1848 in
1902 1801 1947 1873 β
1976 1799 2059 1851 nis
2088 1797 2356 1851 mercede.
2392 1798 2505 1865 lpsa
2536 1796 2685 1851 enim
2710 1804 2791 1851 est
2817 1809 2935 1865 quae
2966 1795 3131 1850 stabit
3158 1805 3286 1850 ante
3321 1796 3555 1851 tribunal

290 1904 449 1944 scena
494 1889 683 1943 lusisse
714 1898 734 1926 ε
769 1888 1079 1943 dinoscitur.
1132 1887 1312 1957 Neque
1358 1904 1481 1943 eum
1523 1889 1610 1957 qui
1664 1889 1871 1957 publica

305 1979 616 2050 patuitrntia
647 1978 888 2047 mortalia
919 1979 1142 2035 crimina
1173 1979 1352 2033 deflet.
1386 1978 1565 2047 Neque
1602 1978 1750 2035 illum
1779 1981 1868 2047 qui

294 2071 579 2141 aliquando
603 2067 628 2106 ά
658 2069 708 2123 in
750 2069 937 2124 furiam
973 2084 1156 2124 versus
1185 2070 1451 2136 insanivit,
1476 2070 1559 2124 vel
1586 2069 1875 2125 afflictione

296 2162 491 2216 diaboli
526 2170 747 2216 vexatus
774 2171 878 2216 est.
910 2162 1017 2215 Nec
1046 2176 1166 2217 eum
1191 2161 1280 2230 qui
1310 2176 1403 2230 per
1428 2161 1777 2215 ambitionem
1808 2160 1876 2214 ad

296 2254 645 2308 imitationem
681 2253 913 2308 Simonis
946 2255 1081 2321 magi
1113 2252 1389 2321 pecuniam
1418 2252 1591 2307 ollert.

839 2344 1062 2400 CAPUT
1103 2343 1335 2398 LXXIII.

369 2434 685 2489 Sanctorum
721 2449 945 2502 corpora
985 2445 1036 2487 et
1069 2434 1333 2502 praecipue
1362 2433 1641 2490 beatorum
1673 2444 1877 2505 marty-

301 2541 414 2577 rum
440 2524 710 2593 reliquias,
732 2540 793 2579 ac
823 2525 864 2577 si
896 2523 1095 2578 Christi
1126 2524 1363 2579 membra
1393 2526 1753 2580 sincerissime
1774 2524 1881 2595 39

303 2615 633 2683 honoranda,
666 2626 720 2671 et
752 2616 997 2671 basilicas
1023 2630 1205 2670 eorum
1240 2616 1543 2669 nominibus
1565 2616 1877 2685 appellatas,

304 2710 447 2764 velut
496 2711 606 2765 loca
648 2717 830 2763 sancta
873 2708 1052 2763 divino
1099 2708 1261 2777 cultui
1314 2710 1641 2785 mancipata,
1690 2708 1882 2761 affectu

305 2804 546 2869 piissimo
569 2814 621 2856 et
650 2803 932 2855 devotione
963 2800 1270 2855 ﬁdelissima
1293 2800 1564 2869 adeundas
1591 2799 1880 2853 credimus.

304 2893 357 2946 Si
401 2892 516 2961 quis
562 2901 746 2947 contra
795 2892 929 2945 hanc
969 2892 1289 2945 sententiam
1323 2890 1550 2958 venerit,
1594 2905 1699 2943 non
1728 2889 1886 2943 Chri-

306 2984 530 3049 stianus,
563 2985 654 3039 sed
684 2984 1048 3038 Eunomianus
1079 2993 1132 3038 et
1162 2984 1544 3053 Vigilantianus
1568 2992 1591 3020 ο
1625 2983 1883 3037 creditur.

838 3076 1066 3131 CAPUT
1119 3075 1351 3129 LXXIV.

381 3165 669 3232 Baptizatis
701 3176 903 3219 tintum
934 3168 1033 3219 iter
1060 3180 1181 3219 esse
1210 3166 1399 3218 salutis
1428 3165 1712 3218 credimus.
1757 3164 1884 3219 Nul-
1912 3161 1958 3225 C

309 3254 417 3309 lum
452 3256 912 3316 eatcchumentun,
956 3256 1195 3324 quamvis
1235 3256 1287 3308 in
1335 3256 1485 3309 bonis
1515 3256 1763 3323 operibus
1792 3258 1885 3311 de-

312 3347 572 3410 functum,
614 3346 770 3399 vitam
806 3358 1059 3400 aeternam
1103 3346 1301 3401 habere
1338 3346 1888 3416 credimus,‘excepto

312 3436 585 3507 martyrio,
618 3438 703 3491 ubi
735 3446 840 3491 tota
883 3438 1129 3505 baptismi
1164 3448 1492 3491 sacramenta
1532 3439 1884 3504 complentur.

316 3529 667 3597 Baptizandus
695 3530 980 3583 conﬁtetur
1012 3530 1167 3585 fidem
1194 3546 1339 3583 suam
1371 3546 1549 3584 coram
1585 3534 1887 3596 sacerdote,

315 3628 367 3674 et
392 3621 747 3689 interrogatus
773 3622 1089 3690 respondet:
1119 3622 1217 3676 hoc
1248 3633 1299 3675 et
1331 3632 1533 3692 martyr
1563 3636 1743 3676 eoram
1773 3638 1890 3690 per-

317 3722 561 3768 secutore
585 3714 727 3781 facit,
758 3716 844 3783 qui
876 3723 929 3767 et
959 3714 1238 3768 conﬁtetur
1266 3714 1423 3768 ﬁdem
1456 3730 1628 3777 suam,
1654 3725 1707 3769 et
1728 3717 1891 3767 inter-

322 3818 539 3876 rogatus
567 3806 874 3875 respondet.
905 3806 995 3860 ille
1028 3815 1147 3875 post
1175 3807 1564 3859 confessionem
1596 3806 1679 3860 vel
1710 3822 1892 3874 asper-

317 3900 454 3969 gitur
474 3914 632 3969 aqua,
648 3900 729 3954 vel
753 3899 1057 3968 intingitur;
1078 3896 1095 3935 ί
1120 3907 1321 3966 martyr
1342 3913 1469 3951 vero
1489 3898 1569 3952 vel
1596 3897 1895 3967 aspergitur

320 3993 598 4061 sanguine,
620 3992 703 4047 vel
726 3992 1051 4062 contingitur
1072 3992 1211 4062 igne.
1232 3990 1319 4043 Ille
1345 4005 1533 4046 manus
1556 3993 1895 4061 itnpusitione

322 4086 586 4154 pontiﬁcis
616 4086 805 4155 accipit
835 4086 1089 4155 Spiritum
1121 4094 1399 4148 sanctum;
1444 4085 1530 4141 hic
1560 4096 1583 4131 κ
1620 4087 1895 4141 habitacu-

321 4178 429 4232 lum
460 4178 689 4233 efﬁcitur
728 4177 958 4245 Spiritus
998 4177 1192 4241 sancti,
1223 4176 1347 4230 dum
1388 4194 1493 4230 non
1535 4188 1616 4232 est
1656 4179 1769 4246 ipse
1806 4179 1896 4249 qui

326 4268 578 4338 loquitur,
620 4268 712 4323 sed
741 4266 765 4304 ιι
808 4268 1034 4337 Spiritus
1074 4268 1246 4321 Patris
1284 4269 1370 4335 qui
1423 4268 1654 4337 loltuitur
1696 4270 1746 4324 in
1781 4270 1895 4325 illo.

327 4362 416 4415 llle
473 4362 832 4417 communicat
889 4360 1227 4416 eucharistia:
1281 4362 1335 4415 in
1387 4365 1899 4420 commemoratione

326 4456 513 4523 mortis
566 4436 809 4517 Domini;
854 4454 938 4508 hic
982 4455 1077 4522 ipsi
1128 4454 1342 4509 Christo
1382 4458 1749 4511 commoritur.
1801 4458 1899 4512 Ille

1976 1889 2195 1952 Christi,
2219 1890 2270 1942 in
2303 1905 2406 1957 quo
2436 1889 2857 1957 perferatanima
2889 1888 3103 1956 proi'ria
3133 1888 3375 1957 corporis
3401 1901 3557 1957 prout

1978 1983 2146 2050 gessit
2173 1981 2284 2035 sive
2316 1978 2512 2039 bonum
2540 1980 2651 2035 sive
2682 1980 2881 2034 malum
2912 1978 3055 2050 (Cor.
3090 1995 3142 2045 v,
3168 1978 3279 2047 l0).

2505 2072 2731 2127 CAPUT
2773 2072 3027 2126 LXXVII.

2051 2166 2107 2221 In
2138 2167 2536 2221 resurrectione
2562 2180 2628 2219 ex
2656 2166 2881 2218 mortuis
2911 2179 3073 2219 sexus
3103 2166 3269 2220 forma
3306 2181 3411 2220 non
3442 2182 3560 2221 mu-

1984 2258 2203 2323 tabitur,
2230 2258 2321 2312 sed
2358 2259 2438 2310 vir
2469 2266 2708 2310 mortuus
2739 2266 2981 2325 resurget
3010 2258 3061 2310 in
3090 2256 3256 2311 forma
3293 2257 3395 2329 41
3436 2258 3555 2325 viri,

1980 2360 2031 2405 et
2062 2350 2250 2403 femina
2279 2348 2522 2407 informa
2548 2347 2779 2415 femina,
2820 2362 3009 2405 carens
3048 2358 3223 2403 tamen
3246 2364 3464 2404 sexuum
3501 2349 3555 2405 in

1981 2438 2082 2494 bac
2114 2439 2219 2492 vita
2251 2438 2578 2501 conditione,
2614 2452 2718 2491 non
2750 2438 2929 2506 specie
2959 2437 3208 2503 naturali,
3252 2454 3319 2493 ne
3350 2452 3453 2492 non
3489 2439 3559 2492 sit

1985 2545 2110 2585 vera
2135 2529 2482 2595 resurrectio,
2506 2530 2550 2583 si
2580 2544 2688 2584 non
2719 2529 2769 2583 id
2802 2538 3044 2598 resurget
3072 2529 3214 2599 quod
3241 2530 3403 2584 cadit.

2490 2620 2715 2677 CAPUT
2756 2621 3037 2677 LXXVIII.

2058 2713 2081 2751 ¹ί
2105 2714 2243 2770 Ante
2268 2714 2568 2784 passionem
2590 2723 2645 2768 et
2666 2708 3113 2769 resurrectionem
3130 2713 3361 2779 Domini,
3379 2726 3567 2771 omnes

1984 2808 2175 2861 anima:
2221 2818 2525 2863 sanctorum
2556 2808 2608 2861 in
2642 2808 2851 2862 inferno
2891 2808 2992 2862 sub
3024 2806 3209 2863 debito
3250 2809 3565 2877 pracvarica-

1988 2898 2149 2952 tionis
2197 2898 2325 2951 Adae
2369 2897 2708 2963 tenebantur,
2756 2897 2929 2951 donec
2966 2898 3284 2952 auctoritate
3328 2898 3561 2969 Domini,

1988 3002 2084 3058 per
2117 2989 2405 3044 indebitam
2437 2990 2554 3059 ejus
2578 2999 2803 3045 mortem
2825 3004 2854 3043 a
2888 2989 3069 3044 servili
3100 2989 3403 3046 conditione
3426 2990 3564 3047 libe-

1989 3095 2255 3142 rarentur.
2782 3088 2785 3093 ’

2527 3176 2754 3231 CAPUT
2793 3175 3028 3230 LXXIX.

2061 3270 2187 3325 Post
2214 3271 2579 3324 ascensionem
2614 3268 2821 3333 Domini
2852 3268 2917 3323 ad
2954 3270 3140 3335 cmlos,
3178 3283 3411 3324 omnium
3440 3285 3564 3327 sane

1990 3373 2198 3417 etot-um
2230 3362 2421 3421 animae
2445 3376 2566 3423 cum
2597 3360 2811 3416 Christo
2832 3368 2977 3429 sunt,
2997 3372 3048 3415 et
3076 3372 3336 3416 exeuntes
3358 3364 3423 3418 de
3448 3380 3567 3419 cor-

1993 3470 2118 3523 pore
2157 3453 2221 3506 ad
2271 3451 2540 3506 Christum
2593 3452 2788 3506 vadunt
2823 3451 2867 3519 ἶ,
2913 3464 3283 3522 exspectantes
3328 3470 3569 3512 resurre-

1991 3544 2221 3598 ctionem
2261 3544 2503 3612 corporis
2529 3543 2631 3609 sui,
2677 3552 2733 3596 ut
2772 3542 2838 3596 ad
2886 3543 3144 3611 integram
3177 3553 3227 3597 et
3259 3556 3567 3613 perpetuam

1994 3617 2373 3691 beatitudinem
2404 3650 2524 3688 cum
2556 3635 2671 3702 ipso
2702 3634 2901 3701 pariter
2932 3636 3316 3699 immolentur;
3350 3636 3485 3689 sicut
3517 3648 3569 3690 et

1994 3736 2330 3794 peccatorum
2360 3725 2550 3775 animzc
2580 3724 2629 3775 in
2660 3724 2865 3775 inferno
2893 3724 2993 3777 sub
3022 3724 3210 3777 timore
3241 3727 3447 3792 positm,
3478 3743 3571 3779 ex-

1995 3823 2241 3883 Spectant
2276 3814 2721 3867 resurrectionem
2750 3814 2827 3865 sui
2858 3828 3001 3880 corpt
3024 3816 3119 3881 ris,
3153 3823 3209 3867 ut
3234 3831 3353 3869 cum
3385 3826 3423 3852 ιη
3454 3817 3570 3882 ipso

1996 3904 2207 3959 diabolo
2232 3904 2295 3957 ad
2327 3919 2446 3973 pmn
2467 3918 2535 3956 sm
2559 3911 2583 3937 ιι
2613 3901 2964 3955 detruduntur
2995 3911 3269 3957 aeternam.

2544 3994 2769 4051 CAPUT
2810 3994 3021 4050 LXXX.

2072 4088 2389 4143 Pcenitentia
2414 4086 2613 4141 aboleri
2646 4096 2858 4155 peccata
2892 4086 3251 4142 indubitanter
3279 4089 3569 4155 credimus,

1999 4181 2201 4236 etiamsi
2235 4180 2288 4233 in
2318 4180 2504 4233 ultimo
2530 4178 2652 4233 vitae
2679 4179 2869 4248 spiritu
2900 4179 3252 4234 admissorum
3293 4181 3571 4251 poeniteat,

1999 4282 2050 4327 et
2079 4272 2283 4340 publica
2310 4270 2687 4323 lamentatione
2728 4268 2835 4347 42
2864 4279 3079 4337 peccata
3110 4270 3419 4338 prodantur,
3452 4273 3572 4343 quit

2002 4363 2329 4431 propositum
2363 4360 2477 4423 Dei,
2520 4374 2625 4430 quo
2664 4358 2901 4414 decrevit
2942 4361 3149 4415 salvere
3176 4362 3317 4430 quod
3346 4364 3578 4431 perierat

2004 4453 2156 4522 (Luc.
2189 4468 2299 4517 xix,
2335 4453 2412 4520 7),
2456 4459 2562 4504 stat
2599 4450 2903 4513 immobile;
2944 4461 2997 4505 et
3036 4451 3155 4505 ideo
3179 4454 3301 4521 quia
3330 4453 3573 4506 voluntas

324 4546 608 4599 confitetur
647 4559 706 4599 se
744 4546 919 4598 mund:
950 4547 1153 4601 actibus
1183 4548 1638 4613 renuntiaturum;
1687 4550 1773 4604 hic
1800 4550 1898 4619 ipsi
1923 4539 1978 4597 D
2003 4546 2117 4615 ejus
2142 4559 2246 4598 non
2279 4550 2534 4609 mutatur,
2566 4542 2678 4596 sive
2705 4541 3076 4597 emendatione
3106 4544 3252 4608 vitae,
3285 4542 3327 4597 si
3372 4554 3579 4614 tempus

327 4635 594 4689 renuntiat
631 4636 774 4689 vitm.
823 4636 902 4691 Illi
941 4647 1154 4704 peccata
1199 4640 1375 4692 omnia
1418 4639 1796 4708 dimittuntur;
1847 4642 1897 4696 in

327 4727 429 4781 isto
458 4724 882 4795 exstinguuntur.

803 4816 913 4888 4ο
949 4816 1172 4871 CAPUT
1213 4817 1421 4872 LXXV.

402 4911 453 4965 In
486 4907 801 4964 eucltaristia
827 4925 935 4962 non
965 4908 1121 4961 debet
1152 4924 1279 4976 pura
1301 4924 1435 4979 aqua
1463 4909 1668 4977 offerri,
1698 4921 1756 4966 ut
1777 4914 1896 4982 qui-

329 5002 449 5057 dam
493 5002 800 5056 sobrietatis
840 5001 1096 5056 falluntur
1148 5000 1398 5069 imagine,
1431 5000 1527 5056 sed
1568 5004 1742 5058 vinum
1783 5020 1903 5060 cum

406 5192 430 5218 ι
472 5184 588 5249 Ms.,
614 5186 782 5241 semel.

403 5253 429 5291 δ
471 5255 594 5325 Ms.,
621 5270 745 5319 non,
778 5270 873 5325 pro
902 5259 1012 5311 sed.

404 5335 425 5393 ῗ
467 5324 585 5389 Ms.,
623 5324 883 5393 probatur.

403 5389 429 5429 ιι
465 5395 609 5467 Neve
623 5389 828 5467 dictum
858 5410 953 5467 pro
988 5398 1039 5451 in
1081 5399 1306 5467 furorem
1350 5414 1537 5455 versus.
1574 5400 1647 5455 Ita
1681 5401 1907 5457 Vincen-

334 5466 438 5519 tius
476 5465 767 5542 Lirinensis
790 5466 855 5519 de
885 5465 1088 5521 lintres.
1139 5485 1245 5539 :ap.
1271 5470 1309 5542 33’~
1340 5472 1452 5524 ait:
1485 5472 1607 5526 Sese
1651 5473 1701 5525 in
1745 5474 1905 5542 furias

335 5535 669 5604 prtecipitare.
816 5590 821 5595 ,
1194 5535 1209 5539 ’
1300 5538 1309 5545 ³

412 5612 433 5639 ⁸
477 5605 598 5666 Ms.,
632 5605 895 5659 habeatur.

414 5672 432 5710 ί
475 5674 550 5728 Ita
579 5689 678 5729 ms.
705 5676 831 5738 Alii,
860 5684 906 5728 et
929 5675 1010 5730 hic
1039 5694 1168 5733 rcro.

412 5754 433 5761 ’
476 5745 596 5802 ‘15..
626 5744 944 5820 Iocularium.

2005 4628 2335 4702 conceditur,
2381 4635 2493 4689 sive
2526 4643 2548 4669 υ
2582 4634 2807 4703 supplici
2837 4632 3194 4699 confessione,
3238 4633 3283 4688 si
3329 4636 3582 4689 continuo

2008 4728 2111 4780 vita
2140 4726 2440 4789 exceditur,
2483 4725 2637 4778 venia
2668 4733 3005 4792 peccatorum
3039 4724 3264 4779 ﬁdeliter
3292 4741 3580 4793 praesuma-

2010 4832 2095 4875 tur
2129 4821 2194 4873 ab
2236 4820 2326 4872 illo
2360 4816 2448 4887 qui
2492 4832 2601 4869 non
2643 4817 2752 4870 vult
2793 4825 3014 4897 mortem
3049 4817 3363 4886 peccatoris,
3408 4820 3499 4873 sed
3530 4830 3582 4873 ut

2010 4918 2348 4966 convertatur
2384 4924 2412 4961 a
2457 4907 2751 4977 perditione
2781 4906 3110 4977 paenitendo,
3139 4918 3195 4963 et
3220 4910 3453 4964 salvatus
3484 4912 3582 4964 mi-

2011 5002 2277 5059 seratione
2309 5001 2517 5055 Domini
2548 5003 2689 5053 vivat
2714 4999 2925 5069 (Ezech.
2946 5000 3173 5067 x1x,23;
3197 5012 3241 5055 et
3267 5017 3451 5065 χχχιιι,
3474 5002 3489 5054 ι
3511 5003 3581 5069 ι).

2084 5188 2109 5227 ¹¹
2149 5190 2270 5257 ιιι,
2298 5189 2523 5254 Spmtus
2544 5196 2769 5257 sanctus,
2799 5200 2895 5255 pro
2920 5186 3145 5255 Spiritus
3172 5185 3364 5241 Patris.

2091 5259 2107 5298 ί
2154 5262 2275 5322 Με..
2313 5260 2629 5314 Thimoteam'
2650 5269 2695 5312 et
2728 5258 3005 5312 Prisciani.

2088 5331 2101 5381 ι
2153 5333 2277 5395 Με..
2313 5331 2490 5384 animi.

2084 5399 2107 5437 ι
2150 5404 2220 5455 Ita
2258 5416 2357 5455 ms.

2090 5470 2105 5509 ι
2149 5472 2244 5527 Ms.
2278 5472 2426 5525 addit
2446 5472 2576 5525 sicut
2598 5472 2843 5538 scriptum
2871 5480 2986 5524 est:
3016 5466 3181 5523 λιπσιυς
3200 5484 3281 5521 um
3309 5469 3491 5521 animo!
3530 5468 3577 5524 in

2014 5560 2168 5597 manu
2200 5543 2291 5595 Dei
2312 5552 2449 5595 sunt.

2094 5624 2131 5649 ηι
2172 5614 2244 5667 Ita
2271 5627 2370 5667 IIIS.

2094 5693 2119 5720 η
2158 5684 2253 5736 Ms.
2266 5723 2280 5747 ,
2311 5693 2680 5737 convertantur.

2094 5766 2117 5792 υ
2159 5754 2277 5817 Μεο,
2298 5753 2503 5827 publica
2534 5754 2857 5828 confessione.
