4096 6342
514 312 611 369 995

1742 310 2064 367 CENNADII
2104 312 2564 370 MASSILIENSIS

3676 316 3785 372 996

514 432 648 479 mter
698 422 791 478 bas
832 422 965 478 duas
1011 429 1339 477 mortuorum
1382 421 1804 478 resurrectiones
1833 464 1849 491 ,
1897 435 2085 494 gentes
2112 396 2474 497 A'stiterunt,
2512 426 2674 496 lapsis
2705 427 3143 495 superbientibus
3168 430 3393 499 angelis,
3426 429 3526 485 hoc
3558 447 3789 489 munere

516 525 813 584 ignorantes
844 513 1008 568 Deum
1058 513 1109 567 in
1137 512 1346 581 angulis
1375 516 1638 568 terrarum
1671 513 1723 569 in
1762 529 1925 573 carne
1967 530 2086 572 ser-

515 610 701 661 vanda.
752 607 879 673 Qua:
926 614 1046 674 post
1092 604 1234 659 mille
1259 619 1427 659 annos
1466 607 1614 674 regni
1656 607 1706 659 in
1738 617 1875 663 terra
1903 608 2093 678 justo-

515 713 660 767 rum,
708 700 986 769 instigante
1030 698 1241 752 diabolo
1283 698 1563 753 movenda:
1594 708 1720 753 sunt
1761 700 1827 754 ad
1858 716 2087 771 pugnam

515 800 694 846 contra
746 789 920 857 justus
960 797 984 825 α
1036 798 1352 859 regnantes;
1406 800 1461 845 et
1510 790 1739 845 Domino
1791 807 1888 861 pro
1932 792 2089 862 justis

513 892 780 952 pugnante
807 882 975 935 imbre
1005 882 1161 953 igneo
1187 882 1624 952 compescendas,
1648 892 1809 953 atque
1830 882 1902 937 ita
1945 898 2087 937 mor-

513 982 650 1039 tuas,
667 989 785 1029 cum
800 973 1006 1027 caeteris
1020 973 1072 1027 in
1091 971 1359 1041 impietate
1372 971 1398 1010 ι)
1413 980 1536 1027 ante
1550 974 1799 1039 mortuis,
1810 972 1875 1027 ad
1889 982 2085 1041 aeterna

512 1066 768 1136 supplicia
811 1066 862 1120 in
896 1064 1285 1133 incorruptibili
1310 1078 1472 1120 carne
1498 1064 1901 1120 resuscitandas
1935 1075 1980 1116 ο.

1094 1155 1318 1211 CAPUT
1360 1156 1492 1211 LVI.

580 1254 794 1309 Nullum
844 1252 1114 1308 credimus
1160 1252 1222 1305 ad
1269 1253 1495 1307 salutem
1528 1252 1629 1307 uisi
1675 1251 1788 1307 Deo
1831 1252 2089 1308 invitante

513 1348 724 1411 venire;
780 1345 984 1411 nullum
1034 1343 1313 1398 invitatum
1358 1344 1585 1398 salutem
1636 1359 1787 1400 suam
1834 1346 1933 1399 nisi
1983 1345 2090 1400 Deo
2133 1360 2137 1366 ·

513 1438 801 1493 auxiliante
838 1436 1085 1506 operari;
1137 1435 1342 1490 nullum
1403 1435 1507 1489 nisi
1537 1445 1781 1490 orantem
1832 1436 2091 1491 auxilium

516 1529 847 1600 promereri;
892 1529 1098 1582 nullum
1128 1527 1223 1582 Dei
1272 1527 1547 1583 voluntate
1596 1529 1810 1599 perire,
1860 1529 1953 1583 sed
1997 1543 2092 1598 per

513 1621 745 1691 seipsum
769 1634 862 1690 pro
880 1619 1141 1676 electione
1160 1619 1385 1683 arbitrii,
1415 1635 1481 1674 ne
1509 1619 1851 1691 ingenuitatis
1869 1620 2090 1676 libertas

513 1723 672 1783 atque
718 1721 956 1782 potestas
980 1712 1147 1767 semel
1178 1712 1378 1767 bomini
1405 1712 1694 1780 attributa,
1731 1714 1798 1768 ad
1840 1713 2089 1769 servilem

512 1804 727 1873 cogatur
756 1802 1151 1858 necessitatem.

1086 1894 1310 1950 CAPUT
1352 1893 1506 1950 LVII.

585 1987 774 2042 Malum
831 1988 911 2043 vel
946 1987 1150 2041 malitia
1196 2002 1300 2041 non
1331 1995 1412 2041 est
1440 2002 1470 2041 a
1513 1987 1623 2042 Deo
1652 1994 1829 2043 creata
1856 2031 1871 2057 ,
1921 1984 2017 2042 sed
2055 2000 2084 2045 a

512 2079 725 2134 diabolo
778 2079 1179 2148 inventa,.quia
1219 2088 1273 2132 et
1315 2078 1427 2149 ipse
1454 2079 1623 2134 bonus
1661 2093 1692 2131 a
1724 2079 1833 2135 Deo
1878 2086 2090 2134 creatus

512 2182 613 2227 est.
642 2173 744 2228 Sed
771 2172 890 2242 quia
921 2172 1089 2227 libero
1119 2172 1361 2239 arbitrio,
1394 2184 1447 2226 ut
1476 2182 1599 2242 pote
1630 2172 1907 2229 rationalis
1932 2186 2086 2227 crea-

512 2274 627 2319 tura
669 2281 696 2319 a
746 2264 853 2319 Deo
903 2265 1223 2324 commissus
1251 2273 1363 2327 est,
1396 2272 1449 2319 et
1495 2264 1761 2332 cogitandi
1808 2270 2089 2333 acceperat

510 2356 814 2411 facultatem
839 2397 852 2421 ,
882 2355 1162 2409 scientiam
1193 2355 1318 2408 boni
1349 2352 1456 2426 34.
1482 2355 1639 2409 vertit
1664 2354 1728 2407 ad
1763 2354 1960 2408 malum
1986 2394 2001 2418 ,
2032 2362 2088 2407 et

512 2448 671 2503 multa
702 2447 985 2518 cogitando
1017 2447 1185 2501 iactus
1213 2454 1295 2500 est
1326 2445 1571 2501 inventor
1599 2445 1753 2511 mali;
1784 2455 1837 2501 et
1865 2444 2004 2515 quod
2032 2445 2083 2501 in

509 2553 567 2593 se
596 2538 900 2608 perdiderat
941 2536 1128 2615 invidit
1166 2538 1217 2589 in
1260 2536 1377 2589 aliis
1403 2575 1419 2599 ,
1467 2549 1566 2589 nrc
1607 2544 1891 2590 contentus
1938 2534 2085 2588 solus

508 2630 686 2698 perire
716 2630 887 2683 suasit
906 2628 1055 2693 aliis;
1078 2637 1136 2681 ut
1157 2627 1247 2697 qui
1270 2635 1411 2681 esset
1434 2641 1543 2679 sua:
1568 2626 1783 2679 malitia:
1815 2626 2081 2691 inventor,

510 2721 661 2783 ﬁeret
684 2729 737 2775 et
764 2720 988 2774 aliorum
1019 2728 1205 2773 auctor
1233 2736 1244 2770 :
1277 2727 1329 2773 et
1360 2733 1423 2772 ex
1449 2734 1514 2772 eo
1537 2718 1733 2772 malum
1763 2717 1843 2772 vel
1883 2717 2083 2773 malitia

511 2813 774 2880 percurrit
809 2812 860 2865 in
897 2819 1121 2865 cset-ras
1151 2809 1441 2864 rationales
1470 2817 1761 2865 creaturas.

1073 2900 1154 2955 CA
1168 2901 1297 2955 PUT
1339 2900 1514 2956 LVIII.
1622 2901 1627 2907 ’

576 2993 725 3049 Unde
749 2994 1119 3064 cognoscimus
1160 2993 1290 3047 nihil
1331 3008 1449 3047 esse
1491 3002 1677 3047 natura
1712 2992 2039 3048 immutabile
2063 3034 2079 3058 ,

506 3086 607 3140 nisi
655 3086 826 3139 solum
861 3085 1027 3139 Deum
1059 3083 1083 3121 ἀ
1118 3085 1323 3138 Patrem
1356 3096 1407 3139 et
1448 3085 1640 3139 Filium
1663 3126 1677 3148 ,
1724 3094 1778 3139 et
1824 3086 2079 3155 Spiritum

2192 516 2563 575 retributionis
2590 529 2935 589 acceperunt,
2959 528 3018 576 ut
3040 520 3187 575 nulla
3210 521 3322 591 jam
3346 522 3590 592 rubigine
3612 525 3789 578 surri-

2191 609 2385 679 pientis
2422 609 2595 678 culpa:
2641 609 2989 665 mordeantur
3020 627 3031 663 :
3063 621 3120 666 ut
3149 621 3203 665 et
3233 613 3285 666 in
3324 614 3790 683 contemplatione

2191 700 2497 758 Conditoris
2527 701 2644 756 sine
2677 700 2947 756 felicitatis
2978 701 3081 758 ﬁne
3115 713 3483 772 permaneant,
3507 716 3562 762 et
3594 707 3648 761 in
3680 705 3790 763 hoc

2192 794 2271 848 sic
2296 793 2523 849 condita:
2551 801 2751 848 aeterna
2783 794 3076 853 stabilitate
3101 795 3417 851 subsistant.

2765 908 2993 964 CAPUT
3033 908 3196 965 LXII.

2266 997 2428 1051 Tales
2453 1008 2619 1052 creati
2651 1008 2778 1052 sunt
2803 1001 3000 1069 angeli,
3025 1010 3084 1054 ut
3111 1003 3177 1064 si,
3212 1002 3431 1067 vellent,
3466 1003 3517 1056 in
3548 1003 3789 1069 beatitu-

2197 1088 2335 1142 dinis
2365 1090 2481 1143 luce
2524 1090 2892 1157 persisterent,
2939 1091 2983 1145 si
3020 1101 3197 1145 autem
3228 1092 3447 1157 vellent,
3477 1093 3638 1147 etiam
3673 1094 3782 1150 labi

2195 1181 2515 1249 potuissent.
2556 1181 2705 1236 Unde
2742 1191 2795 1235 et
2821 1182 2984 1238 Satan
3012 1198 3132 1237 cum
3164 1184 3513 1254 sequentibus
3556 1187 3788 1257 legioni-

2192 1271 2293 1327 bus
2314 1272 2651 1329 cecidit.Sed
2684 1283 2804 1344 post
2835 1276 2951 1344 ejus
2986 1276 3190 1341 lapsum
3220 1278 3291 1332 ita
3319 1278 3617 1334 conﬁrmati
3649 1290 3783 1335 sunt

2192 1364 2363 1427 angeli
2395 1363 2482 1432 qui
2517 1367 2881 1433 perstiterunt,
2921 1375 2977 1420 ut
3013 1366 3207 1423 cadere
3251 1370 3473 1424 omnino
3505 1386 3610 1425 non
3637 1387 3783 1441 .pos-

2193 1464 2332 1519 sent,
2363 1456 2487 1525 quia
2512 1472 2580 1511 ne
2604 1458 2824 1513 omnino
2850 1458 2958 1527 jam
2988 1460 3264 1527 caderent,
3282 1461 3535 1518 virtutem
3574 1462 3785 1520 incom-

2194 1548 2564 1605 mutabilitatis
2593 1560 2936 1620 acceperunt.

2682 1642 2792 1714 36
2829 1642 3055 1700 caper
3096 1644 3280 1701 Lxut.

2272 1733 2434 1787 Bona:
2471 1741 2597 1787 sunt
2624 1737 2845 1804 nuptias,
2884 1736 2977 1791 sed
3008 1751 3167 1793 causa
3200 1738 3431 1795 ﬁliorum
3468 1752 3523 1797 et
3558 1757 3783 1815 compe-

2113 1805 2166 1869 ι
2191 1824 2405 1879 scendae
2432 1822 2805 1881 fornicationis
2832 1827 3075 1882 obtentu.

2758 1938 2987 1994 CAPUT
3022 1940 3182 1995 LXIV

2263 2029 2449 2084 Melior
2476 2040 2561 2085 est
2589 2032 2916 2088 continentia
2940 2072 2953 2096 ,
2984 2033 3077 2088 sed
3106 2049 3211 2088 non
3247 2044 3269 2072 θ
3302 2036 3401 2091 sibi
3434 2038 3545 2092 sola
3578 2041 3781 2101 sufﬁcit

2191 2120 2257 2175 ad
2285 2122 2748 2186 beatitudinem,si
2778 2138 2872 2193 pro
2895 2124 3014 2179 solo
3033 2140 3218 2181 amore
3241 2128 3509 2197 pudicitiae
3538 2130 3556 2167 ί
3589 2148 3779 2190 recen-

2190 2222 2391 2279 seatur,
2424 2213 2517 2268 sed
2553 2214 2601 2268 si
2638 2224 2691 2273 et
2732 2229 2851 2268 cum
2896 2224 2920 2262 ε
2966 2218 3054 2270 ta‘i
3096 2216 3284 2272 eﬁectu
3336 2233 3495 2275 causa
3550 2225 3778 2281 vacandi

2192 2304 2417 2360 Domino
2453 2306 2699 2376 eligatur,
2741 2308 2975 2377 alioquin
3019 2309 3303 2364 divortium
3338 2314 3506 2383 magis
3537 2315 3774 2387 conjugii

2189 2394 2461 2452 videbitur
2489 2412 2608 2453 esse
2635 2413 2793 2468 quam
2820 2396 2847 2434 δ
2880 2399 3137 2469 appetitio
3166 2403 3442 2457 castitatis.

2762 2509 2989 2566 CAPUT
3028 2510 3186 2566 LXV.

2252 2599 2535 2669 Virginitas
2557 2610 2783 2671 utroque
2814 2602 2955 2657 bono
2985 2605 3292 2672 praecelsior
3322 2618 3424 2672 est,
3453 2609 3575 2677 quia
3603 2619 3659 2664 et
3684 2628 3775 2668 na-

2188 2698 2356 2744 turam
2386 2690 2549 2745 vincit
2591 2700 2646 2746 et
2678 2708 2928 2761 pugnam.
2965 2693 3243 2763 Naturam,
3272 2700 3518 2767 corporis
3546 2702 3773 2770 integii~

2188 2788 2326 2846 tate;
2348 2796 2609 2851 pugnam,
2638 2797 2767 2851 pace
2794 2784 3148 2851 castimoniae,
3174 2803 3294 2855 qua:
3323 2803 3421 2858 pro
3445 2790 3561 2845 solo
3586 2807 3773 2851 amore

2187 2872 2455 2927 oudicitia:
2486 2872 2536 2926 in
2568 2886 2697 2942 pace
2728 2881 2831 2929 est.

2742 2965 2969 3022 CAPUT
3006 2967 3189 3024 LXVI.

2259 3056 2461 3110 Bonum
2491 3065 2575 3112 est
2609 3056 2786 3112 cibum
2819 3073 2939 3113 cum
2967 3061 3257 3129 gratiarum
3288 3064 3498 3120 actione
3529 3081 3764 3139 sumere,

505 3186 779 3244 sanctum,
804 3177 892 3245 qui
921 3179 1112 3229 mutari
1146 3191 1247 3229 ι.οη
1274 3184 1451 3245 potest
1490 3194 1516 3227 a
1549 3178 1706 3239 bono,
1739 3148 2079 3245 quia-natura
2106 3177 2153 3241 ο
2183 3157 2235 3201 (τί
2278 3148 2706 3245 quidquiimﬁs
2747 3152 2999 3221 pmcepi‘
3027 3152 3292 3209 edendum
3330 3167 3430 3210 es"
3478 3158 3764 3219 Αδδίίηθτθ

504 3269 742 3341 possidet
786 3269 979 3322 bonum
1004 3309 1017 3334 ,
1062 3282 1161 3322 nec
1199 3278 1376 3339 potest
1418 3268 1559 3321 aliud
1603 3267 1728 3337 quid
1768 3282 1888 3322 esse
1917 3283 2076 3338 quam

503 3362 719 3415 bonum.

1092 3448 1315 3504 CAPUT
1357 3449 1490 3503 LIX.

576 3540 762 3610 Angeli
791 3553 941 3608 vero,
970 3538 1061 3608 qui
1092 3540 1143 3593 in
1176 3540 1263 3593 illa
1286 3555 1388 3610 qua
1414 3541 1581 3595 creati
1605 3552 1729 3596 sunt
1753 3542 2077 3598 beatitudine

505 3640 889 3704 perseverant,
924 3644 1029 3684 non
1075 3640 1263 3685 natura
1311 3631 1585 3701 possident
1624 3633 1819 3687 bonum
1841 3674 1856 3700 ,
1887 3645 1940 3688 ut
1968 3649 2073 3689 non

505 3733 839 3779 mutarentur
867 3737 987 3777 cum
1011 3724 1239 3787 caeteris,
1289 3723 1383 3777 sed
1413 3724 1634 3779 arbitrio
1673 3736 1945 3782 servantes
1983 3729 2076 3783 bo-

500 3832 621 3872 nam
650 3815 999 3883 voluntatem,
1023 3823 1079 3870 et
1104 3814 1300 3870 bonum
1330 3816 1672 3881 conditionis,
1704 3827 1759 3872 et
1788 3818 1942 3874 ﬁdem
1976 3836 2073 3875 suo

502 3908 724 3965 Domino
755 3905 1116 3977 rependendo.
1149 3907 1375 3978 Propter
1401 3909 1543 3978 quod
1566 3919 1619 3965 et
1647 3912 1834 3966 meriti
1863 3914 1929 3967 ab
1962 3915 2072 3983 ipso

501 4000 733 4056 Domino
780 3999 953 4055 sancti
984 3999 1159 4071 angeli
1184 4010 1460 4070 vocantur,
1493 4003 1633 4072 quod
1661 4011 1943 4060 tenuerunt
1982 4024 2070 4060 ar-

496 4096 658 4165 bitrio
703 4096 1040 4152 sanctitatem
1065 4135 1082 4164 ,
1113 4111 1213 4152 nec
1241 4098 1508 4153 sociorum
1552 4098 1798 4168 exemplo
1826 4098 2072 4155 deviave-

494 4196 618 4249 runt
645 4201 675 4242 a
700 4187 863 4243 bono.

1095 4279 1323 4336 CAPUT
1362 4280 1473 4334 LX.

561 4370 721 4427 Fides
738 4386 883 4438 vera,
902 4385 1019 4441 quae
1038 4379 1121 4425 est
1137 4370 1421 4434 catholica,
1441 4372 1676 4427 omnium
1699 4383 2067 4431 creaturarum

490 4466 605 4519 sive
636 4462 990 4533 spiritualium
1008 4503 1023 4527 ,
1047 4463 1160 4516 sive
1190 4463 1548 4532 corporalium
1574 4465 1680 4535 35
1720 4448 1913 4523 bonam
1939 4483 2069 4523 con-

490 4554 670 4609 ﬁtetur
712 4554 1062 4609 substantiam
1091 4593 1104 4619 ,
1148 4561 1203 4607 et
1233 4553 1360 4608 mali
1389 4554 1587 4609 nullam
1616 4571 1735 4612 esse
1765 4569 2006 4614 naturam
2040 4578 2054 4618 :
2086 4548 2147 4625 ᾖ

476 4647 609 4725 quia
637 4647 775 4701 Deus
796 4690 810 4715 ,
841 4646 931 4716 qui
977 4645 1335 4701 universitatis
1365 4654 1447 4701 est
1474 4647 1738 4715 conditor,
1780 4649 1913 4703 nihil
1953 4666 2059 4706 non

487 4741 683 4796 bonum
725 4739 866 4794 fecit.
895 4738 1047 4795 Unde
1074 4748 1129 4796 et
1159 4740 1405 4795 diabolus
1437 4741 1606 4796 bonus
1635 4752 1812 4809 esset,
1840 4743 1885 4797 si
1916 4746 1965 4798 iu
1993 4760 2059 4800 eo

484 4831 625 4903 quod
670 4831 838 4885 factus
885 4839 967 4885 est
997 4842 1351 4900 permaneret.
1388 4832 1491 4889 Sed
1515 4834 1637 4904 quia
1683 4836 1912 4891 naturali
1965 4854 2058 4891 ex-

482 4925 727 4983 cellentia
753 4924 890 4980 male
917 4937 1045 4978 usus
1072 4934 1175 4991 est,
1201 4934 1254 4979 et
1280 4926 1331 4997 in
1359 4926 1581 4981 veritate
1612 4943 1716 4982 non
1747 4928 1913 4997 stetit,
1949 4946 2053 4985 non

479 5020 529 5074 iu
583 5018 904 5075 contrariam
950 5017 1302 5073 substantiam
1342 5019 1583 5083 transiit,
1642 5021 1737 5075 sed
1775 5036 1803 5074 a
1846 5036 2055 5079 summo

480 5114 511 5166 I)
534 5126 640 5178 mo,
672 5112 756 5166 cui
778 5111 958 5167 debuit
986 5109 1287 5176 adhzerere,
1318 5111 1585 5167 discessit.

1062 5201 1288 5259 CAPUT
1329 5203 1467 5260 LXI.

473 5358 479 5362 _
552 5294 784 5350 Virtutes
824 5295 1076 5366 angelica:
1104 5310 1223 5365 quae
1250 5294 1303 5351 in
1332 5296 1515 5352 divino
1548 5312 1732 5356 amore
1760 5300 1877 5359 ﬁxae.
1914 5318 2048 5372 prae-

545 5487 572 5516 ³
600 5480 723 5541 Ms.,
746 5488 1109 5549 repugnantes.

548 5555 572 5585 ι’
603 5550 722 5614 Ms.,
757 5551 985 5611 mortuis,
1020 5564 1117 5618 pro
1144 5558 1262 5602 ante
1296 5551 1531 5604 mortuis.

551 5632 571 5659 ε
603 5620 699 5672 Ms.
724 5619 946 5673 additde
964 5621 1112 5672 istam
1138 5622 1542 5689 superstitionem
1571 5624 1715 5676 valde
1746 5626 2051 5685 decitantes.

544 5692 568 5728 ά
603 5690 723 5756 Ms.,
755 5707 859 5743 esse
886 5707 1172 5756 perennem.

548 5772 569 5797 ε
612 5761 721 5812 Sibi
754 5763 859 5815 solo
886 5760 1081 5821 stt/ficit.
1118 5763 1183 5817 ita
1219 5778 1315 5817 ms.
1343 5762 1702 5823 FIorcntiuus.

2183 3248 2361 3294 autem
2391 3240 2457 3295 ab
2488 3241 2755 3310 aliquibus
2797 3257 2902 3297 non
2934 3244 3083 3312 quasi
3114 3246 3293 3315 malis,
3332 3248 3425 3301 scd
3466 3251 3615 3318 quasi
3658 3269 3763 3308 non

2189 3337 2507 3391 necessariis
2552 3352 2655 3391 non
2701 3344 2785 3391 est
2831 3338 3050 3405 malum.
3101 3340 3363 3396 Moderari
3408 3358 3540 3399 vero
3575 3361 3761 3403 eorum

2179 3443 2333 3483 nsum
2372 3445 2464 3497 pro
2497 3432 2813 3486 necessitate
2840 3440 2896 3486 et
2936 3442 3209 3502 tempore,
3252 3437 3468 3506 proprie
3497 3436 3759 3493 ChriStia'

2181 3534 2367 3574 norum
2395 3530 2495 3575 681..

2657 3614 2760 3686 37
2808 3613 3034 3670 CAPUT
3073 3616 3275 3670 vau.

2248 3702 2408 3758 Malas
2440 3718 2566 3758 vero
2591 3705 2771 3760 dicere
2798 3707 3029 3776 nuptias,
3056 3708 3139 3762 vel
3172 3709 3503 3764 fornicationi
3536 3726 3751 3783 compa.

2182 3794 2377 3849 raudas
2407 3802 2498 3849 aut
2522 3806 2708 3865 Stupro
2736 3812 2748 3861 ;
2774 3797 2924 3850 cibos
2947 3812 3156 3867 quoque
3190 3800 3409 3855 credere
3440 3803 3634 3870 malos,
3670 3807 3750 3861 vel

2182 3886 2197 3923 ί
2227 3887 2456 3941 malitias
2478 3901 2699 3942 causare
2731 3889 3166 3958 percipiemibus,
3192 3908 3293 3945 non
3319 3905 3397 3947 est
3426 3895 3755 3954 Christiano-

2176 3993 2315 4045 rum,
2362 3979 2454 4034 sed
2488 3980 2702 4047 proiirie
2739 3978 3159 4035 Hieracltitarum
3190 3993 3242 4036 et
3282 3983 3714 4042 Mauiclueorum.

2480 4160 2487 4169 ι
2715 4092 2939 4150 canor
2981 4094 3205 4151 LXVIII.

2247 4186 2261 4235 i
2296 4186 2525 4241 Sacratae
2549 4187 2658 4242 Deo
2684 4187 2970 4256 virginitati
2994 4190 3209 4257 nuptias
3229 4204 3529 4261 coaequare,
3545 4202 3639 4255 aut
3659 4209 3755 4265 pro

2172 4292 2353 4332 amore
2384 4278 2678 4348 castigandi
2721 4281 2987 4350 crrporis,
3033 4282 3429 4339 abstinentibus
3461 4300 3487 4337 a
3515 4286 3642 4341 vino
3668 4284 3759 4344 vel

2171 4370 2422 4425 carnibus
2447 4371 2519 4425 nil
2543 4371 2763 4426 credere
2792 4372 2967 4426 meriti
2990 4387 3321 4442 accrescere,
3345 4389 3448 4430 noii
3482 4376 3586 4432 hoc
3603 4376 3754 4433 Chri-

2171 4463 2352 4527 Stiani,
2382 4460 2474 4516 sed
2501 4461 2768 4516 Joviiiiani
2800 4473 2897 4517 est.

2724 4554 2949 4609 CAPUT
2992 4555 3176 4613 LXIX.

2240 4644 2446 4713 Integra
2496 4644 2599 4700 ﬁde
2641 4646 2965 4703 credendum
3015 4658 3099 4703 est
3144 4650 3354 4705 beatam
3404 4650 3624 4705 Mariam
3658 4651 3753 4708 Dei

2167 4734 2368 4790 011ΓὶΛί
2403 4744 2648 4799 matrem,
2683 4747 2736 4791 et
2762 4740 3020 4810 virginem
3046 4742 3375 4811 concepisse,
3404 4752 3459 4799 et
3488 4743 3747 4813 virginem

2167 4827 2437 4898 genuisse,
2467 4838 2523 4883 et
2548 4838 2667 4898 post
2705 4839 2909 4901 partum
2940 4832 3197 4902 virginem
3229 4835 3609 4903 permansisse.
3643 4837 3751 4893 Nec

2168 4931 2249 4976 est
2298 4922 2641 4992 blasphemiae
2686 4925 2915 4981 Ilelvidii
2960 4928 3408 4997 acquiescendum
3436 4931 3527 5000 qui
3571 4930 3747 4987 dixit:

2169 5012 2294 5067 Fuit
2325 5016 2465 5086 virgo
2494 5028 2609 5069 ante
2636 5027 2857 5087 partum,
2891 5035 2992 5072 non
3023 5020 3161 5090 virgo
3191 5028 3303 5089 post
3330 5031 3553 5089 partum.

2731 5130 2961 5187 CAPUT
3006 5130 3169 5186 LXX.

2235 5218 2527 5288 Elementa,
2559 5218 2617 5275 id
2642 5230 2724 5275 est
2752 5223 2950 5276 malum
2982 5232 3039 5279 et
3066 5234 3290 5291 terram,
3324 5238 3430 5280 non
3459 5224 3751 5281 credamus

2158 5312 2423 5368 abolenda
2458 5328 2553 5384 per
2580 5315 2779 5384 ignem,
2810 5316 2909 5371 sed
2936 5317 2990 5371 in
3022 5319 3213 5373 melius
3239 5319 3614 5376 commutanda
3643 5337 3657 5374 :
3689 5322 3747 5374 ﬁ-

2299 5495 2371 5548 Ita
2398 5495 2654 5561 msJAlii,
2678 5498 2943 5554 retinetur.

2237 5575 2259 5608 ε
2300 5565 2416 5617 Tali
2445 5566 2653 5633 a/fcctu,
2687 5569 2756 5622 ita
2790 5586 2890 5623 ms.
3176 5598 3185 5607 ο

2232 5632 2254 5667 h
2451 5632 2671 5710 castitas,
2705 5655 2800 5706 pro
2826 5643 3070 5710 appetitio
3102 5644 3371 5699 castitatis.

2239 5715 2249 5739 ι
2298 5707 2417 5769 Ms,
2446 5708 2565 5759 mali
2598 5725 2778 5762 causas
2809 5707 2997 5768 creare.

2234 5787 2243 5825 ι
2295 5776 2364 5832 Ita
2396 5794 2496 5833 IIIS.
2533 5779 2633 5836 Alit
2666 5780 2896 5841 Sacrata?
2928 5801 3064 5843 vero.

3799 4712 3814 4751 ἓ

3777 5038 3805 5123 ἐ
