4096 6342
292 271 406 329 997.

1211 262 1297 319 DE
1340 260 1885 345 ECCLISSIASTICIS
1926 218 2365 319 DOGIIATIBUS
2404 260 2626 318 LIBER.

296 400 471 458 guram
501 397 711 453 quoque
741 381 946 446 mundi,
968 380 1020 457 id
1041 389 1123 435 est
1149 378 1459 449 imaginem,
1482 392 1586 432 non
1613 377 1860 432 substan-
1886 383 1939 441 Α
1964 392 2098 449 aqua
2141 377 2365 431 mixtum
2390 392 2407 441 ;
2453 375 2576 445 quia
2619 381 2672 429 et
2710 373 2890 429 vinum
2938 381 3038 427 tuit
3075 373 3129 427 in
3158 371 3544 445 redemptionis

300 480 423 533 tiam
458 474 821 531 ttansituram.

790 565 901 637 38
935 561 1159 631 CAPUT
1199 558 1384 616 LXXI.

372 662 570 713 Bonum
598 662 681 711 est
717 654 994 709 facultates
1025 666 1144 708 eum
1189 650 1593 720 dispensatione
1628 650 1873 719 pauperi-

302 751 397 807 bus
432 762 675 821 erogare.
718 745 903 813 Melius
930 752 1013 799 est
1040 758 1137 812 pro
1160 742 1456 807 intentione
1478 740 1735 811 sequendi
1769 740 1872 794 Do-

302 842 499 897 minum
528 848 554 875 ιι
584 837 799 893 insimul
836 836 1058 899 donare,
1088 842 1143 892 et
1183 833 1483 905 absolutum
1516 831 1874 901 sollicitudine

301 946 418 985 cum
445 928 659 984 Christo
688 941 867 996 egere.

450 1090 455 1095 ,
853 1015 1078 1073 CAPUT
1119 1015 1330 1074 Lxxn.

370 1112 613 1167 Maritum
637 1111 859 1167 duarum
888 1120 1003 1179 post
1028 1110 1350 1179 baptismum
1380 1117 1741 1175 matronarum
1768 1107 1876 1175 cle-

301 1211 465 1261 ricum
509 1219 614 1260 non
646 1204 1023 1259 ordinandum.
1065 1202 1248 1272 Neque
1277 1215 1399 1257 eum
1430 1201 1519 1272 qui
1564 1215 1721 1257 unam
1760 1201 1879 1269 qui-

301 1300 439 1361 ι1υιιι,
476 1296 502 1334 b
536 1296 626 1351 sed
659 1294 1007 1353 concubinam
1047 1310 1151 1349 non
1192 1302 1491 1367 matronam
1534 1292 1735 1358 habuit.
1768 1292 1879 1359 Nec

301 1390 451 1451 itlum,
479 1389 570 1458 qui
598 1386 941 1451 viduam,aut
970 1385 1324 1455 repualiatam,
1352 1384 1436 1439 vel
1461 1384 1797 1453 meretricem
1826 1384 1878 1449 in

301 1479 638 1534 matrimonio
683 1478 925 1546 sumpsit.
996 1476 1179 1549 Neque
1226 1492 1348 1531 eum
1397 1475 1487 1546 qui
1535 1477 1878 1544 semetipsum

302 1573 538 1638 qtzt)III)cI.
581 1571 823 1641 corporis
861 1572 942 1643 sui
990 1570 1232 1626 membro
1273 1569 1636 1640 indignatione
1680 1570 1878 1639 aliqua,

303 1665 383 1718 vel
431 1664 573 1733 justo
624 1665 890 1734 injustove
940 1665 1127 1720 timore
1176 1671 1481 1731 superatus,
1533 1666 1876 1737 truncaverit.

1976 479 2171 524 nostrae
2212 468 2490 540 mysterio,
2522 483 2644 522 cum
2683 466 2859 521 dixit:
2893 464 3016 520 Non
3058 466 3224 520 bibam
3265 468 3450 521 ande
3488 470 3549 520 de

1975 561 2069 615 hoc
2097 561 2344 632 genimine
2370 560 2483 612 vitis
2505 557 2719 630 (Matth.
2748 555 2995 627 xxv1,29)
3014 572 3030 620 ;
3047 565 3101 611 et
3118 572 3254 628 aqua
3296 559 3546 625 mixtum,

1976 668 2081 708 non
2106 652 2246 723 quod
2279 660 2399 721 post
2438 666 2647 705 orenam
2684 650 2931 716 dabatur,
2977 651 3072 706 sed
3103 650 3244 722 quod
3272 651 3338 705 de
3385 653 3553 709 latere

1975 749 2092 816 ejus
2129 746 2312 801 lancea
2356 745 2596 815 perfosso
2640 759 2777 815 aqua
2828 760 2948 800 cum
3009 746 3266 815 sanguine
3341 761 3551 816 egressa

1980 837 2156 909 (Joan.
2199 854 2314 904 xix,
2339 837 2429 906 50,
2464 837 2577 908 51),
2607 837 2787 891 vinum
2816 836 2881 893 de
2911 853 3036 893 vera
3083 837 3198 908 ejus
3232 840 3408 894 carnis
3447 839 3553 895 vite

1978 944 2099 985 eum
2126 944 2262 999 aqua
2285 944 2600 998 expressum
2631 927 2952 983 ostenditur.

2516 1019 2742 1075 CAPUT
2782 1018 3013 1074 LXXVI.

2050 1111 2194 1168 Bona
2223 1119 2304 1167 est
2331 1124 2456 1167 caro
2486 1120 2686 1176 nostra,
2705 1118 2758 1165 et
2783 1110 2936 1165 valde
2964 1111 3122 1176 bona,
3140 1119 3195 1165 ut
3215 1121 3336 1180 p'ite
3358 1124 3386 1163 a
3412 1109 3553 1165 bono

1980 1207 2096 1260 solo
2124 1205 2233 1259 Deo
2272 1204 2521 1268 condita;
2564 1210 2620 1258 et
2650 1218 2753 1257 non
2795 1212 2875 1257 est
2905 1203 3062 1269 mala,
3107 1212 3164 1257 ut
3196 1206 3377 1258 volunt
3410 1203 3425 1239 ί
3461 1204 3559 1258 Se-

1983 1298 2216 1365 tliianns,
2246 1305 2299 1350 et
2320 1296 2616 1365 Opliianus,
2642 1303 2695 1349 et
2716 1294 3077 1359 Patricianus;
3103 1309 3201 1349 nec
3226 1292 3350 1348 mali
3372 1310 3554 1360 causa,

1981 1399 2040 1444 ut
2060 1389 2241 1444 docuit
2266 1387 2543 1443 Florianus
2568 1401 2709 1451 ;,ncc
2734 1401 2799 1441 ex
2833 1386 2974 1439 malo
3004 1394 3057 1441 et
3085 1386 3226 1439 bono
3253 1396 3555 1455 compacta,

1984 1490 2042 1536 ut
2090 1480 2409 1535 Manichaens
2462 1479 2810 1548 blasphemat.
2857 1478 2961 1533 Sed
3007 1494 3128 1532 eum
3175 1479 3247 1533 sit
3291 1480 3563 1534 creatione

1986 1574 2145 1638 bona,
2182 1572 2449 1626 arbitrioi
2499 1572 2691 1625 anima:
2731 1570 2961 1625 efﬁcitur
2990 1570 3143 1625 nobis
3183 1571 3263 1625 vel
3303 1570 3438 1625 bona
3479 1572 3564 1626 vel

1989 1665 2148 1732 mala,
2196 1680 2301 1718 non
2346 1663 2714 1717 immutatione
2757 1661 3086 1727 substantia},
3121 1662 3214 1717 sed
3265 1664 3566 1718 exsecutio-

306 1756 488 1825 Neque
515 1755 659 1808 illum
686 1753 775 1823 qui
809 1769 995 1808 usuras
1024 1754 1295 1822 accepisse
1321 1752 1678 1817 convincitur,
1712 1767 1800 1807 aut
1830 1755 1882 1807 in
1917 1759 1962 1832 β
1992 1757 2073 1808 nis
2104 1755 2370 1810 mercede.
2406 1756 2520 1823 Ipsa
2551 1755 2699 1809 enim
2725 1762 2807 1809 est
2832 1768 2949 1823 quae
2981 1754 3146 1808 stabit
3173 1764 3300 1808 ante
3336 1754 3571 1809 tribunal

304 1863 465 1903 scena
508 1848 698 1903 lusisse
729 1857 750 1885 ε
783 1847 1094 1903 dinoscitur.
1146 1846 1326 1916 Neque
1373 1862 1496 1901 eum
1538 1847 1624 1915 qui
1680 1847 1887 1916 publica

318 1938 630 2009 pcrnitentia
662 1938 903 2007 mortalia
934 1938 1156 1993 crimina
1188 1938 1367 1991 deﬂet.
1400 1937 1580 2006 Neque
1618 1937 1765 1991 illum
1794 1939 1884 2005 qui

306 2030 593 2100 aliquando
618 2027 643 2064 ά
672 2029 723 2082 in
765 2028 952 2083 furiam
988 2043 1171 2083 versus
1200 2029 1466 2095 insanivit,
1491 2029 1574 2083 vel
1602 2028 1891 2095 afﬂictione

308 2121 506 2175 diaboli
542 2128 762 2175 vexatus
790 2130 893 2175 est.
926 2121 1032 2174 Nec
1061 2136 1181 2175 eum
1206 2121 1295 2189 qui
1325 2136 1418 2188 per
1444 2120 1791 2175 ambitionem
1823 2118 1891 2172 ad

308 2213 661 2267 imitationem
696 2212 929 2267 Simonis
961 2214 1096 2280 magi
1127 2212 1403 2280 pecuniam
1433 2211 1605 2265 offert.

853 2303 1077 2360 CAPUT
1118 2302 1349 2357 LXXIII.

379 2393 701 2449 Sanctorum
736 2408 960 2461 corpora
1001 2404 1051 2446 et
1084 2394 1348 2461 prmeipue
1378 2392 1656 2448 beatorum
1687 2401 1892 2463 marty-

311 2501 428 2537 rum
456 2484 725 2553 reliquias,
747 2499 808 2538 ac
839 2484 879 2536 si
912 2482 1111 2538 Christi
1141 2483 1377 2537 membra
1408 2484 1767 2538 sincerissime
1789 2483 1897 2554 39

314 2575 649 2641 honoranda,
682 2586 735 2630 et
766 2576 1012 2630 basilicas
1038 2589 1220 2629 eorum
1255 2574 1558 2628 nominibus
1580 2574 1893 2645 appellatas,

312 2670 463 2724 velut
511 2670 622 2724 loca
664 2676 846 2722 sancta
889 2667 1068 2722 divino
1114 2667 1277 2735 cultui
1328 2669 1657 2743 mancipata,
1705 2667 1897 2720 affectu

315 2762 561 2829 piissimo
584 2773 637 2815 et
666 2762 948 2814 devotione
979 2758 1285 2814 ﬁdelissima
1308 2758 1579 2831 adeundas
1606 2758 1895 2813 credimus.

313 2853 368 2906 Si
414 2851 532 2920 quis
578 2860 762 2906 contra
811 2852 945 2904 lianc
984 2851 1303 2904 sententiam
1339 2849 1565 2917 venerit,
1608 2864 1715 2902 non
1744 2848 1902 2902 Chri-

316 2944 545 3009 stianus,
579 2944 670 2998 sed
699 2943 1063 2997 Eunomianus
1094 2952 1148 2997 et
1177 2944 1559 3012 Vigilantianus
1584 2950 1607 2980 ⁸
1640 2942 1899 2997 creditur.

316 3030 319 3033 ’
854 3035 1081 3089 CAPUT
1134 3034 1366 3088 LXXIV.

392 3124 686 3191 Baptizatis
717 3134 919 3178 tantum
949 3126 1048 3178 iter
1076 3138 1196 3178 esse
1226 3125 1414 3177 salutis
1443 3124 1727 3177 credimus.
1772 3123 1900 3177 Nul-
1927 3119 1974 3183 C

317 3214 433 3268 lum
467 3214 927 3275 catcchumenuin,
972 3214 1211 3283 quamvis
1251 3214 1302 3266 in
1350 3215 1500 3268 bonis
1531 3215 1779 3282 operibus
1808 3216 1900 3270 de-

321 3306 588 3368 functmn,
630 3304 787 3358 vitam
822 3316 1075 3359 aeternam
1119 3304 1318 3360 habere
1355 3304 1903 3375 credimus,~excepto

320 3394 602 3465 martyrio,
634 3396 720 3450 ubi
751 3405 856 3449 tota
899 3396 1145 3463 baptismi
1180 3406 1508 3450 sacramenta
1548 3398 1900 3464 complentur.

324 3487 683 3557 Baptizandus
711 3488 995 3542 conﬁtetur
1028 3488 1184 3543 ﬁdem
1210 3504 1355 3542 suam
1389 3504 1567 3543 coram
1602 3493 1903 3555 sacerdote,

323 3588 379 3634 et
406 3580 763 3648 interrogatus
789 3580 1106 3648 respondet:
1136 3580 1234 3635 hoc
1264 3592 1317 3635 et
1348 3592 1550 3652 martyr
1580 3596 1759 3635 coram
1789 3597 1907 3649 per-

324 3680 578 3727 sccutore
602 3672 743 3739 facit,
774 3674 860 3741 qui
893 3681 946 3727 et
975 3673 1255 3727 confitetur
1284 3672 1441 3727 ﬁdem
1473 3689 1645 3736 suam,
1670 3684 1723 3728 et
1745 3676 1908 3727 inter-

329 3776 555 3836 rogatus
583 3764 890 3833 reSpondet.
922 3765 1012 3818 Ille
1044 3773 1164 3834 post
1192 3766 1581 3819 confessionem
1613 3765 1695 3819 vel
1727 3780 1908 3834 asper-

324 3860 471 3929 gitur
490 3873 648 3928 aqua,
664 3858 745 3913 vel
769 3857 1073 3927 intingitur;
1094 3855 1112 3893 ί
1137 3867 1339 3925 martyr
1360 3872 1487 3910 vero
1506 3858 1587 3912 vel
1613 3856 1911 3926 aspergitur

326 3952 614 4020 sanguine,
637 3950 720 4005 vel
743 3951 1068 4020 contingitur
1089 3951 1229 4020 igne.
1248 3950 1337 4003 Ille
1362 3965 1550 4006 manus
1572 3952 1911 4019 impositione

329 4045 602 4114 pontiﬁcis
632 4045 822 4114 accipit
852 4044 1106 4115 Spiritum
1138 4054 1417 4109 sanctum;
1462 4044 1547 4100 hic
1576 4055 1600 4089 κ
1636 4046 1911 4100 habitacu-

328 4138 445 4193 lum
476 4136 705 4191 efﬁcitur
745 4136 975 4205 Spiritus
1016 4137 1210 4200 sancti,
1241 4136 1365 4190 dum
1406 4154 1510 4190 non
1551 4147 1633 4191 est
1672 4138 1784 4206 ipse
1823 4138 1912 4208 qui

333 4227 595 4297 loquitur,
636 4227 729 4283 sed
757 4224 782 4263 ιι
826 4227 1052 4296 Spiritus
1091 4227 1264 4280 Patris
1302 4228 1387 4295 qui
1440 4228 1671 4297 loiuitur
1712 4230 1761 4283 iu
1796 4228 1911 4284 illo.

335 4322 432 4376 Ille
489 4322 849 4377 communicat
907 4320 1244 4375 eucharistize
1298 4321 1353 4374 in
1405 4324 1915 4379 commemoratione

334 4415 529 4467 mortis
583 4396 826 4477 Domini;
870 4413 956 4469 hic
999 4414 1096 4481 ipsi
1146 4414 1360 4469 Christo
1400 4417 1765 4471 commoritur.
1817 4418 1914 4472 Ille

1992 1847 2211 1910 Christi,
2234 1847 2285 1900 in
2318 1863 2421 1916 quo
2450 1847 2871 1915 perferatanima
2904 1846 3118 1915 prorria
3147 1846 3390 1915 corporis
3416 1859 3572 1915 prout

1992 1941 2161 2009 gessit
2188 1939 2300 1993 sive
2330 1938 2527 1997 bonum
2554 1938 2667 1993 sive
2696 1939 2897 1992 malum
2927 1936 3069 2008 (Cor.
3105 1953 3156 2003 v,
3182 1936 3294 2006 10).

2520 2030 2746 2085 CAPUT
2788 2030 3042 2085 LXXVII.

2067 2124 2123 2179 In
2154 2125 2551 2179 resurrectione
2578 2138 2644 2177 ex
2670 2124 2896 2177 mortuis
2927 2138 3087 2178 sexus
3118 2124 3283 2179 forma
3321 2139 3425 2178 non
3457 2139 3575 2179 mu«

1999 2216 2219 2282 labitur,
2245 2218 2336 2271 sed
2374 2217 2453 2268 vir
2484 2225 2724 2269 mortuus
2754 2224 2997 2284 resurget
3025 2216 3076 2269 in
3105 2214 3271 2269 forma
3308 2215 3411 2287 41
3451 2217 3571 2283 viri,

1996 2318 2047 2363 et
2077 2308 2266 2362 femina
2295 2309 2344 2360 in
2369 2306 2537 2363 forma
2563 2306 2794 2373 feminae,
2835 2321 3025 2363 carens
3063 2316 3237 2361 tamen
3261 2322 3480 2362 sexuum
3516 2308 3570 2363 in

1996 2396 2098 2452 bac
2130 2398 2235 2450 vita
2267 2397 2593 2463 conditione,
2630 2410 2733 2450 non
2765 2397 2945 2464 specie
2973 2394 3223 2462 naturali,
3266 2412 3334 2451 ne
3364 2410 3469 2450 non
3505 2398 3575 2450 sit

1999 2503 2126 2543 vera
2151 2487 2497 2553 resurrectio,
2521 2488 2566 2542 si
2596 2502 2703 2542 non
2735 2487 2784 2542 id
2817 2495 3058 2556 resurget
3086 2487 3229 2557 quod
3256 2488 3418 2543 cadit.

2506 2578 2730 2636 CAPUT
2772 2579 3052 2635 LXXVIII.

2074 2672 2096 2709 ¹ί
2121 2673 2259 2729 Ante
2284 2673 2583 2743 passionem
2605 2681 2661 2727 et
2682 2666 3127 2731 resurrectionem
3145 2672 3377 2737 Domini,
3395 2684 3583 2729 omnes

2000 2767 2192 2821 animae
2237 2750 2541 2821 sanctorum
2572 2766 2623 2819 in
2657 2766 2867 2823 inferno
2907 2766 3007 2820 sub
3039 2765 3225 2821 debito
3264 2768 3581 2835 pracvarica-

2004 2856 2165 2911 tionis
2212 2856 2341 2909 Adae
2384 2855 2723 2922 tenebantur,
2771 2854 2943 2909 donec
2982 2857 3299 2911 auctoritate
3344 2856 3576 2926 Domini,

2004 2962 2100 3017 per
2133 2947 2421 3003 indebitam
2453 2948 2569 3017 ejus
2593 2957 2818 3003 mortem
2840 2962 2870 3001 a
2904 2948 3085 3003 servili
3115 2948 3419 3005 conditione
3442 2949 3580 3005 libe-

2004 3053 2271 3100 rarentur.
2796 3046 2801 3051 ’

2542 3134 2770 3190 CAPUT
2809 3133 3043 3188 LXXIX.

2077 3229 2203 3283 Post
2230 3229 2595 3282 ascensionem
2630 3226 2836 3291 Domiqi
2868 3226 2935 3289 ad
2969 3228 3156 3293 ccelos,
3193 3241 3427 3283 omnium
3456 3243 3580 3286 sane

2006 3332 2213 3376 ctutum
2246 3321 2438 3381 animae
2462 3335 2582 3379 cum
2614 3318 2827 3375 Christo
2848 3327 2994 3386 sunt,
3013 3329 3064 3373 et
3093 3330 3352 3374 exeuntes
3374 3322 3439 3375 de
3463 3338 3583 3377 eor-

2009 3428 2134 3482 pore
2173 3412 2238 3466 ad
2287 3411 2556 3466 Christum
2609 3410 2804 3464 vadunt
2839 3409 2883 3477 1,
2929 3422 3300 3480 exspectantes
3344 3428 3585 3470 resurre-

2007 3504 2236 3558 ctionem
2277 3503 2518 3571 corporis
2545 3502 2647 3567 sui,
2693 3510 2748 3554 ut
2787 3501 2855 3554 ad
2903 3501 3161 3570 integram
3193 3511 3243 3555 et
3276 3513 3583 3571 perpetuam

2010 3576 2388 3650 beatitudinem
2420 3608 2540 3647 cum
2571 3594 2687 3661 ipso
2717 3592 2917 3660 pariter
2949 3594 3332 3657 immolentur;
3366 3593 3501 3648 sient
3533 3606 3585 3649 et

2010 3696 2346 3753 peccatorum
2375 3684 2566 3735 animae
2596 3683 2645 3734 in
2675 3682 2880 3734 inferno
2909 3682 3009 3736 sub
3038 3682 3227 3737 timore
3258 3686 3463 3751 positai,
3495 3702 3587 3738 cx-

2011 3782 2257 3842 Spectant
2292 3773 2736 3826 resurrectionem
2765 3773 2843 3825 sui
2873 3788 3018 3839 corp:
3041 3775 3136 3840 ris,
3170 3782 3227 3826 ut
3251 3790 3369 3829 cum
3402 3785 3439 3811 ω
3470 3776 3586 3840 ipso

2013 3862 2223 3919 diabolo
2248 3862 2311 3916 ad
2343 3878 2462 3932 pmn
2483 3878 2551 3916 rm
2576 3870 2599 3897 ιι
2629 3861 2981 3915 detrudantur
3012 3870 3286 3916 aeternam.

2561 3954 2785 4010 CAPUT
2826 3954 3038 4009 LXXX.

2087 4047 2405 4102 Pmnitentia
2431 4045 2628 4100 aboleri
2662 4056 2874 4115 peccata
2908 4046 3267 4101 indubitanter
3295 4048 3585 4113 credimus,

2016 4140 2219 4194 etiamsi
2252 4139 2306 4192 in
2334 4139 2521 4192 ultimo
2546 4137 2668 4192 vita:
2696 4139 2885 4207 spiritu
2916 4138 3268 4193 admissorum
3309 4140 3586 4210 preniteat,

2015 4241 2066 4285 et
2095 4230 2300 4299 publica
2327 4229 2704 4282 lamentatione
2745 4228 2851 4305 42
2881 4238 3095 4296 peccata
3126 4229 3435 4297 prodantur,
3467 4232 3587 4302 quit

2018 4322 2346 4391 propositum
2379 4319 2494 4382 Dei,
2537 4333 2642 4389 quo
2680 4318 2917 4372 decrevit
2958 4320 3165 4374 salvare
3193 4321 3333 4389 quod
3362 4322 3593 4390 perierat

2020 4412 2173 4481 (Luc.
2207 4428 2317 4477 xix,
2352 4411 2429 4479 7),
2473 4418 2579 4464 stat
2616 4409 2920 4472 immobile;
2960 4420 3013 4463 et
3052 4410 3171 4465 ideo
3196 4413 3317 4479 quia
3346 4412 3587 4465 voluntas

332 4505 625 4561 conﬁtetur
663 4519 723 4558 se
761 4506 937 4558 mundi
968 4507 1171 4560 actibus
1201 4508 1655 4573 renuntiaturum;
1704 4509 1788 4563 hic
1816 4509 1913 4578 ipsi
1938 4498 1994 4556 D
2019 4505 2134 4574 ejus
2160 4518 2264 4557 non
2297 4510 2550 4568 mutatur,
2583 4501 2695 4555 sive
2721 4498 3093 4555 emendatione
3122 4503 3269 4566 vitro,
3301 4501 3343 4556 si
3387 4512 3594 4573 tempus

337 4595 611 4649 renuntiat
647 4596 791 4649 vitro.
840 4596 920 4655 Illi
959 4606 1172 4665 peccata
1217 4600 1393 4652 omnia
1435 4599 1813 4667 dimittuntur;
1862 4601 1914 4655 in

337 4687 445 4741 isto
475 4684 900 4755 exstinguuntur.

820 4776 930 4848 ao
967 4776 1189 4831 CAPUT
1230 4777 1437 4832 Lxxv.

418 4871 470 4925 In
502 4867 818 4924 cncharistia
844 4885 952 4923 non
983 4868 1139 4922 debet
1170 4884 1296 4936 pura
1319 4884 1451 4938 aqua
1479 4869 1684 4936 oﬂ'erri,
1714 4880 1771 4925 ut
1792 4872 1912 4941 qui-

342 4962 466 5017 dam
511 4961 817 5016 sobrietatis
856 4960 1114 5015 falluntur
1165 4960 1415 5029 imagine,
1447 4960 1543 5015 sed
1583 4963 1758 5017 vinum
1798 4979 1920 5019 eum

422 5152 447 5179 ⁸
488 5144 605 5209 Ms.,
631 5146 799 5201 semel.

420 5212 447 5251 ι)
488 5215 611 5277 Ms.,
639 5231 762 5279 non,
795 5231 891 5285 pro
919 5218 1030 5271 sed.

422 5295 443 5353 (ξ
484 5285 602 5349 Ms.,
640 5289 900 5353 probatur.

420 5350 446 5388 ἀ
483 5355 626 5427 Nove
641 5350 845 5427 dictum
873 5370 971 5427 pro
1005 5359 1057 5411 in
1098 5358 1322 5427 furorem
1366 5373 1553 5414 versus.
1590 5360 1663 5414 Ita
1697 5360 1923 5416 Vincen-

350 5426 455 5479 tius
494 5425 785 5506 Lirinensis
807 5426 873 5479 de
903 5425 1106 5481 Haeres.
1156 5444 1262 5499 κιρ.
1288 5430 1327 5504 5‘
1357 5430 1468 5483 ait:
1500 5432 1623 5486 Sese
1668 5432 1717 5484 iu
1761 5433 1921 5501 furias

350 5504 687 5564 praecipitare.

430 5572 451 5599 ⁸
494 5550 615 5627 bis...
650 5550 912 5619 habeatur.

430 5632 450 5671 ί
492 5634 567 5689 Ita
597 5650 695 5689 IIIS.
722 5637 847 5699 Alii,
877 5645 922 5689 et
945 5635 1027 5689 hic
1056 5654 1185 5692 rcro.

399 5714 450 5759 ,ι
493 5706 614 5771 Msa.
644 5704 961 5781 (oratorium.
1038 5710 1043 5713 ‘

2022 4588 2352 4665 conceditur,
2398 4594 2510 4648 sive
2542 4603 2565 4627 ο
2598 4592 2824 4661 supplici
2853 4591 3211 4657 confessione,
3254 4591 3300 4647 si
3345 4595 3597 4648 enutinao

2024 4687 2128 4741 vita
2158 4686 2456 4748 exceditur,
2499 4683 2653 4737 venia
2684 4690 3023 4750 peccatorum
3056 4681 3281 4738 ﬁdeliter
3309 4699 3595 4751 praesuma-

2026 4790 2112 4835 tur
2146 4780 2212 4832 ab
2254 4778 2343 4831 illo
2377 4774 2463 4846 qui
2508 4789 2617 4828 non
2659 4775 2768 4828 vult
2809 4783 3031 4855 mortem
3066 4776 3380 4845 peccatoris,
3424 4779 3514 4832 sed
3545 4788 3598 4832 ut

2026 4876 2365 4925 convertatur
2401 4883 2429 4920 a
2472 4865 2768 4935 perditione
2797 4865 3127 4935 paenitendo,
3156 4876 3212 4922 et
3237 4868 3469 4923 salvatus
3501 4870 3597 4923 mi-

2028 4961 2293 5018 seratione
2326 4959 2534 5013 Domini
2565 4962 2705 5012 vivat
2730 4957 2941 5028 (Ezech.
2963 4974 3070 5025 xix,
3090 4959 3191 5025 ‘25;
3214 4969 3257 5014 et
3284 4975 3467 5024 xxxiii,
3491 4961 3507 5012 1
3527 4961 3597 5029 1).

2101 5148 2127 5185 ³³
2166 5148 2287 5215 Ms,
2314 5147 2539 5213 Spiritus
2561 5154 2785 5215 sanctus,
2816 5159 2912 5214 pro
2936 5145 3163 5213 Spiritus
3190 5143 3381 5198 Patris.

2107 5218 2123 5257 ί
2170 5221 2291 5281 Με..
2329 5218 2713 5271 Thimoteaniet
2745 5217 3022 5271 Prisciani.

2104 5291 2117 5339 i
2171 5292 2293 5355 Ms.,
2329 5289 2507 5342 animi.

2100 5358 2123 5396 λ
2167 5363 2237 5414 Ita
2275 5374 2373 5414 ms.

2106 5428 2122 5467 ι
2165 5430 2260 5485 Ms.
2295 5430 2442 5484 addit
2463 5430 2593 5484 sicut
2616 5430 2859 5497 scriptum
2888 5438 3002 5482 at:
3033 5424 3299 5481 Justorum
3326 5426 3508 5479 annua:
3547 5426 3594 5482 in

2031 5518 2185 5556 manu
2217 5502 2307 5554 Dei
2328 5518 2414 5553 δυ).
2427 5510 2465 5553 t.

2111 5582 2147 5608 m
2188 5572 2261 5626 Ita
2287 5586 2386 5626 uis.

2110 5652 2135 5679 η
2175 5642 2269 5694 Ms.
2282 5681 2296 5705 ,
2327 5651 2697 5695 convertantur.

2110 5724 2134 5750 ι’
2175 5711 2293 5775 Μεη
2314 5711 2520 5785 publica
2550 5712 2873 5787 confessione.
