4096 6342
437 386 540 443 987

1640 375 1962 433 GENNADII
2003 374 2467 434 MASSILIENSIS
2503 370 2509 374 ’

3593 385 3709 441 988

432 503 555 571 quia
584 514 742 554 nemo
781 497 990 552 aliunde
1032 496 1083 551 ei
1113 495 1337 564 placeat,
1376 492 1477 550 nisi
1520 509 1585 549 ex
1614 508 1679 549 eo
1705 493 1844 563 quod
1896 492 2010 560 ipse
2038 472 2086 549 Ᾱ
2120 498 2215 547 bus
2240 484 2473 549 donetur
2502 496 2653 561 fides,
2699 484 2771 551 ut"
2801 488 3094 553 idololatrie
3134 513 3198 552 an
3249 515 3354 568 imp
3377 504 3532 555 etatie
3585 517 3709 557 suae

432 594 743 651 donaverit:
773 591 823 645 in
855 604 1011 659 quam
1042 603 1138 643 nos
1160 578 1483 645 sententiam
1514 588 1696 658 dirigit
1734 587 1900 642 beatae
1932 602 2008 641 re.

431 686 753 742 cerdationis
794 696 941 753 papm
988 682 1185 737 Zosimi
1209 682 1472 750 regularis
1522 682 1809 736 auctoritas
1836 720 1850 744 ,
1884 694 2004 733 cum

433 778 672 836 scribens
709 775 775 830 ad
824 778 985 830 totius
1018 774 1163 828 orbis
1204 774 1486 844 episcopos
1527 774 1639 828 ait:
1673 772 1779 827 Nos
1830 781 2007 826 autem

433 872 683 926 instinctu
710 868 802 923 Dei
833 866 1033 939 (omnia
1060 867 1202 921 enim
1231 867 1368 921 bona
1415 866 1481 921 ad
1530 875 1802 921 auctorem
1847 881 2001 920 suum

431 962 710 1021 referenda
734 971 856 1015 sunt
887 959 1025 1014 unde
1053 957 1387 1027 nascuntur),
1417 959 1480 1013 ad
1504 957 1726 1014 fratrum
1744 968 1798 1015 et
1818 962 2004 1030 coepi-

433 1069 713 1125 scoporum
752 1062 1053 1107 nostrorum
1096 1050 1475 1106 conscientiam
1520 1051 1765 1106 universa
1817 1053 2011 1107 retuli-

431 1161 568 1204 mus.
601 1145 749 1200 IIunc
775 1155 950 1199 autem
988 1158 1289 1204 sermonem
1341 1143 1717 1198 sincerissima:
1764 1146 2009 1199 veritatis

433 1243 551 1298 luce
594 1226 891 1296 radiantem
926 1245 1073 1292 tanto
1102 1238 1213 1293 Afri
1243 1237 1476 1306 episcopi
1511 1237 1719 1293 honore
1766 1239 2005 1291 venerati

432 1345 576 1401 sunt,
598 1343 657 1390 ut
679 1338 748 1389 ita
777 1333 840 1386 ad
858 1332 1109 1387 .eumdem
1138 1331 1306 1384 virum
1331 1340 1354 1366 ιι
1376 1332 1673 1385 scriberent
1697 1348 1708 1383 :
1744 1333 1843 1401 15
1874 1330 2005 1385 Illud

434 1442 566 1493 vero
594 1425 734 1496 quod
768 1425 820 1478 in
852 1423 1041 1478 litteris
1092 1437 1225 1491 quas
1272 1422 1336 1475 ad
1385 1422 1657 1475 universas
1709 1423 2007 1489 provincias

434 1517 631 1573 curasti
674 1530 793 1569 esse
841 1512 1128 1568 mittendas
1168 1512 1409 1580 posuiSti,
1441 1512 1661 1568 dicens:
1692 1512 1801 1568 Nos
1828 1524 2005 1571 tamen

435 1608 690 1677 instinctu
711 1605 826 1670 Dei,
846 1614 977 1671 etc.,
1007 1603 1083 1657 sic
1105 1603 1397 1671 accipimus
1423 1602 1650 1668 dictum,
1687 1617 1741 1657 ut
1771 1605 1891 1659 illos
1915 1606 2005 1676 qui

435 1710 622 1757 contra
652 1698 743 1753 Dei
769 1697 1091 1766 adjutorium
1137 1696 1400 1750 extollunt
1445 1696 1661 1749 humani
1686 1697 1891 1751 arbitrii
1937 1698 2005 1751 Ii-

436 1795 737 1863 bertatem,
788 1790 1031 1847 districto
1081 1788 1279 1859 gladio,
1316 1788 1553 1842 veritatis
1606 1789 1753 1843 velut
1803 1792 2001 1845 cursim
2035 1827 2057 1863 4.

2114 589 2408 645 liberentur
2432 591 2724 656 erroribus,
2749 593 2847 663 1'7
2871 600 2928 647 ut
2948 592 3165 659 Iuda-is,
3196 594 3370 648 ablato
3391 596 3569 649 cordi:
3603 612 3623 647 ι
3640 616 3707 647 e-

2113 681 2332 745 Iamine,
2359 683 2445 737 lux
2470 685 2709 738 veritatis
2740 696 3012 753 appareat,
3060 695 3115 738 ut
3149 685 3385 739 haeretici
3413 688 3707 741 catholicae

2114 773 2235 828 Iidci
2264 777 2607 844 perceptione
2640 776 2974 845 resipiscam,
3001 788 3053 827 ιιι
3082 777 3404 832 scbismatici
3432 778 3702 844 Spiritum

2112 866 2361 920 rediviva:
2390 868 2627 921 caritatis
2667 868 2946 937 accipiant,
2978 877 3033 921 ut
3062 868 3227 935 lapsis
3252 869 3576 936 paenitentia:
3607 885 3704 924 re-

2114 957 2287 1011 media
2330 957 2694 1026 conferantur,
2728 967 2785 1013 ut
2811 959 3041 1029 denique
3075 960 3471 1015 catechumenis
3508 963 3574 1017 ad
3606 979 3671 1019 re

2111 1053 2472 1121 generationis
2500 1063 2832 1105 sacramenta
2866 1052 3153 1121 perductis,
3200 1054 3434 1109 caelestis
3479 1056 3696 1110 miseri-

2110 1142 2308 1195 cordiae
2339 1143 2454 1195 aula
2494 1141 2512 1179 τ
2548 1156 2833 1198 reseretur.
2869 1144 2995 1197 llam
3022 1153 3200 1199 autem
3246 1161 3352 1199 non
3385 1148 3698 1215 perfuncto-

2112 1233 2189 1287 rie
2234 1249 2404 1303 neque
2452 1234 2677 1290 inaniter
2718 1252 2745 1288 a
2781 1235 3003 1291 Domino
3044 1239 3167 1305 peti,
3223 1253 3401 1293 rerum
3450 1238 3695 1307 ipsarum

2112 1332 2374 1378 monstrat
2403 1324 2644 1392 eITectus,
2692 1326 3116 1395 quandoquidem
3160 1343 3222 1381 ex
3255 1330 3400 1383 omni
3443 1344 3694 1383 errorum

2109 1430 2306 1485 genere
2338 1416 2596 1484 plurimos
2642 1417 2780 1473 Deus
2807 1418 3054 1486 dignatur
3080 1420 3371 1487 attrahere,
3404 1437 3539 1491 quos
3569 1437 3698 1476 eru-

2112 1516 2195 1561 tos
2245 1509 2310 1562 de
2361 1517 2623 1577 potestate
2670 1510 3006 1564 tenebrarum
3041 1511 3330 1567 transferat
3375 1513 3424 1565 in
3465 1528 3694 1583 regnum

2112 1599 2228 1653 Filii
2260 1601 2495 1654 caritatis
2525 1616 2655 1666 suae,
2680 1613 2733 1656 et
2762 1616 2825 1655 ex
2852 1603 2989 1656 vasis
3013 1603 3105 1657 iraa
3135 1603 3293 1658 faciat
3325 1619 3447 1658 vasa
3482 1606 3697 1659 miseri-

2112 1694 2327 1747 cordize.
2362 1694 2513 1761 Quod
2541 1694 2674 1750 adeo
2706 1704 2872 1749 totum
2903 1696 3065 1751 divini
3098 1698 3274 1767 operis
3296 1713 3416 1753 esse
3438 1700 3692 1764 sentitur,

2114 1793 2169 1835 ut
2213 1784 2326 1838 haec
2368 1784 2632 1839 efticientc
2677 1786 2787 1841 Deo
2815 1789 3104 1855 gratiarum
3154 1805 3369 1855 semper
3408 1790 3549 1844 actio
3579 1793 3698 1845 lau-

438 1886 703 1953 transiens
732 1890 1055 1954 amputares.
1089 1880 1225 1947 Quid
1256 1881 1394 1935 enim
1441 1891 1546 1935 tam
1575 1881 1743 1937 libero
1774 1881 1799 1920 δ
1834 1882 2006 1938 fecisti
2034 1852 2085 1919 Β
2114 1874 2301 1945 disque
2351 1876 2621 1932 confessio
2649 1893 2746 1947 pro
2776 1880 3164 1936 illuminatione
3196 1883 3377 1937 talium
3410 1884 3489 1939 vel
3518 1899 3698 1939 corre-

437 1979 678 2043 arbitrio,
711 1992 868 2047 quam
913 1974 1054 2046 quod
1103 1974 1350 2029 universa
1381 1974 1433 2028 iu
1466 1983 1662 2028 nostra:
1695 1975 2007 2033 lnnnilitatis

436 2070 813 2129 conscientiam
847 2079 869 2107 ο
905 2067 1130 2122 retuliin
1156 2066 1177 2120 ?
1208 2076 1259 2120 et
1292 2076 1465 2121 tamen
1510 2066 1762 2122 instinctu
1808 2068 1900 2122 Dei
1933 2068 2009 2121 fa-

436 2175 577 2221 ctum
610 2176 729 2218 esse
757 2160 986 2214 fideliter
1011 2159 1386 2229 sapienterque
1411 2159 1610 2224 vidisti,
1652 2165 1920 2215 veraciter
1945 2162 2008 2213 Ii—

436 2259 728 2326 denterque
757 2254 981 2321 dixisti,
1007 2252 1131 2307 Ideo
1160 2252 1363 2321 utique,
1395 2254 1517 2323 quia
1550 2262 1878 2322 praiparatur
1913 2270 2011 2308 vo-

436 2336 612 2407 luntas
640 2363 669 2403 a
693 2346 937 2402 Domino.
971 2344 1036 2399 Et
1074 2352 1133 2398 ut
1182 2345 1303 2399 boui
1350 2344 1548 2414 aliquid
1579 2354 1739 2415 agant
1777 2350 2011 2415 paternis

436 2442 871 2515 inspiratiouibus
896 2456 1114 2496 suorum
1139 2441 1252 2509 ipse
1300 2448 1481 2509 tangat
1508 2440 1669 2494 corda
1698 2437 1725 2477 ἀ
1758 2440 2006 2498 filiorum.

439 2536 692 2604 Quotquot
707 2536 839 2589 enim
850 2534 1027 2605 spiritu
1042 2530 1137 2585 Dei
1151 2541 1392 2602 aguntur,
1415 2532 1467 2585 Ιιὶ
1484 2532 1579 2600 ﬁlii
1594 2530 1687 2585 Dei
1698 2546 1815 2587 sunt
1830 2534 2007 2604 (Rom.

440 2644 556 2695 vui,
575 2628 693 2695 Ib);
714 2636 771 2681 ut
793 2640 890 2680 nec
913 2634 1154 2680 nostrum
1178 2624 1369 2679 deesse
1388 2624 1682 2678 sentiamus
1703 2612 2007 2692 arbitrium,

438 2719 576 2773 etin
612 2718 765 2772 bonis
809 2716 1104 2786 quibusque
1152 2716 1438 2769 voluntatis
1488 2715 1735 2771 humanae
1784 2718 2013 2788 singulis

439 2813 694 2879 motibus,
722 2811 889 2883 magis
907 2810 1047 2866 illius
1069 2812 1246 2865 valere
1263 2825 1371 2865 non
1395 2810 1700 2866 dubitemus
1731 2812 2008 2866 auxilium.

993 2902 1221 2959 CAPUT
1258 2902 1469 2959 XXVII.

468 3070 472 3074 '
511 2998 584 3051 lta
610 2996 750 3051 Deus
779 3011 846 3050 ex
875 2994 1126 3050 cordibus
1156 2994 1450 3063 hominum,
1483 3004 1641 3063 atque
1667 3004 1688 3032 ε
1719 2996 1773 3051 in
1812 2996 1924 3063 ipSo
1954 2996 2016 3050 Ii-

442 3089 571 3146 bero
620 3099 871 3159 operatur
916 3087 1158 3155 arbitrio,
1209 3098 1267 3144 ut
1306 3098 1492 3145 sancta
1540 3090 1822 3159 cogitatio,
1872 3091 2013 3162 pium

441 3183 745 3249 consilium,
775 3182 1053 3251 omnisque
1081 3190 1257 3237 motus
1286 3182 1442 3238 bona
1472 3183 1760 3239 voluntatis
1799 3198 1866 3238 ex
1906 3184 2016 3239 Deo

443 3277 513 3331 sit
541 3295 553 3329 :
582 3276 701 3344 quia
736 3289 828 3344 per
866 3274 1012 3330 illum
1055 3274 1253 3345 aliquid
1283 3275 1406 3330 boni
1438 3290 1740 3346 possumus,
1766 3275 1884 3331 sine
1909 3291 2017 3346 quo

443 3365 572 3423 nihil
598 3379 900 3436 possumus.

980 3457 1207 3514 CAPUT
1244 3456 1475 3513 XXVIII.

515 3548 821 3618 Quicunque
862 3546 1053 3603 dixerit
1098 3549 1322 3619 gratiam
1358 3549 1472 3616 Dei,
1521 3564 1621 3619 qua
1668 3549 2019 3614 justifieamur

445 3654 541 3710 per
566 3639 745 3694 Iesum
777 3638 1044 3694 Cltristum
1078 3639 1360 3695 Dominum
1406 3650 1669 3706 nostrum,
1704 3641 1805 3711 ιθ
1833 3640 1897 3693 ad
1929 3655 2019 3693 so-

445 3730 551 3785 lam
582 3729 953 3786 remissionem
979 3739 1316 3799 peccatorum
1360 3732 1539 3784 valere
1568 3746 1685 3798 qua:
1704 3728 1818 3800 jam
1868 3744 2016 3784 com-

444 3822 606 3879 missa
635 3830 780 3888 sunt,
811 3837 915 3877 non
945 3822 1106 3877 etiam
1134 3821 1199 3876 ad
1243 3822 1564 3892 adjutorium
1595 3822 1778 3892 gratia:
1828 3830 1884 3876 ut
1912 3837 2017 3876 nou

445 3913 865 3981 committantur,
892 3913 1172 3968 anathema
1195 3913 1285 3967 sit.

998 4004 1225 4060 CAPUT
1270 4004 1458 4059 χχιχ.
1910 4078 1913 4081 _

514 4097 763 4167 Quisquis
789 4097 983 4153 dixerit
1008 4097 1234 4166 gratiam
1261 4096 1351 4152 Dei
1385 4113 1478 4166 per
1522 4096 1701 4152 Jcsum
1749 4095 2018 4150 Christum

440 4197 662 4259 promer
692 4190 795 4243 hoc
818 4198 1020 4243 tantum
1047 4202 1143 4241 nos
1164 4186 1418 4255 adjuvare
1442 4186 1509 4240 ad
1539 4203 1642 4241 non
1671 4185 2017 4256 peccandum,

444 4283 567 4351 quia
600 4297 695 4351 per
720 4282 890 4351 ipsum
922 4280 1076 4335 nobis
1096 4280 1363 4335 revelatur
1393 4281 1702 4349 etaperitur
1723 4281 2021 4350 intelligen-

447 4374 518 4429 tia
545 4374 937 4438 mandatorum,
972 4383 1030 4427 ut
1073 4373 1305 4426 sciamus
1333 4374 1459 4442 quid
1491 4383 1764 4441 appetere,
1796 4381 1850 4427 et
1893 4372 2020 4442 quid

445 4466 617 4519 vitare
659 4464 968 4530 debeamus,
1001 4478 1107 4517 non
1143 4472 1321 4518 autem
1371 4479 1465 4531 per
1504 4463 1645 4518 illam
1691 4464 1841 4517 nobis
1885 4479 2019 4531 prce-

448 4553 576 4609 stari
623 4562 679 4608 ut
724 4553 864 4623 quod
911 4554 1206 4609 faciendum
1255 4554 1601 4624 cognovimus
1646 4554 1804 4609 etiam
1848 4554 2021 4609 facere

446 4646 728 4716 diligamus
755 4654 913 4717 atque
938 4646 1227 4714 valeamus,
1258 4648 1541 4713 anathema
1571 4649 1659 4701 sit.

1019 4737 1242 4794 CAPUT
1283 4738 1451 4794 XXX.

522 4828 956 4884 Obsecrationum
984 4844 1193 4899 quoque
1238 4814 1647 4885 sacerdotalium
1687 4840 2021 4884 sacramen'a

452 4919 819 4991 respiciamus,
837 4935 957 4990 quae
977 4919 1045 4973 ab
1078 4919 1336 4988 apostolis
1362 4921 1552 4975 tradita
1574 4920 1626 4975 in
1659 4930 1770 4974 toto
1802 4918 2017 4982 mundo,

448 5024 609 5085 atque
648 5013 699 5068 in
738 5011 885 5068 omni
930 5011 1191 5067 catholica
1236 5010 1473 5066 Ecclesia
1517 5012 1851 5065 uniformiter
1875 5012 2021 5063 cele-

450 5106 691 5170 brantur,
723 5113 783 5158 ut
811 5104 981 5173 legem
1010 5101 1287 5169 credendi,
1320 5102 1401 5157 lex
1432 5110 1631 5156 statuat
1670 5100 2021 5169 supplicandi.

448 5195 582 5253 Cum
607 5194 749 5251 enim
781 5205 1082 5250 sanctarum
1110 5192 1342 5263 plebium
1376 5191 1630 5261 praesules
1673 5191 1915 5246 mandata
1949 5191 2023 5244 si-

450 5287 616 5343 bimet
645 5287 906 5357 legatione
930 5286 1212 5356 fungantur
1235 5284 1375 5353 apud
1406 5284 1636 5339 divinam
1660 5284 2021 5351 clementiam,

394 5434 397 5437 .
451 5378 666 5433 humani
695 5378 906 5448 generis
937 5386 1099 5447 agunt
1138 5391 1374 5443 causam,
1406 5385 1461 5431 et
1493 5385 1600 5431 tota
1631 5391 1808 5431 secum
1840 5376 2024 5432 Eccle-

452 5472 529 5527 sia
553 5472 981 5541 congemisceute
1011 5469 1280 5539 postulant
1308 5480 1357 5524 et
1402 5477 1683 5539 precmtur
1712 5478 1767 5523 ut
1796 5468 2022 5524 infideli-

526 5642 551 5670 ι
578 5633 833 5698 Isidorus,
859 5632 1187 5687 resciiberent

526 5702 550 5740 δ
579 5703 829 5764 Isidorus.
866 5703 1075 5771 fecistis.

532 5783 554 5811 ο
588 5772 839 5839 Isidorus,
868 5774 1126 5830 retulistis.

528 5842 553 5880 ά
580 5842 737 5900 Isido'
753 5861 832 5902 us.
868 5846 1112 5899 ﬁdelium.

2112 1970 2289 2026 ctione
2319 1971 2633 2027 referantur.

2679 2064 2905 2122 CAPUT
2948 2067 3136 2121 XXXI.

2186 2153 2316 2208 Illud
2360 2155 2521 2210 etiam
2568 2157 2709 2227 quod
2755 2160 2896 2214 circa
2942 2160 3291 2228 baptizandos
3339 2162 3391 2216 in
3441 2164 3696 2217 universo

2114 2246 2313 2300 mundo
2344 2256 2525 2302 sancta
2563 2248 2801 2305 Ecclesia
2852 2252 3186 2307 uniformiter
3229 2255 3339 2322 agit
3384 2269 3490 2308 non
3521 2255 3695 2308 otioso

2114 2325 2540 2408 contemplamur
2569 2342 2778 2398 intuitu.
2833 2344 2964 2399 Cum
2997 2347 3109 2400 sive
3141 2347 3367 2415 parvuli,
3400 2348 3513 2401 sive
3536 2349 3695 2416 juve-

2115 2444 2209 2483 nes
2253 2429 2319 2483 ad
2369 2436 2793 2501 regenerationis
2846 2440 3061 2493 veniunt
3106 2448 3538 2505 sacramentum,
3587 2457 3693 2496 non

2114 2526 2261 2591 prius
2289 2523 2487 2580 fontem
2516 2528 2637 2582 vita:
2666 2530 2878 2596 adeant,
2908 2546 3066 2599 quam
3097 2534 3415 2587 exorcismis
3443 2543 3497 2589 et
3517 2536 3697 2589 exsuf-

2116 2610 2422 2669 Ilationibus
2453 2618 2767 2674 clericorum
2800 2622 3017 2690 spiritus
3044 2623 3112 2678 ab
3140 2623 3219 2679 eis
3251 2624 3556 2679 immundus
3582 2626 3699 2679 ab?-

2114 2715 2309 2774 gatur;
2370 2720 2423 2763 ut
2473 2720 2597 2765 tunc
2644 2728 2770 2767 vere
2817 2726 3070 2783 appareat
3118 2725 3142 2762 ε
3188 2715 3401 2784 quando
3448 2714 3697 2785 princeps

2116 2800 2296 2853 mundi
2330 2804 2433 2873 18
2475 2804 2632 2873 hujus
2673 2806 2911 2860 mittatur
2955 2807 3095 2861 foras
3135 2806 3314 2874 (Joan.
3365 2823 3458 2869 xtl,
3494 2808 3608 2877 5i),
3641 2817 3696 2861 et

2114 2894 2383 2960 quomodo
2415 2896 2559 2962 prius
2586 2896 2831 2967 alligetur
2861 2896 3034 2964 fortis,
3064 2907 3118 2952 et
3139 2898 3392 2967 deinceps
3424 2914 3546 2952 vasa
3578 2900 3697 2969 ejus

2116 2983 2430 3054 diripiantur
2458 2986 2673 3055 (Matth.
2704 3003 2795 3052 xu,
2827 2987 2946 3059 29),
2980 2990 3029 3043 in
3070 2990 3463 3058 possessionem
3521 3001 3696 3045 trans-

2118 3077 2221 3131 lata
2254 3079 2490 3141 victoris,
2524 3072 2621 3150 qui
2650 3082 2902 3149 captivam
2940 3082 3076 3134 ducit
3120 3082 3496 3150 captivitatem,
3529 3092 3573 3137 et
3602 3088 3692 3137 dat

2046 3192 2087 3243 λ
2121 3174 2257 3224 dona
2286 3172 2575 3227 hominibus
2609 3173 2824 3243 (Ephes-
2855 3189 2927 3240 ιν,
2960 3174 3039 3243 8)·

2665 3265 2890 3321 CAI’UT
2930 3265 3142 3321 XXXII.

2128 3414 2131 3415 ν
2192 3358 2440 3413 Omnium
2482 3359 2739 3415 bonorum
2798 3361 3082 3416 affectuum
3127 3371 3284 3431 atque
3328 3378 3592 3432 operum,
3643 3375 3696 3419 et

2123 3450 2359 3504 omnium
2391 3451 2685 3507 studiorum
2719 3453 3065 3523 omniumque
3114 3453 3365 3507 virtutum
3407 3456 3601 3524 quibus
3630 3456 3696 3510 ab

2122 3541 2273 3597 initio
2301 3541 2417 3597 ‘idei
2440 3541 2505 3596 ad
2528 3544 2688 3597 Deum
2715 3544 2965 3609 tenditur,
2990 3544 3154 3600 Deum
3180 3544 3492 3614 profitemur
3517 3556 3695 3601 aucto-

2124 3651 2259 3690 rem.
2287 3636 2355 3690 Et
2383 3650 2485 3689 non
2515 3635 2817 3692 dubitamus
2844 3638 2911 3692 ab
2940 3638 3103 3707 ipsius
3124 3641 3290 3708 gratia
3320 3640 3495 3693 omnia
3528 3640 3698 3693 homi-

2122 3729 2206 3781 n's
2235 3726 2420 3782 metita
2465 3729 2767 3796 praeveniri,
2798 3743 2891 3797 per
2914 3744 3071 3798 quem
3106 3729 3160 3782 fit
3188 3739 3241 3784 ut
3265 3730 3460 3799 aliquid
3493 3730 3614 3783 boni
3646 3745 3697 3784 et

2124 3820 2262 3875 velle
2292 3819 2605 3890 incipiamus
2632 3830 2685 3875 et
2712 3822 2903 3875 facere.
2927 3821 3043 3887 Quo
3066 3822 3246 3888 utique
3275 3822 3472 3875 auxilio
3504 3832 3552 3875 et
3578 3838 3697 3875 mn-

2125 3926 2254 3966 nere
2279 3911 2367 3964 Dei
2400 3927 2503 3965 non
2531 3912 2769 3966 aufertur
2792 3912 3017 3966 liberum
3050 3913 3350 3979 arbitrium,
3384 3912 3475 3966 sed
3508 3914 3700 3966 libi-ra-

2124 4014 2231 4066 tur,
2260 4014 2315 4058 ut
2344 4004 2412 4058 de
2442 4007 2729 4059 tenebroso
2760 4004 3015 4069 lucidum,
3049 4004 3116 4060 de
3165 4020 3329 4072 pravo
3376 4013 3599 4068 rectum,
3636 4006 3700 4058 de

2124 4094 2373 4163 languido
2402 4109 2612 4160 sanum,
2638 4094 2711 4151 de
2738 4096 3073 4163 imprudente
3100 4096 3170 4150 sit
3201 4096 3499 4162 providum.
3532 4096 3699 4148 Tanta

2125 4183 2265 4239 enim
2294 4195 2372 4238 est
2402 4200 2522 4254 erga
2550 4200 2737 4239 omnes
2772 4186 3015 4240 homines
3042 4187 3251 4241 bonitas
3292 4186 3403 4250 Dei,
3437 4197 3489 4238 ut
3521 4196 3699 4238 nostra

2125 4276 2252 4331 velit
2277 4290 2396 4330 esse
2423 4277 2608 4331 merita
2640 4292 2758 4346 quae
2804 4287 2927 4330 sunt
2958 4278 3121 4346 ipsius
3165 4277 3326 4345 dona,
3376 4288 3427 4330 et
3475 4292 3570 4345 pro
3617 4278 3699 4330 hi;

2123 4383 2242 4437 quae
2281 4367 2498 4437 largitus
2528 4378 2609 4422 est
2636 4378 2833 4424 aeterna
2864 4372 3079 4439 praemia
3119 4371 3185 4424 sit
3217 4370 3530 4424 donaturus.
3580 4370 3701 4439 Ath

2125 4460 2320 4531 quippe
2351 4461 2402 4515 in
2434 4461 2587 4516 nubis
2620 4470 2676 4515 ut
2714 4464 2852 4530 quod
2886 4463 2994 4517 vult
3022 4473 3069 4518 et
3102 4465 3326 4517 velimus
3358 4476 3411 4518 et
3440 4480 3701 4533 agamus;

2047 4595 2102 4658 Β
2126 4567 2225 4607 nec
2253 4554 2424 4607 otiosa
2454 4567 2571 4607 esse
2603 4554 2654 4607 in
2689 4554 2841 4608 nobis
2886 4555 3081 4623 patitur
3118 4571 3235 4622 qua:
3260 4555 3560 4610 exercenda
3594 4571 3699 4608 non

2127 4646 2436 4716 negligenda
2467 4649 2684 4701 donavit
2718 4664 2729 4699 :
2767 4656 2822 4701 ut
2866 4658 2919 4702 et
2964 4664 3060 4701 nos
3108 4657 3484 4716 cooperatores
3536 4649 3703 4701 simus

2123 4740 2307 4812 gratiae
2338 4739 2450 4807 Dei,
2481 4755 2542 4794 ac
2568 4742 2611 4793 si
2653 4742 2777 4810 quid
2824 4741 2877 4794 in
2909 4742 3059 4796 nobis
3086 4757 3148 4795 ex
3182 4750 3361 4796 nostra
3412 4741 3702 4795 viderimus

2124 4820 2440 4887 remissione
2468 4832 2832 4901 languescere,
2884 4832 2947 4885 ad
2996 4832 3140 4885 illum
3188 4832 3413 4886 sollicite
3461 4846 3695 4895 recurra-

2126 4940 2264 4989 mns,
2289 4926 2374 4991 qui
2401 4935 2546 4978 sanat
2574 4941 2741 4978 omnes
2766 4916 3034 4992 languores
3074 4933 3295 4989 nostros,
3326 4932 3373 4976 rt
3402 4924 3602 4975 redimit
3642 4925 3702 4975 de

2125 5018 2332 5070 interitu
2363 5016 2463 5086 l9
2506 5016 2656 5067 vitam
2689 5026 2915 5066 nostram
2960 5012 3130 5082 (Psal.
3175 5028 3287 5075 CIII,
3321 5015 3372 5075 5,
3404 5013 3493 5081 ι);
3523 5023 3577 5067 et
3616 5015 3696 5067 cui

2125 5106 2360 5178 quotidie
2388 5107 2616 5160 dicimus
2644 5122 2656 5157 :
2688 5104 2765 5157 Ne
2792 5122 2881 5157 nos
2910 5105 3121 5157 inducas
3148 5106 3200 5157 in
3229 5106 3576 5163 (curationem,
3617 5104 3701 5157 sed

2125 5201 2283 5254 libera
2314 5216 2403 5253 uos
2427 5216 2457 5252 a
2479 5198 2612 5251 malo
2634 5198 2845 5266 (.IIatt/t.
2882 5212 2950 5260 γι,
2983 5196 3059 5264 2).
3240 5252 3247 5259 _

2668 5288 2892 5343 CAPUT
2934 5287 3167 5342 XXXIII.

2198 5383 2513 5451 Quicunque
2534 5382 2656 5435 dicit
2682 5381 2791 5434 Ada
2818 5402 2844 5430 ιι
2874 5382 3100 5449 primum
3126 5382 3392 5435 hominem
3421 5380 3703 5434 tttortalt'ttt

2129 5476 2346 5539 factum,
2382 5474 2450 5526 ita
2484 5482 2538 5526 ut
2565 5473 2674 5526 sive
2706 5482 2968 5540 peccaret,
3001 5472 3111 5528 sive
3146 5488 3249 5528 non
3296 5481 3562 5541 peccaret,
3592 5490 3707 5525 ui;-

2214 5644 2236 5671 ⁶
2269 5634 2518 5699 Isidorus,
2544 5634 2617 5686 in.

2211 5704 2229 5741 ί
2264 5704 2515 5769 Isidorus,
2542 5708 2760 5772 referam
2794 5742 2807 5755 .

2209 5785 2231 5823 ε
2265 5774 2516 5839 Isidorus,
2545 5776 2812 5844 quomodo.
