4096 6342
347 404 467 463 989

1292 401 1377 457 DE
1417 401 1960 459 ECCLESIASTICIS
2000 403 2442 460 DOGMATIBUS
2484 404 2704 461 LIBER.

3527 410 3628 462 9.30

349 529 593 581 reretur,
639 534 690 572 ιιι
730 532 951 587 corpore
982 516 1103 583 hoc,
1150 517 1201 571 id
1241 506 1340 584 est,
1371 517 1439 573 de
1469 532 1696 589 corpore
1742 519 1935 583 exiret,
1967 516 2237 589 Ajustus,
2265 534 2383 572 cum
2415 519 2467 573 in
2510 519 2749 572 oratione
2798 518 3068 586 pntraliter
3098 518 3300 573 diceret
3334 539 3344 571 :
3385 518 3627 575 Peccavi-

353 628 471 666 non
524 612 722 680 peccati
770 610 980 675 merito,
1038 609 1134 666 sed
1178 611 1501 667 necessitate
1544 622 1771 679 naturae,
1818 624 1943 665 ana-

351 707 544 762 thema
571 707 661 761 sit.

920 797 1143 855 CAPUT
1183 798 1421 854 XXXIV.

428 891 747 959 Quicunque
795 889 1044 958 parvulos
1088 900 1332 945 recentes
1380 891 1449 945 ab
1506 890 1670 947 uteris
1713 899 1941 945 matrum

348 982 708 1053 baptizandos
735 990 909 1052 negat,
938 994 1028 1036 aut
1068 982 1194 1037 dicit
1232 984 1282 1037 in
1326 985 1701 1039 remissionem
1731 984 1942 1054 quidem

350 1084 700 1144 peccatorum
731 1090 825 1129 eus
856 1075 1131 1143 baptizari,
1165 1076 1256 1131 sed
1289 1076 1416 1130 nihil
1450 1092 1514 1131 ex
1542 1076 1706 1131 Adam
1732 1078 1946 1131 trahere

348 1166 636 1235 originalis
681 1167 905 1235 peccati,
952 1168 1093 1236 quod
1145 1167 1356 1223 lavacro
1404 1168 1828 1237 regenerationis
1852 1183 1948 1222 ex-

348 1256 559 1327 pietur,
589 1256 727 1312 unde
748 1258 818 1312 sit
843 1272 1177 1326 consequens
1200 1262 1322 1314 utin
1345 1261 1425 1315 eis
1453 1260 1623 1316 l'orma
1655 1260 1945 1329 baptisma-

350 1350 425 1402 tis
476 1348 531 1402 in
581 1351 951 1403 remissionem
987 1358 1325 1417 peccatorum
1361 1367 1466 1405 non
1508 1368 1655 1422 vera,
1691 1353 1781 1407 Sed
1814 1353 1943 1407 l'alsa

348 1438 705 1507 intelligatur,
732 1440 1012 1494 anathema
1058 1442 1145 1494 sit.
1176 1441 1436 1509 Quoniam
1471 1459 1577 1498 non
1603 1446 1761 1499 aliter
1791 1444 1948 1499 intel-

347 1528 631 1600 ligendum
656 1542 737 1586 est
763 1534 905 1602 quod
936 1532 1348 1603 aitApnstulus:
1380 1534 1483 1589 Per
1509 1553 1665 1589 unum
1694 1536 1947 1590 hominem

348 1635 624 1692 peccatum
650 1626 856 1677 ἱιιιναυΓι
895 1626 945 1677 in
975 1626 1240 1691 mundum,
1286 1637 1332 1679 et
1366 1643 1453 1697 per
1482 1640 1741 1698 peccatum
1774 1645 1944 1692 mors;

350 1724 400 1765 et
427 1714 507 1766 ita
535 1715 585 1767 in
618 1731 789 1767 omnes
826 1713 1050 1768 homines
1092 1718 1381 1783 pertransiit
1411 1718 1462 1771 in
1494 1735 1594 1787 quo
1624 1735 1793 1773 omnes
1826 1734 1946 1789 pec-

350 1816 598 1859 mv.runt
630 1804 806 1877 (Rom.
839 1821 889 1869 ν,
932 1804 1046 1873 lz‘);

2050 627 2183 676 mus,
2215 611 2526 680 iniquitatem
2559 613 2766 680 fecimus
2787 609 2947 679 (Dan.
2980 627 3053 676 ιιι,
3074 611 3153 679 5),
3186 622 3238 666 et
3267 622 3481 679 caetera,
3511 629 3629 683 qua:

2048 703 2119 757 ibi
2164 704 2425 756 veraciter
2478 713 2531 757 et
2571 704 2843 759 humiliter
2892 706 3177 759 conﬁtetur
3221 720 3286 760 ne
3329 718 3626 775 putaretur,

2045 794 2499 863 quemadmodum
2545 796 2757 863 quidam
2810 797 3065 859 sentiunt,
3116 798 3215 851 hnc
3260 815 3362 852 non
3392 799 3457 855 tle
3496 802 3627 867 suis,

2047 884 2142 939 sed
2168 885 2235 940 de
2258 887 2434 955 populi
2463 888 2542 940 sui
2575 886 2774 941 dixisse
2797 892 3022 956 peccatis
3048 907 3061 953 ;
3096 900 3274 958 postea
3305 892 3475 947 dixit:
3500 890 3627 946 Cum

2048 993 2246 1029 orarem
2275 989 2320 1030 et
2349 980 2613 1047 conﬁterer
2644 990 2850 1046 peccata
2876 998 2987 1034 mea
3014 993 3059 1034 et
3088 994 3293 1052 peccata
3327 984 3505 1055 populi
3532 987 3630 1040 mei

2050 1068 2272 1123 Domino
2304 1068 2411 1122 Deo
2436 1086 2543 1123 meo
2574 1070 2761 1141 (lbid.,
2787 1072 2877 1139 20)
2904 1089 2919 1127 ε
2971 1072 3138 1127 noluit
3186 1074 3363 1128 dicere
3415 1084 3629 1144 peccata

2049 1171 2232 1214 nostra
2253 1201 2267 1225 ,
2298 1161 2389 1215 sed
2421 1161 2597 1230 populi
2629 1163 2707 1215 sui
2738 1163 2875 1216 dixit
2901 1174 2953 1217 et
2982 1179 3109 1229 sua,
3141 1167 3391 1233 quoniam
3426 1167 3629 1222 futuros

2050 1251 2181 1305 istos
2202 1251 2292 1321 qui
2325 1262 2429 1305 tam
2458 1252 2597 1307 male
2628 1251 2652 1290 ιι
2679 1253 3035 1323 intelligerent
3074 1266 3320 1327 tanquam
3373 1259 3628 1330 propheta

2050 1342 2315 1412 praevidit.

2502 1441 2607 1508 22
2644 1437 2872 1493 carur
2915 1439 3177 1494 xxxvu.

2121 1526 2433 1597 Quicunque
2465 1529 2577 1596 ipsa
2608 1529 2764 1582 verba
2806 1529 3087 1584 dominica:
3126 1532 3385 1588 orationis
3431 1533 3517 1588 ubi
3549 1532 3627 1589 di~

2051 1618 2223 1674 cimus
2254 1637 2266 1671 ε
2301 1618 2511 1674 Dimitte
2540 1622 2682 1673 nobis
2708 1621 2877 1674 debita
2923 1632 3117 1690 nostra,
3151 1624 3221 1677 ita
3246 1625 3430 1680 volunt
3454 1642 3481 1680 a
3504 1641 3628 1681 san-

2050 1714 2153 1769 etis
2182 1713 2308 1776 dici,
2338 1726 2391 1768 ut
2412 1714 2684 1768 humiliter
2707 1730 2810 1768 non
2835 1716 3095 1770 veraciter
3122 1716 3222 1771 hoc
3244 1717 3468 1782 dicatur,
3495 1735 3624 1773 ana-

1096 1808 1193 1861 nisi
1223 1810 1674 1877 quemadmodum
1709 1810 1944 1864 Ecclesia
1987 1816 2029 1863 ο
2054 1806 2231 1859 thema
2261 1805 2348 1858 sit.
2383 1805 2512 1872 Quis
2539 1806 2678 1859 enim
2726 1805 2863 1860 l‘erat
2889 1816 3153 1872 orantem,
3182 1824 3287 1862 non
3322 1809 3625 1864 hominibus

350 1898 620 1950 catholica
667 1898 862 1966 ubique
907 1898 1095 1951 diffusa
1126 1914 1339 1965 semper
1382 1902 1661 1955 intellexit.
1718 1901 1942 1968 Propter
1971 1896 2138 1957 380d
2191 1897 2290 1966 ipSi
2342 1897 2567 1951 Domiti0
2618 1900 2993 1961 mentientem.
3022 1898 3111 1968 qui
3162 1898 3317 1953 labiis
3358 1901 3457 1955 sibi
3503 1902 3629 1955 dicit

353 1989 500 2042 hane
532 1988 673 2043 enim
726 1989 845 2044 litlei
877 1991 1111 2060 regulam
1145 1992 1303 2044 etiam
1351 1993 1575 2060 parvuli,
1609 1994 1718 2062 2ο
1744 1995 1830 2061 qui
1864 1993 1944 2047 ni-

352 2078 429 2133 hil
462 2091 805 2151 peeeatorum
832 2081 882 2135 in
912 2092 933 2117 ο
964 2083 1157 2151 δυὶρείε
1186 2083 1357 2138 adhuc
1380 2086 1718 2139 committere
1751 2096 1941 2152 potue-

352 2181 508 2231 rtmt,
538 2170 657 2225 ideo
688 2172 737 2224 in
772 2183 1114 2239 peccatorum
1155 2174 1525 2229 remissionem
1560 2178 1820 2230 veraciter
1853 2176 1944 2231 ba-

353 2265 652 2332 ptizantur,
702 2276 755 2318 ut
805 2266 856 2318 in
894 2265 971 2319 eis
1012 2267 1414 2336 regeneratione
1450 2268 1767 2330 mandetur.
1804 2269 1944 2338 quod

354 2356 712 2426 generatione
742 2367 1038 2412 traxerunt.

912 2448 1139 2505 CAPUT
1182 2450 1395 2504 XXXV.

432 2543 587 2608 Quod
616 2542 690 2597 ait
714 2552 929 2597 sanctus
961 2543 1196 2597 Joannes
1224 2544 1537 2613 apostolus:
1568 2544 1628 2599 Si
1670 2544 1951 2597 dixerimus

356 2636 485 2702 quia
538 2645 793 2703 peccatum
830 2652 929 2688 non
977 2636 1237 2706 habemus,
1280 2652 1372 2687 nos
1403 2636 1539 2702 ipsos
1569 2636 1875 2700 seducimus,
1907 2645 1952 2689 et

358 2729 551 2780 veritas
579 2728 630 2779 in
660 2728 800 2780 nobis
830 2745 928 2781 non
960 2738 1029 2781 est
1076 2727 1123 2800 (1
1151 2725 1307 2780 Joan.
1333 2744 1372 2792 ι,
1397 2727 1474 2797 8),
1505 2728 1747 2797 quisquis
1768 2728 1844 2782 sic
1864 2742 1952 2782 ac—

358 2816 673 2888 eipiendutn
717 2818 1000 2886 putaverit,
1053 2829 1111 2872 ut
1156 2817 1298 2873 dicat
1338 2828 1556 2887 propter
1598 2818 1952 2872 humilitatem

362 2923 476 2962 tton
506 2920 755 2977 oportere
783 2908 908 2973 dici,
960 2924 1056 2963 nos
1102 2925 1205 2962 non
1257 2908 1456 2963 habere
1496 2917 1795 2978 peccatum,
1847 2924 1953 2961 non

363 3003 496 3069 quia
537 3002 732 3057 veritas
762 3010 863 3065 est,
914 3001 1193 3055 anathema
1227 3003 1312 3055 sit.
1345 3002 1595 3070 Sequitur
1646 3003 1788 3055 enim
1822 3015 1954 3069 apo—

364 3092 543 3147 stolus
571 3102 622 3145 et
653 3092 929 3163 adjungit:
966 3093 1027 3147 Si
1048 3107 1213 3145 autent
1234 3094 1455 3162 confessi
1486 3094 1734 3159 fuerimus
1753 3102 1957 3162 peccata

368 3192 570 3243 nostra,
603 3184 767 3249 ﬁdelis
796 3194 867 3237 est
896 3194 943 3237 et
978 3186 1150 3254 justus
1189 3184 1275 3251 qui
1312 3184 1533 3236 remittat
1581 3184 1723 3237 nobis
1750 3193 1959 3252 peccata

2050 1990 2243 2045 dimitti
2289 1992 2463 2053 velle,
2510 2000 2565 2046 et
2603 1993 2765 2046 corde
2805 1991 2934 2047 dicit
2983 2008 3102 2062 qua:
3151 1993 3250 2047 sibi
3299 1993 3631 2049 dimittantur

2049 2082 2224 2138 debita
2257 2098 2360 2137 non
2398 2083 2620 2138 habere.

2577 2173 2807 2230 CAPUT
2848 2174 3137 2229 XXXVIII.

2124 2264 2179 2319 Si
2205 2265 2322 2333 quis
2360 2280 2455 2333 per
2479 2264 2735 2319 oll‘ensam
2769 2266 3222 2334 praevaricationis
3253 2267 3378 2322 Ada:
3407 2284 3513 2322 non
3544 2278 3628 2322 to-

2054 2364 2186 2421 tum,
2213 2354 2262 2409 id
2290 2364 2391 2419 est,
2415 2354 2710 2410 secundum
2741 2368 2935 2423 corpus
2964 2365 3020 2411 et
3046 2356 3280 2411 animam
3312 2358 3362 2412 in
3395 2359 3632 2413 deterius

2052 2445 2184 2499 dicit
2231 2447 2499 2500 hominem
2552 2456 2978 2512 commutatum,
3038 2448 3133 2503 sed
3171 2450 3364 2503 anima:
3391 2449 3636 2507 libertate

2053 2535 2218 2607 illmsa
2245 2536 2504 2603 durante,
2542 2552 2737 2606 corpus
2769 2539 3140 2595 tantummodo
3163 2542 3490 2612 corruptioni
3521 2557 3637 2596 creo

2054 2627 2132 2682 dit
2188 2628 2501 2697 obnoxium,
2545 2628 2744 2699 Pelagii
2796 2645 2983 2685 errore
3032 2631 3285 2700 deceptus
3325 2632 3637 2687 adversatur

2060 2721 2352 2789 Scriptum
2377 2720 2574 2775 dicenti
2606 2739 2617 2772 :
2648 2722 2832 2775 Aninta
2861 2738 2974 2792 qua:
2995 2724 3294 2791 peccaverit,
3326 2723 3437 2793 ipsa
3460 2724 3639 2777 morie~

2057 2824 2139 2867 tur
2171 2811 2383 2883 (Each.
2414 2828 2559 2879 xvnt,
2593 2812 2675 2881 4),
2697 2822 2751 2867 et
2779 2830 2794 2866 :
2835 2813 3061 2869 Nescitis
3091 2816 3330 2885 quoniam
3359 2817 3441 2869 cui
3470 2816 3639 2869 obedi-

2057 2904 2159 2969 tis,
2211 2913 2256 2958 et
2293 2920 2325 2957 a
2367 2920 2468 2974 quo
2514 2904 2625 2975 quis
2680 2914 2970 2973 superatur,
3024 2907 3134 2976 ejus
3175 2922 3349 2961 servus
3401 2909 3640 2978 adjicitur

2056 2993 2236 3063 (liam.
2268 3009 2355 3060 v1,
2384 2994 2514 3066 16)?

2599 3080 2825 3143 CAPUT
2864 3087 3109 3144 XXXIX.

2131 3175 2187 3231 Si
2210 3176 2327 3246 quis
2346 3176 2443 3231 soli
2466 3175 2596 3231 Adte
2627 3180 3119 3247 praevaricationem
3149 3194 3323 3247 suam,
3356 3195 3457 3235 non
3482 3181 3640 3236 etiam

369 3286 417 3328 et
446 3275 652 3328 mundat
681 3292 770 3329 nos
792 3276 852 3329 ab
877 3277 1011 3331 omni
1031 3275 1316 3345 iniquitate.
1346 3275 1441 3331 Ubi
1462 3277 1589 3329 satis
1612 3286 1830 3345 apparet
1853 3276 1954 3331 hoc
1980 3258 2027 3321 C
2058 3267 2174 3336 eius
2205 3268 2482 3338 propagini
2529 3272 2720 3324 asserit
2768 3270 3038 3336 nocuisse.
3080 3279 3171 3327 aut
3217 3280 3365 3326 certe
3413 3282 3639 3326 mortem

369 3380 485 3420 non
514 3373 713 3419 tantum
742 3366 1033 3432 humiliter,
1070 3366 1162 3421 sed
1197 3368 1357 3421 etiam
1407 3370 1674 3422 veraciter
1700 3368 1824 3423 dici.
1858 3369 1959 3423 Po-

371 3463 515 3508 terat
542 3454 683 3508 enim
714 3455 987 3522 apostolus
1016 3456 1232 3526 dicere’_:
1261 3456 1319 3512 Si
1350 3457 1640 3512 dixerimus
1676 3477 1686 3510 :
1723 3460 1837 3513 Non
1867 3460 1960 3514 ha-

371 3546 567 3600 bemus
591 3557 885 3617 peceatum,
919 3563 1015 3603 nos
1053 3549 1199 3617 ipsos
1230 3550 1557 3613 extollimus,
1600 3560 1653 3605 et
1687 3550 1958 3605 humilitas

373 3637 427 3690 in
458 3636 613 3692 nobis
658 3654 760 3692 non
792 3646 892 3691 eSt.
922 3638 1026 3693 Sed
1058 3654 1177 3695 cum
1205 3638 1317 3693 ait:
1347 3639 1459 3693 Nos
1487 3640 1623 3708 ipsos
1653 3643 1955 3709 decipimus,

375 3736 421 3783 et
452 3731 632 3783 veritas
660 3731 709 3783 in
742 3730 884 3784 nobis
915 3746 1015 3783 non
1044 3741 1137 3797 est,
1180 3734 1311 3785 satis
1337 3733 1574 3786 ostendit
1604 3749 1723 3787 eum
1752 3735 1840 3801 qui
1873 3733 1959 3787 di-

374 3821 516 3875 xerit
548 3834 607 3875 se
637 3835 742 3875 non
775 3819 975 3876 habere
1004 3830 1300 3890 peccatum,
1333 3838 1436 3876 non
1468 3837 1652 3876 verum
1676 3822 1840 3893 loqui,
1866 3824 1959 3878 sed

378 3913 591 3968 falsum.
1430 3940 1440 3953 ι

917 4005 1142 4062 CAPUT
1184 4005 1424 4063 XXXVI.

454 4102 769 4171 Quicunque
797 4101 993 4154 dixerit
1015 4100 1066 4154 in
1088 4101 1331 4156 oratione
1352 4100 1617 4155 dominica
1641 4099 1761 4155 ideo
1784 4100 1963 4155 dicere

379 4201 596 4247 sanctos
620 4209 633 4245 :
662 4191 865 4245 Dimitte
889 4190 1029 4245 nobis
1054 4190 1219 4243 debita
1236 4193 1336 4262 21
1361 4198 1534 4244 nostra
1554 4188 1768 4261 (Matth.
1788 4206 1859 4254 vt,
1879 4190 1960 4260 ἓ),

381 4293 442 4337 ut
470 4299 574 4338 non
616 4298 709 4352 pro
741 4284 932 4351 seipsis
964 4283 1064 4337 hoc
1092 4282 1289 4345 dicant,
1322 4282 1440 4350 quia
1474 4297 1581 4336 non
1609 4290 1693 4336 est
1733 4282 1810 4336 eis
1852 4281 1962 4351 jam

383 4375 687 4429 necessaria
719 4374 815 4427 ista
850 4374 1056 4443 petitio,
1087 4373 1180 4428 sed
1210 4388 1305 4443 pro
1342 4373 1459 4428 aliis
1490 4373 1578 4442 qui
1619 4382 1744 4428 sunt
1789 4374 1839 4427 in
1867 4388 1965 4428 suo

380 4464 585 4534 populo
606 4474 911 4530 peceatores
934 4481 948 4529 ;
975 4472 1027 4517 et
1049 4464 1169 4518 ideo
1192 4479 1296 4519 non
1328 4464 1510 4520 dicere
1532 4479 1966 4534 unumquemque

383 4561 713 4616 sanctorum,
744 4554 950 4609 dimitte
979 4555 1107 4609 mihi
1138 4556 1316 4610 debita
1345 4572 1487 4621 mea,
1517 4557 1609 4611 sed
1638 4557 1845 4612 dimitte
1873 4572 1967 4611 ιο-

385 4645 470 4700 bis
498 4653 711 4713 peccata
743 4653 945 4708 nostra,
978 4654 1038 4698 ut
1068 4644 1170 4699 hoc
1198 4662 1294 4715 pro
1320 4647 1437 4701 aliis
1471 4649 1647 4717 potius
1676 4663 1834 4718 quam
1867 4662 1965 4717 pro
1989 4627 2044 4688 ι)

383 4751 444 4791 se
464 4735 643 4806 justus
673 4742 856 4804 petere
903 4730 1249 4804 intelligatur,
1283 4741 1565 4792 anathema
1598 4742 1685 4792 sit.
1735 4739 1965 4795 Sanetus

382 4826 525 4880 enim
556 4831 611 4878 et
634 4824 810 4895 jusms
838 4833 953 4879 erat
996 4826 1267 4893 apostolus
1295 4820 1525 4882 Iacobus
1566 4844 1686 4884 cum
1712 4829 1960 4884 dicebat:

384 4917 452 4970 In
483 4918 651 4971 multis
693 4916 824 4971 enim
863 4908 1166 4985 o/fenditnus
1220 4934 1390 4972 omnes
1438 4917 1575 4989 (Jac.
1610 4935 1687 4987 ut,
1718 4921 1800 4989 2).
1835 4922 1965 4977 Nam

384 5008 810 5078 quare’additum
840 5017 942 5073 est,
969 5023 1175 5073 omnes,
1206 5009 1306 5063 nisi
1339 5018 1395 5063 ut
1428 5010 1523 5063 ista
1555 5013 1815 5066 sententia
1839 5027 1967 5067 eon-

384 5103 593 5155 veniret
640 5101 844 5175 psalmo
876 5101 968 5157 ubi
1016 5100 1254 5172 legitur:
1290 5100 1372 5155 Ne
1414 5102 1569 5155 intres
1618 5104 1671 5155 in
1708 5104 1968 5173 judicium

388 5206 503 5243 cum
533 5207 671 5244 servo
703 5201 810 5258 tuo,
832 5192 1073 5261 quoniam
1099 5207 1200 5246 non
1219 5192 1593 5264 justiﬁcabitur
1614 5195 1667 5246 in
1698 5205 1969 5262 conspectu

388 5290 474 5335 tuo
514 5283 674 5336 omnis
703 5282 870 5338 virens
891 5281 1062 5354 (Psal.
1092 5299 1274 5351 exuit,
1307 5284 1407 5354 3)?
1439 5284 1506 5339 Et
1534 5286 1587 5339 in
1619 5285 1859 5341 oratione
1885 5302 1970 5339 sa-

388 5374 706 5441 pientissimi
737 5375 1039 5431 SalomOnis
1064 5392 1079 5429 :
1111 5374 1234 5430 Non
1265 5385 1338 5431 est
1368 5377 1517 5431 homo
1543 5378 1629 5447 qui
1659 5394 1763 5431 non
1801 5387 1971 5445 peccet

392 5462 584 5535 (Eccle.
616 5465 841 5535 vu,21).
873 5467 939 5519 Et
972 5467 1022 5519 in
1055 5466 1189 5521 libro
1214 5468 1382 5523 sancti
1412 5466 1513 5524 Job
1542 5485 1553 5521 :
1588 5466 1653 5522 In
1681 5486 1835 5522 manu
1862 5486 1971 5522 om-
2022 5494 2038 5502 -

391 5556 466 5608 nis
489 5557 706 5611 hominis
734 5558 919 5627 signat,
963 5566 1018 5609 ut
1055 5560 1182 5612 sciat
1217 5561 1377 5613 omnis
1424 5560 1574 5613 homo
1616 5560 1967 5628 infirmitatem

389 5659 531 5698 suam
561 5645 697 5709 (Job.
731 5662 929 5711 xxxvn,
961 5648 1037 5716 7).
1066 5647 1216 5704 Unde
1246 5649 1408 5706 etiam
1440 5650 1628 5709 Daniel
1656 5662 1874 5708 sanctus
1914 5662 1969 5709 et

462 5830 487 5857 ⁸·
520 5821 770 5891 Isidorus,
803 5834 955 5878 semet
981 5824 1119 5893 ipsis.

2062 3369 2267 3415 tantum
2296 3362 2535 3431 corporis
2556 3376 2674 3432 quae
2700 3377 2856 3431 poena
2890 3364 3089 3433 peccati
3113 3372 3214 3430 est,
3250 3381 3358 3420 non
3382 3374 3557 3420 autem
3589 3375 3643 3421 et

2064 3465 2381 3525 peccatum,
2412 3452 2553 3525 quod
2586 3469 2731 3509 mors
2763 3466 2845 3510 est
2875 3456 3067 3511 animm
3091 3502 3104 3525 ,
3135 3471 3230 3525 per
3259 3473 3421 3513 unum
3466 3456 3644 3511 homi-

2065 3561 2187 3601 nem
2219 3548 2268 3599 in
2296 3561 2455 3601 omne
2480 3561 2649 3616 genus
2666 3548 2771 3617 23
2800 3546 3088 3603 humanum
3117 3550 3375 3604 transisse
3397 3556 3639 3610 testatur,

2064 3636 2376 3705 iniustitiam
2395 3636 2504 3691 Deo
2522 3636 2687 3701 dabit,
2711 3638 3087 3693 contradicens
3119 3640 3378 3708 Apostnlo
3407 3639 3604 3694 dicenti
3627 3657 3640 3694 :

2065 3727 2169 3781 Per
2190 3744 2347 3780 unum
2375 3727 2629 3781 hominem
2666 3739 2925 3795 peccatum
2956 3732 3162 3783 intravit
3192 3733 3247 3783 in
3276 3732 3526 3784 mundum
3546 3773 3560 3795 ,
3590 3740 3639 3785 et

2064 3836 2154 3888 per
2184 3828 2442 3889 peccatum
2471 3837 2627 3888 mors,
2661 3832 2707 3873 et
2739 3821 2812 3875 ita
2839 3823 2893 3876 in
2930 3838 3104 3877 omnes
3131 3822 3357 3878 homines
3384 3835 3644 3893 pertrans-

2063 3912 2152 3975 iit,
2175 3912 2229 3965 in
2258 3928 2355 3981 quo
2390 3928 2561 3965 omnes
2597 3913 2823 3967 homines
2864 3921 3191 3983 peccaverunt
3221 3913 3391 3985 (Rom.
3440 3931 3490 3982 ν,
3534 3914 3640 3978 12).

2668 4005 2893 4061 CAPUT
2933 4005 3045 4061 XL.

2138 4094 2191 4149 Si
2214 4095 2333 4166 quis
2364 4096 2698 4151 invocatione
2725 4096 2955 4151 humana
2974 4096 3198 4168 gratiam
3224 4097 3315 4153 Dei
3334 4098 3461 4153 dicit
3490 4112 3645 4167 posse

2067 4185 2321 4250 conferri,
2353 4200 2459 4242 non
2487 4196 2664 4241 autem
2687 4186 2857 4256 ipsam
2879 4188 3101 4256 gratiam
3134 4188 3311 4244 facere
3341 4199 3398 4244 ut
3430 4188 3644 4243 invoce-

2069 4287 2154 4332 tur
2180 4294 2209 4331 a
2242 4277 2423 4345 nobis,
2469 4277 2789 4333 contradicit
2836 4279 3007 4333 Esaiae
3039 4280 3311 4348 propheta:
3339 4320 3354 4345 ,
3389 4280 3469 4334 vel
3500 4280 3644 4348 Apo-

2067 4370 2207 4426 stolo
2251 4370 2390 4425 idem
2421 4370 2620 4425 dicenti
2652 4388 2664 4423 :
2709 4368 2949 4426 Inventus
2979 4389 3094 4425 sum
3122 4389 3152 4426 a
3183 4389 3284 4426 non
3311 4373 3647 4443 quaerentibus

2068 4480 2168 4530 me,
2200 4465 2374 4536 palam
2396 4466 2613 4536 apparui
2637 4465 2714 4519 his
2741 4465 2828 4535 qui
2848 4480 2927 4519 me
2955 4481 3055 4519 non
3080 4467 3455 4536 interrogabant
3481 4462 3647 4535 (Esai.

2068 4572 2191 4620 va,
2225 4558 2287 4622 l;
2320 4556 2469 4611 Rom.
2497 4573 2547 4621 x,
2572 4555 2684 4626 20).

2661 4646 2887 4703 CAPUT
2930 4648 3040 4705 XLI

2141 4740 2197 4795 Si
2226 4741 2344 4809 quis
2371 4750 2425 4794 ut
2449 4755 2477 4794 a
2511 4748 2731 4809 peccato
2761 4755 3048 4809 purgemur
3068 4741 3394 4797 voluntatem
3416 4750 3650 4798 nostram

2072 4831 2238 4886 Deum
2267 4840 2578 4897 exSpeetare
2600 4829 2896 4900 contendit,
2928 4847 3030 4886 non
3056 4842 3231 4887 autem
3262 4843 3315 4887 ut
3340 4834 3497 4887 etiam
3528 4848 3652 4901 pur-

2072 4922 2184 4991 gari
2209 4921 2450 4988 velimus,
2482 4936 2574 4990 per
2596 4923 2762 4977 sancti
2788 4922 3020 4991 Spiritus
3047 4923 3363 4979 inlusionem
3387 4937 3437 4979 et
3463 4938 3653 4992 opera-

2076 5012 2271 5065 tionem
2318 5009 2371 5064 in
2402 5010 2555 5065 nobis
2576 5011 2689 5064 lieri
2716 5014 3035 5078 conﬁtetur,
3072 5015 3273 5069 resistit
3303 5014 3400 5079 ipsi
3424 5012 3648 5082 Spiritui

2074 5112 2279 5169 sancto,
2316 5119 2409 5172 per
2434 5102 2773 5161 Salomonem
2800 5105 2999 5162 dicenti
3023 5124 3036 5160 :
3068 5106 3398 5178 Prteparatur
3424 5104 3654 5160 voluntas

2072 5213 2105 5249 a
2134 5194 2389 5263 Domino;
2427 5206 2480 5250 et
2515 5198 2774 5267 Apostolo
2818 5198 3104 5253 salubriter
3135 5197 3439 5267 praedicanti
3472 5215 3483 5250 :
3524 5197 3656 5251 Deus

2074 5300 2147 5345 est
2175 5291 2259 5361 qui
2289 5302 2529 5361 Operatur
2559 5293 2610 5345 in
2656 5293 2800 5346 nobis
2830 5303 2876 5347 et
2903 5291 3029 5347 velle
3042 5301 3107 5358 ιι
3133 5293 3375 5363 perﬁcere
3402 5308 3495 5363 pro
3524 5290 3658 5345 bona

2074 5383 2331 5437 voluntate
2355 5381 2580 5455 (Philip.
2613 5399 2651 5439 ll
2680 5427 2694 5449 ,
2732 5385 2842 5454 i5).

2660 5476 2886 5532 CAPUT
2927 5474 3081 5531 XLII.
3150 5510 3155 5511 ν

2149 5566 2205 5621 Si
2246 5568 2365 5637 quis
2387 5568 2528 5623 sicut
2558 5578 2898 5638 augmentum
2929 5612 2944 5637 ,
2979 5570 3049 5623 ita
3076 5578 3234 5622 etiam
3266 5566 3473 5621 initium
3500 5564 3619 5619 lidei
3640 5605 3659 5633 ,

2079 5657 2359 5727 ipsumque
2406 5660 2737 5715 credulitatis
2777 5660 3026 5715 aliectum
3054 5700 3069 5729 ,
3110 5674 3216 5729 quo
3246 5658 3298 5713 in
3330 5673 3452 5713 eum
3483 5658 3659 5713 credi-

2148 5833 2189 5915 _b
2212 5834 2463 5901 Isidorus.
2496 5837 2806 5897 intelliqant.
