4096 6342
418 365 510 421 991
1636 354 1950 411 ΟΕΝΝΑυΙΙ
1992 352 2455 409 ΜΔΞΞΙΙΛΕΝΞΙΒ

420 491 536 530 Inus
558 476 643 545 qui
672 474 919 545 iustiﬂeat
944 470 1162 541 impium
1186 468 1361 541 (Rom.
1390 485 1459 531 Iv,
1494 468 1570 539 Ei),
1596 477 1648 522 et
1675 468 1739 522 ad
1771 482 1994 538 regene-
2021 467 2072 525 Α

419 568 679 621 rationem
735 566 873 619 sacri
921 562 1256 633 baptismatis
1306 560 1412 632 24.
1468 561 1838 630 pervenimus,
1894 574 2000 613 non

418 658 603 727 gratia:
639 657 864 718 donum,
917 655 969 709 id
1018 663 1119 718 est,
1175 668 1271 722 per
1314 652 1719 721 inspirationem
1769 652 2001 720 Spiritus

419 752 588 805 sancti
628 736 981 820 corrigentem
1015 749 1347 802 voluntatem
1393 756 1631 801 nostram
1676 745 1744 800 ab
1774 744 1998 800 inﬁdeli-

419 851 527 899 tate
550 842 614 897 ad
643 841 823 908 ﬁdem,
856 841 924 895 ab
950 841 1226 910 impietate
1254 840 1319 894 ad
1352 841 1627 909 pietatem,
1658 839 1751 895 sed
1785 848 2004 893 natura-

418 936 542 990 liter
570 934 723 989 nobis
774 935 953 989 inesse
988 933 1151 998 dicit,
1182 931 1489 1001 apostolicis
1537 931 1878 1001 dogmatibus
1908 931 2004 987 ad—

417 1027 691 1083 versarius
719 1026 1064 1097 approbatur,
1099 1026 1256 1081 beato
1276 1027 1522 1095 aposmlo
1557 1024 1720 1078 Paulo
1745 1024 1957 1079 dicente
1985 1038 1998 1080 τ

418 1120 734 1191 Con/idimus
762 1120 882 1189 quia
910 1119 997 1187 qui
1036 1118 1184 1186 coepit
1230 1118 1284 1170 in
1325 1118 1462 1171 vobis
1488 1116 1673 1169 bonum
1696 1132 1826 1186 Opus
1850 1115 2005 1187 perri;

418 1215 509 1267 ciet
538 1230 694 1283 usque
723 1214 775 1266 in
799 1212 933 1265 diem
958 1210 1146 1266 Christi
1162 1209 1285 1264 Jesu
1308 1208 1537 1278 (Philip.
1570 1210 1695 1281 I,6).
1725 1210 1789 1263 Et
1820 1208 1947 1262 illud
1985 1226 1997 1261 :

425 1303 583 1358 Vobis
626 1306 802 1358 datum
827 1315 902 1357 est
934 1320 1026 1373 pro
1072 1302 1293 1367 Christo,
1344 1318 1445 1355 non
1490 1302 1676 1367 solum,
1721 1311 1773 1353 ut
1802 1303 1854 1354 in
1888 1318 2004 1355 eum

421 1397 660 1459 credatis,
686 1413 857 1449 rerum
880 1396 1033 1448 etiam
1076 1404 1129 1447 ut
1173 1410 1267 1463 pro
1309 1394 1401 1447 illo
1428 1394 1699 1464 patiamini
1730 1392 2000 1465 (Ibidem).

421 1488 487 1539 lit
517 1506 528 1539 :
563 1486 746 1541 Gratia
778 1486 909 1540 salvi
948 1488 1071 1557 facti
1114 1488 1233 1540 estis
1260 1502 1348 1556 per
1385 1486 1570 1552 ﬁdem,
1603 1494 1651 1539 et
1686 1484 1781 1538 hoc
1816 1501 1917 1539 non
1943 1502 2006 1539 ex

418 1581 587 1635 vobis:
621 1580 714 1634 Dei
743 1582 879 1634 enim
923 1580 1116 1633 donum
1172 1587 1244 1632 est
1289 1578 1505 1649 (Ep/tes.
1530 1593 1588 1643 II,
1620 1576 1695 1647 5).
1728 1575 1827 1643 Qui
1858 1578 2002 1632 enim

422 1673 582 1726 [idem
611 1687 714 1743 qua
747 1673 799 1725 in
835 1672 998 1725 Deum
1026 1670 1296 1743 credimus
1323 1670 1509 1724 dicunt
1535 1684 1656 1724 esse
1682 1670 1998 1734 naturalem,

419 1778 606 1818 omnes
642 1779 736 1819 eos
764 1764 851 1832 qui
884 1764 951 1816 ab
984 1762 1220 1817 Ecclesia
1268 1760 1469 1816 Christi
1502 1760 1659 1817 alieni
1693 1768 1835 1827 sunt,
1870 1776 1999 1831 quo-

420 1858 704 1912 dammodo
735 1856 921 1912 ﬁdeles
950 1871 1073 1912 esse
1095 1856 1376 1909 deliniunt.

983 1947 1211 2003 CAPUT
1253 1947 1414 2003 XLIII

489 2041 545 2097 Si
589 2043 710 2112 quis
757 2043 872 2097 sine
900 2041 1067 2112 gratia
1098 2040 1193 2095 Dei
1233 2039 1578 2095 credentibus
1605 2084 1618 2108 ,
1663 2041 2003 2110 volentibus,

420 2133 869 2195 desiderantibus,
896 2133 1239 2199 conantibus,
1269 2132 1613 2188 studentibus
1632 2176 1645 2196 ,
1666 2135 2005 2205 petentibus,

420 2226 811 2297 quaerentibus,
838 2224 1173 2296 pulsantibus
1193 2266 1208 2292 ,
1236 2225 1391 2279 nobis
1422 2225 1846 2281 misericordiam
1880 2226 2008 2281 dicit

420 2317 651 2373 conferri
680 2317 970 2383 divinitus,
991 2332 1097 2372 non
1127 2326 1303 2371 autem
1339 2325 1398 2373 ut
1420 2317 1721 2383 credamus,
1756 2319 2005 2383 velimus,

420 2408 507 2462 vel
541 2408 655 2463 haec
698 2409 876 2463 omnia
907 2409 1047 2463 sicut
1072 2418 1285 2477 oportet
1312 2422 1469 2477 agere
1499 2409 1771 2463 valeamus
1805 2424 1897 2478 per
1930 2410 2009 2462 in»

422 2500 686 2555 fusionem
717 2510 772 2555 et
818 2500 1223 2571 inspirationem
1266 2500 1438 2554 sancti
1490 2499 1722 2569 Spiritus
1754 2502 1807 2554 in
1856 2502 2010 2556 nobis

423 2594 537 2649 lieri
560 2594 876 2658 conﬁtetur;
902 2602 956 2647 et
983 2602 1073 2647 aut
1110 2592 1397 2647 humilitati
1429 2602 1520 2646 aut
1552 2593 1877 2648 obedientia:
1908 2593 2009 2647 hu-

424 2700 595 2739 mana:
622 2684 895 2755 subiungit
922 2684 1108 2754 gratia:
1144 2684 1505 2754 adiutorium,
1540 2700 1637 2739 nec
1668 2693 1725 2738 ut
1756 2685 2011 2740 obedien-

425 2786 506 2832 tes
527 2785 582 2832 et
609 2776 837 2831 humiles
864 2777 1033 2831 simus
1058 2818 1072 2842 ,
1119 2777 1286 2845 ipsius
1312 2777 1495 2846 gratia:
1528 2779 1632 2849 25
1658 2778 1860 2831 donum
1892 2792 2012 2831 esse

424 2870 712 2936 consentit,
773 2869 973 2924 resistit
1005 2870 1261 2939 Apostolo
1308 2869 1505 2924 dicenti
1534 2887 1547 2923 :
1577 2871 1714 2936 Quid
1741 2870 1873 2923 enim
1914 2872 2011 2924 ha-

427 2964 512 3019 bes
532 2965 669 3034 quod
704 2979 803 3017 non
837 2963 1077 3032 accepisti
1111 2960 1166 3033 (Ι
1196 2961 1314 3017 Cor.
1344 2977 1416 3035 tv,
1442 2962 1538 3034 7)?
1567 2971 1622 3017 et
1655 2980 1668 3016 :
1700 2960 1886 3017 Gratia
1918 2962 2015 3017 Dei

426 3075 537 3112 sum
569 3060 624 3113 id
648 3060 783 3129 quod
802 3075 915 3113 sum
944 3056 997 3127 (I
1028 3059 1145 3112 Cor.
1180 3074 1266 3123 xv,
1302 3058 1413 3126 l0).

999 3148 1222 3206 CAPUT
1253 3149 1440 3204 XLIV.

3583 356 3697 409 5:32

2366 520 2371 527 ,
2668 459 2894 519 CAPUT
2938 461 3119 517 XLVI.

2180 559 2473 613 Arbitrium
2497 558 2787 613 voluntatis
2811 558 2862 612 in
2895 558 3069 627 primo
3092 556 3309 613 homine
3340 556 3699 629 iutirmatum.

2108 652 2207 706 nisi
2242 668 2336 720 per
2364 652 2586 722 gratiam
2618 651 2867 721 baptismi
2897 666 3005 706 non
3046 659 3219 720 potest
3246 653 3504 721 reparari.
3537 654 3700 721 Quod

2107 742 2362 798 amissum
2396 744 2493 798 nisi
2525 760 2553 798 a
2606 758 2714 814 quo
2758 743 2929 813 potuit
2974 742 3090 797 dari
3142 746 3265 798 non‘
3292 752 3466 813 potest
3520 747 3702 802 reddi.

2110 837 2265 893 Unde
2298 836 2507 893 Veritas
2556 838 2731 895 dicit:
2778 838 2839 893 Si
2883 853 2971 891 vos
3007 836 3175 891 Filius
3227 837 3527 908 liberaverit,
3578 850 3706 896 tunc

2105 948 2219 986 uere
2248 932 2393 986 liberi
2421 932 2562 987 eritis
2589 931 2768 1005 (Joan.
2806 947 2920 998 vni,
2953 932 3063 1001 50).

2667 1024 2895 1080 CAPUT
2934 1024 3139 1080 XLVII.

2178 1115 2374 1171 Natura
2407 1116 2639 1172 humana
2684 1117 2890 1172 etiamsi
2944 1117 2996 1171 in
3047 1117 3135 1171 illa
3175 1117 3481 1188 integritate
3512 1121 3565 1176 in
3600 1137 3705 1190 qua

2109 1217 2192 1264 est
2211 1210 2427 1264 condita
2452 1209 2973 1279 permaneret,nullo
3000 1210 3159 1264 modo
3189 1211 3423 1281 seipsam
3455 1223 3707 1270 creatore

2109 1316 2208 1356 suo
2232 1317 2336 1357 non
2364 1303 2651 1370 adiuvante
2680 1312 2943 1357 servaret.
2983 1301 3133 1358 Unde
3165 1320 3287 1359 cum
3313 1306 3430 1360 sine
3455 1306 3548 1361 Dei
3582 1322 3709 1377 gra-

2110 1394 2180 1449 tia
2209 1395 2434 1452 salutem
2466 1412 2572 1451 non
2602 1406 2784 1465 posset
2810 1395 3083 1451 custodire
3114 1414 3272 1467 quam
3296 1401 3529 1471 accepit,
3563 1417 3706 1471 quo-

2110 1488 2269 1543 modo
2292 1488 2409 1542 sine
2434 1488 2526 1543 Dei
2556 1488 2722 1559 gratia
2750 1489 2949 1557 poterit
2976 1504 3231 1560 reparare
3260 1490 3401 1561 quod
3424 1492 3705 1563 perdidit?

2642 1579 2868 1635 CAPUT
2907 1580 3137 1635 XLVIII.
3190 1566 3202 1577 '

2180 1672 2330 1727 Sicut
2358 1673 2437 1728 eis
2481 1672 2570 1743 qui
2594 1673 2837 1729 volentes
2878 1674 2930 1728 in
2962 1674 3079 1744 lege
3118 1675 3401 1742 iustiﬁcari
3450 1690 3479 1729 a
3532 1679 3706 1746 gratia

2107 1765 2422 1820 exciderunt
2452 1766 2732 1821 verissime
2770 1767 2899 1822 dicit
2929 1767 3216 1836 Apostolus
3242 1786 3255 1823 :
3290 1768 3352 1823 Si
3381 1770 3435 1823 in
3464 1771 3567 1841 27
3598 1770 3708 1841 lege

2036 1846 2084 1906 B
2099 1859 2310 1930 justitia‘
2340 1870 2445 1926 est,
2466 1876 2584 1931 ergo
2612 1860 2850 1915 Christus
2871 1862 3030 1931 gratis
3060 1872 3289 1916 mortuus
3319 1872 3391 1917 est
3416 1863 3614 1935 (Colat.
3648 1881 3708 1930 II,

2108 1951 2205 2019 ‘2!)
2239 1970 2249 2003 :
2280 1951 2357 2004 sic
2381 1952 2460 2005 eis
2490 1952 2578 2020 qui
2608 1953 2829 2020 gratiam
2862 1968 3022 2023 quam
3062 1955 3409 2009 commendat
3450 1965 3504 2008 et
3528 1956 3710 2024 perci-

2111 2042 2190 2111 pit
2221 2041 2352 2096 lides
2379 2041 2577 2096 Christi
2626 2051 2814 2111 putant
2855 2059 2975 2099 esse
3022 2055 3269 2100 natttram
3316 2047 3593 2103 verissime
3626 2049 3709 2101 di-

2111 2135 2251 2189 citur
2276 2152 2290 2190 :
2314 2136 2367 2190 Si
2402 2151 2497 2202 per
2527 2145 2768 2190 naturam
2794 2136 3000 2204 iustitia
3037 2148 3141 2203 est,
3190 2154 3319 2209 ergo
3358 2142 3525 2209 gratis
3552 2140 3710 2197 Chri-

2112 2239 2228 2281 stus
2257 2237 2499 2282 mortuus
2530 2237 2634 2284 est.
2662 2228 2777 2283 lam
2807 2231 2891 2283 hic
2932 2230 3071 2284 enim
3105 2242 3221 2286 erat
3250 2231 3336 2287 lex
3356 2273 3370 2297 ,
3406 2242 3461 2288 et
3490 2249 3597 2289 non
3620 2234 3708 2303 ju-

2113 2321 2407 2387 stilicabat;
2437 2322 2547 2391 iam
2579 2323 2664 2378 hic
2691 2334 2807 2379 erat
2830 2335 2883 2380 et
2908 2336 3113 2392 natura,
3143 2337 3194 2381 et
3220 2342 3324 2382 non
3345 2328 3704 2397 iustiﬁcabat:

2114 2413 2234 2467 ideo
2262 2412 2504 2469 Christus
2536 2429 2640 2469 non
2689 2417 2857 2485 gratis
2882 2426 3123 2472 mortuus
3152 2428 3274 2483 est;
3308 2430 3363 2473 ut
3404 2428 3459 2475 et
3489 2421 3573 2474 lex
3610 2420 3733 2490 per

2113 2503 2261 2584 illum
2309 2504 2621 2575 impleretur
2663 2507 2752 2577 qui
2788 2507 2921 2562 dixit
2953 2526 2964 2560 :
3001 2507 3121 2562 Non
3148 2510 3258 2563 veni
3289 2510 3482 2565 solvere
3514 2511 3698 2581 legem,

2113 2596 2204 2649 sed
2252 2596 2464 2668 implere
2509 2597 2721 2668 (Matth.
2778 2614 2809 2653 γ
2835 2644 2848 2660 .
2884 2601 2975 2668 I7)
3009 2619 3020 2653 ε
3074 2611 3128 2656 et
3169 2610 3360 2656 natura
3411 2617 3509 2672 per
3539 2604 3707 2661 Adam

2116 2688 2343 2757 perdita,
2392 2705 2487 2760 per
2520 2690 2669 2745 illum
2710 2701 3052 2761 repararetur
3095 2693 3186 2763 qui
3214 2693 3370 2761 dixit,
3404 2696 3617 2751 venisse
3649 2712 3706 2749 se

2116 2794 2358 2849 quaerere
2387 2790 2439 2836 et
2468 2781 2679 2838 salvare
2704 2783 2845 2850 quod
2881 2784 3116 2853 perierat
3144 2784 3298 2857 (an.
3330 2802 3441 2851 xix,
3477 2788 3554 2858 7).

2198 2862 2206 2869 ’
2678 2873 2907 2932 CAPUT
2946 2874 3133 2932 XLIX.

2192 2965 2883 3036 Secundum,supradictas
2948 2978 3251 3023 sanctarum
3308 2971 3705 3039 Scripturarnm

2118 3057 2433 3121 sententias,
2460 3058 2543 3112 vel
2572 3059 2911 3129 antiquorum
2943 3059 3156 3115 Patrum
3189 3060 3552 3128 definitiones,
3579 3064 3702 3130 hoc,

2123 3151 2233 3204 Deo
2274 3150 2599 3234 propitiante
2626 3190 2641 3216 ,
2676 3160 2730 3204 et
2764 3149 3060 3221 praedicare
3087 3151 3348 3206 debemus
3371 3162 3424 3206 et
3464 3154 3705 3234 credere,

500 3242 555 3298 Si
587 3243 705 3311 quis
737 3258 829 3311 per
877 3252 1080 3297 natura:
1111 3241 1347 3312 vigorem
1391 3242 1587 3297 bonum
1628 3243 1839 3314 aliquod
1872 3244 2011 3315 quod
2041 3230 2088 3293 C
2121 3241 2260 3311 quod
2291 3257 2388 3312 per
2416 3230 2690 3311 peccatum
2724 3240 2882 3310 primi
2915 3241 3147 3297 hominis
3187 3243 3255 3296 ita
3304 3258 3472 3313 genus
3522 3230 3707 3300 huma-

427 3335 493 3389 ad
520 3336 743 3390 salutem
769 3338 997 3405 pertinet
1026 3336 1147 3389 vita:
1168 3345 1405 3399 :cternte,
1432 3338 1664 3404 cogitare
1696 3346 1753 3391 ut
1771 3336 2009 3405 expedit,

427 3437 519 3482 aut
542 3428 763 3498 eligere,
794 3429 913 3483 sive
941 3429 1182 3495 salutari,
1204 3427 1255 3481 id
1284 3438 1386 3493 est,
1414 3430 1732 3498 evangelicae
1756 3431 2015 3497 prmdica-

426 3519 557 3573 tioni
590 3519 898 3573 consentire
929 3534 1088 3589 posse
1139 3520 1423 3574 conﬁrmat
1446 3562 1460 3584 ,
1494 3521 1697 3591 absque
1747 3522 2016 3577 illumina-

428 3612 572 3666 tione
599 3619 653 3664 et
680 3610 1028 3679 inspiratione
1050 3612 1281 3680 Spiritus
1305 3612 1498 3675 sancti,
1530 3614 1619 3682 qui
1648 3613 1739 3667 dat
1766 3614 2016 3668 omnibus

426 3707 743 3761 suavitatem
770 3706 821 3759 in
839 3705 1230 3760 consentiendo
1251 3715 1302 3760 et
1334 3707 1383 3760 in
1409 3706 1679 3761 credendo
1708 3708 2010 3777 veritatem,

428 3800 683 3855 lueretico
714 3798 912 3854 fallitur
949 3800 1175 3870 spiritu,
1208 3816 1314 3856 non
1341 3800 1641 3870 intelligens
1681 3816 1866 3857 vocem
1919 3802 2010 3855 Dei

426 3894 480 3948 in
527 3892 815 3961 E-Iangelio
846 3891 1076 3946 dlcentis
1105 3910 1119 3945 :
1166 3892 1292 3947 Sine
1328 3908 1407 3945 me
1436 3891 1565 3945 nihil
1604 3890 1817 3963 potestis
1848 3893 2015 3963 facere

427 3985 605 4058 (Joan.
636 4002 723 4051 xv,
776 3985 854 4055 6).
910 3986 977 4039 Et
1005 3985 1130 4040 illud
1167 3986 1405 4055 Aposmli
1438 4003 1451 4038 :
1484 3984 1603 4040 Non
1655 3987 1793 4056 quod
1841 3986 2015 4040 idonei

425 4070 601 4137 sumus
643 4081 867 4153 cogitare
916 4080 1111 4150 aliquid
1162 4097 1193 4132 a
1239 4080 1382 4133 nobis
1430 4082 1575 4149 quasi
1607 4096 1669 4133 ex
1710 4080 1876 4147 nobis,
1922 4082 2013 4135 sed

424 4170 722 4245 suﬂ'icientia
750 4184 925 4228 nostra
953 4189 1015 4227 ea:
1039 4172 1145 4227 Deo
1177 4182 1248 4227 est
1282 4171 1365 4244 (II
1395 4172 1513 4227 Cor.
1539 4190 1614 4239 III,
1646 4176 1723 4243 5).

998 4263 1223 4321 CAPUT
1263 4265 1425 4321 XLV.

497 4356 553 4412 Si
602 4357 723 4427 quis
772 4358 907 4411 alios
950 4372 1045 4424 per
1088 4356 1513 4440 misericprdiam
1542 4400 1555 4423 ,
1590 4358 1728 4412 alios
1759 4373 1887 4425 vero
1920 4375 2045 4429 per,

426 4449 652 4504 Iiberum
679 4449 959 4504 arbitrium
982 4488 996 4513 ,
1021 4447 1161 4517 quod
1197 4449 1246 4501 in
1277 4449 1524 4504 omnibus
1546 4451 1631 4516 qui
1666 4450 1731 4503 de
1761 4454 2011 4518 prtevari-
2042 4442 2045 4443 ⁷

424 4542 634 4598 catione
676 4541 831 4611 primi
875 4541 1108 4595 hominis
1142 4541 1247 4594 nati
1289 4548 1413 4594 sunt
1460 4550 1670 4594 constat
1711 4557 1831 4595 esse
1860 4543 2012 4595 vitia-

2122 3348 2248 3387 num
2301 3333 2373 3387 sit
2413 3333 2759 3399 inclinatum,
2814 3344 2871 3388 ut
2901 3334 3079 3389 nullus
3131 3343 3310 3405 postea
3352 3346 3445 3391 aut
3483 3336 3708 3406 diligere

2120 3426 2289 3479 Deum
2323 3426 2457 3480 sicut
2485 3425 2741 3505 oportuit,
2778 3436 2869 3481 aut
2895 3427 3117 3481 credere
3149 3426 3202 3481 in
3233 3427 3398 3483 Deum
3427 3472 3441 3494 ,
3466 3438 3559 3485 aut
3581 3444 3709 3498 ope-

2120 3520 2225 3574 rari
2254 3529 2471 3589 propter
2502 3520 2668 3575 Deum
2710 3520 2852 3590 quod
2886 3520 3083 3575 bonum
3114 3530 3196 3575 est
3225 3521 3395 3591 possit
3416 3563 3431 3587 ,
3461 3523 3563 3578 nisi
3585 3538 3706 3579 eum

2118 3610 2286 3680 gratia
2312 3610 2693 3666 misericordia:
2716 3611 2908 3665 divina:
2941 3613 3277 3680 praevenerit.
3309 3612 3462 3670 Unde
3487 3625 3539 3668 et
3566 3614 3702 3669 Abel

2113 3704 2259 3772 iusto
2291 3710 2341 3759 et
2373 3702 2503 3767 Noe,
2530 3712 2583 3758 et
2614 3703 2827 3769 Abraae,
2857 3713 2907 3758 et
2941 3704 3109 3772 Isaac,
3140 3714 3193 3761 et
3219 3704 3411 3773 Jacob,
3454 3707 3709 3776 omnique

2119 3800 2457 3870 antiquorum
2486 3808 2792 3854 sanctorum
2824 3799 3145 3854 multitudini
3197 3800 3340 3854 illaut
3392 3802 3708 3873 praeclaram

2122 3892 2299 3957 ﬁdem,
2351 3906 2508 3961 quam
2566 3891 2616 3945 in
2670 3891 2906 3961 ipsorum
2939 3890 3095 3946 laude
3141 3891 3395 3961 prredit-at
3433 3895 3710 3961 apo—tutus

2121 3982 2317 4037 Paulus
2351 3982 2537 4052 (Ilebr.
2575 3998 2630 4035 XI
2653 4023 2668 4048 ,
2702 3984 2754 4049 ι,
2787 3984 2840 4047 7,
2870 3982 2957 4052 8),
2998 3997 3102 4037 non
3130 3998 3224 4051 per
3253 3982 3450 4038 bonum
3481 3992 3705 4051 natura‘,

2117 4075 2259 4145 quod
2289 4077 2395 4146 28
2424 4075 2571 4144 prius
2599 4075 2651 4128 in
2682 4072 2849 4129 Adam
2885 4074 3059 4129 fuerat
3091 4074 3306 4140 datum,
3330 4074 3422 4129 sed
3456 4089 3553 4146 per
3578 4090 3707 4146 gra-

2123 4169 2247 4222 tiam
2304 4168 2396 4221 Dei
2438 4167 2707 4222 credimus
2759 4168 2919 4223 luisse
2966 4167 3237 4222 collatam.
3270 4167 3436 4234 Quam
3477 4170 3705 4235 gratiam

2117 4262 2278 4315 (tiam
2326 4270 2444 4329 post
2484 4261 2778 4338 adventum
2812 4260 3017 4315 Domini
3047 4261 3294 4315 omnibus
3324 4261 3411 4331 qui
3444 4260 3705 4329 baptizari

2116 4340 2457 4422 desiderant,
2493 4355 2673 4409 nonin
2701 4353 2872 4408 libero
2895 4355 3120 4409 arbitrio
3138 4354 3351 4420 'haberi,
3388 4354 3480 4409 sed
3505 4354 3707 4409 Christi

2117 4430 2359 4500 auximus
2390 4447 2547 4499 simul
2581 4457 2627 4500 et
2662 4446 2929 4501 credimus
2963 4447 3205 4517 largitate
3225 4446 3478 4514 conferri,
3514 4461 3708 4501 secun-

2122 4538 2248 4590 dum
2300 4537 2426 4591 illud
2468 4538 2608 4606 quod
2649 4537 2755 4607 iam
2808 4552 2951 4602 smine
3003 4538 3203 4592 dictum
3235 4547 3318 4594 est
3373 4547 3426 4592 et
3457 4538 3708 4606 pradicat

426 4642 536 4687 tum
559 4674 574 4698 ,
598 4604 928 4701 eid-gratiam
964 4632 1210 4702 baptismi
1242 4648 1399 4702 posse
1430 4633 1615 4687 venire
1644 4633 1951 4699 contendit,
1985 4649 2012 4687 ει
2047 4604 2097 4663 D
2124 4629 2317 4682 Paulus
2341 4604 2611 4697 :Ip0stolus
2632 4604 2819 4682 :‘Vobis
2848 4630 3096 4683 donatum
3124 4639 3197 4683 est
3224 4645 3317 4699 pro
3347 4604 3573 4695 Christo,
3605 4648 3706 4684 nou

426 4735 569 4781 recta
621 4726 723 4779 lide
755 4726 1011 4793 probatur
1042 4726 1270 4781 alienus.
1320 4726 1413 4781 llle
1442 4726 1582 4780 enim
1620 4742 1723 4781 non
1773 4727 2011 4781 omnium

425 4818 650 4871 liberum
676 4816 951 4871 arbitrium
988 4834 1081 4885 per
1113 4828 1388 4885 peceatum
1416 4817 1571 4888 primi
1608 4817 1839 4871 hominis
1869 4832 2015 4873 asse-

426 4911 497 4964 rit
528 4908 850 4962 inlirmatum
877 4927 889 4973 ;
921 4918 1012 4962 aut
1044 4918 1189 4964 certe
1220 4911 1291 4963 ita
1322 4910 1503 4964 lmsum
1529 4920 1699 4979 putat,
1746 4920 1799 4963 ut
1836 4921 2010 4967 tamen

424 4999 637 5069 quidam
666 5000 1002 5071 valeantzs
1023 5001 1139 5054 sine
1167 5001 1494 5056 revelatione
1530 5000 1619 5055 Dei
1652 5003 2007 5057 ministerium

425 5094 610 5146 salutis
656 5103 871 5146 interna:
934 5108 1027 5163 per
1085 5093 1407 5161 semetipsos
1460 5108 1616 5160 posse
1669 5098 2009 5162 conqu'rerc.

425 5187 577 5255 Quod
634 5203 790 5255 quam
839 5187 931 5259 sit
966 5186 1290 5241 contrarium
1344 5186 1455 5253 ipse
1514 5186 1771 5240 Dominus
1821 5189 2011 5256 probat

426 5276 602 5345 (Joan.
636 5294 679 5331 vi
715 5319 728 5341 ,
754 5278 880 5345 Η).
908 5277 994 5347 qui
1040 5292 1142 5330 non
1176 5275 1401 5345 aliquos,
1433 5276 1524 5329 sed
1558 5277 1823 5331 neminem
1858 5278 1921 5330 ad
1952 5292 2009 5330 se

428 5385 584 5439 posse
609 5368 788 5422 venire
821 5364 1183 5433 testaturfnisi
1218 5354 1375 5437 quem
1416 5368 1571 5420 Pater
1597 5373 1895 5422 attraxerit.
1924 5368 2009 5422 Si—

426 5471 517 5515 cut
541 5472 593 5515 et
625 5462 779 5515 Petro
808 5461 937 5513 dicit
970 5477 983 5512 :
1016 5458 1207 5514 Beatus
1251 5476 1323 5523 es,
1368 5459 1545 5513 Simon
1580 5460 1680 5512 Ilar
1704 5462 1862 5526 Jona,
1890 5464 2009 5532 quia

428 5570 545 5606 euro
577 5563 623 5608 et
653 5556 865 5625 sanguis
906 5569 1006 5605 non
1036 5552 1271 5605 reuelauit
1298 5552 1418 5616 tibi,
1441 5553 1527 5605 sed
1555 5550 1706 5605 Pater
1729 5570 1888 5615 meus,
1924 5554 2010 5621 qui

428 5646 479 5698 in
502 5647 635 5698 ((Plis
658 5655 726 5699 est
752 5644 964 5716 (Matth.
992 5661 1076 5699 XVI
1096 5685 1109 5705 .
1144 5644 1255 5709 I7).
1289 5644 1352 5698 Et
1384 5647 1421 5698 .-\
1435 5645 1671 5712 pnstolus
1698 5663 1709 5697 :
1734 5645 1897 5699 Nemo
1922 5663 2012 5714 po-

431 5745 521 5788 teu
558 5738 722 5789 dicere
778 5735 1027 5791 Dominus
1082 5735 1233 5789 Iesus
1266 5775 1280 5801 ,
1335 5737 1433 5790 nisi
1482 5736 1533 5789 in
1591 5734 1789 5803 Splt‘i'tt
1837 5749 2011 5791 saneto

435 5828 476 5886 ll
499 5825 616 5881 Cor.
654 5844 744 5886 xu,
772 5826 845 5887 3).

2120 4722 2289 4773 solum
2319 4728 2371 4772 ut
2401 4721 2453 4773 in
2480 4736 2590 4773 eum
2623 4721 2843 4775 credatis
2865 4763 2877 4783 ,
2920 4722 3012 4774 sed
3057 4722 3212 4775 etiam
3242 4730 3297 4775 ul
3335 4738 3429 4791 pro
3455 4738 3512 4776 eo
3542 4724 3709 4790 pain-

2121 4814 2246 4865 mini
2270 4811 2495 4882 (Philip.
2533 4828 2569 4875 I,
2602 4812 2714 4877 ε29).
2745 4814 2806 4865 Et
2830 4812 2955 4865 illud
2993 4832 3004 4864 :
3038 4812 3176 4866 Deus
3205 4814 3293 4879 qui
3317 4814 3465 4883 recpit
3491 4813 3541 4865 in
3571 4814 3709 4866 robis

2120 4908 2303 4974 bonum
2337 4922 2464 4974 Opus
2491 4947 2503 4967 ,
2539 4906 2761 4971 perﬁciet
2802 4923 2959 4975 usque
3005 4906 3057 4959 in
3107 4907 3239 4958 diem
3296 4905 3503 4959 Domini
3545 4907 3708 4960 nos'ri

2119 4998 2303 5069 (lbi.’l.,
2336 4998 2408 5065 6).
2440 4998 2499 5050 Et
2535 4998 2659 5051 illud
2688 5016 2696 5048 :
2731 4998 2913 5052 Gratia
2944 4998 3073 5051 salvi
3103 4999 3226 5067 faeti
3257 5000 3373 5052 estis
3409 5016 3494 5066 per
3527 5000 3705 5067 ﬁdem.

2116 5101 2159 5143 et
2191 5090 2285 5142 hoc
2311 5107 2411 5142 non
2440 5106 2502 5143 ex
2546 5090 2681 5143 vobis
2704 5131 2716 5153 ,
2768 5089 2863 5143 Dei
2893 5092 3023 5143 enim
3064 5092 3254 5143 donum
3285 5102 3357 5143 est
3392 5090 3611 5162 (Ephes.
3648 5106 3705 5154 tt,

2117 5170 2195 5253 8).
2236 5184 2298 5237 Et
2342 5183 2482 5251 quod
2525 5183 2589 5237 de
2617 5184 2795 5249 seipso
2827 5186 2898 5236 ait
2928 5184 3216 5252 Apostolus
3249 5204 3259 5236 :
3300 5184 3708 5239 Misericordiam

2115 5290 2414 5331 consecutus
2445 5294 2587 5341 sum,
2617 5287 2671 5328 ut
2698 5276 2864 5342 ﬁdelis
2895 5293 3051 5329 essent
3081 5274 3134 5341 (Ι
3168 5276 3288 5331 Cor.
3323 5293 3415 5341 VII,
3446 5277 3559 5343 ‘25).
3591 5276 3631 5329 Ν
3660 5294 3705 5327 ιι

2116 5369 2247 5421 dixit
2270 5369 2391 5437 quia
2424 5382 2570 5421 eram
2599 5410 2613 5433 ,
2640 5366 2732 5420 sed
2759 5377 2813 5419 ut
2843 5381 3033 5420 essem.
3072 5368 3131 5421 Et
3164 5369 3291 5423 illud
3331 5386 3341 5421 :
3383 5368 3521 5432 Quid
3544 5366 3700 5420 habes

2116 5460 2251 5530 quod
2298 5478 2396 5512 non
2449 5443 2687 5529 accepisti
2740 5456 2794 5527 (Ι
2834 5455 2953 5532 Cor.
2986 5476 3059 5533 Iv,
3105 5460 3181 5529 7).
3225 5460 3287 5513 Et
3335 5460 3463 5515 illud
3498 5478 3509 5511 :
3544 5459 3707 5512 Omne

2118 5555 2295 5615 datam
2341 5553 2560 5619 bonum,
2592 5561 2640 5604 et
2689 5565 2839 5603 omne
2880 5553 3069 5605 donum
3112 5554 3390 5624 perfectum
3438 5552 3706 5605 desursum

2119 5655 2212 5711 est,
2237 5642 2544 5697 descendens
2563 5657 2592 5693 a
2616 5639 2770 5694 Patre
2796 5640 3044 5717 luminum
3072 5643 3212 5713 (Jac.
3242 5659 3280 5707 ι,
3307 5643 3419 5712 16).
3449 5642 3513 5697 Et
3539 5642 3701 5696 illud:

2124 5736 2288 5790 Nemo
2319 5735 2463 5787 habet
2503 5733 2777 5804 quidquam
2810 5735 2908 5788 nisi
2954 5736 3034 5788 illi
3064 5736 3243 5789 datum
3287 5736 3440 5805 fuerit
3488 5735 3703 5805 desuper

2146 5830 2300 5885 Joan.
2332 5845 2419 5891 III.
2450 5828 2562 5898 27).
