4096 6342
297 324 400 382 995

914 440 1140 497 CAPUT
1181 440 1240 495 L.

368 534 480 588 lloc
511 531 668 588 etiam
697 533 988 588 secundum
1031 534 1189 587 lldem
1219 532 1537 587 catholicam
1575 531 1878 595 credimus,

299 626 433 696 quod
467 633 586 692 post
618 636 891 695 acceptam
924 627 1175 695 haptistni
1204 628 1451 695 gratiam,
1485 640 1675 682 omnes
1702 625 1881 694 bapti—

301 720 421 783 zati,
452 717 663 772 Christo
692 718 981 773 auxiliante
1010 730 1064 773 et
1097 728 1450 787 c00perante,
1480 734 1602 789 qum
1632 718 1699 772 ad
1732 718 1879 772 salu-

302 820 405 866 tem
443 812 629 864 anima:
655 812 951 879 pertinent,
985 812 1191 879 possint
1219 819 1275 867 et
1297 811 1554 877 debeant,
1585 811 1630 866 si
1654 810 1886 865 ﬁdeliter

303 906 544 958 laborare
577 905 872 968 voluerint,
906 904 1013 974 Ἀθ
1037 903 1359 973 adimplere.
1395 903 1619 973 Aliquos
1649 916 1778 956 vero
1817 900 1885 954 ad

304 995 498 1051 malum
542 995 717 1048 divina
751 1003 1015 1065 potestate
1059 995 1474 1064 prmdestinatos
1503 1009 1626 1051 esse
1658 1009 1763 1048 non
1799 1008 1887 1047 so-

304 1089 408 1141 lum
465 1102 569 1141 non
602 1087 870 1143 credimus
899 1134 914 1158 ,
960 1090 1055 1144 sed
1104 1089 1264 1144 etiam
1305 1089 1351 1144 si
1395 1096 1520 1143 sunt
1557 1088 1649 1159 qui
1680 1095 1887 1143 tantum

305 1178 429 1233 mali
456 1177 676 1233 credere
705 1178 889 1243 velint,
920 1194 1040 1235 cum
1064 1181 1211 1236 omni
1242 1180 1597 1255 detestatione
1628 1179 1736 1235 illis
1761 1195 1891 1235 ana-

307 1273 483 1327 thema
511 1273 755 1328 dicimus.

920 1363 1146 1421 CAPUT
1184 1365 1249 1421 Ll

379 1455 432 1507 In
458 1440 612 1510 lonmi
643 1469 805 1524 Opere
830 1455 970 1511 bono
1001 1471 1106 1510 non
1138 1472 1236 1512 nos
1264 1456 1580 1525 incipimus,
1613 1466 1668 1512 et
1703 1464 1891 1527 postea

309 1562 399 1617 per
432 1547 526 1601 Dei
578 1547 997 1602 misericordiam
1034 1544 1381 1616 adiuvamur;
1415 1549 1509 1604 sed
1550 1550 1666 1618 ipse
1706 1550 1891 1617 nobis,

313 1639 471 1694 nullis
505 1638 930 1719 praecedentibus
952 1639 1105 1694 bonis
1135 1640 1370 1704 meritis,
1403 1649 1456 1694 et
1480 1639 1637 1695 Iidem
1669 1649 1719 1693 et
1741 1654 1892 1693 amo-

310 1746 420 1787 rem
450 1732 535 1786 sui
573 1731 719 1800 prius
757 1730 984 1800 inspirat
1022 1749 1035 1784 :
1085 1739 1143 1785 ut
1170 1741 1223 1785 et
1269 1731 1516 1801 baptismi
1558 1744 1894 1785 sacramenta

1213 322 1298 377 DE
1338 319 1887 377 ECCLESIASTICIS
1928 319 2370 377 DOGMATIBUS
2410 319 2630 375 LIBER.

3447 318 3547 377 99‘

1904 440 1958 498 Α
1983 434 2086 489 don
2117 444 2172 489 et
2199 434 2464 499 Marcion;
2496 435 2575 488 vel
2618 430 2880 487 contraria
2903 472 2917 496 ,
2964 438 3023 483 ut
3070 428 3423 493 Manichmus;
3473 429 3559 487 vel

1986 540 2011 599 λε
2041 529 2139 583 tria
2172 537 2225 582 et
2261 506 2530 593 barbara',
2576 539 2629 582 ut
2660 529 2903 581 Setianus
2938 534 2992 581 et
3020 528 3046 563 ιι
3076 526 3434 590 Theodosius;
3476 526 3563 581 vel

1989 627 2011 655 ο
2043 620 2233 686 multa,
2268 629 2325 673 ut
2347 619 2689 683 Valentinus;
2720 620 2800 673 vel
2829 618 3099 673 Christum
3152 618 3423 672 hominem
3462 618 3566 690 31

1987 710 2151 764 fuisse
2180 710 2381 779 absque
2408 711 2536 777 Deo,
2566 722 2619 763 ut
2642 710 2954 777 Corinthus,
2985 710 3175 777 Ebion,
3205 710 3484 773 Artemon,
3515 721 3569 764 et

1984 800 2267 857 Photinus.
2300 804 2376 856 Ex
2404 803 2557 869 istis,
2592 803 2839 872 inquam,
2893 803 3048 871 siqui
3078 801 3144 855 ad
3176 817 3272 856 nos
3302 801 3568 868 venerint,

1988 908 2093 950 non
2125 896 2505 965 requirendum
2536 896 2604 949 ab
2634 896 2697 949 iis
2722 904 2898 949 utrum
2931 894 3185 964 baptizati
3215 895 3319 949 sint
3342 911 3407 947 an
3440 909 3569 958 non,

1988 987 2082 1042 sed
2113 987 2214 1041 hoc
2244 996 2472 1051 tantum,
2506 988 2552 1040 si
2595 987 2819 1042 credant
2866 987 3120 1041 Ecclesia:
3151 986 3333 1055 ﬁdem,
3386 999 3439 1041 et
3482 986 3574 1041 ba-

1991 1084 2262 1154 ptizentur
2299 1084 2666 1139 ecclesiastico
2700 1081 2717 1120 ί
2755 1083 3092 1152 baptismate.

2587 1175 2813 1233 CAPUT
2855 1176 2986 1231 Llll.

2068 1267 2317 1336 Quotidie
2366 1278 2390 1315 ε
2431 1268 2772 1325 eucharistia:
2820 1266 3251 1323 communionem
3302 1266 3578 1335 percipere

1994 1377 2094 1416 nec
2142 1360 2327 1425 laudo,
2383 1376 2482 1415 nec.
2510 1359 2537 1397 ιι
2569 1362 2835 1429 vitupero.
2867 1359 3125 1415 Omnibus
3177 1369 3354 1413 tamen
3411 1357 3572 1411 domi-

1997 1455 2133 1509 nicis
2177 1454 2365 1509 diebus
2397 1454 2904 1509 communicandum
2944 1453 3145 1508 suadeo
3174 1462 3226 1507 et
3275 1454 3486 1514 hortor,
3538 1450 3579 1504 si

2001 1557 2179 1601 tamen
2225 1561 2376 1602 mens
2424 1547 2581 1602 isine
2620 1545 2810 1600 aﬁ‘ectu
2851 1544 3104 1615 peccandi
3138 1544 3150 1593 i
3190 1544 3279 1597 sit.
3333 1542 3463 1596 Nam
3494 1542 3583 1595 ha—

1999 1641 2213 1695 bentem
2260 1640 2437 1694 adhuc
2462 1640 2789 1694 voluntatem
2824 1637 3116 1707 peccandi,
3164 1635 3375 1707 gravari
3415 1634 3586 1702 magis

2000 1734 2122 1789 dico
2153 1732 2495 1789 eucharistia:
2536 1734 2882 1803 perceptione
2931 1748 3091 1802 quam
3120 1730 3146 1770 ιι
3190 1731 3479 1800 puriﬁcari.
3525 1730 3589 1782 Et

312 1820 545 1876 ﬁdeliter
578 1819 943 1889 requiramus,
979 1828 1032 1874 et
1061 1829 1181 1888 post
1209 1819 1533 1889 baptismum
1574 1834 1695 1873 cum
1734 1821 1899 1888 ipsius
1932 1810 1981 1871 B
2009 1824 2130 1881 ideo
2155 1827 2399 1896 quamvis
2431 1824 2550 1894 quis
2587 1834 2807 1893 peccato
2837 1824 3163 1889 mordeatur,
3198 1822 3450 1893 peccandi
3483 1835 3588 1875 non

312 1914 582 1980 adiutorio
611 1928 672 1968 ea
704 1928 822 1983 qua:
850 1912 950 1967 sibi
981 1920 1110 1967 sunt
1137 1913 1330 1982 placita
1358 1912 1582 1984 implere
1607 1913 1895 1981 possimus.

314 2006 464 2063 Unde
512 2004 947 2061 manifestissime
997 2006 1323 2061 credendum
1361 2016 1443 2061 est
1489 2007 1631 2075 quod
1664 2017 1719 2062 et
1761 2007 1900 2061 illius

312 2099 540 2155 latronis
578 2114 734 2170 quem
777 2099 1033 2154 Dominus
1064 2099 1128 2153 ad
1163 2099 1392 2169 paradisi
1425 2099 1652 2168 patriam
1685 2114 1903 2155 revoca-

317 2190 391 2244 vit
419 2189 578 2257 (Luc.
614 2206 762 2255 mn,
793 2188 909 2259 45),
938 2199 991 2244 et
1012 2188 1244 2244 Cornelii
1270 2191 1618 2251 centurionis,
1650 2190 1715 2243 ad
1744 2205 1903 2260 quem

314 2284 539 2352 angelus
572 2282 783 2335 Domini
815 2282 1009 2336 missus
1047 2292 1130 2337 est
1163 2281 1300 2353 (Act.
1355 2298 1382 2335 ι
1405 2264 1532 2353 ,3),
1587 2280 1906 2351 Zaclneique

315 2375 399 2443 qui
430 2375 607 2442 ipsmn
639 2374 919 2428 Dominum
948 2374 1223 2444 suscipere
1254 2374 1451 2429 meruit
1489 2372 1643 2443 (Luc.
1671 2389 1784 2441 xu,
1816 2373 1903 2443 2),

318 2467 406 2521 illa
438 2476 548 2521 tam
583 2466 909 2522 admirabilis
952 2467 1086 2523 ﬁdes
1131 2482 1235 2523 non
1265 2466 1427 2523 fuerit
1450 2465 1519 2522 de
1559 2476 1776 2531 natura,
1812 2465 1907 2521 sed
1956 2470 1967 2489 ‘

318 2560 518 2615 divina:
543 2561 729 2630 gratia:
760 2560 1001 2631 largitate
1027 2562 1239 2615 donata.

926 2654 1153 2710 CAPUT
1192 2655 1299 2710 LII.

396 2745 667 2816 Baptisma
698 2761 858 2799 unum
891 2756 992 2809 est,
1023 2746 1115 2799 sed
1139 2746 1189 2799 in
1227 2745 1463 2803 Ecclesia
1483 2788 1498 2813 ,
1524 2746 1613 2801 ubi
1644 2760 1747 2799 una
1782 2744 1911 2801 ﬁdes

324 2845 435 2902 cst,
481 2837 570 2891 ubi
605 2839 655 2891 in
699 2836 915 2892 nomine
953 2836 1126 2891 Patris
1158 2847 1209 2892 et
1243 2836 1362 2892 Filii
1394 2847 1446 2892 et
1474 2836 1703 2905 Spiritus
1740 2836 1911 2891 sancti

326 2925 505 2980 datur.
563 2926 626 2979 Et
658 2927 777 2979 idco
810 2928 852 2980 si
893 2928 981 2995 qui
1011 2927 1148 2995 apud
1188 2928 1307 2981 illos
1337 2927 1622 2981 hmreticos
1661 2927 1911 2995 baptizati

326 3029 449 3071 sunt
479 3019 567 3087 qui
610 3016 660 3071 in
690 3024 889 3072 sancta:
919 3019 1195 3073 Trinitatis
1228 3019 1335 3088 30
1364 3018 1707 3073 confessione
1736 3018 1910 3086 bapti-

327 3119 481 3175 zant,
504 3120 557 3165 et
578 3110 802 3163 veniunt
822 3110 887 3162 ad
917 3125 1035 3176 nos,
1058 3112 1383 3179 recipiantur
1411 3110 1623 3180 quidem
1657 3120 1713 3164 ut
1741 3109 1914 3177 bapti-

2006 1917 2203 1971 habeat
2226 1916 2295 1972 de
2315 1925 2514 1971 cretero
2537 1916 2890 1984 voluntatem,
2915 1924 2967 1970 et
2992 1920 3480 1969 communicaturus
3500 1926 3590 1965 sa-

2009 2008 2239 2063 tisfaciat
2290 2009 2539 2078 Iacrymis
2582 2016 2636 2062 et
2686 2006 3055 2072 orationibus;
3104 2017 3158 2061 et
3202 1992 3593 2060 conﬁdens'de

2009 2100 2217 2156 Domini
2275 2101 2619 2155 miseratione
2652 2140 2667 2164 ,
2724 2100 2814 2167 qui
2864 2107 3079 2167 peccata
3128 2097 3229 2167 pia:
3270 2097 3592 2151 confessioni

2008 2193 2211 2248 donare
2251 2193 2560 2254 consuevit,
2592 2190 2813 2244 accedat
2844 2190 2908 2244 ad
2941 2188 3323 2245 eucharistiam
3372 2187 3597 2255 intrepi-

2010 2283 2110 2337 dus
2140 2290 2195 2337 et
2231 2296 2474 2336 securus.
2507 2281 2613 2336 Sed
2646 2280 2837 2337 hocde
2868 2281 2961 2335 illo
3003 2280 3123 2335 dico
3162 2294 3319 2349 quem
3350 2278 3597 2346 capitalia

2018 2371 2105 2428 let
2125 2374 2371 2428 mortalia
2396 2383 2612 2443 peccata
2637 2389 2741 2427 non
2758 2382 3008 2443 gravant;
3035 2386 3154 2426 nam
3178 2386 3335 2439 quem
3355 2368 3598 2427 mortalia

2012 2467 2236 2523 crimina
2276 2476 2397 2536 post
2437 2467 2758 2536 baptismum
2782 2466 3069 2521 commissa
3102 2472 3377 2533 premunt,
3412 2462 3597 2516 hortor

2016 2559 2160 2627 prius
2188 2557 2398 2627 publica
2429 2558 2742 2627 pmnitentia
2771 2556 3103 2624 satisfacere,
3123 2564 3176 2610 et
3205 2554 3275 2608 ita
3302 2552 3598 2609 sacerdmis

2010 2651 2213 2721 judicio
2261 2653 2663 2706 reconciliatum
2717 2651 3081 2706 communioni
3141 2649 3366 2710 sociari.
3416 2648 3461 2702 si
3494 2650 3602 2704 vult

2016 2759 2121 2799 non
2146 2744 2212 2798 ad
2238 2744 2498 2813 judicium
2523 2755 2575 2800 et
2603 2744 3103 2799 condemnationem
3125 2746 3205 2796 sui
3228 2740 3603 2796 eucharistiam

2016 2836 2122 2906 32
2177 2836 2477 2904 percipere.
2529 2835 2639 2891 Sed
2687 2845 2742 2890 et
2788 2846 2997 2890 secreta
3049 2832 3413 2889 satisfactione
3468 2832 3604 2887 solvi

2019 2930 2262 2983 toortalia
2293 2929 2516 2983 crimina
2564 2928 2669 2982 iion
2701 2942 2983 2998 negamus,
3013 2938 3050 2963 ιη
3085 2926 3178 2981 sed
3221 2934 3425 2980 mutato
3459 2925 3607 2993 prius

2019 3021 2262 3079 sa-ciilari
2288 3020 2489 3083 habitu,
2515 3030 2568 3074 et
2590 3018 2838 3074 confesso
2866 3017 3142 3087 religionis
3164 3017 3340 3071 studio
3369 3032 3463 3085 per
3486 3016 3607 3070 vitae

2017 3116 2431 3176 correctiOnem,
2459 3121 2511 3168 et
2532 3096 2643 3181 jitgi
2675 3120 2700 3146 "
2731 3113 2840 3165 imo
2859 3123 3121 3178 perpetuo
3150 3110 3292 3163 luctu
3321 3109 3608 3161 miserante

327 3203 451 3263 lati,
472 3217 537 3255 ne
558 3212 753 3253 sancta:
769 3200 1044 3254 Trinitatis
1062 3199 1330 3254 invocatio
1344 3199 1424 3253 vel
1441 3198 1706 3253 confessio
1727 3199 1920 3253 aunul-
1950 3184 2000 3253 ϐ
2034 3206 2141 3261 Deo
2173 3214 2196 3241 ο
2223 3207 2431 3260 veniam
2455 3213 2817 3273 consequatur
2847 3221 2858 3257 :
2890 3203 2961 3258 ita
2985 3204 3243 3257 duntaxat
3264 3211 3319 3255 ut
3342 3199 3607 3255 contraria

329 3294 489 3358 letur;
525 3293 617 3347 sed
642 3294 932 3348 doceantur
964 3294 1166 3363 integre
1192 3302 1244 3347 et
1272 3294 1603 3348 instruantur
1624 3308 1731 3362 quo
1756 3307 1918 3347 sensu

330 3395 536 3439 Sancta:
554 3384 829 3441 Trinitatis
846 3387 1153 3456 mysterium
1170 3385 1223 3439 in
1240 3385 1476 3440 Ecclesia
1492 3394 1734 3439 teneatur
1760 3403 1775 3439 ;
1801 3394 1857 3439 et
1873 3385 1917 3439 si

298 3520 301 3523 λ
330 3477 679 3531 consentiunt
699 3477 943 3542 credere,
960 3477 1043 3531 vel
1059 3477 1403 3543 aequicscunt
1423 3476 1685 3542 conﬁteri,
1712 3476 1919 3545 purgati

331 3571 439 3639 jam
465 3570 589 3625 ﬁdei
614 3570 918 3637 integritate
939 3571 1322 3625 conlirmentur
1345 3584 1533 3624 manus
1553 3568 1915 3640 impositione.

332 3664 388 3717 Si
419 3678 550 3717 vero
579 3663 780 3732 parvuli
812 3672 935 3718 sunt
963 3666 1044 3717 vel
1078 3662 1330 3729 hebetes,
1362 3664 1452 3733 qui
1475 3662 1771 3718 doctrinam
1816 3679 1918 3717 non

334 3760 569 3827 capiant,
594 3750 955 3826 reSpondeant
996 3775 1092 3828 pro
1115 3760 1217 3813 illis
1247 3761 1335 3828 qui
1375 3774 1470 3812 eos
1496 3759 1726 3814 oderunt
1763 3760 1921 3827 juxta

333 3857 357 3884 ⁸
383 3863 589 3903 morem
633 3847 979 3917 baptizandi;
1036 3860 1089 3903 et
1138 3852 1213 3903 sic
1245 3865 1432 3903 manus
1481 3850 1821 3918 impositione
1866 3861 1922 3905 et

331 3941 624 3996 chrismate
651 3941 965 3996 commoniti
988 3983 1002 4006 ,
1054 3940 1397 3998 eucharistia:
1425 3943 1695 4012 mysteriis
1731 3943 1922 3996 admit-

333 4040 534 4087 tantur.
568 4033 692 4087 Illos
723 4042 898 4086 autem
931 4033 1019 4103 qui
1062 4049 1166 4087 non
1209 4041 1413 4087 sanctae
1454 4033 1732 4087 Trinitatis
1767 4038 1923 4088 invo-

333 4131 547 4180 catione
586 4124 727 4195 apud
776 4125 1058 4180 haereticos
1098 4126 1349 4195 baptizati
1399 4135 1553 4191 sunt,
1604 4134 1659 4179 ct
1705 4126 1925 4180 veniunt

324 4217 401 4271 .ad
429 4233 552 4284 nos,
587 4217 843 4287 baptizari
873 4217 1069 4271 debere
1094 4216 1520 4285 pronuntiamus,
1550 4233 1654 4272 non
1683 4217 1919 4287 rebapti-

336 4310 472 4365 zari.
506 4308 687 4379 Neque
715 4308 862 4363 enim
894 4308 1220 4363 credendum
1251 4317 1335 4364 est
1358 4323 1452 4363 eos
1485 4309 1650 4364 fuisse
1685 4308 1929 4379 baptiza;

340 4407 463 4469 tos,
497 4404 587 4474 qui
619 4418 723 4458 non
769 4403 822 4457 in
872 4404 1088 4458 nomine
1134 4402 1309 4458 Patris
1349 4411 1403 4457 et
1434 4403 1552 4457 Filii
1598 4413 1651 4458 et
1691 4404 1925 4474 Spiritus

337 4497 512 4549 sancti
546 4498 697 4565 juxta
728 4498 968 4566 regulam
1001 4512 1031 4551 a
1060 4497 1287 4551 Domino
1315 4498 1542 4567 positam
1577 4497 1726 4553 tincti
1755 4507 1880 4553 sunt
1908 4518 1919 4551 :

340 4594 398 4638 ut
424 4596 551 4639 sunt
574 4585 832 4653 Pauliani,
861 4588 1147 4652 Procliani,
1178 4588 1500 4655 Dorboritte,
1524 4588 1550 4628 ι)
1574 4590 1810 4659 Siphori,
1835 4593 1922 4661 qui

341 4689 489 4731 nunc
509 4685 764 4730 vocantur
785 4676 1100 4743 Bouosiani;
1124 4678 1452 4745 Photiniani,
1481 4681 1807 4750 Montanitte,
1837 4685 1925 4755 qui

343 4777 396 4822 et
423 4766 761 4833 Priscilliani,
797 4777 851 4821 ct
878 4768 1176 4838 Manichaei,
1200 4772 1455 4841 variaque
1495 4775 1780 4843 impietatis
1809 4794 1929 4847 ger-

346 4859 487 4914 mina
510 4876 525 4925 ;
550 4859 635 4913 vel
655 4866 863 4914 cratera:
889 4859 1113 4915 istorum
1137 4861 1360 4931 originis
1377 4864 1491 4918 sive
1508 4865 1712 4921 ordinis
1731 4879 1931 4937 pestes,

346 4967 465 5021 qua:
493 4953 597 5008 duo
628 4953 885 5024 principia
928 4953 1031 5009 sibi
1060 4954 1242 5024 ignota
1273 4956 1652 5025 introducunt,
1689 4969 1749 5015 ut
1804 4964 1932 5018 Cer-

422 5095 445 5121 η
471 5085 542 5139 Ita
570 5101 671 5142 ms.
704 5087 828 5151 Alii,
860 5103 1061 5142 nomen.

420 5154 445 5234 ιζ
477 5154 599 5234 his,
645 5156 953 5234 Sympltori,
993 5157 1707 5234 Foz'tuniani,Jllontanitar,
1760 5167 1848 5234 qui
1881 5177 1928 5222 et

352 5222 670 5300 Priscilliani
688 5222 785 5281 'vel'
810 5222 1115 5300 Maximiani
1145 5242 1295 5300 atque
1331 5229 1620 5284 Manichcei.

426 5306 449 5372 ς
479 5297 597 5372 με,
628 5308 754 5372 t_etra
779 5308 832 5352 at
856 5298 1038 5367 Baida,
1070 5297 1266 5372 inepte.

422 5365 447 5401 ι¹
478 5368 599 5435 Με.,
630 5367 941 5424 Theodotus.

426 5446 449 5472 ε
482 5438 603 5504 Ms.,
634 5438 823 5505 hiulca,
848 5442 1003 5496 male.

429 5505 447 5544 ί
482 5509 603 5582 Ms,
634 5511 685 5562 id
715 5519 787 5563 est
817 5512 1062 5565 catholico
1090 5514 1404 5582 baptismate.

391 5648 400 5659 .
429 5580 579 5701 jAlii
612 5596 705 5649 pro
734 5582 1051 5635 eucharistia:
1080 5580 1480 5641 communionem
1514 5584 1709 5643 habent
1737 5587 1927 5642 ene/ta-

391 5664 424 5701 ιε
450 5666 568 5701 iam.

353 5661 545 5703 ηειιηηι
557 5689 568 5701 .

426 5717 455 5757 ιλ
480 5721 605 5786 Alii,
640 5722 968 5788 reprehendo.

432 5790 450 5829 ί
481 5791 578 5848 Ms.
611 5806 705 5862 pro
731 5794 837 5847 sine
866 5794 1162 5852 habetnon.

2024 3317 2118 3371 pro
2142 3311 2168 3349 Ρ
2192 3299 2270 3353 his
2298 3316 2416 3369 quae
2447 3299 2665 3365 pmnitet
2688 3306 2830 3366 agat,
2864 3307 2918 3352 et
2945 3296 3325 3351 eucharistiam
3357 3292 3609 3348 omnibus

2024 3392 2307 3447 dominicis
2329 3392 2519 3447 diebus
2542 3390 2766 3462 supplex
2790 3404 2841 3445 et
2864 3388 3162 3445 submissus
3186 3403 3352 3458 usque
3379 3387 3443 3441 ad
3469 3404 3517 3441 m
3558 3402 3606 3441 ιτς

2027 3499 2131 3543 tem
2166 3488 2443 3558 percipiat.
3276 3478 3279 3485 λ

2620 3576 2844 3631 CAPUT
2887 3575 3018 3629 LIV.
3168 3650 3171 3653 Α

2096 3670 2412 3725 l’aanitcutia
2446 3684 2567 3723 vera
2598 3678 2700 3735 est,
2738 3666 3041 3735 pmuitcnda
3076 3680 3181 3717 non
3213 3662 3522 3725 admittere,
3558 3671 3610 3714 et

2024 3764 2259 3818 admissa
2300 3762 2520 3815 dellere.
2563 3759 2868 3815 Salislactio
2916 3757 3382 3827 pmnitentimest,
3421 3767 3611 3806 causas

2024 3864 2364 3923 peccatorum
2413 3861 2437 3899 ιι
2481 3849 2768 3913 excidere,
2814 3863 2910 3902 nec
2956 3861 3141 3901 earum
3184 3841 3611 3913 suggestionihul

2025 3947 2223 4000 a‘ditum
2258 3943 2555 4013 indulgere.

2622 4031 2848 4088 CAPUT
2889 4030 2997 4086 LV.

2099 4130 2155 4184 In
2183 4128 2379 4183 divinis
2412 4124 2860 4196 promissionibus
2883 4122 3013 4177 nihil
3046 4130 3314 4175 terrenum
3346 4116 3431 4173 Vel
3460 4126 3609 4171 tran.

2026 4223 2270 4278 sitorium
2311 4230 2719 4290 exspectemus,
2752 4216 2889 4273 sicut
2930 4215 3166 4272 Melitani
3207 4214 3446 4282 Sper'ant.
3492 4210 3608 4266 Nott

2031 4313 2335 4384 nuptiarum
2378 4310 2621 4382 copulam
2641 4352 2655 4376 ,
2687 4309 2827 4363 sicut
2854 4304 3143 4362 Corinthus
3175 4312 3229 4357 et
3256 4302 3486 4357 Marcion
3517 4301 3612 4357 de-

2028 4409 2208 4463 lirant.
2239 4406 2365 4478 .Non
2399 4403 2537 4474 quod
2570 4403 2635 4458 ad
2677 4401 2854 4457 cibum
2888 4401 2970 4455 vel
3012 4397 3076 4452 ad
3108 4406 3286 4467 potum
3343 4396 3607 4463 pertinet,

2029 4500 2165 4555 sicut
2196 4509 2241 4563 τ,
2275 4498 2435 4568 Papia
2465 4507 2717 4559 auctore,
2753 4494 3011 4559 Irenaeus,
3051 4497 3104 4545 ct
3131 4488 3491 4544 Tertullianus
3514 4528 3526 4551 ,
3560 4495 3614 4542 et

2033 4578 2338 4647 Lactantius
2361 4589 2727 4660 acquiescant.
2752 4587 2934 4655 Neque
2964 4593 3080 4654 post
3117 4582 3263 4637 mille
3293 4597 3460 4635 annos
3496 4592 3615 4651 post

2032 4685 2483 4741 resurrectionem
2517 4694 2737 4749 regnum
2762 4677 2958 4732 Christi
2990 4678 3041 4730 in
3075 4687 3211 4730 terra
3253 4676 3487 4729 futurum
3516 4713 3531 4739 ,
3562 4683 3615 4729 et

2035 4785 2247 4831 sanctos
2296 4788 2415 4826 cum
2457 4771 2549 4824 illo
2598 4770 2649 4824 in
2679 4768 2886 4823 deliciis
2934 4776 3251 4838 regnaturos
3300 4781 3614 4835 speremus,

2035 4867 2174 4921 sicut
2205 4865 2381 4934 Nepos
2407 4862 2619 4922 docuit,
2664 4860 2753 4929 qui
2797 4861 3021 4927 primam
3055 4857 3319 4927 jusmrum
3370 4872 3613 4911 resurre-

2037 4960 2267 5015 ctionem
2290 4998 2306 5023 ,
2338 4964 2391 5011 et
2420 4954 2526 5025 33
2549 4951 2839 5008 secundam
2892 4950 3178 5021 impiorunt
3226 4949 3505 5005 conﬁnxit.
3550 4947 3615 5001 Et

2111 5098 2124 5145 l
2158 5095 2278 5155 Ms.,
2308 5090 2446 5143 imit.

2107 5165 2127 5202 ¹ί
2164 5165 2255 5217 Ms.
2269 5206 2283 5231 ,
2317 5160 2545 5231 purgari.

2112 5235 2127 5273 1
2163 5234 2259 5288 ills.
2293 5248 2395 5285 non
2430 5230 2587 5285 habet
2607 5235 2654 5283 et
2679 5231 2934 5286 mortalia.

2106 5316 2145 5343 ιη
2174 5307 2269 5359 Ms.
2282 5345 2296 5369 ,
2328 5302 2535 5356 scilicet.

2106 5387 2130 5413 υ
2164 5376 2285 5441 Ms.,
2310 5373 2529 5443 jejunio.

2108 5460 2132 5483 υ
2162 5447 2287 5501 Haec
2311 5441 2475 5500 verba
2495 5482 2510 5509 ,
2539 5443 2735 5498 veniam
2783 5452 3114 5512 consequatur
3142 5456 3208 5499 ex
3251 5454 3352 5496 ms.
3370 5441 3610 5511 rapo-ita

2034 5526 2177 5576 sunt

2106 5602 2133 5639 P
2163 5590 2283 5657 515.,
2314 5588 2375 5642 iis
2400 5602 2495 5656 pro
2521 5587 2616 5640 his.

2108 5673 2132 5709 ει
2161 5661 2279 5719 Μδ..
2310 5662 2534 5713 eradere.

2111 5744 2130 5768 τ
2167 5730 2239 5784 Ita
2268 5733 2403 5785 llllllC
2432 5733 2600 5787 locum
2626 5726 2921 5786 emendavi.
2954 5725 3077 5793 Ms.,
3104 5723 3327 5797 Papias;
3359 5726 3461 5795 alii,
3502 5725 3607 5782 Pa-

2036 5806 2167 5868 piw;
2191 5802 2349 5858 male.
