4096 6342
500 325 597 384 995

1727 320 2049 377 GENNADII
2089 321 2549 379 MASSILIENSIS

3659 319 3771 376 996

500 446 634 492 inter
684 435 777 491 has
818 434 951 491 duas
997 441 1324 489 mortuorum
1368 432 1790 489 resurrectiones
1820 474 1835 500 ,
1882 444 2071 503 gentes
2097 406 2460 507 Astiterunt,
2498 434 2659 504 lapsis
2691 434 3129 503 superbrentibus
3154 436 3379 505 angelis.
3412 434 3513 490 hoc
3545 451 3775 492 munere

502 538 799 598 Ignorantes
830 526 994 581 Deum
1043 525 1095 579 in
1123 524 1331 593 angulis
1362 528 1624 579 terrardm
1657 524 1709 579 in
1748 539 1912 581 carne
1936 540 2073 589 ser-

502 624 688 674 vanda.
738 620 865 685 Qua:
912 626 1032 687 post
1078 616 1221 671 mille
1246 631 1413 670 annos
1452 618 1600 685 regni
1642 618 1692 669 in
1725 628 1862 673 terra
1890 618 2079 687 justo-

502 728 647 780 rum,
694 713 973 781 instigante
1016 710 1228 764 diabolo
1270 709 1549 765 movenda:
1580 718 1707 764 sunt
1748 710 1813 763 ad
1846 725 2074 780 pugnam

502 814 681 859 contra
733 802 906 871 justos
947 810 970 837 α
1022 810 1340 871 regnantes;
1393 810 1447 855 et
1497 801 1726 856 Domino
1778 816 1875 870 pro
1919 802 2076 871 justis

500 904 768 965 pugnante
794 894 963 948 imbre
992 894 1149 965 igneo
1174 892 1611 964 compescendas,
1635 902 1795 963 atque
1818 892 1889 947 ita
1932 907 2075 947 mor-

501 996 638 1052 tuas,
654 1002 773 1042 cum
787 986 993 1040 cmteris
1008 985 1060 1039 in
1078 983 1347 1053 impietate
1359 982 1386 1020 ι’
1400 992 1523 1038 ante
1538 984 1785 1048 mortuis,
1797 982 1862 1036 ad
1877 991 2073 1049 aeterna

500 1078 756 1150 supplicia
799 1079 850 1132 in
884 1076 1272 1145 incorruptibili
1298 1090 1459 1130 carne
1486 1074 1889 1131 resuscitandas
1923 1084 1967 1125 ο.

1082 1167 1307 1223 CAPUT
1347 1166 1480 1221 LVI.

569 1267 782 1323 Nullum
832 1264 1103 1321 credimus
1148 1263 1211 1317 ad
1258 1264 1484 1317 salutem
1517 1263 1617 1318 nisi
1664 1261 1777 1317 Deo
1819 1260 2078 1317 invitante

502 1361 712 1424 venire;
770 1357 973 1423 nullum
1022 1354 1301 1410 invitatum
1347 1355 1574 1408 salutem
1625 1369 1776 1409 suam
1822 1355 1923 1408 nisi
1971 1355 2078 1409 Deo
2121 1369 2127 1374 ‘

503 1452 790 1507 auxiliante
827 1448 1074 1519 operari;
1127 1446 1331 1502 nullum
1392 1446 1496 1501 nisi
1526 1456 1770 1501 orantem
1821 1445 2080 1500 auxilium

505 1542 836 1614 promereri;
882 1541 1086 1594 nullum
1118 1539 1212 1594 Dei
1261 1539 1536 1594 voluntate
1585 1538 1799 1609 perire,
1850 1538 1942 1593 sed
1986 1552 2081 1607 per

502 1635 734 1704 seipsum
758 1648 851 1703 pro
869 1632 1131 1687 electione
1149 1630 1374 1694 arbitrii,
1403 1646 1469 1685 ne
1498 1629 1840 1701 ingenuitatis
1859 1629 2079 1685 libertas

503 1737 662 1796 atque
708 1734 945 1795 potestas
970 1724 1136 1779 semel
1168 1724 1368 1778 homini
1394 1723 1683 1790 attributa,
1720 1723 1788 1778 ad
1830 1723 2079 1778 servilem

503 1818 717 1887 cogatur
746 1815 1141 1871 necessitatem.

1076 1905 1301 1962 CAPUT
1342 1904 1496 1960 LVII.

576 2000 765 2055 Malum
821 2000 902 2055 vel
936 1999 1140 2054 malitia
1186 2014 1290 2053 non
1322 2006 1403 2051 est
1431 2013 1459 2051 a
1503 1998 1613 2052 Deo
1642 2004 1820 2053 creata
1847 2040 1862 2066 ,
1911 1993 2008 2051 sed
2045 2008 2075 2054 a

503 2092 716 2147 diabolo
768 2094 1015 2158 inventa,
1049 2076 1170 2160 quia
1210 2099 1263 2144 et
1306 2089 1417 2159 ipse
1444 2089 1613 2144 bonus
1652 2103 1682 2141 a
1714 2088 1825 2144 Deo
1869 2096 2081 2143 creatus

503 2196 603 2241 est.
633 2186 735 2241 Sed
762 2185 882 2255 quia
912 2184 1080 2238 libero
1110 2183 1351 2249 arbitrio,
1384 2195 1439 2236 ut
1466 2192 1590 2253 pote
1621 2181 1899 2241 rationalis
1924 2195 2077 2236 crea-

503 2287 619 2332 tura
661 2293 688 2331 a
738 2277 845 2331 Deo
895 2276 1214 2335 commissus
1242 2284 1355 2338 est,
1387 2283 1441 2329 et
1486 2273 1753 2342 cogitandi
1799 2279 2080 2341 acceperat

502 2369 806 2425 facultatem
831 2410 843 2432 ,
874 2367 1152 2421 scientiam
1184 2365 1309 2419 boni
1340 2363 1448 2436 34
1473 2365 1631 2419 vertit
1656 2364 1719 2417 ad
1754 2364 1951 2417 malum
1978 2403 1993 2426 ,
2024 2370 2080 2416 et

504 2460 664 2515 multa
694 2459 976 2531 cogitando
1008 2459 1177 2513 iactus
1205 2466 1287 2512 est
1318 2456 1562 2510 inventor
1592 2455 1745 2520 mali;
1777 2464 1829 2510 et
1856 2453 1996 2525 quod
2024 2454 2075 2509 in

502 2566 559 2607 se
588 2550 892 2621 perdiderat
933 2548 1120 2627 invidit
1158 2548 1209 2600 in
1251 2546 1369 2599 aliis
1396 2585 1411 2610 ,
1459 2560 1558 2599 nec
1599 2553 1883 2599 contentus
1931 2543 2077 2597 Solus

501 2642 679 2712 perire
709 2642 880 2696 suasit
898 2639 1047 2704 aliis;
1072 2648 1128 2693 ut
1149 2638 1239 2708 qui
1262 2646 1403 2692 esset
1426 2651 1535 2689 suae
1560 2636 1775 2689 malitia:
1808 2636 2074 2699 inventor,

503 2734 654 2789 fieret
676 2741 730 2787 et
758 2733 981 2787 aliorum
1012 2739 1197 2785 auctor
1226 2747 1236 2781 :
1270 2738 1322 2785 et
1352 2743 1416 2783 ex
1442 2744 1506 2783 eo
1530 2728 1725 2782 malum
1756 2726 1837 2782 vel
1876 2726 2075 2782 malitia

505 2826 767 2893 percurrit
802 2824 853 2877 in
891 2831 991 2877 εδει
1013 2836 1114 2877 'ras
1144 2820 1434 2875 rationales
1462 2827 1753 2875 creaturas.

1067 2912 1290 2966 CAPUT
1332 2911 1507 2966 LVIII.
1616 2912 1619 2917 ’

569 3006 718 3062 Unde
743 3006 1113 3076 cognoscimus
1154 3005 1284 3057 nihil
1324 3018 1443 3058 esse
1484 3012 1671 3056 natura
1705 3001 2033 3057 immutabile
2056 3042 2072 3066 ,

500 3099 602 3153 nisi
650 3099 821 3152 solum
854 3097 1021 3151 Deum
1053 3093 1077 3132 ἀ
1112 3096 1317 3149 Patrem
1350 3107 1401 3149 et
1442 3094 1634 3149 Filium
1657 3136 1671 3157 ,
1718 3103 1771 3148 et
1818 3095 2073 3164 Spiritum

2178 524 2549 582 retributionis
2575 536 2921 597 acceperunt,
2945 535 3004 583 ut
3027 526 3174 581 nulla
3197 527 3308 596 jam
3332 527 3575 596 rubigine
3598 528 3775 582 surri-

2178 617 2371 688 pientis
2408 617 2581 687 culpae
2627 616 2975 673 mordeantur
3006 634 3017 669 :
3050 626 3106 673 ut
3135 628 3189 671 et
3219 619 3271 671 in
3310 618 3775 687 contemplatione

2178 710 2484 767 Conditoris
2514 710 2630 764 sine
2663 708 2933 764 felicitatis
2964 708 3069 764 fine
3102 717 3469 778 permaneant,
3493 720 3547 766 et
3578 712 3635 765 in
3664 710 3777 767 hoc

2179 802 2257 856 sic
2283 802 2510 857 condita:
2538 808 2738 855 aeterna
2770 801 3063 857 stabilitate
3088 801 3403 857 subsistant.

2752 915 2980 971 CAPUT
3021 915 3183 971 LXII.

2253 1005 2416 1059 Tales
2440 1015 2606 1059 creati
2638 1015 2765 1059 sunt
2790 1007 2988 1075 angeli,
3012 1016 3071 1060 ut
3098 1009 3165 1070 si,
3199 1007 3418 1072 vellent,
3454 1008 3504 1061 in
3537 1008 3777 1073 beatitu-

2185 1096 2323 1150 diuis
2353 1097 2470 1151 luce
2512 1097 2880 1164 persisterent,
2927 1098 2971 1151 si
3008 1107 3185 1151 autem
3215 1097 3435 1162 vellent,
3465 1098 3627 1152 etiam
3661 1098 3769 1153 labi

2183 1189 2503 1257 potuissent.
2544 1188 2693 1243 Unde
2730 1198 2783 1242 et
2809 1188 2972 1244 Satan
3000 1204 3121 1243 cum
3152 1190 3501 1260 sequentibus
3545 1191 3776 1261 legioni-

2182 1280 2281 1335 bus
2303 1279 2640 1336 cecidit.Sed
2672 1290 2792 1350 post
2823 1282 2939 1350 ejus
2974 1282 3178 1347 lapsum
3208 1284 3279 1336 ita
3307 1284 3607 1338 confirmati
3639 1295 3770 1339 sunt

2181 1372 2352 1435 angeli
2384 1371 2471 1440 qui
2506 1374 2870 1440 perstiterunt,
2910 1381 2965 1427 ut
3002 1372 3195 1429 cadere
3239 1374 3462 1429 omnino
3494 1392 3599 1430 non
3629 1390 3772 1445 ,ρος-

2182 1473 2321 1527 sent,
2352 1464 2475 1533 quia
2501 1480 2569 1519 ne
2593 1464 2813 1519 omnino
2838 1464 2947 1533 iam
2977 1465 3253 1532 caderent,
3270 1466 3525 1523 virtutem
3564 1467 3774 1524 incorno

2183 1556 2553 1617 mutabilitatis
2583 1566 2924 1626 acceperunt.

2671 1649 2781 1720 33
2818 1648 3043 1705 caper
3086 1649 3269 1706 LXIII.

2262 1740 2425 1795 Bonae
2461 1748 2586 1795 sunt
2614 1743 2835 1811 nuptizn,
2874 1742 2966 1797 sed
2997 1757 3158 1799 causa
3189 1743 3421 1800 filiorum
3459 1756 3514 1801 et
3551 1761 3774 1817 compe-

2103 1813 2156 1877 ⁸
2181 1832 2393 1888 scenda:
2422 1830 2795 1887 fornicationis
2822 1833 3065 1889 obtentu.

2748 1944 2977 2001 CAPUT
3012 1946 3172 2001 LXIV

2254 2038 2440 2093 Melior
2467 2047 2551 2092 est
2580 2038 2906 2094 continentia
2930 2078 2943 2102 ,
2974 2038 3067 2094 sed
3097 2054 3202 2094 non
3237 2050 3260 2077 ε
3292 2042 3391 2097 sibi
3424 2042 3537 2096 sola
3571 2045 3772 2104 sufﬁcit

2182 2128 2247 2183 ad
2276 2130 2739 2194 heatitudinem,si
2770 2144 2863 2199 pro
2886 2130 3005 2185 solo
3023 2146 3209 2186 amore
3232 2132 3501 2202 pudicitia:
3532 2134 3549 2172 τ
3581 2152 3771 2193 recen-

2182 2231 2383 2285 seatur,
2415 2220 2508 2275 sed
2544 2221 2591 2275 si
2629 2231 2682 2281 et
2723 2236 2843 2275 cum
2887 2230 2911 2267 ε
2957 2224 3045 2276 ta'i
3087 2222 3275 2277 effectu
3327 2238 3487 2279 causa
3542 2229 3770 2285 vacandi

2184 2312 2408 2367 Domino
2444 2314 2691 2384 eligatur,
2732 2314 2966 2383 alioquin
3010 2314 3295 2369 divortium
3330 2319 3498 2388 magis
3530 2319 3767 2391 ennjugii

2182 2402 2453 2459 videbitur
2481 2418 2601 2460 esse
2627 2420 2785 2475 quam
2813 2403 2838 2440 ιι
2872 2405 3129 2475 appetitio
3158 2408 3433 2462 castitatis.

2754 2516 2982 2572 CAPUT
3019 2516 3178 2573 LXV.

2243 2607 2527 2677 Virginitas
2550 2616 2775 2678 utroque
2806 2608 2947 2663 bono
2977 2610 3284 2678 prtecelsior
3314 2623 3416 2677 est,
3445 2614 3567 2682 qnia
3596 2623 3651 2668 et
3676 2631 3767 2671 na-

2180 2706 2348 2752 turam
2379 2698 2542 2753 vincit
2583 2708 2639 2753 et
2670 2714 2921 2769 pugnam.
2957 2699 3235 2768 Naturam,
3264 2704 3510 2772 corporis
3540 2706 3765 2773 integri-

2179 2797 2319 2854 tate;
2342 2804 2602 2858 pugnam,
2630 2803 2759 2858 pace
2787 2790 3141 2857 castimoniae,
3168 2808 3287 2860 qum
3316 2808 3413 2863 pro
3438 2794 3554 2849 solo
3579 2811 3766 2854 amore

2180 2879 2448 2934 pudicitia:
2480 2879 2530 2933 in
2561 2893 2691 2948 pace
2720 2888 2824 2935 est.

2736 2971 2962 3028 CAPUT
2999 2973 3183 3029 LXVI.

2253 3063 2455 3118 Bonum
2485 3072 2568 3119 est
2602 3063 2780 3119 cibum
2813 3079 2933 3119 cum
2960 3066 3251 3134 gratiarum
3282 3069 3491 3124 actione
3522 3085 3759 3142 sumere,

499 3198 773 3256 sanctum,
799 3189 887 3257 qui
915 3190 1107 3241 mutari
1140 3202 1241 3240 ron
1268 3194 1445 3255 potest
1484 3205 1510 3237 a
1542 3188 1700 3249 bono,
1733 3186 1853 3254 quia
1885 3194 2074 3240 natura

2177 3164 2229 3210 et
2272 3155 2526 3226 quidquid
2562 3156 2699 3211 Deus
2741 3157 2993 3227 prmcepit
3020 3158 3287 3214 edendum
3324 3172 3423 3215 est.
3472 3162 3760 3222 Abstinere

498 3281 736 3352 possidet
782 3282 1011 3345 bonum,
1056 3294 1155 3333 nec
1193 3289 1370 3349 potest
1413 3278 1553 3331 aliud
1597 3277 1721 3346 quid
1762 3292 1883 3331 esse
1912 3292 2070 3347 quam

498 3374 714 3427 bonum.

1086 3458 1310 3514 CAPUT
1353 3459 1485 3513 LIX.

572 3552 758 3622 Angeli
786 3564 936 3619 vero,
965 3550 1056 3619 qui
1087 3552 1138 3604 in
1172 3550 1259 3604 illa
1281 3564 1383 3620 qua
1409 3551 1575 3604 creati
1600 3561 1724 3605 sunt
1748 3550 2071 3606 beatitudine

502 3651 885 3717 perseverant,
920 3656 1024 3696 non
1070 3651 1258 3695 natura
1306 3641 1579 3712 possident
1618 3642 1851 3709 bonum,
1882 3654 1935 3697 ut
1964 3657 2068 3698 non

501 3744 835 3792 mutarentur
863 3748 983 3789 cum
1007 3734 1234 3799 cmteris,
1285 3733 1378 3788 sed
1408 3734 1630 3789 arbitrio
1669 3744 1941 3791 servantes
1979 3737 2071 3791 bo-

496 3844 617 3885 nam
646 3827 995 3894 voluntatem,
1019 3835 1074 3881 et
1100 3825 1297 3880 bonum
1326 3826 1668 3892 conditionis,
1700 3837 1755 3881 et
1785 3827 1938 3883 fidem
1972 3844 2069 3883 suo

498 3920 721 3977 Domino
752 3917 1113 3989 rependendo.
1146 3918 1371 3989 Propter
1397 3919 1539 3988 quod
1562 3929 1615 3974 et
1643 3922 1831 3975 merit;
1860 3923 1925 3975 ab
1958 3923 2069 3991 ipso

498 4012 729 4068 Domino
777 4012 948 4066 sancti
980 4010 1156 4081 angeli
1180 4020 1457 4080 vocantur,
1490 4012 1630 4082 quod
1657 4021 1940 4068 tenuerunt
1979 4031 2067 4069 ar-

493 4108 655 4177 bitrio
700 4108 1036 4164 sanctitatem
1062 4146 1078 4175 ,
1110 4122 1210 4162 nec
1238 4108 1505 4163 sociorum
1549 4108 1795 4177 exemplo
1822 4107 2069 4163 deviave-

492 4208 616 4261 runt
642 4213 672 4254 a
697 4199 860 4255 bono.

1091 4289 1319 4346 CAPUT
1360 4290 1471 4345 LX.

558 4383 718 4439 Fides
735 4398 881 4449 vera,
899 4396 1016 4453 qua:
1036 4389 1119 4435 est
1134 4380 1418 4445 catholica,
1438 4382 1673 4437 omnium
1696 4392 2064 4461 creaturarum

488 4479 603 4531 sive
634 4474 987 4545 spiritualium
1006 4513 1020 4538 ,
1045 4474 1157 4527 sive
1187 4473 1546 4542 corporalium
1573 4473 1677 4545 35
1717 4476 1910 4531 bonam
1936 4491 2067 4530 con-

488 4568 667 4621 fitetur
710 4565 1059 4620 substantiam
1089 4604 1102 4629 ,
1146 4571 1201 4619 et
1231 4564 1357 4619 mali
1387 4564 1585 4619 nullam
1613 4580 1732 4621 esse
1763 4577 2004 4621 naturam
2038 4585 2052 4625 :
2084 4556 2145 4633 ἢ

485 4659 607 4731 quia
635 4659 809 4727 Deus,
839 4657 929 4728 qui
975 4656 1333 4712 universitatis
1364 4664 1445 4711 est
1473 4657 1736 4723 conditor,
1777 4658 1911 4712 nihil
1951 4675 2057 4714 non

476 4736 681 4808 bonum
724 4751 864 4806 fecit.
893 4749 1045 4807 Unde
1073 4758 1127 4806 et
1158 4751 1404 4806 diabolus
1435 4752 1606 4806 bonus
1634 4762 1811 4819 esset,
1839 4752 1883 4806 si
1914 4755 1963 4806 in
1992 4768 2058 4809 eo

484 4843 625 4915 quod
669 4843 837 4897 factus
884 4850 965 4897 est
996 4853 1350 4911 permaneret.
1387 4843 1489 4899 Sed
1513 4843 1636 4914 quia
1682 4844 1910 4900 naturali
1964 4862 2057 4899 ex-

481 4937 726 4994 cellentia
752 4935 889 4991 male
916 4948 1044 4989 usus
1071 4944 1175 5000 est,
1200 4944 1253 4990 et
1279 4937 1331 4990 in
1359 4937 1580 4991 veritate
1611 4952 1715 4992 non
1746 4938 1912 5006 stetit,
1948 4954 2052 4993 non

479 5032 529 5085 in
582 5030 903 5087 contrariam
949 5028 1302 5085 substantiam
1341 5029 1583 5093 transiit,
1641 5030 1735 5085 sed
1775 5045 1802 5083 a
1846 5045 2055 5087 summo

480 5126 510 5178 b
534 5138 640 5191 uio,
672 5124 755 5178 cui
777 5123 959 5179 debuit
985 5121 1287 5187 adhaerere,
1318 5121 1585 5177 discessit.

1062 5213 1287 5271 CAPUT
1330 5214 1467 5270 LXI.

476 5372 479 5373 γ
552 5307 784 5362 Virtutes
824 5307 1075 5378 angelicae
1105 5321 1223 5376 quat
1249 5305 1302 5361 in
1332 5307 1515 5362 divino
1548 5322 1732 5366 amore
1760 5309 1878 5367 fixa;
1914 5326 2049 5381 prat-

547 5500 573 5528 ι
604 5492 724 5553 Ms.,
747 5500 1110 5561 repugnantes.

550 5567 573 5598 υ
605 5562 724 5626 Ms.,
758 5563 987 5624 mortuis,
1022 5576 1118 5630 pro
1145 5570 1263 5613 ante
1297 5561 1532 5614 mortuis.

553 5645 573 5670 ο
604 5632 700 5684 Ms.
725 5630 947 5685 additde
966 5634 1114 5684 istam
1140 5633 1541 5700 superstitionem
1572 5634 1716 5686 valde
1748 5636 2051 5693 det-immitis.

547 5704 570 5740 ά
605 5702 724 5768 Ms.,
756 5718 861 5755 esse
888 5718 1174 5767 perennem.

550 5785 571 5807 ε
614 5773 723 5824 Sibi
756 5775 860 5826 solu
888 5772 1023 5829 stt/ﬁo
1048 5784 1083 5833 t.
1120 5775 1185 5829 ita
1220 5789 1316 5829 ms.
1345 5773 1704 5832 Florentiuus.

2177 3256 2355 3301 autem
2385 3248 2452 3302 ab
2482 3248 2749 3317 aliquibus
2791 3263 2896 3303 non
2928 3250 3077 3318 quasi
3109 3251 3287 3320 malis,
3327 3252 3418 3306 scd
3460 3254 3609 3323 quasi
3652 3273 3758 3311 non

2184 3344 2502 3398 necessariis
2546 3358 2650 3397 non
2696 3351 2779 3397 est
2826 3344 3045 3398 malum.
3096 3345 3357 3400 Moderari
3402 3362 3533 3403 vero
3569 3365 3756 3405 eorum

2174 3451 2327 3491 usum
2366 3452 2459 3504 pro
2492 3438 2808 3493 necessitate
2836 3446 2891 3491 et
2930 3448 3204 3507 tempore,
3248 3441 3463 3510 proprie
3491 3440 3754 3497 Christia—

2176 3541 2362 3581 IIOI‘UIII
2390 3537 2490 3582 est.

2652 3620 2755 3692 37
2804 3619 3029 3677 CAPUT
3067 3620 3271 3676 vau.

2244 3710 2404 3765 Malas
2435 3725 2562 3765 vero
2586 3711 2766 3766 dicere
2794 3712 3025 3781 nuptias,
3052 3713 3134 3767 vel
3168 3714 3499 3768 fornicationi
3531 3730 3749 3786 compa-

2178 3802 2373 3857 randas
2402 3810 2493 3857 aut
2518 3813 2704 3872 stupro
2732 3819 2744 3867 ;
2770 3803 2921 3857 cibos
2943 3818 3152 3872 quoque
3186 3805 3405 3860 credere
3436 3806 3630 3872 malos,
3666 3810 3748 3864 vel

2179 3894 2192 3931 ί
2224 3894 2452 3948 malitias
2474 3908 2696 3949 causare
2726 3894 3162 3963 percipientibus,
3188 3912 3289 3950 non
3314 3910 3393 3951 est
3421 3899 3754 3958 Christiano-

2172 4001 2311 4053 rum,
2358 3986 2450 4041 sed
2484 3987 2698 4055 prOprie
2735 3985 3155 4041 Ilicrachitarum
3186 3997 3237 4041 et
3279 3987 3713 4046 Mauiclucorum.

2474 4168 2483 4177 ,Ἴ
2712 4098 2936 4157 CAPUT
2978 4100 3202 4155 LXVIII.

2245 4194 2258 4243 i
2293 4193 2522 4247 Sacratae
2546 4193 2655 4248 Deo
2682 4194 2967 4263 virginitati
2991 4195 3206 4262 nuptias
3226 4209 3527 4267 comquare,
3543 4205 3637 4255 aut
3656 4213 3755 4269 pro

2170 4300 2349 4339 amore
2381 4285 2674 4355 castigandi
2719 4301 2763 4340 Cl
2788 4287 2985 4355 rporis,
3030 4286 3427 4343 abstinentibus
3458 4304 3485 4341 a
3513 4290 3640 4345 vino
3667 4288 3753 4348 vel

2169 4377 2419 4432 carnibus
2445 4378 2517 4431 nil
2541 4377 2761 4432 credere
2790 4378 2965 4432 meriti
2988 4393 3319 4446 accrescere,
3343 4394 3446 4435 noti
3480 4381 3584 4437 hoc
3601 4379 3753 4436 Chri-

2168 4470 2349 4535 Stiani,
2380 4468 2472 4523 sed
2499 4467 2767 4522 .loviniani
2798 4478 2894 4523 est.

2723 4560 2947 4615 CAPUT
2990 4560 3173 4617 LXIX.

2239 4652 2445 4721 Integra
2494 4650 2597 4707 fide
2639 4652 2963 4725 credendum
3013 4664 3097 4708 est
3142 4654 3353 4709 beatam
3403 4654 3623 4709 Mariam
3657 4654 3751 4711 Dei

2166 4742 2366 4799 ϐίη-ἱειί
2402 4752 2648 4807 matrem,
2682 4753 2735 4797 et
2761 4745 3018 4815 virginem
3044 4746 3374 4816 concepisse,
3403 4756 3458 4803 et
3488 4747 3746 4816 virginem

2166 4836 2435 4906 genuisse,
2467 4846 2521 4891 et
2546 4844 2665 4905 post
2703 4846 2907 4908 partum
2939 4837 3196 4907 virginem
3228 4839 3608 4907 permansisse.
3642 4841 3750 4897 Nec

2167 4939 2248 4983 est
2298 4929 2639 5000 blasphemiae
2685 4931 2914 4986 llelvidii
2959 4932 3408 5002 acquiescendum
3436 4935 3527 5003 qui
3571 4934 3745 4990 dixit:

3799 4715 3814 4753 ἓ

2168 5020 2293 5075 Fuit
2325 5023 2464 5093 virgo
2493 5035 2608 5076 ante
2635 5032 2857 5092 partum,
2892 5040 2992 5077 non
3022 5025 3159 5094 virgo
3190 5033 3302 5092 post
3330 5035 3553 5093 partum.

2731 5135 2960 5192 CAPUT
3007 5136 3169 5191 LXX.

2234 5226 2527 5295 Elementa,
2560 5225 2617 5282 id
2642 5236 2724 5282 est
2752 5228 2950 5282 emtum
2982 5238 3038 5284 et
3066 5239 3290 5296 terram,
3324 5242 3430 5287 non
3459 5227 3751 5285 credamus

2159 5320 2423 5375 abolenda
2457 5335 2553 5391 per
2580 5321 2779 5391 ignem,
2810 5321 2909 5375 sed
2937 5322 2990 5376 in
3022 5322 3213 5377 melius
3238 5323 3614 5380 commutanda
3642 5340 3656 5377 :
3688 5325 3747 5377 fi-

2300 5502 2371 5555 lta
2398 5502 2654 5567 ms.‘Alii,
2679 5503 2944 5559 retinetur.

2238 5582 2259 5616 ε
2302 5572 2417 5625 Tali
2445 5573 2654 5639 a/fectu,
2688 5576 2756 5628 ita
2791 5592 2891 5629 ms.
3176 5604 3183 5613 ·

2233 5640 2254 5675 h
2300 5642 2420 5715 Μς..
2453 5645 2673 5707 castitas,
2706 5662 2800 5713 pro
2826 5648 3071 5715 appetitio
3102 5649 3371 5703 castitatis.

2240 5722 2250 5747 ι
2299 5714 2418 5777 Ms.,
2447 5716 2566 5765 mali
2599 5732 2779 5768 causas
2810 5714 2998 5773 creare.

2234 5794 2244 5833 ι
2294 5784 2365 5839 Ita
2398 5800 2497 5839 IIIS.
2534 5786 2635 5843 Alii
2667 5788 2896 5845 Sacratn'
2931 5806 3067 5848 vero.
