2048 3171
149 139 205 169 997

607 135 650 163 DE
671 134 944 176 ECCLISSIASTICIS
964 113 1184 163 DOGMATIBUS
1203 134 1314 163 LIBER.

1719 133 1774 164 99:
1805 169 1809 173 ν

151 204 238 233 guram
252 202 357 230 quoque
372 194 474 227 mundi,
485 194 511 232 i_d
521 198 563 221 est
576 193 730 228 imaginem,
742 200 794 219 non
807 192 931 220 substan-
944 195 971 224 Α
983 200 1050 228 aqua
1072 192 1183 219 mixtum
1196 200 1204 224 ;
1228 191 1289 227 quia
1310 194 1337 218 et
1357 190 1446 218 vinuut
1470 195 1520 218 tutt
1539 190 1565 218 in
1581 190 1773 226 redemptionis

153 244 214 270 tiam
232 242 412 270 transituram.

396 286 452 321 38
468 284 580 321 CAPUT
600 283 693 312 LXXI.

188 335 286 360 Bonum
300 335 342 359 est
360 331 498 359 facultates
514 337 573 358 eum
595 329 797 364 dispensatione
815 329 937 363 pauperi-

153 379 200 407 bus
218 385 339 413 erogare.
361 376 452 404 Melius
466 380 507 404 est
521 383 569 410 pro
581 375 729 409 intentione
740 374 868 409 sequendi
885 374 937 401 Do-

154 425 251 452 minum
266 428 278 441 α
294 422 400 450 insimul
419 422 530 454 donare,
545 425 572 452 et
592 420 743 457 absolutum
759 419 938 452 sollicitudine

153 477 211 496 cum
225 468 331 496 Christo
346 475 435 502 egere.

227 548 229 551 ,
428 511 540 541 CAPUT
560 511 666 541 LXXII.

187 560 308 587 Maritum
320 559 431 587 duarum
445 564 503 593 post
515 559 676 593 baptismum
691 562 872 591 matronarum
885 557 939 586 cle-

153 609 234 634 ricum
256 614 309 634 non
324 605 512 641 ordinandum.
533 605 625 640 Neque
639 612 700 632 eum
716 604 760 639 qui
783 611 861 632 unam
881 604 941 638 qui-

153 654 221 685 dum,
239 652 252 671 δ
269 652 314 679 sed
331 651 505 680 concubinam
525 659 577 678 non
597 654 746 687 matronam
768 650 868 678 habuit.
885 650 940 683 Nec

153 699 224 725 idum
240 699 287 733 qui
301 697 471 729 vidnam,aut
486 704 552 731 repu
562 696 663 728 liatam,
677 696 720 724 vel
732 696 899 727 meretricem
914 696 940 729 in

153 743 320 771 tnatrimonio
343 743 464 777 sumpsit.
499 742 591 778 Neque
614 749 675 769 eum
699 741 745 776 qui
769 742 940 776 semetipsum

153 790 270 823 (ιιςοΙὶΙωι
292 789 413 824 corporis
432 789 472 826 sui
496 789 617 816 ntembro
637 788 819 824 indignatione
841 788 940 823 aliqua,

154 836 193 863 vel
215 836 288 870 justo
313 836 447 870 injustove
471 836 565 864 timore
589 839 741 869 superatus,
768 836 939 872 truncaverit.

155 882 243 916 Neque
258 881 331 908 illum
344 880 389 915 qui
406 888 499 908 usuras
513 881 648 914 accepisse
662 880 840 913 convincitur,
857 887 901 908 aut
916 881 942 907 in

154 935 231 955 scena
254 927 350 955 lusisse
365 932 376 946 ε
393 928 548 954 dinoscitur.
574 927 665 961 Neque
687 935 749 954 eum
770 927 814 961 qui
841 927 945 961 publica

161 973 316 1008 pmnitcntia
332 972 452 1006 mortalia
468 973 579 1000 crimina
595 973 684 999 deﬂet.
701 972 791 1006 Neque
810 972 883 1000 illum
898 973 943 1006 qui

155 1019 297 1054 aliquando
310 1017 323 1036 ιι
337 1018 362 1045 in
383 1018 477 1045 furiam
495 1025 586 1045 versus
601 1018 734 1051 insanivit,
746 1018 788 1045 vel
802 1017 946 1045 afﬂictione

156 1065 252 1092 diaboli
271 1068 382 1102 vexatus
395 1068 447 1091 est.
464 1064 517 1091 Nec
531 1071 591 1092 eum
604 1064 648 1098 qui
664 1071 710 1098 per
723 1063 897 1090 ambitionem
913 1063 946 1090 ad

156 1110 331 1137 imitationem
349 1110 465 1137 Simonis
481 1110 549 1143 magi
565 1109 703 1144 pecuniam
717 1109 804 1136 offert.

428 1155 539 1184 CAPUT
560 1154 676 1182 LXXIII.

190 1200 351 1228 Sanctorum
369 1208 481 1234 corpora
501 1205 527 1227 et
543 1200 675 1234 praecipue
690 1200 829 1228 beatorum
845 1204 947 1235 marty-

158 1254 213 1272 rum
226 1246 363 1280 reliquias,
374 1253 405 1273 ac
420 1246 440 1272 si
456 1245 556 1272 Christi
571 1245 690 1273 membra
705 1246 885 1273 sincerissime
895 1245 949 1281 39

158 1291 325 1324 honoranda,
342 1297 368 1318 et
384 1291 507 1318 basilicas
520 1298 611 1318 eorum
628 1290 780 1318 nominibus
791 1291 947 1326 appellatas,

159 1339 230 1365 velut
256 1339 312 1366 loca
332 1342 424 1365 saneta
445 1337 534 1365 divino
558 1337 639 1371 cultui
665 1338 829 1372 mancipata,
854 1337 950 1364 affectu

160 1385 282 1418 piissimo
293 1390 319 1411 et
333 1384 475 1411 devotione
490 1383 643 1410 ﬁdelissima
655 1383 791 1418 adeundus
804 1382 949 1410 credimus.

159 1429 186 1456 Si
207 1429 267 1464 quis
289 1433 382 1457 contra
406 1429 473 1456 hanc
493 1429 653 1456 sententiam
670 1428 784 1462 venerit,
806 1436 858 1454 non
873 1427 952 1454 Chri-

161 1475 273 1508 stianus,
290 1476 336 1503 sed
350 1475 532 1502 Eunomianus
548 1480 574 1502 et
589 1475 780 1510 Vigilantianus
793 1479 804 1493 ·
821 1474 950 1502 creditur.

428 1521 541 1549 CAPUT
568 1521 684 1548 LXXIV.

198 1566 344 1599 Baptizatis
359 1571 460 1593 ttntum
475 1567 525 1593 iter
539 1573 599 1593 esse
614 1566 708 1592 salutis
723 1565 865 1592 credimus.
887 1565 951 1592 Nul-
965 1563 988 1595 C

162 1610 217 1638 Ium
234 1611 464 1642 catechuntenttm,
487 1611 606 1645 quamvis
626 1611 652 1637 in
676 1611 751 1638 bonis
766 1611 890 1644 operibus
905 1611 951 1638 de-

164 1656 295 1688 functum,
316 1656 394 1683 vitam
411 1662 538 1683 aeternam
560 1656 659 1684 habere
678 1655 952 1691 crcdimus,-excepto

163 1701 302 1736 martyrio,
318 1702 361 1729 ubi
376 1706 429 1728 tota
450 1702 573 1735 baptismi
591 1706 755 1729 sacramenta
775 1702 951 1736 complentur.

165 1747 343 1782 Baptizandus
357 1748 499 1775 conﬁtetur
514 1747 592 1775 ﬁdem
605 1756 678 1775 suam
695 1755 784 1775 coram
802 1750 952 1781 sacerdote,

165 1798 191 1821 et
204 1794 382 1827 interrogatus
395 1794 554 1828 respondet:
568 1793 618 1821 hoc
633 1799 659 1821 ct
675 1799 776 1829 martyr
791 1801 880 1821 coram
895 1802 954 1828 per-

166 1843 290 1867 secutore
302 1840 372 1874 iacit,
388 1841 431 1874 qui
447 1844 474 1866 et
488 1840 628 1867 conﬁtetur
642 1840 721 1867 fidetn
738 1848 823 1871 suam,
836 1845 863 1867 et
873 1841 955 1867 inter-

167 1892 279 1922 rogatus
293 1886 446 1920 respondet.
461 1886 507 1913 llle
523 1890 582 1920 post
597 1886 791 1913 confessionem
807 1886 848 1913 vel
864 1893 955 1920 asper-

165 1934 235 1968 gitur
246 1940 325 1967 aqua,
333 1933 374 1959 vel
385 1932 537 1967 intingitur;
548 1931 556 1950 ί
569 1937 670 1966 martyr
681 1939 744 1958 vero
754 1932 794 1959 vel
807 1931 957 1966 aspergitur

165 1979 308 2014 sanguine,
319 1979 360 2006 vel
372 1979 535 2014 contingitur
546 1979 615 2014 igne.
625 1978 669 2005 Ille
681 1986 776 2006 manus
787 1979 956 2013 impusitione

167 2026 302 2060 pontiﬁcis
317 2026 412 2060 accipit
427 2025 554 2060 Spiritum
570 2030 709 2058 sanctum;
731 2025 774 2053 ltie
789 2031 801 2048 κ
819 2026 956 2053 habitacu-

166 2072 221 2099 lum
238 2071 354 2099 efﬁeitur
373 2071 488 2105 Spiritus
509 2072 606 2104 sancti,
621 2071 683 2098 dum
704 2080 756 2098 non
776 2077 817 2099 est
837 2072 893 2106 ipse
912 2072 957 2107 qni

168 2117 298 2152 loquitur,
319 2117 365 2144 sed
379 2116 392 2135 δ
414 2117 526 2151 Spiritus
546 2117 633 2144 Patris
651 2118 694 2151 qui
721 2117 836 2152 lotluitur
857 2118 882 2145 in
899 2117 956 2145 illo.

168 2164 215 2191 ille
246 2164 426 2204 communicat
454 2163 623 2191 eucharistim
650 2164 676 2190 in
703 2165 958 2193 commemoratione

168 2211 266 2237 mortis
292 2210 414 2242 Domini;
436 2210 479 2238 hic
500 2211 548 2244 ipsi
574 2210 680 2238 Christo
700 2212 883 2239 commoritur.
909 2212 958 2239 Ille

989 243 1086 266 nostrm
1107 238 1246 274 mysterio.
1262 245 1323 265 cum
1343 237 1431 264 dixit:
1448 236 1510 264 Non
1530 237 1613 264 bibam
1633 238 1726 264 antodo
1745 239 1776 264 de

988 284 1035 311 hoc
1049 284 1173 320 genimine
1186 284 1243 310 vitis
1254 282 1361 319 (Matth.
1375 282 1498 318 xxvr,29)
1508 290 1516 314 ;
1525 287 1551 310 et
1560 290 1628 318 aqua
1649 283 1774 316 mixtum,

989 338 1041 358 non
1054 330 1124 366 quod
1140 334 1201 364 post
1220 337 1324 357 coenam
1343 329 1467 362 dabatur,
1490 329 1537 357 sed
1553 329 1622 365 quod
1637 329 1670 356 de
1693 330 1778 358 latere

988 378 1047 412 eius
1066 377 1157 405 lancea
1179 376 1299 412 perfosso
1321 384 1390 411 aqua
1415 384 1475 403 cum
1506 377 1634 411 sanguine
1671 384 1777 412 egressa

991 422 1079 459 (Joan.
1101 431 1158 456 xu,
1170 423 1216 457 30,
1233 422 1290 458 5i),
1305 423 1394 450 vinum
1409 422 1442 450 de
1457 430 1519 450 vera
1543 422 1600 457 ejus
1617 423 1705 451 carnis
1725 423 1778 451 vite

990 475 1050 497 cum
1064 476 1132 503 aqua
1144 476 1301 503 expressum
1317 467 1477 495 ostenditur.

1259 513 1372 541 CAPUT
1392 513 1508 541 LXXVI.

1026 559 1098 588 Bona
1112 563 1153 587 est
1167 566 1229 587 caro
1244 564 1344 592 nostra,
1353 563 1380 586 et
1393 558 1469 586 valde
1483 559 1669 593 bona,utp-tte
1680 566 1694 585 a
1707 558 1778 586 bono

991 607 1049 634 solo
1063 606 1118 634 Deo
1137 606 1261 638 condita;
1283 609 1311 633 et
1326 612 1378 632 non
1399 610 1439 632 est
1454 605 1532 638 mala,
1555 609 1583 632 ut
1599 606 1689 633 volunt
1706 605 1713 623 ί
1732 605 1781 633 Se-

992 653 1109 686 thianus,
1124 656 1150 679 et
1161 652 1309 686 Ophianus,
1322 655 1348 678 et
1359 650 1539 683 Patricianus;
1552 658 1602 678 nec
1614 650 1676 677 mali
1687 658 1778 684 c;tu<a,

991 703 1021 726 ut
1031 698 1121 725 docuit
1134 697 1272 725 Florianus
1285 704 1356 729 ;,ncc
1368 704 1401 724 ex
1417 697 1488 723 malo
1503 701 1529 724 et
1544 696 1614 723 bono
1627 702 1779 731 compacta,

992 749 1022 772 ut
1046 743 1205 771 Manichacus
1232 743 1406 778 blasphemat.
1429 743 1482 770 Sed
1504 750 1565 770 cum
1589 743 1624 770 sit
1647 744 1783 770 creatione

994 791 1074 823 bona,
1092 789 1202 817 arbitrio
1218 790 1225 814 i
1251 790 1346 816 animae
1367 788 1482 816 efficitur
1496 789 1573 816 nobis
1593 789 1632 816 vel
1653 789 1720 816 bona
1740 789 1783 816 vel

996 836 1075 870 tnala,
1099 844 1151 863 non
1174 835 1358 862 immutatione
1380 834 1544 867 substantiae,
1561 835 1608 862 sed
1633 835 1784 862 exsecutio-

959 883 982 920 β
997 882 1038 908 nis
1053 881 1186 908 mercede.
1204 881 1261 915 Ipsa
1276 881 1351 908 enim
1363 885 1404 908 est
1417 887 1476 915 quae
1491 880 1574 908 stabit
1588 885 1651 908 ante
1669 881 1786 908 tribunal

997 927 1106 958 Christi,
1118 927 1143 954 in
1160 935 1211 961 quo
1226 927 1437 961 perferatanima
1453 926 1559 961 propria
1574 927 1696 961 corporis
1709 933 1787 961 prout

997 974 1081 1008 gessit
1095 973 1151 1000 sive
1166 973 1264 1003 bonum
1278 973 1334 1000 sive
1349 973 1449 1000 malum
1464 972 1536 1008 (Cor.
1554 980 1579 1005 γ,
1592 972 1648 1006 I0).

1261 1019 1374 1046 CAPUT
1394 1018 1522 1046 LXXVII.

1035 1065 1062 1093 In
1078 1066 1276 1093 resurrectione
1290 1073 1323 1092 ex
1337 1066 1449 1092 mortuis
1464 1073 1544 1093 sexus
1560 1066 1642 1093 forma
1661 1073 1714 1093 non
1729 1073 1788 1093 mu-

1000 1111 1110 1145 tabitur,
1124 1112 1169 1139 sed
1188 1112 1228 1138 vir
1243 1116 1363 1138 mortuus
1378 1115 1499 1145 resurget
1513 1112 1539 1138 in
1553 1111 1637 1138 forma
1655 1111 1706 1147 41
1726 1112 1786 1145 viri,

999 1162 1024 1185 et
1039 1158 1134 1185 femina
1148 1158 1173 1183 in
1185 1157 1270 1186 forma
1282 1156 1398 1190 feminae,
1418 1164 1513 1185 carens
1532 1162 1620 1184 tamen
1631 1165 1741 1185 sexuum
1759 1158 1786 1185 in

999 1202 1050 1229 hac
1066 1202 1118 1229 vita
1134 1202 1298 1235 conditione,
1316 1209 1367 1228 nun
1383 1202 1474 1235 specie
1488 1201 1612 1234 naturali,
1634 1210 1667 1229 ne
1683 1208 1735 1229 non
1753 1202 1788 1229 sit

1001 1255 1064 1276 vera
1076 1247 1249 1280 resurrectio,
1262 1247 1284 1274 si
1299 1255 1353 1274 non
1368 1247 1393 1274 id
1410 1251 1530 1282 resurget
1544 1247 1615 1282 quod
1629 1247 1710 1275 cadit.

1254 1293 1366 1321 CAPUT
1387 1293 1527 1321 LXXVIII.

1038 1339 1049 1358 ¹ι
1061 1340 1130 1368 Ante
1143 1340 1292 1375 Passionem
1304 1344 1331 1367 et
1342 1337 1565 1367 resurrectionem
1574 1339 1689 1373 Domini.
1698 1345 1792 1368 omnes

1001 1386 1097 1414 animae
1119 1391 1271 1414 sanctorum
1287 1386 1313 1413 in
1329 1386 1434 1415 inferno
1454 1387 1504 1414 sub
1521 1386 1614 1414 debito
1634 1387 1791 1421 pracvarica-

1003 1432 1083 1459 tionis
1107 1432 1172 1458 Adae
1193 1431 1363 1465 tenebantur,
1387 1431 1473 1458 donec
1492 1432 1651 1459 auctoritate
1673 1432 1789 1467 Domini,

1003 1484 1051 1512 per
1067 1477 1211 1505 indebitam
1228 1477 1285 1512 ejus
1297 1482 1410 1505 mortem
1421 1485 1436 1504 a
1453 1477 1543 1505 servili
1558 1477 1710 1506 conditione
1722 1478 1791 1506 libe-

1003 1530 1136 1553 rarentur.
1399 1527 1401 1529 ’

1272 1571 1386 1598 CAPUT
1405 1570 1522 1598 LXXIX.

1039 1618 1102 1645 Post
1116 1618 1299 1644 ascensionem
1316 1617 1419 1649 Domiui
1434 1616 1467 1644 ad
1486 1617 1579 1650 coalos,
1598 1624 1714 1644 omnium
1729 1625 1791 1646 sana

1003 1669 1056 1691 ('I.0l
1065 1672 1108 1691 um
1124 1664 1220 1693 animo:
1232 1671 1292 1691 cum
1308 1663 1414 1690 Christo
1425 1667 1498 1697 sunt,
1507 1668 1533 1690 et
1547 1668 1677 1691 exeuntes
1687 1664 1720 1691 de
1732 1672 1792 1692 cor-

1005 1717 1068 1744 pore
1087 1710 1120 1736 ad
1144 1709 1279 1736 Christum
1306 1709 1403 1735 vadunt
1420 1708 1443 1742 ι,
1466 1715 1651 1743 exspccmnles
1673 1717 1793 1738 resarre—

1004 1755 1119 1782 ctionem
1139 1755 1260 1789 corporis
1274 1754 1324 1787 sui,
1348 1758 1375 1781 ut
1395 1754 1428 1780 ad
1452 1754 1581 1788 integram
1597 1759 1622 1781 ct
1638 1760 1792 1789 perpetuam

1006 1791 1195 1829 beatitudinem
1211 1807 1271 1827 cum
1286 1800 1344 1834 ipso
1360 1799 1459 1833 pariter
1475 1800 1667 1832 immntentur;
1684 1800 1752 1827 sicut
1767 1806 1794 1827 ct

1006 1851 1174 1880 peccatorum
1189 1845 1284 1871 animo:
1298 1845 1324 1871 in
1338 1844 1441 1870 inferno
1455 1844 1505 1871 sub
1520 1844 1614 1871 timore
1630 1846 1732 1879 positae,
1748 1854 1794 1872 cx-

1006 1894 1129 1925 spectant
1147 1890 1369 1916 resurrectionem
1384 1890 1423 1915 sui
1438 1897 1510 1923 corp:
1521 1890 1568 1923 ris,
1585 1894 1614 1916 ut
1626 1898 1685 1917 cum
1702 1895 1720 1909 ιη
1736 1891 1794 1923 ipso

1007 1935 1112 1963 diabolo
1125 1934 1156 1961 ad
1172 1942 1232 1969 pmn
1242 1942 1276 1961 sm
1288 1938 1300 1951 υ
1315 1934 1491 1961 detruduntur
1507 1938 1644 1961 aeternam.

1281 1980 1394 2008 CAPUT
1414 1980 1520 2008 LXXX.

1044 2026 1203 2054 Pmnitcntia
1216 2026 1315 2053 aboleri
1332 2031 1438 2060 peccata
1455 2026 1635 2053 indubitanter
1648 2027 1794 2061 credimus,

1009 2073 1110 2101 etiamsi
1127 2072 1154 2099 in
1167 2072 1261 2099 ultimo
1274 2071 1335 2099 vita:
1349 2072 1443 2107 spiritu
1459 2072 1635 2100 admissurum
1656 2073 1795 2108 pteniteat,

1009 2124 1034 2146 et
1048 2118 1151 2153 publica
1164 2118 1353 2144 lamentatione
1373 2117 1426 2153 42
1441 2122 1549 2151 peccata
1564 2117 1719 2152 prodantur,
1735 2119 1795 2154 quit

1010 2164 1174 2199 propositum
1190 2163 1248 2194 Dei,
1269 2170 1322 2198 qtto
1341 2162 1460 2190 decrevit
1480 2163 1583 2190 salvere
1597 2163 1667 2198 quod
1682 2164 1798 2198 perierat

1011 2209 1087 2244 (Luc.
1104 2217 1159 2241 ιιι,
1177 2209 1215 2243 7),
1237 2213 1290 2235 stat
1309 2208 1461 2240 immobile;
1481 2213 1508 2235 et
1527 2208 1587 2235 ideo
1599 2210 1659 2243 quia
1674 2209 1796 2236 voluntas

168 2256 313 2284 conﬁtetur
333 2263 362 2282 se
382 2257 469 2283 mundi
485 2257 586 2283 actibus
602 2257 828 2290 renuntiaturum;
853 2257 895 2285 hic
909 2258 958 2292 ipsi
970 2253 998 2282 Ῑ)
1010 2256 1068 2291 ejus
1080 2262 1133 2282 non
1149 2258 1276 2288 mutatur,
1292 2254 1348 2281 sive
1362 2253 1548 2281 emendatione
1562 2255 1635 2287 vita},
1652 2254 1672 2281 si
1695 2259 1799 2290 tempus

170 2301 306 2328 renuntiat
325 2302 396 2328 vitm.
421 2302 461 2329 Illi
480 2307 587 2336 peccata
609 2303 697 2329 omnia
718 2303 907 2336 dimittuntur;
932 2304 958 2331 in

170 2347 223 2374 istu
238 2346 450 2381 exstinguuntur.

411 2391 466 2427 [ιο
484 2391 595 2419 οΑΡυτ
616 2392 719 2419 Lxxv.

209 2439 236 2466 In
252 2437 410 2465 cucharistia
423 2446 477 2464 non
492 2437 570 2464 debet
586 2445 649 2471 pura
660 2445 726 2472 aqua
740 2438 843 2472 ofl'erri,
858 2443 886 2466 ut
897 2440 957 2474 qui-

172 2484 234 2512 dam
256 2484 410 2511 sobrietatis
429 2483 557 2511 falluntur
583 2483 708 2518 imagine,
725 2483 772 2511 sed
793 2485 879 2513 vinum
900 2494 961 2514 cum

211 2579 224 2593 ι
245 2575 303 2608 Ms.,
316 2576 401 2604 semel.

210 2610 224 2629 δ
244 2611 306 2642 M5,,
320 2619 382 2643 non,
398 2619 446 2646 pro
460 2613 516 2639 sed.

211 2651 222 2680 ‘j
242 2645 302 2678 Ms.,
320 2645 451 2680 probatur.

210 2678 224 2698 τι
242 2678 423 2717 Νονεϐἰρῑυπι
438 2689 486 2716 pro
504 2683 530 2709 in
551 2683 663 2717 furorem
685 2690 778 2710 versus.
796 2683 833 2711 Ita
850 2683 962 2712 Vincen-

176 2716 228 2743 tius
247 2716 393 2757 Lirinensis
404 2717 437 2744 de
452 2717 552 2744 Ilzeres.
579 2726 632 2753 :ap.
646 2718 665 2756 ἦ
680 2719 735 2745 ait:
752 2719 813 2747 Sese
835 2720 862 2757 iit
881 2720 962 2754 furias

176 2755 344 2786 prwcipitare.
417 2780 420 2782 _
859 2755 862 2757 “

215 2790 226 2803 ⁸
247 2780 308 2818 Μςη
325 2780 457 2814 habeatur.

216 2820 225 2839 ί
246 2822 284 2849 Ita
299 2830 348 2850 ms.
362 2823 424 2854 Alii,
439 2827 462 2849 et
473 2822 515 2849 hic
528 2831 593 2850 t-cro.

200 2861 226 2884 ,Ι
248 2858 308 2890 Μδ..
323 2857 481 2895 Ιοςαιονίυιη.
520 2858 522 2860 ’

1012 2301 1176 2336 conceditur,
1199 2300 1256 2327 sive
1272 2305 1283 2317 ι·
1300 2300 1413 2334 supplici
1428 2299 1607 2333 confessione,
1628 2300 1651 2327 si
1674 2301 1800 2328 continuo

1013 2347 1065 2373 vita
1080 2346 1229 2377 exceditur,
1250 2345 1327 2372 venia
1343 2349 1512 2379 peccatorum
1529 2344 1641 2372 ﬁdeliter
1655 2353 1799 2380 praesuma-

1014 2399 1057 2421 tur
1074 2393 1107 2420 ab
1128 2393 1172 2419 illo
1189 2391 1233 2426 qui
1255 2398 1309 2418 non
1331 2391 1385 2418 vult
1405 2395 1517 2431 mortem
1534 2391 1691 2426 peccatoris,
1713 2393 1759 2420 sed
1774 2397 1800 2419 ut

1014 2442 1184 2466 convertatur
1201 2445 1215 2463 a
1238 2436 1385 2471 perditione
1400 2436 1565 2471 pcenitendo,
1579 2441 1607 2464 et
1620 2437 1736 2464 salvatus
1751 2439 1800 2464 mi-

1015 2484 1147 2513 seratione
1164 2483 1268 2510 Domini
1284 2484 1354 2510 vivat
1366 2482 1472 2517 (Ezech.
1483 2483 1596 2516 xtx,23;
1608 2488 1630 2510 et
1643 2491 1735 2515 uxnt,
1746 2484 1754 2510 l
1765 2484 1800 2517 l).

1052 2578 1063 2596 ¹¹
1084 2578 1144 2611 Ms.,
1158 2578 1271 2610 Spiritus
1282 2581 1394 2611 sanctus,
1409 2583 1457 2611 pro
1469 2576 1582 2610 Spiritus
1595 2575 1692 2603 Patris.

1055 2614 1061 2632 ί
1086 2600 1146 2644 l\Is.’.
1166 2598 1357 2640 T'hintoteaniet
1373 2598 1512 2639 (Irisciani.

1054 2656 1059 2673 1
1086 2650 1147 2681 )Is.,
1166 2648 1255 2675 animi.

1052 2684 1062 2702 λ
1085 2686 1119 2711 Ita
1138 2692 1188 2710 nts.

1054 2719 1061 2737 ι
1084 2720 1131 2746 Ms.
1148 2720 1222 2745 addit
1233 2719 1298 2746 sicut
1309 2719 1430 2752 scriptum
1445 2722 1482 2745 at
1493 2724 1503 2744 :
1518 2716 1651 2744 laudum
1664 2717 1755 2743 animae
1774 2717 1798 2745 iu

1017 2763 1093 2781 manu
1110 2755 1233 2780 DCI-8111.1.

1057 2796 1075 2807 ιιι
1096 2790 1131 2816 lla
1145 2797 1194 2816 tns.

1057 2830 1068 2842 "
1089 2825 1149 2856 Ms,
1165 2829 1350 2851 convertantur.

1057 2866 1068 2877 υ
1089 2860 1147 2891 Μεη
1158 2860 1261 2895 publica
1276 2860 1438 2897 confessione.
