4022 6168
114 6062 137 6071 χ

1084 391 1327 402 μ*

1336 394 1533 402 ————-—-

1638 389 1999 401 Μ

2004 393 2009 397 .
2037 388 2173 399 μ..-

1305 501 1378 542 AN
1392 501 1450 542 Ν.
1499 500 1729 543 DOMINI
1771 498 2359 544 CCCCLXI-CCCCLXII
2372 526 2384 538 .

281 644 545 915 S.
746 641 2218 922 HILARUS
2404 641 3383 923 PAPA.

1463 1020 2187 1043 —-——.———_._

1396 1124 2202 1195 PBOLEGOMENA
2221 1170 2242 1193 .

1516 1282 2195 1305 ——_.—————

1196 1407 1502 1515 VITA
1562 1408 1993 1513 IIILARI
2056 1409 2468 1512 ΡΑΡᾹΞ.

1524 1594 1619 1659 (Ex
1649 1597 1779 1645 libro
1816 1597 2131 1659 Pontilicali.)

1366 1743 2301 1769 ———-——-—-----——————-——-—

252 1877 280 1909 ’ί
326 1876 557 1935 Hilarus.
588 1876 805 1931 natione
845 1874 1066 1937 Sardus,
1096 1889 1165 1927 ex
1201 1882 1347 1942 patre
1375 1873 1619 1943 Crispino
1649 1873 1784 1946 [Cti-
1813 1884 1864 1940 Α
1893 1874 2069 1943 posuit
2098 1873 2447 1935 dominicum,
2490 1882 2544 1927 et
2567 1888 2781 1927 crucem
2817 1891 3030 1929 auream
3072 1891 3193 1929 cum
3223 1878 3474 1945 gemmis,

190 1968 481 2041 «spiuianoi.
518 1971 539 2000 ¹
582 1969 718 2023 sedit
770 1983 938 2022 annos
988 1982 1105 2030 sex,
1140 1982 1354 2021 menses
1389 1975 1515 2027 tres.
1545 1967 1659 2020 dies
1694 1968 1776 2021 i0.

198 2063 294 2115 Hic
339 2060 459 2113 lecit
507 2059 832 2113 decretalem
860 2099 874 2123 ,
924 2069 978 2113 et
1022 2074 1118 2126 per
1166 2059 1472 2111 universum
1509 2058 1781 2112 Orientem

201 2158 226 2185 ³
253 2150 442 2216 sparsit
468 2149 600 2221 [lege
622 2148 877 2219 direxit],
905 2157 962 2202 et
987 2147 1241 2213 epistolas
1278 2150 1344 2203 de
1373 2150 1473 2203 lide
1496 2150 1779 2214 Catholica,

194 2240 512 2293 confirmans
529 2250 631 2293 tres
648 2239 880 2308 synodOs
894 2239 1183 2302 Nicenam,
1204 2237 1548 2307 Ephesinam,
1563 2249 1615 2292 et
1631 2239 1782 2292 Chal-

192 2334 571 2397 cedonensem,
594 2330 622 2369 δ
646 2340 700 2385 et
726 2341 925 2384 tomum
955 2333 1119 2386 sancti
1144 2331 1530 2400 archiepiscopi
1562 2330 1776 2385 Leonis.

194 2424 253 2476 Et
282 2422 555 2476 damnavit
588 2421 881 2492 Eutychetn
925 2430 981 2476 et
1017 2421 1357 2486 Nestorium,
1388 2430 1442 2476 et
1471 2436 1656 2476 omnes
1684 2437 1779 2475 eo-

191 2530 304 2569 rum
329 2528 611 2584 sequaccs,
638 2526 687 2569 et
708 2529 897 2569 omnes
924 2516 1177 2578 haereses,
1204 2514 1530 2569 confirmans
1556 2514 1776 2568 damna-

186 2612 385 2664 tionem
406 2610 539 2681 [lege
560 2608 998 2663 dominationem.
1020 2607 1105 2662 Ita
1122 2620 1167 2662 et
1188 2608 1339 2679 Luc.|
1360 2618 1411 2662 et
1429 2607 1780 2677 principatum

185 2713 385 2757 sancta:
410 2704 559 2758 sedis
591 2702 870 2757 catholica:
894 2711 947 2755 et
969 2702 1296 2771 apostolicae.
1322 2700 1417 2754 Hic
1447 2699 1467 2731 ³
1497 2699 1622 2754 fecit
1654 2716 1783 2754 con-

189 2798 429 2850 stitutum
461 2796 528 2850 de
561 2796 797 2850 Ecclesia
829 2796 880 2849 in
915 2796 1129 2850 basilica
1159 2796 1225 2849 ad
1256 2794 1505 2849 Sanctam
1538 2792 1777 2861 Mariam,

190 2889 468 2942 consulatu
527 2889 763 2942 Ba~ilisci
826 2900 882 2943 et
933 2888 1337 2951 Hermenerici,
1391 2902 1481 2941 ut
1530 2886 1782 2941 calendas

189 2982 532 3036 Decembres.
580 2981 676 3034 Hic
708 2980 833 3035 fecit
875 2981 1110 3035 oratoria
1153 2980 1249 3033 tria
1283 2981 1332 3033 in
1380 2978 1612 3033 basilicae
1640 2976 1783 3031 Con-

188 3074 527 3127 :lanlinianm:
567 3074 877 3141 baptisteria
900 3112 919 3142 ,
955 3073 1125 3128 sancti
1156 3071 1377 3126 Joannis
1407 3071 1658 3136 Baptista:
1680 3111 1695 3136 ,
1728 3079 1782 3126 ct

190 3166 355 3218 Sancti
382 3165 603 3217 Joannis
630 3164 972 3233 evangelista:
996 3203 1014 3231 ,
1047 3176 1099 3218 et
1130 3173 1329 3218 sanctae
1357 3165 1531 3217 crucis
1552 3203 1568 3229 ,
1603 3163 1779 3216 omnia

1890 1974 2201 2033 pensantem
2247 1965 2421 2034 pondo
2449 1965 2704 2019 lihrarntn
2730 1968 2818 2020 ‘20.
2872 1968 2927 2021 In
2972 1968 3310 2023 conlessinne
3352 1969 3471 2025 feci’

1881 2056 2070 2125 januas
2104 2072 2167 2111 ex
2202 2067 2422 2126 argento
2448 2099 2461 2121 ,
2507 2069 2789 2124 pensantes
2834 2058 2925 2112 Iih.
2960 2059 3223 2127 50;supra
3264 2061 3449 2115 confes

1886 2148 2091 2203 sionem
2135 2163 2317 2201 arcum
2360 2164 2623 2210 aureum,
2672 2148 2761 2217 qui
2808 2155 2996 2216 pensat
3040 2147 3204 2201 libras
3239 2148 3272 2201 4
3313 2166 3472 2217 quem

1888 2253 2101 2315 portant
2143 2245 2405 2297 columna:
2444 2242 2722 2313 onyeltinte
2758 2261 2769 2295 :
2804 2254 2855 2297 et
2902 2258 2967 2296 eo
3014 2241 3115 2295 loci
3156 2252 3262 2296 stat
3305 2257 3474 2311 agnus

1884 2349 2102 2402 aureus,
2127 2336 2213 2403 qui
2242 2345 2428 2402 pensat
2453 2334 2615 2388 libras
2636 2332 2787 2387 duas.
2817 2336 3082 2388 Coronam
3109 2348 3324 2388 auream
3349 2346 3474 2387 ante

1886 2426 2302 2481 confessionem.
2356 2424 2588 2478 Pharum
2638 2441 2758 2479 cum
2808 2426 3112 2490 delphinis,
3159 2436 3473 2493 pensantem

1887 2518 2052 2572 libras
2082 2518 2338 2587 quinque.
2374 2516 2667 2585 Lampados
2693 2532 2883 2570 aureas
2918 2516 2956 2569 4
2990 2527 3277 2587 pensantes
3308 2518 3473 2571 lihras

1887 2610 2040 2665 duas.
2073 2609 2407 2681 Nympheum
2435 2624 2484 2665 et
2517 2612 2848 2680 triporticum
2879 2620 3003 2664 ante
3034 2611 3321 2664 oratorium
3350 2626 3474 2665 san-

1885 2712 1986 2756 cla:
2013 2701 2199 2756 Crucis
2226 2743 2238 2767 ,
2275 2702 2361 2755 tibi
2411 2710 2537 2755 Sunt.
2574 2702 2837 2755 columnae
2882 2702 3031 2754 mirae
3071 2702 3471 2769 magnitudinis,

1886 2808 2005 2862 qua:
2043 2794 2291 2846 dicuntur
2323 2802 2347 2829 °
2390 2792 2810 2860 Ilecatonpenta.
2856 2792 3027 2847 Lacus
3067 2804 3121 2848 et
3171 2794 3188 2830 ί
3239 2794 3473 2847 ctvltcltas

1886 2885 2203 2939 cithariacas
2219 2884 2373 2946 duas,
2391 2900 2510 2937 cutn
2530 2886 2792 2937 c0lumnis
2810 2885 3202 2955 porphyreticis
3215 2894 3241 2931 κ
3256 2887 3471 2939 soraitis

1885 2975 2017 3047 [lege
2040 2972 2367 3045 perforatis],
2386 2989 2574 3040 aquam
2596 2974 2896 3027 fundentes.
2923 2974 2987 3026 Et
3014 2976 3065 3027 in
3091 2976 3269 3029 medio
3297 2978 3469 3029 lacum

1889 3067 2320 3137 porphyreticnnt
2345 3081 2464 3119 cum
2489 3066 2688 3119 conclia
2721 3063 2744 3101 ¹¹
2774 3066 2905 3120 raita
2932 3064 3063 3137 [lege
3080 3063 3391 3137 cithariacaj
3416 3069 3467 3120 itt

1886 3160 2081 3220 medio,
2111 3173 2298 3226 aquam
2327 3156 2600 3221 fundente,
2633 3158 2959 3210 circumdata
2989 3167 3042 3209 et
3070 3172 3099 3209 a
3130 3156 3333 3211 dextris
3354 3171 3408 3212 et
3439 3176 3469 3211 :t

191 3274 250 3310 ex
280 3266 505 3327 argento
535 3267 588 3310 et
619 3257 879 3324 lapidibus
906 3256 1172 3324 pretiosis.
1204 3256 1607 3310 Conl'essionem
1641 3265 1662 3293 ε
1691 3269 1783 3307 au-
1815 3270 1860 3329 B
1888 3250 2120 3304 sinistris
2159 3251 2211 3304 in
2248 3250 2425 3303 medio
2452 3250 2713 3304 cancellis
2746 3251 2901 3303 aereis
2929 3260 2983 3303 et
3011 3250 3278 3304 columnis
3300 3295 3313 3320 ,
3346 3266 3467 3306 cunt

198 3360 296 3403 teni
329 3350 501 3402 sancti
531 3349 748 3402 Joannis
774 3348 1021 3415 Baptista:
1046 3346 1172 3401 fecit
1194 3362 1260 3400 ex
1285 3354 1527 3415 argento,
1555 3359 1781 3414 pensan-

192 3454 294 3496 tem
342 3444 511 3496 libr..s
550 3442 647 3495 100
675 3451 731 3494 et
759 3456 971 3495 crucem
1011 3455 1251 3495 auream.
1298 3439 1364 3493 Et
1391 3437 1779 3493 confessionem

192 3535 359 3588 sancti
384 3534 609 3588 Joannis
636 3534 977 3603 evangelista:
1010 3532 1133 3587 fecit
1159 3547 1222 3586 ex
1256 3541 1514 3599 argento,
1547 3545 1780 3599 pensan-

193 3637 292 3679 tem
338 3626 509 3679 lihras
554 3626 654 3680 100
700 3635 754 3679 et
797 3638 1008 3678 crucem
1052 3637 1286 3676 auream.
1340 3623 1404 3675 Et
1443 3622 1494 3674 in
1524 3621 1784 3674 ambobus

194 3722 441 3774 oratoriis
488 3720 682 3787 januas
728 3731 898 3771 mreas
940 3725 1162 3784 argento
1210 3716 1405 3769 clusas.
1458 3712 1514 3766 In
1544 3712 1782 3767 oratorio

201 3824 312 3866 vero
346 3820 554 3865 sancta:
584 3809 766 3864 Crucis
803 3808 930 3863 fecit
956 3806 1369 3872 confessionem,
1402 3805 1490 3859 ubi
1516 3802 1544 3841 ἀ
1578 3805 1778 3872 lignum

255 3954 278 3980 ⁸
311 3942 451 3997 Cod.
484 3942 587 3995 490
612 3941 887 4004 Lucensis,
911 3941 1180 4010 exspor-sit.

252 4012 279 4051 δ
315 4014 461 4067 Idem
493 4015 634 4076 rotl.,
669 4013 744 4065 vel
774 4022 964 4064 tomum
993 4014 1152 4065 sancti
1180 4012 1425 4079 episcopi.

262 4094 285 4120 ε
326 4085 387 4136 In
412 4084 595 4137 eodem
621 4083 743 4136 cod.
761 4082 909 4141 deest
933 4094 1104 4139 autem
1130 4090 1184 4136 et
1215 4084 1431 4136 interius
1454 4081 1605 4135 deest
1631 4079 1771 4149 fecit.

256 4151 286 4190 ἀ
325 4154 470 4208 Idem
500 4154 641 4219 cod.,
670 4169 877 4224 agnum.

260 4292 277 4322 ¹
310 4288 446 4343 Post
492 4288 849 4356 interregnum
892 4296 1095 4357 septem
1139 4288 1248 4344 fere
1295 4289 1579 4350 mensium,
1607 4286 1775 4354 pridie

185 4362 309 4417 idus
338 4358 654 4413 Novembris
684 4359 809 4412 anni
829 4359 953 4423 46!,
979 4362 1066 4427 qui
1098 4370 1179 4413 est
1210 4360 1404 4413 Leonis
1436 4360 1775 4427 imperatoris

187 4433 433 4500 quintus,
458 4430 663 4481 Hilarus
693 4429 907 4500 natione
932 4428 1153 4494 Sardus,
1180 4432 1307 4483 olim
1337 4431 1612 4493 diacoaus,
1637 4440 1692 4483 et
1721 4430 1773 4483 in

186 4500 549 4557 conciliabula
590 4499 857 4567 Ephesiae
901 4500 1160 4565 legatiOue
1208 4504 1455 4562 functus,
1498 4500 1550 4553 in
1598 4500 1773 4554 locum

186 4572 366 4627 sancti
397 4572 588 4624 Leonis
618 4576 935 4638 subrogatus
966 4570 1077 4624 fuit.
1134 4572 1285 4624 Initio
1332 4570 1669 4639 pontificatus
1710 4586 1773 4626 ea

185 4660 307 4710 quae
360 4642 531 4694 tribus
575 4643 915 4694 mcumenicis
977 4641 1217 4695 conciliis
1269 4652 1452 4697 contra
1497 4643 1769 4706 Arianam,

1890 3342 2111 3411 fastigiis
2127 3350 2183 3397 et
2198 3343 2458 3413 epistyliis
2491 3344 2723 3411 undique
2740 3343 2943 3395 ornatis
2958 3358 3024 3397 ex
3061 3345 3286 3403 tuusivo.
3304 3356 3358 3398 et
3377 3360 3471 3398 cn-

1888 3434 2083 3488 luntnis
2100 3435 2449 3502 Aquitanicis,
2467 3445 2515 3488 et
2534 3434 2782 3502 tripolitis
2811 3445 2863 3489 et
2891 3434 3298 3504 porphyreticis.
3329 3436 3469 3489 Ante

1884 3526 2280 3581 confessionem
2299 3529 2432 3581 beati
2446 3526 2667 3580 Joannis
2681 3529 2855 3594 posuit
2869 3542 3120 3580 coronam
3136 3538 3465 3595 argenteam,

1885 3628 2195 3687 pensantem
2244 3620 2405 3670 libras
2433 3619 2522 3672 2t).
2544 3620 2776 3676 Pharum
2792 3619 3124 3682 cantharum,
3150 3635 3464 3689 pensantem

1886 3710 2050 3765 libras
2092 3709 2343 3765 25.1mm
2388 3710 2453 3763 ad
2480 3721 2721 3764 sanetum
2757 3710 3016 3766 Joannem
3060 3713 3195 3765 intra
3222 3725 3468 3767 sanctum

1886 3800 2087 3857 fontem
2133 3801 2407 3856 lucernam
2460 3817 2677 3857 auream
2722 3818 2841 3857 cum
2891 3805 3029 3859 nixis
3060 3804 3205 3877 [lege
3259 3805 3469 3876 lychnis

1958 3945 1980 3973 θ
2014 3935 2153 3988 Idem
2184 3935 2325 4000 cod.,
2361 3933 2842 4000 Exntonpentaicns.

1954 4003 1973 4041 τ
2011 4006 2149 4059 Ideni
2181 4006 2301 4060 eod.
2323 4050 2337 4073 ,
2374 4022 2553 4057 canens
2582 4008 2777 4061 triatas.

1956 4085 1981 4120 ε
2015 4077 2154 4130 Ideni
2181 4078 2324 4142 cod.,
2349 4077 2545 4129 ralalis.

1956 4144 1984 4181 δ
2016 4148 2156 4201 Idem
2186 4148 2306 4201 Cod.
2325 4188 2340 4213 ,
2368 4149 2555 4201 ralata.

1884 4287 2069 4340 Daniel
2112 4286 2298 4357 Stylita
2341 4288 2622 4341 sanctitate
2669 4297 2722 4341 et
2770 4290 3040 4344 miraculis
3086 4292 3470 4349 celeberrimus

1879 4358 2092 4428 claruit,
2120 4359 2209 4427 qui
2241 4359 2486 4424 precibus
2510 4358 2621 4428 suis
2646 4398 2661 4422 ,
2690 4368 2749 4412 ut
2778 4358 3018 4414 referunt
3046 4370 3159 4414 acta
3201 4364 3466 4428 ejusdem.

1884 4427 2048 4482 Leoni
2073 4429 2377 4494 imperatori
2400 4444 2464 4482 ex
2489 4427 2681 4481 Vertna
2704 4430 2929 4497 conjuge
2954 4431 3153 4497 prolent
3178 4427 3466 4491 ntasculam

1882 4499 2116 4552 obtinttit
2142 4509 2193 4551 et
2215 4501 2362 4552 urhis
2385 4498 2987 4561 Constantitmpolilante
3013 4503 3313 4558 incendium
3338 4522 3465 4569 qna-

1883 4569 2185 4623 triduanum
2244 4569 2519 4624 exstinxit.
2573 4568 2689 4635 Qua
2736 4569 2945 4624 fortuna
3002 4571 3210 4628 Hilarus
3264 4575 3470 4631 insidiis

1886 4640 2123 4694 Dioscuri
2156 4640 2500 4713 Alexandrini
2530 4655 2560 4693 e
2586 4640 2870 4713 latrocinio
2914 4642 3184 4710 Epltesino
3230 4647 3466 4713 elapsus.

184 4699 567 4769 Nestorianam
612 4720 668 4765 et
700 4711 1079 4779 Eutychianatn
1127 4714 1373 4767 hmresim
1416 4713 1631 4767 decreta
1665 4699 1777 4766 fuel
1806 4699 1853 4764 C
1887 4719 2024 4784 post
2058 4711 2371 4784 legationem
2418 4721 2685 4784 peractam
2733 4699 2969 4784 Romam.
2999 4724 3201 4768 rener-t
3224 4754 3240 4779 ,
3270 4699 3468 4784 quidve

184 4795 318 4837 runt
343 4784 701 4840 confirmavit,
727 4797 921 4836 novum
954 4784 1254 4848 paschalent
1280 4784 1487 4853 cyclutn
1514 4798 1775 4836 annorum

180 4856 606 4921 quingentorum
658 4853 1003 4921 quadraginta
1069 4854 1297 4905 duorum
1343 4869 1435 4921 per
1486 4853 1775 4908 Victoriam

182 4927 521 4992 Aquitanuin
546 4924 662 4988 ejus
684 4922 946 4977 facultatis
973 4933 1080 4976 tum
1114 4922 1267 4977 facile
1295 4924 1611 4992 principem,
1640 4923 1781 4978 Gen-

184 4997 357 5047 nadio
400 5003 454 5046 et
493 4993 725 5045 Mariano
769 4992 930 5047 Scoto
975 4995 1317 5057 auctoribus,
1362 4995 1479 5047 fieri
1523 4993 1774 5048 curavit:

180 5065 528 5118 Anthemium
570 5064 920 5131 imperatorem
962 5064 1247 5116 Occidentis
1272 5108 1286 5132 ,
1327 5065 1495 5130 inquit
1539 5065 1780 5119 Gelasius

179 5138 351 5203 epist.
394 5134 450 5186 Η
487 5134 550 5184 ad
586 5133 837 5195 Οἴη-ἀίω..
868 5150 982 5186 cum
1029 5133 1327 5188 Philotltcus
1359 5136 1777 5199 Macedoniam“,

180 5210 299 5277 ejus
332 5210 444 5274 fam
468 5205 507 5255 li
521 5206 690 5255 tritate
709 5203 968 5270 stt/fultus,
992 5220 1119 5277 noun
1144 5205 1478 5257 conciliabula
1504 5208 1779 5277 divisurum

179 5275 449 5330 sectarum
475 5277 525 5327 in
547 5279 717 5328 urbem
739 5277 975 5328 inducere
993 5276 1161 5334 vellet.
1184 5277 1323 5341 apud
1347 5278 1541 5329 beatum
1572 5275 1779 5330 Petrum

173 5367 284 5413 apo
316 5348 491 5400 tolum
520 5346 686 5412 palam
706 5362 766 5398 ne
795 5346 849 5397 id
879 5347 1039 5411 ﬁeret,
1066 5346 1206 5399 clara
1234 5362 1350 5399 voce
1377 5348 1694 5414 constrinxit,
1727 5350 1779 5401 in

176 5428 431 5480 tantum,
482 5425 537 5468 ut
563 5433 663 5468 non
691 5434 749 5469 ea
779 5416 1013 5485 facienda
1058 5432 1172 5469 cum
1222 5417 1600 5485 interpositione
1628 5420 1783 5487 jura-

176 5492 347 5541 menti
382 5489 520 5541 idem
561 5489 839 5551 imperator
880 5489 1205 5555 promitteret.
1258 5488 1421 5554 ΙΙιιμις
1454 5491 1781 5555 temporibus

174 5558 662 5625 Critistmttinopoli
690 5598 705 5621 ,
737 5560 943 5611 cuidam
978 5559 1161 5624 pictori
1189 5557 1459 5611 Christum
1493 5559 1660 5612 forma
1691 5560 1781 5613 Jo-

175 5632 261 5681 tis
294 5632 526 5697 pingere
555 5632 788 5692 conanti,
816 5645 1003 5682 manus
1032 5631 1232 5683 exaruit
1256 5646 1268 5687 :
1305 5639 1420 5695 post
1446 5628 1696 5684 facinoris
1725 5640 1779 5687 et

175 5702 374 5752 delicti
410 5698 803 5752 confessionem
831 5740 846 5762 ,
878 5697 1180 5753 Gennadius
1205 5701 1485 5768 episcopus
1514 5701 1777 5755 Conslan-

176 5771 586 5840 tiuotmlitattns
614 5786 738 5823 cum
783 5781 1011 5823 sanawt.
1067 5771 1319 5824 Ccdrcnus
1361 5772 1414 5823 in
1490 5768 1768 5839 Corttpcntl.

448 5868 723 5924 νηπίη..
777 5863 990 5921 LVIII.

186 5972 361 6089 κχο(

1885 4782 2051 4856 egerit
2076 4821 2092 4843 ,
2124 4781 2548 4856 disitnussupra
2577 4781 2629 4834 in
2647 4783 2802 4856 notis
2824 4784 3075 4856 epistola:
3097 4785 3240 4839 illius
3263 4781 3463 4856 {quam

1890 4853 2100 4924 Hilarus
2126 4852 2297 4924 adhuc
2320 4850 2576 4924 diaconus
2595 4852 2661 4924 ad
2690 4850 3341 4924 PulclieriamAngustam
3367 4859 3470 4913 hac

1888 4923 1954 4977 de
1987 4938 2042 4975 re
2068 4922 2415 4995 conscripsit.
2458 4923 2585 4995 Ser.
2619 4921 2818 4983 Btmus.
2848 4952 2919 4964 -—
2948 4923 3079 4977 Vide
3109 4921 3225 4995 quae
3270 4932 3337 4982 de
3368 4929 3469 4985 hac

1888 4993 2114 5118 ἓρι-ιυιει
2158 5001 2455 5047 notavnnus
2497 4992 2565 5047 ad
2633 4996 2835 5051 calcem
2868 4992 3137 5049 columine
3170 5001 3467 5067 sequentis.

1938 5080 2048 5117 ntr.

1938 5080 2048 5117 DII'.

1962 5137 1981 5164 ²
2021 5134 2219 5202 Quarto
2267 5133 2385 5188 idus
2432 5134 2762 5203 Septembris
2791 5136 2913 5189 anni
2959 5135 3157 5190 Christi
3203 5138 3307 5192 nati
3337 5140 3466 5201 467,
3518 5120 3530 5136 ’

1888 5205 1977 5273 qui
2007 5215 2088 5258 e\t
2118 5205 2312 5259 Leonis
2342 5206 2401 5259 tl
2434 5205 2640 5272 imperii
2662 5247 2676 5269 ,
2711 5206 2925 5262 Hilarus
2948 5210 3047 5260 vita
3072 5223 3134 5262 ac
3164 5211 3467 5274 pontiﬁcatu

1883 5277 2186 5337 defunctus,
2219 5276 2358 5330 sedit
2385 5278 2539 5330 annis
2567 5291 2663 5331 sex
2682 5318 2696 5339 ,
2724 5281 2996 5335 mensibus
3024 5279 3208 5332 decem
3233 5323 3248 5345 ,
3291 5282 3467 5334 minus

1882 5350 2089 5400 duobus
2116 5348 2323 5399 diebus.
2372 5347 2648 5401 Constabit
2687 5364 2869 5401 verum
2920 5364 3037 5402 esse
3066 5351 3205 5418 quod
3238 5348 3346 5402 dixi
3373 5395 3387 5418 ,
3422 5353 3470 5407 si

1883 5419 2093 5472 initium
2119 5426 2173 5470 et
2201 5421 2358 5471 linem
2389 5420 2727 5487 pontificatus
2750 5422 3078 5475 consideres.
3103 5420 3231 5473 δην.
3267 5420 3463 5478 Bittius.

1958 5490 1977 5520 ³
2004 5489 2054 5542 Id
2085 5498 2167 5541 cst
2213 5489 2485 5542 decretum
2511 5491 2787 5559 synmlale.
2814 5491 2925 5543 Hoc
2960 5498 3132 5541 autem
3165 5490 3465 5557 decretum,

1885 5560 1953 5613 de
1977 5576 2082 5629 quo
2102 5560 2333 5628 loquitur
2358 5570 2544 5614 auctor
2570 5560 2893 5615 Pontilicalis
2923 5561 3233 5613 Anastasius
3257 5605 3270 5628 ,
3302 5565 3469 5618 latum

1887 5631 1986 5685 fuit
2027 5632 2079 5685 in
2111 5632 2340 5684 concilio
2375 5630 2613 5684 Romano
2662 5634 2760 5683 stili
2799 5630 2977 5683 lIilaro
3012 5632 3284 5688 ce'ehrato
3328 5651 3469 5689 anno

1888 5702 2097 5756 Domini
2138 5700 2244 5755 465
2271 5746 2282 5760 .
2313 5701 2401 5769 qni
2444 5703 2783 5769 pontificatus
2825 5701 2989 5755 Hilari
3039 5702 3256 5771 quintus
3300 5721 3469 5761 annus

1883 5782 1984 5827 est.
2015 5776 2141 5829 Ser.
2180 5773 2378 5826 BINIUS.

3046 5868 3077 5922 1
