4022 6168
463 350 525 405 η
1864 333 2053 391 IIILAI

2162 333 2222 388 ’Δ
2234 332 2336 387 PE
3666 334 3736 387 ﬁ

457 461 664 534 mysis]
712 455 1072 516 luminnm‘lo
1126 460 1438 525 pensantem
1482 450 1575 507 lib.
1606 452 1659 506 5.
1709 446 1910 505 Cervos
1956 464 2044 503 ar-
2069 452 2118 510 Α
2149 454 2463 517 pensantem
2507 443 2668 499 libras
2698 443 2851 499 dna's.
2900 443 3113 498 Turrim
3140 452 3446 513 argenteam
3476 457 3597 499 cum
3623 445 3736 512 del-

455 568 678 626 genteos
734 564 841 608 tres
889 550 1170 605 fundentes
1207 562 1398 615 aquam
1424 585 1439 612 ,
1480 552 1765 614 pensantes
1806 542 2045 613 singulos

459 650 621 702 libras
648 647 746 701 '50..
766 644 981 699 Turrim
1012 649 1317 711 argenteam
1344 653 1465 694 cum
1495 636 1785 707 delphinis,
1817 650 2047 705 pensan-

459 749 564 792 tem
614 737 708 792 lib.
738 736 835 791 '60.
874 733 1186 790 Columbam
1234 744 1447 784 auream
1472 769 1488 794 ,
1524 734 1839 798 pensantem
1885 726 2047 781 libras

460 830 610 883 duas.
660 829 717 882 In
761 827 979 882 basilica
1010 821 1444 878 Constantiniana
1477 828 1502 856 ⁸
1541 818 1825 874 cantharus
1861 832 2049 886 argen-

460 932 573 975 teos
599 964 614 986 ,
664 919 959 988 pendentes
1003 924 1127 971 ante
1169 915 1336 968 altare
1364 913 1451 978 IO,
1482 922 1762 980 pensantes
1813 910 2050 980 singulos

463 1014 625 1066 libras
647 1012 739 1065 20.
772 1008 1042 1077 Scyphum
1068 1020 1286 1060 aureum
1322 1014 1630 1071 pensantem
1662 1002 1753 1056 lib.
1788 1001 1842 1056 6.
1872 1002 2047 1056 Alium

463 1102 721 1173 scyphum
753 1116 970 1154 aureum
998 1139 1014 1163 ,
1042 1106 1354 1167 pensantem
1386 1096 1460 1149 lib
1487 1095 1542 1149 5.
1571 1093 1777 1149 Calices
1800 1107 1989 1148 aureos
2018 1093 2052 1147 5

465 1202 752 1263 pensantes
774 1191 1011 1259 singulos
1032 1189 1191 1242 libras
1213 1187 1447 1256 singulas
1471 1186 1602 1258 [lege
1616 1183 1793 1255 duas].
1809 1182 2051 1254 Scyphos

466 1292 747 1351 argenteos
783 1283 816 1336 5
842 1287 1125 1351 pensantes
1154 1279 1392 1345 singulos
1419 1278 1579 1332 libras
1610 1276 1696 1331 10.
1719 1276 1926 1331 Calices
1953 1274 2051 1330 ini-

468 1374 766 1428 nisteriales
796 1373 865 1426 30
896 1378 1181 1440 pensantes
1223 1369 1459 1437 singulos
1489 1368 1649 1422 libras
1677 1368 1731 1422 2.
1779 1370 1941 1422 Amas
1968 1381 2055 1421 ar-

466 1476 686 1533 genteas
717 1461 749 1517 5
792 1472 1076 1531 pensantes
1124 1461 1358 1527 singulas
1401 1460 1560 1513 libras
1591 1458 1680 1514 10.
1732 1459 1810 1513 Ad
1838 1459 2052 1513 beatum

471 1557 682 1608 I’etrnm
714 1554 1011 1621 apostolum
1053 1552 1311 1622 sryplium
1348 1566 1564 1604 aureum
1590 1591 1605 1615 ,
1642 1560 1950 1618 pensantem
1987 1549 2053 1600 Ii-

468 1647 594 1699 brns
621 1646 673 1700 5.
705 1644 879 1699 Alium
906 1644 1162 1715 scyphum
1191 1658 1407 1697 aureum
1431 1658 1551 1697 cum
1578 1642 1802 1712 gemmis
1827 1640 2055 1709 prasinis

469 1746 523 1791 et
546 1735 921 1806 liyacintbinis,
945 1745 1254 1803 pensantem
1278 1734 1441 1788 ILbrns
1461 1732 1517 1787 4.
1538 1732 1746 1788 Calices
1774 1740 2055 1801 argenteos

2151 538 2353 608 phinis,
2380 548 2696 607 pensantem
2724 537 2886 591 libras
2913 536 3005 592 25.
3036 537 3277 608 Scyphos
3300 546 3583 607 argenteos
3604 545 3735 604 tres,

2153 634 2442 696 pensantes
2465 626 2631 680 libras
2658 624 2976 681 2LCalices
3002 626 3382 680 ministeriales
3410 624 3477 679 12
3505 641 3737 695 pensan-

2155 733 2233 777 tes
2257 723 2418 776 libras
2441 723 2494 774 9.
2519 722 2701 776 Altare
2728 730 3059 791 argenteum,
3087 736 3320 790 pensans
3343 721 3436 775 lib.
3459 721 3552 790 40.
3580 721 3734 775 Larn-

2154 814 2320 881 pndes
2362 824 2642 883 argenteas
2672 814 2740 868 10
2778 822 3062 882 pensantes
3102 814 3264 868 libras
3305 812 3399 868 20.
3448 815 3612 868 Amas
3655 828 3739 867 ar-

2152 922 2372 978 genteas
2399 910 2530 962 duas
2556 948 2570 972 ,
2607 918 2897 977 pensantes
2931 908 3167 979 singulas
3201 910 3361 964 libra;
3395 910 3481 964 10.
3512 910 3569 964 In
3600 910 3742 965 basi-

2154 1002 2253 1056 lica
2284 1001 2420 1054 beati
2445 1000 2712 1055 Laurentii
2736 1003 3005 1071 martyris,
3031 1001 3229 1070 pharos
3247 1001 3532 1055 cantharos
3551 1016 3742 1069 argen-

2154 1099 2270 1145 teos
2296 1091 2515 1157 decem,
2543 1103 2831 1161 pensantes
2861 1091 3022 1146 libras
3056 1101 3080 1128 σ
3112 1090 3202 1145 10.
3239 1091 3541 1146 Cantharos
3573 1107 3745 1147 aereos

2154 1181 2339 1250 viginti
2369 1197 2483 1236 sea.
2504 1181 2797 1237 Ministeria
2817 1184 2881 1238 ad
2907 1183 3223 1249 baptismum
3254 1182 3367 1237 sive
3391 1183 3457 1236 ad
3482 1184 3748 1252 pmniten—

2155 1276 2282 1329 tiam
2311 1286 2585 1344 argentea,
2615 1277 2893 1345 pensantia
2926 1276 3087 1330 libras
3109 1276 3313 1331 decem.
3352 1276 3552 1331 Pharos
3572 1292 3749 1331 aereos

2157 1365 2241 1421 50.
2288 1368 2341 1421 In
2373 1367 2503 1420 urbe
2535 1366 2707 1421 Roma
2753 1368 3031 1421 constituit
3059 1366 3079 1405 ί
3117 1366 3492 1421 ministeriales
3521 1368 3610 1438 qui
3639 1370 3751 1423 cir-

2154 1460 2360 1514 cuircnt
2397 1461 2709 1514 constitutas
2744 1460 3019 1514 stationes.
3047 1460 3316 1532 Scyphum
3341 1475 3560 1515 aureum
3592 1470 3618 1507 Β
3646 1474 3751 1513 an-

2156 1560 2328 1605 satum
2359 1552 2448 1606 vel
2472 1553 2867 1616 stationarium,
2901 1565 3210 1620 pensantem
3242 1552 3407 1607 libras
3436 1561 3578 1606 octo.
3610 1552 3751 1622 Scy-

2158 1641 2294 1710 phos
2324 1657 2417 1710 per
2438 1642 2619 1695 titulos
2651 1642 2835 1712 viginti
2858 1642 3115 1711 quinque,
3146 1651 3431 1707 pensantes
3460 1642 3623 1698 libras
3656 1641 3750 1697 to.

2159 1733 2319 1785 Amas
2343 1741 2626 1801 argenteas
2645 1732 2712 1786 23
2741 1745 3030 1803 pensantes
3066 1731 3093 1770 ιι
3113 1734 3275 1789 libras
3305 1734 3389 1788 10.
3415 1731 3621 1788 Calices
3649 1733 3762 1787 mi-

471 1825 841 1880 niinisteriates
872 1824 936 1881 10
983 1831 1266 1894 pensantes
1315 1824 1550 1893 singulos
1595 1823 1758 1878 libras
1794 1822 1851 1876 2.
1893 1822 2055 1876 Amas
2088 1827 2131 1885 Β
2162 1821 2461 1876 nisteriales
2485 1821 2554 1876 50
2579 1833 2863 1892 pensantes
2895 1824 3133 1892 singulos
3156 1823 3391 1878 librasﬁ.
3417 1823 3543 1877 Haac
3566 1824 3752 1881 omnia

472 1926 751 1988 argenteas
775 1917 810 1969 2
843 1925 1126 1983 pensantes
1153 1916 1391 1985 singulas
1414 1915 1581 1970 libras
1612 1915 1664 1970 8.
1692 1914 1895 1969 Pharos
1920 1928 2053 1969 can-

472 2010 654 2063 tharos
684 2017 963 2077 argenteos
996 2006 1027 2045 ι’
1055 2006 1120 2061 Il
1150 2017 1432 2075 pensantes
1469 2006 1707 2077 singulos
1742 2006 1902 2061 Lbras
1942 2018 1963 2045 ο
1998 2007 2051 2061 5.

472 2099 553 2153 Ad
583 2098 794 2153 beatum
818 2097 850 2137 τι
879 2100 1177 2168 apostolum
1200 2098 1455 2169 scyphum
1479 2114 1720 2169 aureum,
1745 2110 2052 2168 pensantem

472 2192 631 2246 libras
675 2193 728 2246 5.
780 2191 1021 2262 Scyphos
1070 2204 1352 2261 argenteos
1401 2192 1435 2245 4
1486 2203 1771 2263 pensantes
1818 2192 2058 2254 singulos

472 2283 635 2337 libras
665 2282 715 2337 6.
746 2284 952 2337 Calices
980 2282 1357 2339 minis‘tcriales
1393 2285 1456 2338 10
1494 2294 1778 2354 pensantes
1820 2282 2056 2351 singulos

471 2374 635 2427 libras
660 2374 808 2428 duas.
839 2376 1000 2427 Amas
1025 2382 1302 2444 argenteas
1321 2375 1476 2441 duas,
1506 2384 1792 2443 pensantes
1818 2375 2054 2444 singulas

471 2466 635 2519 libras
664 2467 749 2519 10.
781 2464 858 2519 Ad
890 2465 1100 2519 beatum
1117 2464 1458 2522 Laurentium
1483 2476 1770 2537 martyrem
1798 2465 2054 2536 scyphum

470 2572 689 2611 aureum
710 2572 827 2610 cum
847 2558 1069 2627 gemmis
1090 2557 1319 2626 prasinis
1346 2568 1399 2613 et
1426 2557 1803 2628 hyacinthinis,
1828 2572 2055 2626 pensan-

471 2657 579 2703 tem
612 2649 701 2702 lib.
738 2648 793 2702 ι.
827 2649 1122 2704 Lucernam
1156 2665 1372 2705 auream
1403 2652 1647 2705 nixorum
1668 2649 1801 2722 [lege
1830 2649 2056 2719 chhno~

471 2736 616 2811 rum]
649 2739 714 2794 10
737 2751 1044 2807 pensantem
1078 2741 1172 2795 lib.
1202 2739 1256 2796 5.
1286 2742 1553 2810 Scyphum
1583 2756 1805 2796 aureum
1833 2740 2058 2811 purissi-

473 2845 640 2890 nnnn,
673 2841 984 2897 pensantem
1018 2831 1107 2885 lib.
1141 2833 1195 2886 5.
1228 2832 1522 2900 Lampades
1549 2846 1740 2886 aureas
1765 2831 1801 2884 2
1826 2847 2056 2901 pensan-

475 2933 553 2977 tes
605 2923 765 2977 libras
822 2924 1080 2993 singulas.
1150 2924 1383 2978 Pharum
1441 2926 1754 2980 cantharum
1806 2940 2049 2993 aureum,

544 3108 571 3137 ι
598 3100 739 3154 Idem
771 3100 913 3166 cod.,
946 3100 1125 3158 Phara
1153 3102 1418 3157 cant/rara.

544 3168 572 3208 δ
602 3171 744 3225 Idem
773 3171 917 3236 cod.,
952 3188 1094 3226 xxiv.

524 3252 567 3278 ·ο
602 3241 743 3295 Idem
770 3241 914 3307 cod.,
944 3258 991 3296 ν.

542 3309 570 3346 ά
602 3311 743 3364 Idem
781 3313 902 3385 cod.
925 3352 939 3375 ,
984 3312 1207 3367 Paulum
1246 3315 1532 3383 apostolum
1565 3315 1810 3385 scyphum
1839 3332 2049 3370 aureum

473 3391 762 3451 pensantem
918 3397 969 3448 ν,
998 3386 1159 3457 alium
1189 3384 1433 3455 scyphum
1458 3382 1666 3441 aureum
1696 3403 1811 3445 cum
1840 3388 2053 3457 gemmis

473 3464 761 3526 pensantem
789 3452 878 3526 lib.
908 3469 956 3505 ν.
988 3453 1220 3525 Scyphos
1242 3452 1526 3526 argenteos,
1555 3468 1663 3512 etc.

548 3530 572 3558 ο
612 3521 754 3577 Idem
779 3523 921 3588 cod.,
957 3540 1048 3580 ως.

551 3589 571 3627 ί
606 3592 755 3646 Idem
783 3594 931 3661 cod.,
962 3596 1265 3651 ministeria.

485 3785 3351 3817 Μ

2160 1916 2213 1969 in
2244 1914 2459 1968 basilica
2487 1916 2947 1979 Constantiniana,
2992 1916 3073 1970 vel
3121 1916 3187 1969 ad
3231 1914 3481 1970 Sanctam
3526 1914 3749 1970 Mariam

2158 2006 2444 2061 constituta
2486 2007 2804 2062 recondidit.
2856 2008 2953 2065 Hic
2997 2007 3123 2062 fecit
3158 2007 3485 2063 monasteria
3522 2006 3589 2060 ad
3624 2021 3752 2060 san-

2159 2109 2301 2153 ctum
2329 2098 2695 2165 Laurentium,
2727 2109 2781 2153 et
2811 2099 3082 2168 balneum,
3114 2098 3130 2136 ί
3159 2108 3214 2154 et
3246 2098 3552 2168 praetorium
3581 2097 3594 2147 i
3627 2112 3756 2151 san-

2159 2203 2247 2245 cto
2269 2192 2576 2246 Laurentio.
2606 2192 2755 2247 Fecit
2776 2203 2952 2247 autem
2977 2192 3266 2248 oratorium
3294 2190 3466 2246 sancti
3490 2189 3760 2257 Stephani

2163 2284 2215 2338 in
2247 2283 2559 2353 baptisterio
2596 2282 2966 2341 Lateranensi.
3000 2282 3152 2338 Fecit
3180 2289 3360 2337 autem
3387 2291 3443 2337 et
3470 2279 3758 2336 bibliothe-

2162 2393 2253 2432 cas
2283 2377 2417 2432 duas
2446 2378 2497 2431 in
2525 2376 2715 2432 eodem
2747 2376 2885 2432 loco.
2915 2375 2943 2413 ¹ί
2968 2376 3047 2431 Ad
3087 2375 3289 2430 Lunam
3324 2389 3447 2428 vero
3475 2381 3757 2429 monaste-

2161 2468 2299 2522 rium
2323 2468 2376 2522 in
2402 2468 2535 2522 urbe
2560 2469 2882 2522 construxit.
2906 2466 3004 2521 Hic
3027 2466 3149 2521 fecit
3177 2466 3567 2520 ordinationem
3592 2479 3759 2517 unam

2162 2558 2216 2612 in
2247 2559 2378 2613 urbe
2410 2558 2575 2612 Roma
2606 2574 2702 2627 per
2730 2573 2971 2613 mensem
3005 2556 3375 2622 Decembrem,
3410 2555 3764 2625 presbyteros

2159 2651 2343 2720 viginti
2386 2652 2643 2720 quinque,
2694 2652 2950 2706 diacones
2997 2648 3014 2687 ι
3051 2650 3311 2720 quinque,
3340 2651 3618 2719 episcenos
3658 2662 3758 2716 per

2159 2742 2367 2798 diversa
2396 2741 2512 2797 loca
2544 2743 2733 2813 viginti
2778 2743 2933 2798 duos.
2981 2741 3082 2809 Qui
3121 2741 3282 2797 etiam
3314 2740 3551 2810 sepultus
3576 2749 3658 2794 est
3686 2738 3756 2792 ad

2160 2842 2405 2889 sanctum
2452 2833 2801 2888 Laurentium
2850 2835 2901 2887 in
2934 2842 3143 2902 crypta,
3180 2833 3332 2901 juxta
3373 2846 3570 2899 corpus
3612 2829 3759 2885 beati

2159 2925 2317 2983 Sisti.
2350 2926 2418 2981 Et
2437 2928 2667 2982 cessavit
2691 2926 3028 2996 episcopatus
3053 2925 3170 2979 dies
3190 2925 3397 2980 decem.
3430 2957 3439 2964 -

2236 3115 2262 3152 ε
2299 3105 2441 3161 Idem
2470 3105 2620 3172 cod.,
2651 3113 2905 3169 ansatum,
2937 3106 3014 3159 vel
3041 3105 3211 3161 deest.

2235 3174 2265 3214 δ
2300 3178 2443 3231 Idem
2476 3176 2599 3232 cod.
2628 3177 2781 3230 addit
2806 3177 3054 3241 singulas.

2239 3244 2257 3284 ί
2301 3248 2446 3302 Idem
2473 3247 2598 3301 cod.
2624 3247 2771 3301 addit
2794 3257 2843 3300 et
2872 3245 3019 3299 aliud
3047 3247 3140 3301 sub
3168 3263 3287 3301 aere.

2232 3317 2246 3367 I
2301 3319 2353 3372 In
2378 3317 2566 3372 eodem
2582 3317 2701 3370 cod.
2725 3319 2874 3373 deest
2893 3315 2954 3371 S.
2977 3318 3272 3383 Laurentio,
3288 3328 3342 3372 et
3363 3316 3636 3387 sequentia
3662 3330 3759 3371 us-

2156 3402 2261 3459 que
2285 3388 2352 3442 ad
2379 3387 2722 3459 bibliothecas.

2160 3456 2430 3582 ιἓόιέᾱθηι
2457 3457 2579 3513 cod.
2602 3499 2614 3523 ,
2644 3456 2775 3513 Item
2798 3459 3158 3513 monasterium
3181 3458 3316 3513 intra
3336 3456 3507 3511 urbem
3530 3456 3753 3510 [tantum

2306 3545 2482 3582 unam.

2306 3545 2482 3582 unam.

2237 3597 2260 3638 λ
2304 3600 2449 3655 Idem
2476 3599 2632 3668 cod.,
2664 3614 2735 3655 vt.

1102 4000 1902 4132 EPISTOLKE
1999 4003 2053 4125 Ι

2162 3998 2552 4129 ξΙλΑΒΙ
2649 3999 3129 4128 ΡΑΡᾺΕ.

1394 4271 2832 4307 *ῤ-

1084 4464 1100 4496 ⁸
1140 4461 1475 4521 EPISTOLA

485 4591 664 4634 IILAM
700 4588 905 4630 DIACONI
944 4588 1124 4628 SACRE
1161 4589 1387 4629 ΒΟΙΙΔΝΕ
1427 4585 1722 4636 εοοιεειλιξ,

557 4661 741 4705 ιεοδιε
778 4660 920 4700 ΡᾹΡΕ
958 4659 1178 4709 ιιτῑολτι,
1218 4661 1286 4698 AD
1324 4658 1654 4699 PULCBERIAI!
1694 4656 1993 4697 AUGUSTAI.

487 4742 565 4797 De
602 4739 869 4810 Ephesino
897 4736 1255 4860 concilialgulo
1278 4776 1293 4800 ,
1342 4735 1662 4792 factionibus
1692 4732 1932 4790 Dioscuri
1958 4773 1974 4800 ,
2013 4741 2067 4788 et

1157 4821 1255 4860 una
1288 4821 1403 4859 sua.

1157 4821 1255 4875 uga
1288 4821 1403 4859 sua.

490 4901 878 4957 σιοτὶοδίεδὶηιω
906 4908 951 4954 et
978 4898 1220 5019 piissith
1247 4895 1533 4952 Patr/aeriae
1557 4898 1798 4967 Augusta
1832 4893 2064 4950 Hilarius

1175 4984 1406 5019 taconus.

1175 4984 1406 5022 taconus.

568 5060 812 5115 Studium
844 5058 971 5115 mihi
1004 5057 1189 5124 fuisse,
1218 5067 1325 5113 etc.

562 5150 739 5223 (Hanc
783 5149 1069 5220 epistolam,
1111 5164 1226 5218 qua:
1263 5159 1337 5203 est
1384 5147 1569 5203 XLVI
1613 5150 1746 5204 inter
1775 5149 2067 5216 Leoninas,

489 5243 794 5311 exscriptam
847 5241 1065 5311 reperies
1124 5239 1440 5312 Patrologite
1485 5249 1669 5295 nostra:
1735 5251 1859 5296 tam.
1914 5238 1986 5293 L1
2001 5237 2069 5307 V,

494 5336 594 5389 col.
623 5332 774 5405 837.)

561 5498 582 5525 ⁸
617 5488 744 5544 Cod.
779 5491 932 5559 Luc.,
964 5490 1092 5557 120,
1118 5491 1351 5560 quadam
1377 5506 1516 5562 qua.

561 5652 575 5681 ‘
623 5651 871 5724 Epistula
912 5654 1070 5709 llitari
1116 5669 1264 5724 papae
1309 5652 1516 5708 collatae
1557 5663 1700 5724 sunt
1727 5667 1847 5708 cum
1893 5654 2060 5709 tribus

492 5723 905 5793 exemplaribus,
924 5740 1040 5792 quae
1068 5721 1318 5793 epistolas
1344 5738 1531 5781 omnes
1561 5721 1905 5781 continebant
1933 5742 1946 5778 :
1975 5725 2058 5782 Pi-

2086 4466 2141 4527 D

1781 4587 1844 4624 ΕΤ
1880 4584 2067 4624 δΑιπατι

2729 4464 3063 4523 EPISTOLA
3116 4467 3161 4524 l.

2244 4590 2422 4629 EILABI
2472 4591 2622 4631 ΡΛΡΒ
2675 4594 2742 4633 Δί)
2792 4595 3069 4635 EPISCOPOS
3113 4596 3575 4640 TARRACONENSEI.
3616 4602 3683 4641 DE

2685 4663 2940 4704 SYNODALI
2981 4667 3243 4707 DECRETO.

2171 4758 2353 4815 Flavio
2388 4758 2637 4815 Basilisco
2662 4772 2711 4818 et
2733 4762 3084 4889 Ηετηὶξῗενὶοο
3110 4766 3233 4820 uiris
3254 4766 3547 4821 clarissimis
3572 4783 3757 4822 consu-

2895 4851 2911 4886 t
2949 4851 3025 4889 us.

2895 4851 3025 4889 ιουδ.

2249 5058 2509 5123 Quatriam
2547 5059 2864 5130 religiosus,
2912 5071 3100 5116 sancto
3125 5061 3328 5132 Spiritu
3360 5078 3753 5136 congregante,

2177 5159 2472 5206 conventus
2515 5150 2780 5218 hortatur,
2821 5163 2879 5207 ut
2915 5161 2942 5190 ⁸
2981 5168 3314 5224 quacunque
3352 5168 3451 5225 pro
3473 5155 3756 5225 disciplina

2177 5242 2539 5299 ecclesiastica
2569 5244 2872 5300 necessaria
2906 5255 3063 5315 sunt,
3110 5260 3237 5301 cura
3279 5246 3619 5318 diligentiore
3650 5259 3761 5303 tra-

2176 5348 2427 5395 ctemus:
2459 5340 2503 5396 si
2554 5340 2744 5410 placet,
2768 5339 2979 5407 fratres,
3016 5355 3077 5395 ea
3108 5355 3225 5410 qua:
3252 5341 3318 5397 ad
3355 5342 3753 5399 ordinationum

2166 5655 2401 5722 tlneano,
2430 5656 2728 5711 Arelatensi
2754 5667 2800 5710 et
2831 5655 3128 5721 Lirinensi;
3163 5666 3429 5724 postrema
3452 5656 3608 5709 etiam
3630 5670 3755 5711 cum

2164 5728 2283 5784 aliis
2304 5727 2533 5793 duobus,
2556 5743 2781 5794 quorum
2811 5728 3032 5784 alterum
3056 5726 3395 5784 Curbeiensis
3417 5732 3758 5792 monasterii.
