4022 6168
314 353 376 407 l3
1721 348 2053 407 EPISTULA
2092 352 2130 405 Ι.
3502 354 3568 411 η

312 474 552 517 tenorem
604 462 909 531 pertinent,
940 460 1087 530 juxta
1116 461 1309 516 divinae
1350 462 1480 531 legis
1524 472 1787 529 praecepta
1836 476 1888 517 et
1915 471 1969 527 Α
1995 481 2113 520 mus
2172 484 2184 517 :
2234 466 2431 520 dictum
2468 476 2547 519 est
2587 465 2916 535 quindecies.
2974 466 3079 521 ista
3128 481 3220 535 per
3256 465 3284 503 ά
3328 481 3422 521 san
3460 477 3569 520 tum

314 551 648 604 Nicanorum
667 565 931 605 canonum
943 552 1254 617 constituta,
1273 553 1343 606 ita
1356 552 1642 620 adjuvante
1660 552 1890 607 Domino

310 641 364 693 in
393 655 553 696 omne
588 656 765 695 aevum
808 657 1058 695 mansura
1088 642 1412 710 solidemus,
1448 653 1504 696 ut
1535 643 1662 697 nulli
1704 644 1782 698 fas
1825 645 1895 698 sit

314 730 430 783 sine
462 740 633 785 status
671 731 756 785 sui
805 732 1045 800 periculo
1072 732 1152 787 vel
1200 732 1410 786 divinas
1446 732 1893 797 constitutiones,

317 824 399 876 vel
426 823 732 889 apostolica:
759 822 904 877 sedis
931 823 1143 877 decreta
1170 832 1435 877 temerare
1465 839 1479 876 :
1509 824 1630 891 quia
1655 838 1773 888 nos,
1805 824 1894 891 qui

267 914 291 930 ⁸
322 912 576 979 potissimi
626 912 924 967 sacerdotis
966 913 1406 966 administramus
1454 912 1666 979 ofﬁcia,
1711 913 1893 965 talium

318 1004 800 1072 trausgressionum
849 1003 1004 1071 culpa
1060 1004 1339 1072 reSpiciet,
1381 1004 1426 1057 si
1467 1003 1521 1056 in
1574 1003 1749 1057 causis
1796 1004 1893 1057 Dei

316 1096 533 1151 desides
579 1095 833 1151 fuerimus
876 1095 1077 1149 inventi
1112 1112 1126 1146 :
1160 1096 1279 1162 quia
1332 1097 1712 1160 meminimus,
1753 1095 1897 1163 quod

317 1190 510 1242 timere
543 1187 804 1242 debemus
824 1227 840 1252 ,
879 1188 1108 1255 qualiter
1131 1187 1488 1241 connuinetur
1511 1186 1768 1240 Dominus
1796 1201 1896 1241 ne-

310 1277 585 1345 gligentiae
628 1276 965 1330 sacerdotum
984 1315 1000 1341 ,
1043 1262 1305 1344 siquidem
1329 1286 1479 1330 reatu
1507 1276 1709 1345 majore
1728 1276 1901 1330 delin-

311 1368 450 1436 quit,
473 1368 563 1436 qui
595 1367 786 1436 potiori
818 1366 1024 1422 honore
1054 1365 1345 1435 perfruitur
1374 1383 1388 1419 :
1417 1374 1472 1420 et
1498 1366 1742 1436 graviora
1772 1366 1900 1420 facit

318 1460 443 1514 vitia
467 1469 830 1529 peccatorum,
854 1458 1153 1513 sublimitas
1181 1458 1519 1527 dignitatum.

1073 1548 1137 1603 IL

384 1640 692 1695 Cavendum
722 1655 853 1710 ergo
881 1639 1142 1710 imprimis
1170 1649 1287 1704 est,
1317 1654 1385 1695 ne
1413 1639 1481 1694 ad
1511 1648 1752 1695 sacratos
1780 1656 1900 1709 gra-

315 1730 444 1794 dus,
476 1731 612 1785 sicut
652 1732 819 1799 gestis
855 1730 1126 1798 prioribus
1167 1739 1291 1785 ante
1330 1739 1356 1767 ⁸
1390 1730 1754 1799 prmscriptum
1781 1742 1860 1784 est
1882 1773 1896 1796 ,

1998 556 2252 621 Petrum,
2307 567 2363 610 ut
2421 558 2472 610 itt
2526 567 2835 624 perpetuum
2876 568 2899 594 ι’
2938 570 3220 613 serventur
3275 566 3569 626 Optamus:

1995 648 2193 701 dictum
2233 657 2317 702 est
2355 651 2541 702 octies.
2583 648 2704 701 llaec
2733 650 3078 717 prtesumptio
3111 666 3379 717 nunquam
3423 650 3515 703 iiat
3555 668 3570 702 :

1994 737 2194 791 dictum
2217 748 2299 792 est
2326 738 2526 791 decies.
2554 738 2654 804 Qui
2680 739 2794 791 haec
2822 739 3117 801 violaverit,
3149 743 3277 794 inse
3300 740 3531 794 inveniet
3558 781 3574 794 .

1995 830 2194 883 dictum
2223 842 2305 884 est
2340 831 2561 898 septies.
2598 831 2657 884 Et
2682 831 2821 885 facto
2839 831 3074 898 silentio,
3117 832 3328 887 liilarus
3366 834 3581 903 episco-

2000 936 2099 991 pus
2125 922 2304 977 dixit:
3070 924 3073 925 ⁷

2756 1015 2819 1068 ν.

2070 1102 2359 1169 Prtetcrea,
2404 1103 2617 1170 fratres,
2664 1119 2799 1158 nova
2829 1114 2886 1160 et
2915 1106 3149 1160 inaudita
3186 1107 3343 1177 (sicut
3386 1108 3451 1160 ad
3481 1121 3580 1161 nos

2000 1198 2176 1251 missis
2222 1199 2290 1252 de
2339 1197 2608 1265 Hispaniis
2655 1200 2935 1267 epistolis,
2978 1200 3079 1254 sub
3124 1208 3271 1254 certa
3317 1201 3582 1254 relatione

2000 1290 2263 1360 pervenit)
2293 1291 2344 1343 in
2378 1292 2694 1360 quibusdam
2746 1291 2877 1346 locis
2918 1293 3324 1360 perversitatum
3368 1292 3573 1347 semina

1999 1381 2228 1437 subinde
2255 1392 2565 1437 nascuntur.
2599 1384 2841 1452 Denique
2880 1385 3119 1438 nonnulli
3166 1384 3529 1454 episcopatum
3560 1426 3578 1451 ,

1999 1473 2090 1541 qui
2134 1470 2154 1509 τ
2200 1488 2307 1527 non
2351 1473 2451 1527 nisi
2480 1475 2683 1529 meritis
2715 1476 3136 1543 pra'cedentibus
3158 1476 3334 1539 datur,
3366 1491 3471 1530 non
3499 1477 3583 1531 di-

2002 1565 2184 1617 vinum
2217 1580 2443 1626 munus,
2488 1565 2581 1619 sed
2610 1566 3000 1620 liazreditarium
3033 1576 3221 1636 putant
3259 1582 3377 1621 esse
3426 1582 3580 1620 com-

2002 1656 2250 1722 pendium
2287 1671 2303 1709 :
2331 1665 2382 1708 et
2409 1654 2669 1719 credunt,
2701 1655 2840 1711 sicut
2883 1671 2970 1710 res
2994 1657 3223 1710 caducas
3250 1666 3409 1725 atque
3440 1672 3585 1709 mor-

2002 1746 2163 1809 tales,
2218 1747 2289 1800 ita
2334 1746 2722 1810 sacerdotium,
2771 1747 2917 1802 velut
2960 1756 2986 1794 8
3035 1748 3054 1778 ³
3085 1747 3239 1816 legali
3294 1746 3582 1819 [legatorio]

312 1823 623 1889 quisquam,
657 1820 746 1890 qui
779 1836 998 1875 uxorem
1023 1835 1126 1875 non
1158 1821 1415 1891 virginem
1443 1821 1600 1875 duxit
1622 1861 1637 1885 ,
1669 1822 1887 1890 aspiret.

2017 1846 2087 1889 iut
2125 1838 2530 1891 testamentario
2561 1837 2683 1906 jure
2705 1877 2722 1903 ,
2753 1853 2906 1906 posse
2936 1836 3153 1891 dimitti.
3186 1837 3315 1891 Nam
3343 1837 3582 1907 plerique

313 1913 674 1979 Repellendus
703 1921 786 1966 est
810 1914 972 1967 etiam
995 1912 1239 1982 quisque,
1263 1912 1426 1982 quiin
1448 1913 1695 1968 secundat
1716 1917 1898 1970 uxoris

318 2004 528 2072 nuptias
564 2016 756 2057 contra
784 2002 1077 2072 apostolica
1108 2013 1379 2073 praecepta
1413 2005 1682 2058 convenit.

1064 2094 1154 2150 ιιι.

387 2185 541 2240 luscii
571 2202 782 2254 quoque
800 2186 1131 2251 litterarum,
1164 2200 1369 2241 necnon
1418 2195 1474 2240 et
1517 2184 1693 2254 aliqua
1728 2200 1899 2239 mem-

317 2282 534 2333 brorum
581 2280 775 2333 damua
805 2280 1077 2349 perpessi,
1112 2287 1168 2333 et
1207 2277 1261 2332 lti
1291 2279 1381 2347 qui
1407 2292 1473 2333 ex
1520 2277 1900 2346 pamitentibus

313 2380 439 2424 sunt
468 2372 552 2440 lea:
577 2372 875 2439 pwtitentes
907 2368 1070 2441 sunt],
1108 2368 1175 2422 ad
1201 2383 1387 2424 sacros
1417 2367 1632 2422 ordines
1660 2367 1901 2436 aspirare

318 2478 422 2515 non
449 2462 705 2516 audeant.
739 2461 989 2530 Quisquis
1020 2460 1200 2515 talium
1224 2469 1568 2516 consecratur
1593 2458 1892 2524 exstiterit,

315 2552 514 2608 factum
557 2568 711 2608 suum
751 2551 779 2590 δ
808 2552 1091 2607 dissolvet.

1064 2643 1157 2698 IV.

384 2739 493 2792 Sed
527 2748 583 2792 et
604 2737 743 2802 quod
773 2739 893 2806 quis
924 2735 1192 2793 commisit
1214 2733 1426 2797 illicite,
1458 2740 1551 2786 aut
1589 2747 1619 2787 a
1644 2732 1900 2787 decesso-

317 2834 463 2885 ribus
493 2831 609 2885 suis
640 2830 843 2884 invenit
870 2829 1187 2893 admissum,
1232 2827 1276 2880 si
1310 2826 1580 2895 proprium
1607 2823 1900 2895 periculum

319 2927 430 2977 vult
464 2924 664 2987 vitare,
711 2921 986 2975 damnabit
1016 2937 1030 2975 :
1072 2934 1171 2973 nos
1208 2918 1351 2974 enim
1384 2919 1436 2971 iu
1479 2917 1628 2972 nullo
1654 2916 1903 2971 volumus

318 3015 668 3067 severitatem
711 3012 928 3066 ultionis
955 3025 1228 3065 exercere.
1264 3009 1368 3066 Sed
1393 3008 1483 3078 qui
1518 3008 1570 3061 in
1599 3008 1777 3063 causis
1804 3006 1900 3062 Dei

319 3106 398 3157 vel
430 3104 791 3166 contumacia,
816 3101 900 3156 vel
928 3103 979 3154 in
1002 3101 1182 3170 aliquo
1206 3114 1430 3155 excessu
1453 3097 1775 3168 deliquerit,
1811 3109 1904 3152 aut

316 3198 430 3264 ips»
451 3196 590 3265 quod
613 3210 888 3264 perperam
915 3195 1034 3247 fecit
1049 3194 1262 3248 abolere
1280 3191 1510 3246 noluerit
1528 3207 1542 3244 :
1560 3192 1613 3245 in
1645 3205 1725 3254 se,
1747 3189 1901 3260 quid-
1928 3198 1978 3263 ο

319 3289 443 3356 quid
479 3290 529 3340 in
566 3288 733 3340 alium
768 3284 915 3358 [alio]
943 3301 1047 3338 non
1095 3283 1345 3337 resecarit
1386 3277 1724 3353 [resecuerit],
1757 3280 1905 3335 inve-

318 3381 449 3433 niet.
481 3378 634 3446 Quod
686 3388 742 3431 ut
769 3376 1023 3446 deinceps
1063 3377 1233 3445 possit
1260 3375 1497 3427 tenacius
1530 3370 1791 3426 custodiri
1818 3412 1832 3434 ,
1855 3369 1903 3425 si

321 3474 519 3540 placet,
551 3469 871 3535 sententias,
900 3482 1091 3522 causas
1115 3475 1171 3521 et
1194 3463 1617 3532 subscriptiones
1659 3461 1903 3531 preprias

319 3576 508 3615 omnes
550 3570 572 3598 ι
609 3559 979 3614 commendate
1026 3553 1408 3628 [commodule],
1451 3562 1509 3606 ut
1544 3553 1784 3623 synodali
1810 3550 1900 3620 ju-

321 3654 458 3706 dicio
507 3651 721 3706 auditus
735 3649 951 3723 [aditus]
982 3646 1259 3703 claudatur
1291 3645 1490 3699 illicitis
1519 3640 1791 3714 [illicitas].

388 3746 475 3799 Ab
498 3743 770 3797 universis
799 3740 1065 3810 episcopis
1108 3749 1162 3792 et
1190 3736 1517 3807 presbyteris
1551 3734 1900 3788 acclamatum

322 3845 401 3889 est
434 3853 446 3888 :
476 3832 678 3888 Exaudi
701 3831 932 3898 Christe,
961 3830 1141 3884 llilaro
1166 3828 1268 3881 vita
1300 3845 1312 3879 :
1345 3826 1543 3880 dictum
1562 3835 1643 3879 Cal
1667 3824 1683 3855 ¹
1705 3824 1903 3877 sexies.

323 3927 449 3980 Ilaec
509 3933 566 3978 et
591 3925 1003 3988 conﬁrmamus,
1055 3931 1106 3974 et
1145 3920 1257 3972 hanc
1287 3916 1782 3971 docemuszdictum
1824 3921 1909 3967 est

318 4017 515 4070 octies.
533 4015 657 4068 Hanc
679 4012 905 4068 tenenda
928 4020 1071 4077 sunt,
1096 4010 1209 4064 ha-c
1233 4008 1490 4063 servanda
1518 4014 1642 4060 sunt
1671 4022 1684 4057 :
1707 4005 1905 4058 dictum

321 4118 407 4162 est
435 4105 741 4176 quinquies.
774 4104 1043 4159 Doctrina:
1092 4113 1282 4156 vestra:
1310 4100 1509 4169 gratias
1537 4098 1743 4167 agimus
1774 4111 1788 4149 :
1826 4096 1910 4149 di-

320 4210 470 4253 ctum
490 4209 572 4253 est
598 4196 793 4252 decies.
814 4197 915 4250 ista
933 4204 990 4249 ut
1012 4195 1063 4248 in
1088 4206 1404 4264 perpetuum
1432 4200 1734 4252 serventur,
1751 4202 1908 4257 roga‘

397 4366 424 4390 ³·
454 4354 580 4408 Cod.
613 4352 742 4406 Luc.
780 4351 902 4415 1‘29,
932 4350 1287 4419 proscriptum.

398 4426 423 4462 ιθ
450 4425 587 4478 Cod.
613 4423 767 4488 Luc.,
796 4424 901 4491 ipse
923 4421 1180 4491 dissolvet.

401 4507 422 4534 ε
456 4495 589 4548 Cod.
621 4494 779 4557 Lne.,
808 4490 1146 4544 commodate.

398 4563 425 4602 τί
458 4564 593 4621 Cod.
625 4563 781 4627 Luc.,
813 4561 1091 4615 Damnum.

329 4728 556 4778 alterum
603 4725 660 4777 S.
692 4722 916 4790 Remigii
971 4721 1267 4774 Remensis.
1318 4719 1385 4773 Ει
1412 4728 1699 4788 supersunt
1723 4726 1905 4790 tamen

332 4812 435 4849 non
468 4812 629 4863 path
657 4810 776 4862 qua:
797 4788 1217 4847 eu'tendatiorum
1246 4791 1491 4845 codicum
1519 4805 1674 4859 opem
1703 4788 1911 4843 deside-

333 4879 474 4918 I'Jul.

2000 1929 2307 1983 sacerdotes
2363 1929 2414 1981 in
2452 1930 2638 1982 mortis
2684 1930 2917 1983 conﬁnio
2963 1929 3267 1994 constituti,
3310 1930 3363 1982 in
3405 1929 3582 1982 locum

1999 2032 2153 2073 suum
2188 2022 2428 2074 feruntur
2455 2020 2590 2075 alios
2608 2019 2901 2090 designatis
2923 2022 3224 2075 nominibus
3249 2022 3541 2089 subrogare
3565 2038 3580 2075 :

2001 2120 2058 2165 ut
2082 2111 2284 2165 scilicet
2310 2126 2417 2165 non
2447 2111 2680 2180 legitima
2707 2120 3046 2180 exspectetur
3080 2110 3271 2167 eleCIio
3296 2154 3311 2175 ,
3344 2112 3439 2167 sed
3488 2112 3585 2167 de-

2002 2202 2165 2256 functi
2215 2203 2533 2271 gratificatio
2578 2218 2674 2272 pro
2713 2204 2894 2272 populi
2945 2203 3203 2258 habeatur
3251 2202 3582 2276 [praebeatur]

2000 2307 2245 2348 assensu.
2271 2292 2424 2360 Quod
2445 2308 2602 2363 quam
2626 2308 2788 2364 grave
2817 2294 2916 2361 sit,
2939 2297 3229 2359 aestimate,
3252 2306 3411 2365 atque
3442 2294 3584 2360 ideo,

1999 2385 2046 2439 si
2072 2385 2262 2451 placet,
2290 2385 2451 2440 etiam
2482 2385 2619 2440 banc
2643 2386 2911 2441 licentiam
2954 2388 3277 2454 generaliter
3302 2390 3368 2442 de
3409 2388 3583 2443 eccle-

2000 2477 2097 2532 siis
2134 2476 2473 2543 anferamus,
2516 2491 2585 2537 ne
2638 2478 2811 2548 (quod
2844 2489 2996 2547 turpe
3021 2478 3164 2533 dictu
3222 2480 3339 2549 est)
3378 2479 3582 2533 homini

2001 2570 2279 2640 quisquam
2307 2580 2453 2639 putet
2478 2570 2695 2635 deberi,
2742 2572 2884 2641 quod
2918 2572 3008 2625 Dei
3041 2580 3141 2627 est.

2075 2661 2143 2716 Ut
2189 2669 2367 2716 autem
2406 2662 2548 2731 quod
2585 2663 2651 2716 ad
2683 2678 2779 2717 nos
2832 2663 3093 2731 prolatum
3129 2660 3425 2734 [perlatum]
3456 2674 3539 2718 est
3561 2709 3579 2731 ,

2001 2754 2067 2809 ad
2110 2763 2343 2809 vestram
2383 2754 2543 2809 etiam
2570 2756 2737 2823 possit
2769 2757 3044 2823 pervenire
3074 2758 3346 2819 notitiam,
3391 2758 3583 2826 Ilispa-

2004 2862 2194 2901 norum
2220 2847 2443 2902 fratrum
2488 2848 3009 2917 etcoepiscoporum
3039 2860 3340 2904 nostrorum
3389 2852 3587 2921 scripta

2004 2939 2267 3011 legantur.
2294 2939 2489 2993 Paulus
2518 2938 2759 2993 notarius
2786 2941 3053 2994 recitaxit.

2074 3028 2105 3067 ιι
2128 3030 2348 3084 Additur
2387 3031 2439 3083 in
2471 3047 2565 3084 ms.
2594 3029 2800 3084 Justelli
2833 3048 2851 3085 :
2875 3031 2942 3086 Et
2970 3040 3222 3087 statutum
3248 3043 3330 3089 est
3362 3050 3427 3090 ne
3454 3035 3586 3105 quid

2005 3126 2143 3180 ultra
2172 3123 2477 3194 bujusmodi
2502 3140 2533 3178 a
2559 3123 2929 3178 sacerdotibus
2960 3136 3330 3193 praesnmatnr.

2590 3258 2612 3289 ³
2653 3257 2977 3313 EPISTULA

2006 3388 2474 3430 nnmcoseuswn
2527 3387 2881 3427 εριδεοροιωιι
2933 3389 2997 3425 AD
3042 3371 3064 3402 ⁸
3115 3389 3343 3427 ιιιιλιιυιί
3392 3390 3581 3428 paean.

2006 3463 2085 3519 De
2120 3468 2440 3519 ordinatione
2472 3464 2693 3533 episcopi
2738 3480 2827 3532 per
2868 3463 3137 3518 Silvanum
3164 3464 3585 3532 Calaguriranum

2072 3538 2364 3606 episcopum
2396 3546 2571 3606 contra
2600 3535 2813 3586 Patrum
2843 3534 3041 3606 regulus
3077 3544 3124 3585 et
3168 3534 3407 3587 Nicwnos
3436 3552 3587 3589 cano-

2073 3604 2159 3659 nes
2189 3610 2326 3674 facta
2355 3604 2495 3669 apud
2532 3604 2816 3674 Romanum
2859 3605 3146 3672 pontiﬁcem
3186 3617 3583 3674 conquerantur,

2078 3673 2286 3741 euntque
2314 3676 2605 3746 consulunt,
2635 3674 2756 3739 quid
2788 3673 2841 3746 in
2870 3675 2963 3725 hoc
2990 3688 3112 3726 casu
3146 3673 3332 3746 facere,
3371 3687 3458 3729 aut
3482 3693 3587 3746 qua

2082 3746 2277 3798 ratione
2303 3744 2538 3798 abusibus
2560 3744 2805 3815 ejusmodi
2837 3760 3096 3797 occurrere
3120 3744 3351 3800 debeant.

2014 3837 2239 3891 Domino
2270 3835 2609 3898 beatissimo,
2638 3845 2689 3889 et
2720 3834 3012 3902 apostolica
3044 3836 3340 3889 reverentia
3374 3852 3403 3889 a
3436 3836 3589 3891 nobis

2084 3910 2136 3960 in
2168 3906 2379 3961 Christo
2408 3905 2635 3959 colendo
2670 3920 2816 3972 papae
2846 3905 3060 3968 llilaro,
3092 3907 3351 3960 Ascanius
3375 3907 3589 3973 episco-

2082 3993 2207 4047 pus,
2241 3984 2295 4031 et
2321 3976 2551 4030 universi
2578 3976 2809 4043 episcopi
2837 3974 3252 4030 Tarraconensis
3280 3978 3587 4046 provinciae.

2083 4091 2103 4122 '
2143 4087 2358 4144 Etiamsi
2382 4087 2525 4141 nulla
2553 4095 2788 4141 exstaret
2817 4084 3070 4157 [dictaret]
3100 4088 3387 4141 necessitas
3408 4087 3587 4142 eccle-

2012 4181 2242 4239 siastica:
2262 4179 2557 4249 disciplina
2574 4220 2591 4246 ,
2631 4176 2985 4246 expetendum
3013 4190 3072 4232 re
3092 4191 3215 4232 vera
3243 4175 3396 4233 nobis
3416 4178 3595 4233 fuerat

2077 4351 2099 4379 θ
2123 4339 2254 4395 Cod.
2279 4338 2435 4403 Luc.,
2458 4339 2511 4391 in
2539 4335 2644 4391 Deo
2672 4348 2946 4391 serventur.

2078 4410 2098 4447 τ
2133 4412 2261 4464 Cod.
2298 4411 2450 4472 Luc.,
2484 4424 2582 4459 non
2612 4408 2739 4461 sine.

2076 4491 2101 4527 8
2133 4482 2266 4535 Cod.
2300 4480 2455 4539 Luc.,
2484 4479 2636 4548 legati
2662 4488 2751 4549 aut
2781 4477 3065 4549 testamenti
3082 4478 3222 4549 jure.

2076 4549 2105 4589 λ
2134 4552 2247 4606 Hoc
2276 4550 2695 4605 additamentum
2727 4548 2781 4600 in
2807 4547 2926 4601 cod.
2956 4547 3094 4602 Luc.
3116 4551 3286 4603 deest.

2014 4715 2209 4784 scripta
2251 4723 2306 4769 et
2349 4713 2546 4766 directa
2598 4712 2789 4784 fuerat.
2842 4714 2895 4766 in
2946 4713 3149 4782 synodo
3191 4714 3427 4771 Romana
3469 4733 3591 4775 cum

2017 4783 2274 4855 oppesitis
2303 4783 2806 4855 acclamationibus,
2842 4784 3358 4855 interlocutionibus,
3385 4798 3442 4843 et
3471 4804 3594 4844 sen-

2020 4854 2201 4928 tentiis
2225 4855 2439 4928 Patrum
2470 4854 2938 4928 excusaulinbettnu
2970 4854 3261 4923 Utrobique
3289 4859 3468 4923 itaque
3501 4876 3596 4928 po-

406 4937 541 4989 Ttnn
568 4934 633 4988 ad
678 4932 838 5008 verba
870 4932 982 5008 haec
1009 4930 1249 5008 epistolae
1280 4930 1355 5008 8.:
1386 4928 1451 4983 Et
1477 4939 1612 5008 retro
1639 4938 1757 4981 ante
1780 4925 1917 5008 posi-
1943 4948 1996 5008 ι)
2023 4926 2192 5008 nenda
2223 4927 2397 5008 fuitut.
2421 4932 2480 4978 ut
2503 4940 2636 4993 quas
2666 4923 2754 5005 illa
2782 4941 2852 5008 ex_
2879 4923 3092 5008 Patrum
3121 4930 3401 4983 sententiis
3432 4923 3598 4985 inter-

335 5018 465 5060 tmu.
516 5008 588 5059 Ita
626 5014 680 5058 et
707 5003 997 5058 Lirinensis
1021 5000 1156 5055 :sed
1193 5002 1360 5068 magis
1399 5001 1629 5063 arridet,
1670 5000 1811 5067 quod
1843 5014 1913 5051 ex

334 5077 559 5130 alterius
600 5077 718 5129 libri
763 5073 999 5142 vestigiis
1024 5072 1230 5126 eruitur
1260 5088 1272 5124 :
1305 5080 1356 5142 et
1387 5082 1521 5142 retro
1552 5086 1699 5142 omne
1731 5084 1918 5142 propo-

340 5149 521 5196 eitum-
550 5145 664 5199 Jac.
699 5138 1027 5196 Sinnonbus.
1059 5170 1129 5179 —
1154 5143 1280 5193 Hu'c
1310 5140 1387 5192 uir
1434 5139 1524 5192 ille
1568 5138 1913 5206 diligentissi-

340 5230 458 5267 mus
493 5217 688 5267 antissa
718 5229 835 5266 cum
859 5213 978 5265 aliis
1011 5210 1278 5264 nonnullis
1307 5211 1359 5262 in
1392 5209 1617 5263 editione
1641 5208 1808 5277 regia.

417 5286 432 5313 ⁸
471 5282 713 5351 Dionys.,
743 5291 943 5349 quater.
968 5281 1136 5334 Hann.

410 5355 430 5383 ⁸
461 5349 667 5421 Lupus,
704 5364 758 5405 et
788 5350 1112 5413 Harduinus,
1152 5349 1315 5421 legati
1357 5359 1446 5421 aut
1476 5350 1755 5421 testamenti
1776 5352 1919 5420 jure.

410 5423 431 5453 ³
466 5419 590 5476 use
615 5422 840 5489 epistola
878 5422 1013 5476 lecta
1040 5432 1122 5474 est
1148 5419 1469 5474 iu'concilio
1509 5420 1751 5479 Romano
1777 5419 1920 5474 anno

344 5493 553 5546 Domini
591 5493 697 5548 ‘65
736 5494 919 5546 Bome
947 5492 1233 5554 celebrato,
1264 5491 1331 5546 de
1359 5505 1464 5559 quo
1486 5489 1643 5545 infra.
1676 5492 1809 5545 Dum
1840 5491 1919 5545 le-

342 5572 577 5628 geretur,
604 5563 792 5617 Patres
831 5577 956 5616 suas
984 5564 1276 5615 sententias
1300 5563 1641 5617 acclamando
1667 5572 1720 5616 et
1753 5562 1918 5616 inter-

344 5635 615 5698 loquendo
636 5634 974 5687 addiderunt.
1009 5632 1120 5685 iinc
1147 5632 1305 5696 igitur
1334 5631 1453 5685 loco
1483 5632 1679 5699 placuit
1707 5648 1823 5685 cam
1852 5648 1918 5687 ex

342 5707 636 5759 tit-esceniu
661 5714 716 5757 et
744 5703 1108 5767 manuscripto
1153 5702 1408 5755 Vaticano
1437 5703 1503 5756 ad
1549 5702 1768 5757 verbum
1809 5704 1920 5757 col-

346 5776 544 5842 locare,
566 5775 703 5831 sicut
725 5790 753 5829 a
774 5773 1260 5830 Tarraconensibus
1282 5773 1347 5828 ad
1370 5774 1550 5830 sedem
1573 5774 1918 5841 apostolicam

2020 4996 2209 5067 positis
2236 4995 2535 5067 additiones
2560 4998 2875 5067 accepisset,
2922 4995 3073 5067 facile
3098 5010 3345 5067 constare
3389 5013 3590 5067 posset.

2022 5063 2090 5123 Et
2132 5081 2431 5137 quanquam
2463 5064 2773 5120 barbaricus
2813 5064 2962 5137 furor
2990 5063 3280 5121 Gothorum
3313 5063 3600 5137 Hispania.

2025 5135 2162 5192 rum
2183 5136 2450 5191 Ecclesias
2480 5150 2643 5206 prope
2674 5150 2861 5190 omnes
2882 5135 3320 5206 devastantium,
3356 5135 3591 5206 vigorem

2022 5209 2397 5264 ecclesiasticae
2428 5205 2721 5274 disciplina
2750 5206 2800 5259 in
2831 5205 3096 5275 Hispaniis
3120 5205 3432 5274 relaxasset,
3462 5209 3595 5265 Tar-

2023 5293 2373 5334 raconensem
2414 5287 2590 5331 tamen
2636 5276 2960 5348 provinciam
2998 5278 3277 5334 custodem
3321 5278 3496 5348 legum
3539 5294 3596 5334 et

2024 5364 2290 5404 canonum
2338 5348 2716 5417 permansisse,
2746 5347 3045 5403 Romanum
3073 5347 3569 5418 pontiﬁcem’obser

2023 5434 2217 5485 vasse,
2267 5433 2455 5472 omnes
2509 5418 2905 5473 controversias
2946 5418 3012 5471 ad
3052 5417 3295 5473 eumdem
3338 5420 3484 5475 velut
3527 5423 3597 5476 ad

2018 5488 2598 5559 supremumjudicem
2628 5501 2679 5545 et
2722 5499 2992 5559 pastorem
3033 5488 3289 5544 Ecclesia:
3316 5489 3592 5557 detulisse,

2023 5556 2136 5631 huic
2163 5556 2387 5631 epistola
2420 5558 2702 5631 manifesto
2724 5556 3094 5631 Satis_i_ititic_at.
3127 5559 3253 5614 Sev.
3290 5561 3488 5617 Bittius.

2092 5630 2113 5661 ’⁵
2163 5626 2218 5683 In
2264 5644 2397 5684 mss.
2442 5628 2555 5685 fere
2594 5644 2806 5699 semper
2851 5626 3090 5682 Hilarius
3136 5631 3407 5688 scribitur.
3456 5632 3601 5687 lin-

2023 5718 2228 5757 υωκυε.

2094 5773 2115 5803 ⁸
2152 5773 2256 5826 llas
2306 5769 2557 5842 epistolas
2600 5769 2761 5827 Hilari
2811 5784 2933 5824 cum
2985 5771 3154 5827 tribus
3204 5786 3332 5827 mss.
3377 5770 3601 5827 contulit
