  <div class='ocr_page' id='page_1' title='image "/cluster/home/n/w/nwhite01/storage/ocr_20150623/58/hvd.32044073505109/013.png"; bbox 0 0 4022 6168; ppageno 0'>
   <div class='ocr_carea' id='block_1_1' title="bbox 379 363 2006 456">
    <p class='ocr_par' dir='ltr' id='par_1_1' title="bbox 379 363 2005 456">
     <span class='ocr_line' id='line_1_1' title="bbox 379 363 2005 456; baseline -0.01 0"><span class='ocrx_word' id='word_1_1' title='bbox 379 409 440 456; x_wconf 72' lang='lat' dir='ltr'><strong>ta</strong></span> <span class='ocrx_word' id='word_1_2' title='bbox 1273 363 1278 372; x_wconf 36' lang='grc' dir='ltr'><strong>ί</strong></span> <span class='ocrx_word' id='word_1_3' title='bbox 1773 388 2005 443; x_wconf 45' lang='lat' dir='ltr'><strong>unum</strong></span> 
     </span>
    </p>
   </div>
   <div class='ocr_carea' id='block_1_2' title="bbox 2117 363 3667 456">
    <p class='ocr_par' dir='ltr' id='par_1_2' title="bbox 2117 378 3667 441">
     <span class='ocr_line' id='line_1_2' title="bbox 2117 378 3667 441; baseline -0.006 0"><span class='ocrx_word' id='word_1_4' title='bbox 2117 385 2244 441; x_wconf 64' lang='lat' dir='ltr'><strong>tPJE</strong></span> <span class='ocrx_word' id='word_1_5' title='bbox 3595 378 3667 432; x_wconf 68' lang='grc' dir='ltr'><strong>τε</strong></span> 
     </span>
    </p>
   </div>
   <div class='ocr_carea' id='block_1_3' title="bbox 373 493 3667 590">
    <p class='ocr_par' dir='ltr' id='par_1_3' title="bbox 373 493 3667 590">
     <span class='ocr_line' id='line_1_3' title="bbox 373 493 3667 590; baseline -0.01 -12"><span class='ocrx_word' id='word_1_6' title='bbox 373 520 502 579; x_wconf 84' lang='lat' dir='ltr'><strong>illud</strong></span> <span class='ocrx_word' id='word_1_7' title='bbox 533 515 867 590; x_wconf 80' lang='lat' dir='ltr'><strong>privilegium</strong></span> <span class='ocrx_word' id='word_1_8' title='bbox 901 511 1041 567; x_wconf 80' lang='lat' dir='ltr'><strong>sedis</strong></span> <span class='ocrx_word' id='word_1_9' title='bbox 1085 517 1318 575; x_wconf 69' lang='lat' dir='ltr'><strong>vestrm,</strong></span> <span class='ocrx_word' id='word_1_10' title='bbox 1364 521 1470 577; x_wconf 89' lang='lat' dir='ltr'><strong>quo</strong></span> <span class='ocrx_word' id='word_1_11' title='bbox 1518 504 1783 573; x_wconf 77' lang='lat' dir='ltr'><strong>susceptis</strong></span> <span class='ocrx_word' id='word_1_12' title='bbox 1814 503 1962 571; x_wconf 75' lang='lat' dir='ltr'><strong>regni</strong></span> <span class='ocrx_word' id='word_1_13' title='bbox 1996 507 2043 566; x_wconf 79' lang='grc' dir='ltr'>Α</span> <span class='ocrx_word' id='word_1_14' title='bbox 2070 503 2299 572; x_wconf 68' lang='lat' dir='ltr'><strong>scriptio.</strong></span> <span class='ocrx_word' id='word_1_15' title='bbox 2353 500 2605 554; x_wconf 89' lang='lat' dir='ltr'><strong>Orantem</strong></span> <span class='ocrx_word' id='word_1_16' title='bbox 2651 513 2747 566; x_wconf 90' lang='lat' dir='ltr'><strong>pro</strong></span> <span class='ocrx_word' id='word_1_17' title='bbox 2795 497 2949 552; x_wconf 89' lang='lat' dir='ltr'><strong>nobis</strong></span> <span class='ocrx_word' id='word_1_18' title='bbox 3003 506 3245 549; x_wconf 88' lang='lat' dir='ltr'><strong>sanctum</strong></span> <span class='ocrx_word' id='word_1_19' title='bbox 3311 493 3667 562; x_wconf 80' lang='lat' dir='ltr'><strong>apostolatnm</strong></span> 
     </span>
    </p>
   </div>
   <div class='ocr_carea' id='block_1_4' title="bbox 375 600 1968 680">
    <p class='ocr_par' dir='ltr' id='par_1_4' title="bbox 375 600 1968 680">
     <span class='ocr_line' id='line_1_4' title="bbox 375 600 1968 680; baseline -0.011 -13"><span class='ocrx_word' id='word_1_20' title='bbox 375 614 611 668; x_wconf 71' lang='lat' dir='ltr'><strong>clavibus</strong></span> <span class='ocrx_word' id='word_1_21' title='bbox 658 619 781 680; x_wconf 90' lang='lat' dir='ltr'><strong>post</strong></span> <span class='ocrx_word' id='word_1_22' title='bbox 826 603 1278 662; x_wconf 71' lang='lat' dir='ltr'><strong>resurrectionem</strong></span> <span class='ocrx_word' id='word_1_23' title='bbox 1307 600 1633 662; x_wconf 86' lang='lat' dir='ltr'><strong>Salvatoris,</strong></span> <span class='ocrx_word' id='word_1_24' title='bbox 1676 615 1770 667; x_wconf 85' lang='lat' dir='ltr'><strong>per</strong></span> <span class='ocrx_word' id='word_1_25' title='bbox 1801 610 1968 651; x_wconf 82' lang='lat' dir='ltr'><strong>totum</strong></span> 
     </span>
    </p>
   </div>
   <div class='ocr_carea' id='block_1_5' title="bbox 378 690 1972 764">
    <p class='ocr_par' dir='ltr' id='par_1_5' title="bbox 378 690 1972 764">
     <span class='ocr_line' id='line_1_5' title="bbox 378 690 1972 764; baseline -0.013 -3"><span class='ocrx_word' id='word_1_26' title='bbox 378 708 562 762; x_wconf 89' lang='lat' dir='ltr'><strong>orbem</strong></span> <span class='ocrx_word' id='word_1_27' title='bbox 599 699 895 758; x_wconf 70' lang='lat' dir='ltr'><strong>beatissimi</strong></span> <span class='ocrx_word' id='word_1_28' title='bbox 926 697 1068 752; x_wconf 85' lang='lat' dir='ltr'><strong>Petri</strong></span> <span class='ocrx_word' id='word_1_29' title='bbox 1104 693 1393 764; x_wconf 81' lang='lat' dir='ltr'><strong>singularis</strong></span> <span class='ocrx_word' id='word_1_30' title='bbox 1421 691 1728 761; x_wconf 73' lang='lat' dir='ltr'><strong>prmdicatio</strong></span> <span class='ocrx_word' id='word_1_31' title='bbox 1759 690 1972 742; x_wconf 60' lang='lat' dir='ltr'><strong>univerv</strong></span> 
     </span>
    </p>
   </div>
   <div class='ocr_carea' id='block_1_6' title="bbox 379 781 1972 856">
    <p class='ocr_par' dir='ltr' id='par_1_6' title="bbox 379 781 1972 856">
     <span class='ocr_line' id='line_1_6' title="bbox 379 781 1972 856; baseline -0.014 -3"><span class='ocrx_word' id='word_1_32' title='bbox 379 813 557 853; x_wconf 86' lang='lat' dir='ltr'><strong>sornm</strong></span> <span class='ocrx_word' id='word_1_33' title='bbox 605 790 988 848; x_wconf 87' lang='lat' dir='ltr'><strong>illuminationi</strong></span> <span class='ocrx_word' id='word_1_34' title='bbox 1029 787 1303 856; x_wconf 61' lang='lat' dir='ltr'><strong>prospexit</strong></span> <span class='ocrx_word' id='word_1_35' title='bbox 1336 802 1348 837; x_wconf 92' lang='lat'>:</span> <span class='ocrx_word' id='word_1_36' title='bbox 1379 784 1533 853; x_wconf 84' lang='lat' dir='ltr'><strong>cujus</strong></span> <span class='ocrx_word' id='word_1_37' title='bbox 1559 782 1742 837; x_wconf 75' lang='lat' dir='ltr'><strong>vicarii</strong></span> <span class='ocrx_word' id='word_1_38' title='bbox 1775 781 1972 849; x_wconf 86' lang='lat' dir='ltr'><strong>princi-</strong></span> 
     </span>
    </p>
   </div>
   <div class='ocr_carea' id='block_1_7' title="bbox 379 872 1970 958">
    <p class='ocr_par' dir='ltr' id='par_1_7' title="bbox 379 872 1970 958">
     <span class='ocr_line' id='line_1_7' title="bbox 379 872 1970 958; baseline -0.011 -18"><span class='ocrx_word' id='word_1_39' title='bbox 379 902 532 958; x_wconf 84' lang='lat' dir='ltr'><strong>patus</strong></span> <span class='ocrx_word' id='word_1_40' title='bbox 563 890 698 941; x_wconf 81' lang='lat' dir='ltr'><strong>sicut</strong></span> <span class='ocrx_word' id='word_1_41' title='bbox 739 884 961 944; x_wconf 89' lang='lat' dir='ltr'><strong>eminet,</strong></span> <span class='ocrx_word' id='word_1_42' title='bbox 1010 882 1079 934; x_wconf 90' lang='lat' dir='ltr'><strong>ita</strong></span> <span class='ocrx_word' id='word_1_43' title='bbox 1103 877 1424 934; x_wconf 85' lang='lat' dir='ltr'><strong>metuendus</strong></span> <span class='ocrx_word' id='word_1_44' title='bbox 1467 884 1552 930; x_wconf 90' lang='lat' dir='ltr'><strong>est</strong></span> <span class='ocrx_word' id='word_1_45' title='bbox 1600 874 1668 928; x_wconf 91' lang='lat' dir='ltr'><strong>ab</strong></span> <span class='ocrx_word' id='word_1_46' title='bbox 1697 872 1970 936; x_wconf 85' lang='lat' dir='ltr'><strong>omnibus,</strong></span> 
     </span>
    </p>
   </div>
   <div class='ocr_carea' id='block_1_8' title="bbox 381 962 1980 1036">
    <p class='ocr_par' dir='ltr' id='par_1_8' title="bbox 381 962 1980 1036">
     <span class='ocr_line' id='line_1_8' title="bbox 381 962 1980 1036; baseline -0.015 0"><span class='ocrx_word' id='word_1_47' title='bbox 381 994 432 1036; x_wconf 83' lang='lat' dir='ltr'><strong>ct</strong></span> <span class='ocrx_word' id='word_1_48' title='bbox 469 979 751 1035; x_wconf 89' lang='lat' dir='ltr'><strong>amandus.</strong></span> <span class='ocrx_word' id='word_1_49' title='bbox 785 975 1015 1030; x_wconf 74' lang='lat' dir='ltr'><strong>Proinde</strong></span> <span class='ocrx_word' id='word_1_50' title='bbox 1041 988 1138 1027; x_wconf 91' lang='lat' dir='ltr'><strong>nos</strong></span> <span class='ocrx_word' id='word_1_51' title='bbox 1171 972 1334 1025; x_wconf 90' lang='lat' dir='ltr'><strong>Deum</strong></span> <span class='ocrx_word' id='word_1_52' title='bbox 1369 970 1421 1023; x_wconf 92' lang='lat' dir='ltr'><strong>in</strong></span> <span class='ocrx_word' id='word_1_53' title='bbox 1454 968 1608 1022; x_wconf 84' lang='lat' dir='ltr'><strong>vobis</strong></span> <span class='ocrx_word' id='word_1_54' title='bbox 1639 966 1853 1035; x_wconf 88' lang='lat' dir='ltr'><strong>penitus</strong></span> <span class='ocrx_word' id='word_1_55' title='bbox 1883 962 1980 1015; x_wconf 46' lang='lat' dir='ltr'><strong>ad,</strong></span> 
     </span>
    </p>
   </div>
   <div class='ocr_carea' id='block_1_9' title="bbox 381 1057 1980 1138">
    <p class='ocr_par' dir='ltr' id='par_1_9' title="bbox 381 1057 1980 1138">
     <span class='ocr_line' id='line_1_9' title="bbox 381 1057 1980 1138; baseline -0.013 -10"><span class='ocrx_word' id='word_1_56' title='bbox 381 1086 619 1138; x_wconf 90' lang='lat' dir='ltr'><strong>orantes,</strong></span> <span class='ocrx_word' id='word_1_57' title='bbox 647 1071 730 1124; x_wconf 94' lang='lat' dir='ltr'><strong>cui</strong></span> <span class='ocrx_word' id='word_1_58' title='bbox 750 1070 865 1122; x_wconf 88' lang='lat' dir='ltr'><strong>sine</strong></span> <span class='ocrx_word' id='word_1_59' title='bbox 886 1064 1104 1136; x_wconf 81' lang='lat' dir='ltr'><strong>querela</strong></span> <span class='ocrx_word' id='word_1_60' title='bbox 1128 1063 1360 1129; x_wconf 81' lang='lat' dir='ltr'><strong>servitis,</strong></span> <span class='ocrx_word' id='word_1_61' title='bbox 1377 1059 1441 1114; x_wconf 88' lang='lat' dir='ltr'><strong>ad</strong></span> <span class='ocrx_word' id='word_1_62' title='bbox 1474 1060 1631 1113; x_wconf 85' lang='lat' dir='ltr'><strong>fidem</strong></span> <span class='ocrx_word' id='word_1_63' title='bbox 1652 1057 1980 1113; x_wconf 84' lang='lat' dir='ltr'><strong>recurrimns</strong></span> 
     </span>
    </p>
   </div>
   <div class='ocr_carea' id='block_1_10' title="bbox 385 1156 1974 1238">
    <p class='ocr_par' dir='ltr' id='par_1_10' title="bbox 385 1156 1974 1238">
     <span class='ocr_line' id='line_1_10' title="bbox 385 1156 1974 1238; baseline -0.016 -12"><span class='ocrx_word' id='word_1_64' title='bbox 385 1166 682 1238; x_wconf 80' lang='lat' dir='ltr'><strong>apostolico</strong></span> <span class='ocrx_word' id='word_1_65' title='bbox 719 1178 816 1218; x_wconf 89' lang='lat' dir='ltr'><strong>ore</strong></span> <span class='ocrx_word' id='word_1_66' title='bbox 861 1161 1129 1216; x_wconf 82' lang='lat' dir='ltr'><strong>laudatam</strong></span> <span class='ocrx_word' id='word_1_67' title='bbox 1155 1200 1172 1228; x_wconf 89' lang='lat'><strong>,</strong></span> <span class='ocrx_word' id='word_1_68' title='bbox 1212 1156 1337 1210; x_wconf 89' lang='lat' dir='ltr'><strong>inde</strong></span> <span class='ocrx_word' id='word_1_69' title='bbox 1366 1167 1628 1223; x_wconf 86' lang='lat' dir='ltr'><strong>responsa</strong></span> <span class='ocrx_word' id='word_1_70' title='bbox 1654 1158 1974 1220; x_wconf 64' lang='lat' dir='ltr'><strong>qua&#39;reutes,</strong></span> 
     </span>
    </p>
   </div>
   <div class='ocr_carea' id='block_1_11' title="bbox 384 1243 1983 1321">
    <p class='ocr_par' dir='ltr' id='par_1_11' title="bbox 384 1243 1983 1321">
     <span class='ocr_line' id='line_1_11' title="bbox 384 1243 1983 1321; baseline -0.013 -7"><span class='ocrx_word' id='word_1_71' title='bbox 384 1260 525 1315; x_wconf 86' lang='lat' dir='ltr'><strong>unde</strong></span> <span class='ocrx_word' id='word_1_72' title='bbox 556 1259 686 1313; x_wconf 87' lang='lat' dir='ltr'><strong>nihil</strong></span> <span class='ocrx_word' id='word_1_73' title='bbox 715 1271 901 1312; x_wconf 90' lang='lat' dir='ltr'><strong>errore</strong></span> <span class='ocrx_word' id='word_1_74' title='bbox 925 1296 938 1316; x_wconf 88' lang='lat'><strong>.</strong></span> <span class='ocrx_word' id='word_1_75' title='bbox 985 1253 1117 1308; x_wconf 81' lang='lat' dir='ltr'><strong>nihil</strong></span> <span class='ocrx_word' id='word_1_76' title='bbox 1148 1249 1566 1321; x_wconf 62' lang='lat' dir='ltr'><strong>praesumptione</strong></span> <span class='ocrx_word' id='word_1_77' title='bbox 1590 1287 1606 1312; x_wconf 98' lang='lat'><strong>,</strong></span> <span class='ocrx_word' id='word_1_78' title='bbox 1648 1245 1741 1301; x_wconf 87' lang='lat' dir='ltr'><strong>sed</strong></span> <span class='ocrx_word' id='word_1_79' title='bbox 1770 1243 1983 1314; x_wconf 69' lang='lat' dir='ltr'><strong>politii-</strong></span> 
     </span>
    </p>
   </div>
   <div class='ocr_carea' id='block_1_12' title="bbox 386 1340 1468 1412">
    <p class='ocr_par' dir='ltr' id='par_1_12' title="bbox 386 1340 1468 1412">
     <span class='ocr_line' id='line_1_12' title="bbox 386 1340 1468 1412; baseline -0.013 -6"><span class='ocrx_word' id='word_1_80' title='bbox 386 1355 485 1407; x_wconf 81' lang='lat' dir='ltr'><strong>cali</strong></span> <span class='ocrx_word' id='word_1_81' title='bbox 520 1359 688 1406; x_wconf 90' lang='lat' dir='ltr'><strong>totum</strong></span> <span class='ocrx_word' id='word_1_82' title='bbox 721 1345 1114 1403; x_wconf 82' lang='lat' dir='ltr'><strong>delibera-tione</strong></span> <span class='ocrx_word' id='word_1_83' title='bbox 1141 1340 1468 1412; x_wconf 69' lang='lat' dir='ltr'><strong>praacipitur.</strong></span> 
     </span>
    </p>
   </div>
   <div class='ocr_carea' id='block_1_13' title="bbox 457 1448 1983 1522">
    <p class='ocr_par' dir='ltr' id='par_1_13' title="bbox 457 1448 1983 1522">
     <span class='ocr_line' id='line_1_13' title="bbox 457 1448 1983 1522; baseline -0.015 0"><span class='ocrx_word' id='word_1_84' title='bbox 457 1469 590 1522; x_wconf 85' lang='lat' dir='ltr'><strong>Cum</strong></span> <span class='ocrx_word' id='word_1_85' title='bbox 620 1467 734 1519; x_wconf 71' lang='lat' dir='ltr'><strong>lucc</strong></span> <span class='ocrx_word' id='word_1_86' title='bbox 765 1463 836 1517; x_wconf 88' lang='lat' dir='ltr'><strong>ita</strong></span> <span class='ocrx_word' id='word_1_87' title='bbox 866 1476 925 1516; x_wconf 91' lang='lat' dir='ltr'><strong>se</strong></span> <span class='ocrx_word' id='word_1_88' title='bbox 966 1459 1218 1521; x_wconf 90' lang='lat' dir='ltr'><strong>habeant,</strong></span> <span class='ocrx_word' id='word_1_89' title='bbox 1262 1465 1346 1510; x_wconf 87' lang='lat' dir='ltr'><strong>est</strong></span> <span class='ocrx_word' id='word_1_90' title='bbox 1375 1465 1551 1510; x_wconf 87' lang='lat' dir='ltr'><strong>tamen</strong></span> <span class='ocrx_word' id='word_1_91' title='bbox 1584 1452 1724 1507; x_wconf 88' lang='lat' dir='ltr'><strong>inter</strong></span> <span class='ocrx_word' id='word_1_92' title='bbox 1753 1465 1851 1505; x_wconf 90' lang='lat' dir='ltr'><strong>nos</strong></span> <span class='ocrx_word' id='word_1_93' title='bbox 1883 1448 1983 1502; x_wconf 84' lang='lat' dir='ltr'><strong>fal—</strong></span> 
     </span>
    </p>
   </div>
   <div class='ocr_carea' id='block_1_14' title="bbox 388 1543 1987 1622">
    <p class='ocr_par' dir='ltr' id='par_1_14' title="bbox 388 1543 1987 1622">
     <span class='ocr_line' id='line_1_14' title="bbox 388 1543 1987 1622; baseline -0.014 -9"><span class='ocrx_word' id='word_1_94' title='bbox 388 1575 478 1614; x_wconf 83' lang='lat' dir='ltr'><strong>sus</strong></span> <span class='ocrx_word' id='word_1_95' title='bbox 511 1557 695 1619; x_wconf 81' lang='lat' dir='ltr'><strong>frater,</strong></span> <span class='ocrx_word' id='word_1_96' title='bbox 730 1553 884 1622; x_wconf 86' lang='lat' dir='ltr'><strong>cujus</strong></span> <span class='ocrx_word' id='word_1_97' title='bbox 913 1549 1382 1621; x_wconf 66' lang='lat' dir='ltr'><strong>prmsumptionem</strong></span> <span class='ocrx_word' id='word_1_98' title='bbox 1415 1545 1554 1599; x_wconf 87' lang='lat' dir='ltr'><strong>sicut</strong></span> <span class='ocrx_word' id='word_1_99' title='bbox 1581 1543 1779 1597; x_wconf 90' lang='lat' dir='ltr'><strong>diutius</strong></span> <span class='ocrx_word' id='word_1_100' title='bbox 1813 1550 1987 1593; x_wconf 79' lang='lat' dir='ltr'><strong>tacere</strong></span> 
     </span>
    </p>
   </div>
   <div class='ocr_carea' id='block_1_15' title="bbox 388 1632 1988 1711">
    <p class='ocr_par' dir='ltr' id='par_1_15' title="bbox 388 1632 1988 1711">
     <span class='ocr_line' id='line_1_15' title="bbox 388 1632 1988 1711; baseline -0.013 -7"><span class='ocrx_word' id='word_1_101' title='bbox 388 1666 495 1703; x_wconf 92' lang='lat' dir='ltr'><strong>non</strong></span> <span class='ocrx_word' id='word_1_102' title='bbox 530 1648 698 1711; x_wconf 88' lang='lat' dir='ltr'><strong>licuit,</strong></span> <span class='ocrx_word' id='word_1_103' title='bbox 730 1645 800 1700; x_wconf 89' lang='lat' dir='ltr'><strong>ita</strong></span> <span class='ocrx_word' id='word_1_104' title='bbox 833 1655 886 1698; x_wconf 92' lang='lat' dir='ltr'><strong>et</strong></span> <span class='ocrx_word' id='word_1_105' title='bbox 912 1642 1054 1709; x_wconf 87' lang='lat' dir='ltr'><strong>loqui</strong></span> <span class='ocrx_word' id='word_1_106' title='bbox 1084 1640 1240 1693; x_wconf 90' lang='lat' dir='ltr'><strong>futuri</strong></span> <span class='ocrx_word' id='word_1_107' title='bbox 1269 1638 1455 1708; x_wconf 88' lang='lat' dir='ltr'><strong>judicii</strong></span> <span class='ocrx_word' id='word_1_108' title='bbox 1497 1635 1790 1690; x_wconf 86' lang='lat' dir='ltr'><strong>necessitas</strong></span> <span class='ocrx_word' id='word_1_109' title='bbox 1821 1632 1988 1699; x_wconf 59' lang='lat' dir='ltr'><strong>itnpeo</strong></span> 
     </span>
    </p>
   </div>
   <div class='ocr_carea' id='block_1_16' title="bbox 391 1725 1988 1804">
    <p class='ocr_par' dir='ltr' id='par_1_16' title="bbox 391 1725 1988 1804">
     <span class='ocr_line' id='line_1_16' title="bbox 391 1725 1988 1804; baseline -0.013 -9"><span class='ocrx_word' id='word_1_110' title='bbox 391 1742 548 1795; x_wconf 84' lang='lat' dir='ltr'><strong>ravit.</strong></span> <span class='ocrx_word' id='word_1_111' title='bbox 580 1739 828 1795; x_wconf 63' lang='lat' dir='ltr'><strong>Silvanus</strong></span> <span class='ocrx_word' id='word_1_112' title='bbox 853 1735 1066 1804; x_wconf 89' lang='lat' dir='ltr'><strong>quidam</strong></span> <span class='ocrx_word' id='word_1_113' title='bbox 1098 1732 1384 1802; x_wconf 87' lang='lat' dir='ltr'><strong>episeopns</strong></span> <span class='ocrx_word' id='word_1_114' title='bbox 1411 1728 1689 1797; x_wconf 74' lang='lat' dir='ltr'><strong>Calagnrze</strong></span> <span class='ocrx_word' id='word_1_115' title='bbox 1721 1727 1775 1779; x_wconf 91' lang='lat' dir='ltr'><strong>in</strong></span> <span class='ocrx_word' id='word_1_116' title='bbox 1806 1725 1988 1778; x_wconf 90' lang='lat' dir='ltr'><strong>ultima</strong></span> 
     </span>
    </p>
   </div>
   <div class='ocr_carea' id='block_1_17' title="bbox 391 1814 1992 1894">
    <p class='ocr_par' dir='ltr' id='par_1_17' title="bbox 391 1814 1992 1894">
     <span class='ocr_line' id='line_1_17' title="bbox 391 1814 1992 1894; baseline -0.014 -7"><span class='ocrx_word' id='word_1_117' title='bbox 391 1843 546 1894; x_wconf 80' lang='lat' dir='ltr'><strong>parte</strong></span> <span class='ocrx_word' id='word_1_118' title='bbox 574 1839 772 1884; x_wconf 64' lang='lat' dir='ltr'><strong>nostra:</strong></span> <span class='ocrx_word' id='word_1_119' title='bbox 806 1825 1090 1891; x_wconf 72' lang='lat' dir='ltr'><strong>provincia:</strong></span> <span class='ocrx_word' id='word_1_120' title='bbox 1119 1822 1460 1884; x_wconf 75' lang='lat' dir='ltr'><strong>consdtutns,</strong></span> <span class='ocrx_word' id='word_1_121' title='bbox 1496 1818 1853 1873; x_wconf 78' lang='lat' dir='ltr'><strong>divinationes</strong></span> <span class='ocrx_word' id='word_1_122' title='bbox 1885 1814 1992 1887; x_wconf 69' lang='lat' dir='ltr'><strong>[or-</strong></span> 
     </span>
    </p>
   </div>
   <div class='ocr_carea' id='block_1_18' title="bbox 2077 590 3440 663">
    <p class='ocr_par' dir='ltr' id='par_1_18' title="bbox 2077 590 3440 663">
     <span class='ocr_line' id='line_1_18' title="bbox 2077 590 3440 663; baseline -0.007 -15"><span class='ocrx_word' id='word_1_123' title='bbox 2077 609 2314 650; x_wconf 80' lang='lat' dir='ltr'><strong>vcsmttn</strong></span> <span class='ocrx_word' id='word_1_124' title='bbox 2341 594 2451 663; x_wconf 62' lang='lat' dir='ltr'><strong>jugi</strong></span> <span class='ocrx_word' id='word_1_125' title='bbox 2483 608 2598 647; x_wconf 73' lang='lat' dir='ltr'><strong>ravo</strong></span> <span class='ocrx_word' id='word_1_126' title='bbox 2629 593 2810 646; x_wconf 79' lang='lat' dir='ltr'><strong>divina</strong></span> <span class='ocrx_word' id='word_1_127' title='bbox 2834 603 3114 645; x_wconf 81' lang='lat' dir='ltr'><strong>conservet</strong></span> <span class='ocrx_word' id='word_1_128' title='bbox 3144 590 3440 642; x_wconf 67' lang='lat' dir='ltr'><strong>aeternitas.</strong></span> 
     </span>
    </p>
   </div>
   <div class='ocr_carea' id='block_1_19' title="bbox 2651 793 3026 850">
    <p class='ocr_par' dir='ltr' id='par_1_19' title="bbox 2651 793 3026 850">
     <span class='ocr_line' id='line_1_19' title="bbox 2651 793 3026 850; baseline -0.021 2"><span class='ocrx_word' id='word_1_129' title='bbox 2651 799 2666 828; x_wconf 85' lang='grc'>¹</span> <span class='ocrx_word' id='word_1_130' title='bbox 2706 793 3026 850; x_wconf 65' lang='grc' dir='ltr'><strong>ΕΡΙΞῊΗΛ</strong></span> 
     </span>
    </p>
   </div>
   <div class='ocr_carea' id='block_1_20' title="bbox 2133 917 3619 972">
    <p class='ocr_par' dir='ltr' id='par_1_20' title="bbox 2133 917 3619 972">
     <span class='ocr_line' id='line_1_20' title="bbox 2133 917 3619 972; baseline -0.012 0"><span class='ocrx_word' id='word_1_131' title='bbox 2133 927 2604 972; x_wconf 60' lang='lat' dir='ltr'><strong>TARBACONENmUH</strong></span> <span class='ocrx_word' id='word_1_132' title='bbox 2647 924 3005 966; x_wconf 54' lang='lat' dir='ltr'><strong>EPNCOPOBUN</strong></span> <span class='ocrx_word' id='word_1_133' title='bbox 3047 923 3112 961; x_wconf 75' lang='grc' dir='ltr'><strong>ΔΩ</strong></span> <span class='ocrx_word' id='word_1_134' title='bbox 3153 919 3383 962; x_wconf 52' lang='lat' dir='ltr'><strong>&quot;HAEC&quot;</strong></span> <span class='ocrx_word' id='word_1_135' title='bbox 3425 917 3619 957; x_wconf 72' lang='grc' dir='ltr'><strong>ΡΑΡΛΙ.</strong></span> 
     </span>
    </p>
   </div>
   <div class='ocr_carea' id='block_1_21' title="bbox 2081 1013 3682 1095">
    <p class='ocr_par' dir='ltr' id='par_1_21' title="bbox 2081 1013 3682 1095">
     <span class='ocr_line' id='line_1_21' title="bbox 2081 1013 3682 1095; baseline -0.016 -8"><span class='ocrx_word' id='word_1_136' title='bbox 2081 1031 2156 1087; x_wconf 76' lang='lat' dir='ltr'><strong>Bc</strong></span> <span class='ocrx_word' id='word_1_137' title='bbox 2192 1031 2412 1094; x_wconf 72' lang='lat' dir='ltr'><strong>tissimo,</strong></span> <span class='ocrx_word' id='word_1_138' title='bbox 2440 1037 2484 1080; x_wconf 80' lang='lat' dir='ltr'><strong>et</strong></span> <span class='ocrx_word' id='word_1_139' title='bbox 2525 1025 2805 1095; x_wconf 80' lang='lat' dir='ltr'><strong>apostolica</strong></span> <span class='ocrx_word' id='word_1_140' title='bbox 2835 1023 3116 1095; x_wconf 54' lang='lat' dir='ltr'><strong>reret-cura</strong></span> <span class='ocrx_word' id='word_1_141' title='bbox 3149 1036 3183 1072; x_wconf 76' lang='grc' dir='ltr'><em>α</em></span> <span class='ocrx_word' id='word_1_142' title='bbox 3212 1017 3353 1095; x_wconf 63' lang='lat' dir='ltr'><strong>nobis</strong></span> <span class='ocrx_word' id='word_1_143' title='bbox 3383 1017 3437 1095; x_wconf 62' lang='lat' dir='ltr'><strong>ita</strong></span> <span class='ocrx_word' id='word_1_144' title='bbox 3476 1013 3682 1095; x_wconf 53' lang='lat' dir='ltr'><strong>Christe</strong></span> 
     </span>
    </p>
   </div>
   <div class='ocr_carea' id='block_1_22' title="bbox 2154 1085 3680 1170">
    <p class='ocr_par' dir='ltr' id='par_1_22' title="bbox 2154 1085 3680 1170">
     <span class='ocr_line' id='line_1_22' title="bbox 2154 1085 3680 1170; baseline -0.012 -14"><span class='ocrx_word' id='word_1_145' title='bbox 2154 1102 2369 1156; x_wconf 79' lang='lat' dir='ltr'><strong>colendo</strong></span> <span class='ocrx_word' id='word_1_146' title='bbox 2398 1085 3076 1170; x_wconf 40' lang='lat' dir='ltr'><strong>papm&#39;Hiloro,Ascanio;</strong></span> <span class='ocrx_word' id='word_1_147' title='bbox 3117 1099 3164 1142; x_wconf 81' lang='lat' dir='ltr'><strong>et</strong></span> <span class='ocrx_word' id='word_1_148' title='bbox 3205 1088 3425 1142; x_wconf 75' lang='lat' dir='ltr'><strong>universi</strong></span> <span class='ocrx_word' id='word_1_149' title='bbox 3455 1102 3537 1153; x_wconf 72' lang='lat' dir='ltr'><strong>ep:</strong></span> <span class='ocrx_word' id='word_1_150' title='bbox 3565 1085 3680 1154; x_wconf 80' lang='lat' dir='ltr'><strong>capi</strong></span> 
     </span>
    </p>
   </div>
   <div class='ocr_carea' id='block_1_23' title="bbox 2093 1167 2882 1254">
    <p class='ocr_par' dir='ltr' id='par_1_23' title="bbox 2159 1167 2882 1237">
     <span class='ocr_line' id='line_1_23' title="bbox 2159 1167 2882 1237; baseline -0.015 -10"><span class='ocrx_word' id='word_1_151' title='bbox 2159 1167 2560 1228; x_wconf 67' lang='lat' dir='ltr'><strong>Tarraconensis</strong></span> <span class='ocrx_word' id='word_1_152' title='bbox 2589 1167 2882 1237; x_wconf 77' lang='lat' dir='ltr'><strong>provincite.</strong></span> 
     </span>
    </p>
   </div>
   <div class='ocr_carea' id='block_1_24' title="bbox 2155 1270 3678 1354">
    <p class='ocr_par' dir='ltr' id='par_1_24' title="bbox 2155 1270 3678 1354">
     <span class='ocr_line' id='line_1_24' title="bbox 2155 1270 3678 1354; baseline -0.014 -12"><span class='ocrx_word' id='word_1_153' title='bbox 2155 1287 2327 1354; x_wconf 86' lang='lat' dir='ltr'><strong>Quam</strong></span> <span class='ocrx_word' id='word_1_154' title='bbox 2361 1297 2544 1342; x_wconf 86' lang='lat' dir='ltr'><strong>curam</strong></span> <span class='ocrx_word' id='word_1_155' title='bbox 2574 1279 2907 1350; x_wconf 76' lang='lat' dir='ltr'><strong>apostolatus</strong></span> <span class='ocrx_word' id='word_1_156' title='bbox 2935 1284 3116 1336; x_wconf 88' lang='lat' dir='ltr'><strong>vester</strong></span> <span class='ocrx_word' id='word_1_157' title='bbox 3161 1272 3230 1328; x_wconf 87' lang='lat' dir='ltr'><strong>de</strong></span> <span class='ocrx_word' id='word_1_158' title='bbox 3278 1270 3678 1341; x_wconf 83' lang='lat' dir='ltr'><strong>provinciarum</strong></span> 
     </span>
    </p>
   </div>
   <div class='ocr_carea' id='block_1_25' title="bbox 2103 1359 3680 1443">
    <p class='ocr_par' dir='ltr' id='par_1_25' title="bbox 2103 1359 3680 1443">
     <span class='ocr_line' id='line_1_25' title="bbox 2103 1359 3680 1443; baseline -0.015 -6"><span class='ocrx_word' id='word_1_159' title='bbox 2103 1392 2329 1437; x_wconf 70' lang='lat' dir='ltr'><strong>suarum</strong></span> <span class='ocrx_word' id='word_1_160' title='bbox 2351 1374 2726 1435; x_wconf 79' lang='lat' dir='ltr'><strong>sacerdotibus</strong></span> <span class='ocrx_word' id='word_1_161' title='bbox 2751 1379 2926 1443; x_wconf 88' lang='lat' dir='ltr'><strong>gerat,</strong></span> <span class='ocrx_word' id='word_1_162' title='bbox 2949 1369 3060 1425; x_wconf 74' lang='lat' dir='ltr'><strong>ﬁlio</strong></span> <span class='ocrx_word' id='word_1_163' title='bbox 3095 1377 3286 1422; x_wconf 87' lang='lat' dir='ltr'><strong>nostro</strong></span> <span class='ocrx_word' id='word_1_164' title='bbox 3321 1366 3519 1419; x_wconf 79' lang='lat' dir='ltr'><strong>illustri</strong></span> <span class='ocrx_word' id='word_1_165' title='bbox 3539 1359 3680 1415; x_wconf 82' lang='lat' dir='ltr'><strong>Vin-</strong></span> 
     </span>
    </p>
   </div>
   <div class='ocr_carea' id='block_1_26' title="bbox 2103 1456 3670 1538">
    <p class='ocr_par' dir='ltr' id='par_1_26' title="bbox 2103 1456 3670 1538">
     <span class='ocr_line' id='line_1_26' title="bbox 2103 1456 3670 1538; baseline -0.012 -15"><span class='ocrx_word' id='word_1_166' title='bbox 2103 1470 2448 1534; x_wconf 88' lang='lat' dir='ltr'><strong>eentio,duce</strong></span> <span class='ocrx_word' id='word_1_167' title='bbox 2465 1466 2759 1538; x_wconf 66' lang='lat' dir='ltr'><strong>provincia:</strong></span> <span class='ocrx_word' id='word_1_168' title='bbox 2775 1461 3267 1526; x_wconf 65' lang='lat' dir='ltr'><strong>nostraneferente</strong></span> <span class='ocrx_word' id='word_1_169' title='bbox 3283 1456 3670 1528; x_wconf 76' lang='lat' dir='ltr'><strong>cognovimus:</strong></span> 
     </span>
    </p>
   </div>
   <div class='ocr_carea' id='block_1_27' title="bbox 2103 1547 3678 1633">
    <p class='ocr_par' dir='ltr' id='par_1_27' title="bbox 2103 1547 3678 1633">
     <span class='ocr_line' id='line_1_27' title="bbox 2103 1547 3678 1633; baseline -0.011 -15"><span class='ocrx_word' id='word_1_170' title='bbox 2103 1564 2258 1633; x_wconf 86' lang='lat' dir='ltr'><strong>cujus</strong></span> <span class='ocrx_word' id='word_1_171' title='bbox 2289 1561 2521 1631; x_wconf 90' lang='lat' dir='ltr'><strong>impulsu</strong></span> <span class='ocrx_word' id='word_1_172' title='bbox 2555 1569 2735 1614; x_wconf 88' lang='lat' dir='ltr'><strong>votum</strong></span> <span class='ocrx_word' id='word_1_173' title='bbox 2781 1565 3033 1613; x_wconf 88' lang='lat' dir='ltr'><strong>nostrum</strong></span> <span class='ocrx_word' id='word_1_174' title='bbox 3077 1555 3133 1608; x_wconf 84' lang='lat' dir='ltr'><strong>in</strong></span> <span class='ocrx_word' id='word_1_175' title='bbox 3179 1568 3369 1607; x_wconf 87' lang='lat' dir='ltr'><strong>ausum</strong></span> <span class='ocrx_word' id='word_1_176' title='bbox 3403 1547 3678 1604; x_wconf 80' lang='lat' dir='ltr'><strong>scribendi</strong></span> 
     </span>
    </p>
   </div>
   <div class='ocr_carea' id='block_1_28' title="bbox 2106 1639 3684 1724">
    <p class='ocr_par' dir='ltr' id='par_1_28' title="bbox 2106 1639 3684 1724">
     <span class='ocr_line' id='line_1_28' title="bbox 2106 1639 3684 1724; baseline -0.013 -16"><span class='ocrx_word' id='word_1_177' title='bbox 2106 1669 2274 1724; x_wconf 88' lang='lat' dir='ltr'><strong>prona</strong></span> <span class='ocrx_word' id='word_1_178' title='bbox 2297 1652 2585 1711; x_wconf 79' lang='lat' dir='ltr'><strong>devotione</strong></span> <span class='ocrx_word' id='word_1_179' title='bbox 2611 1652 2864 1706; x_wconf 74' lang='lat' dir='ltr'><strong>surrexit.</strong></span> <span class='ocrx_word' id='word_1_180' title='bbox 2894 1652 3033 1720; x_wconf 85' lang='lat' dir='ltr'><strong>Ergo</strong></span> <span class='ocrx_word' id='word_1_181' title='bbox 3059 1644 3377 1718; x_wconf 85' lang='lat' dir='ltr'><strong>provinciali</strong></span> <span class='ocrx_word' id='word_1_182' title='bbox 3412 1639 3684 1695; x_wconf 70' lang='lat' dir='ltr'><strong>litterario</strong></span> 
     </span>
    </p>
   </div>
   <div class='ocr_carea' id='block_1_29' title="bbox 2108 1731 3684 1809">
    <p class='ocr_par' dir='ltr' id='par_1_29' title="bbox 2108 1731 3684 1809">
     <span class='ocr_line' id='line_1_29' title="bbox 2108 1731 3684 1809; baseline -0.013 -9"><span class='ocrx_word' id='word_1_183' title='bbox 2108 1759 2359 1800; x_wconf 80' lang='lat' dir='ltr'><strong>sermone</strong></span> <span class='ocrx_word' id='word_1_184' title='bbox 2369 1745 2546 1802; x_wconf 78' lang='lat' dir='ltr'><strong>debita</strong></span> <span class='ocrx_word' id='word_1_185' title='bbox 2561 1761 2776 1799; x_wconf 67' lang='lat' dir='ltr'><strong>coronae</strong></span> <span class='ocrx_word' id='word_1_186' title='bbox 2792 1755 2982 1798; x_wconf 75' lang='lat' dir='ltr'><strong>vestra}</strong></span> <span class='ocrx_word' id='word_1_187' title='bbox 2993 1739 3248 1809; x_wconf 77' lang='lat' dir='ltr'><strong>obsequia</strong></span> <span class='ocrx_word' id='word_1_188' title='bbox 3264 1735 3400 1790; x_wconf 81' lang='lat' dir='ltr'><strong>defCI</strong></span> <span class='ocrx_word' id='word_1_189' title='bbox 3412 1731 3684 1790; x_wconf 72' lang='lat' dir='ltr'><strong>0;ttes.ltis</strong></span> 
     </span>
    </p>
   </div>
   <div class='ocr_carea' id='block_1_30' title="bbox 2097 1815 3693 1910">
    <p class='ocr_par' dir='ltr' id='par_1_30' title="bbox 2097 1815 3693 1910">
     <span class='ocr_line' id='line_1_30' title="bbox 2097 1815 3693 1910; baseline -0.016 -18"><span class='ocrx_word' id='word_1_190' title='bbox 2097 1851 2424 1910; x_wconf 74' lang='lat' dir='ltr'><strong>qumsnmus,</strong></span> <span class='ocrx_word' id='word_1_191' title='bbox 2457 1843 2516 1890; x_wconf 92' lang='lat' dir='ltr'><strong>nt</strong></span> <span class='ocrx_word' id='word_1_192' title='bbox 2542 1831 2875 1901; x_wconf 76' lang='lat' dir='ltr'><strong>dignatione,</strong></span> <span class='ocrx_word' id='word_1_193' title='bbox 2902 1842 3003 1896; x_wconf 76' lang='lat' dir='ltr'><strong>qua</strong></span> <span class='ocrx_word' id='word_1_194' title='bbox 3032 1833 3280 1890; x_wconf 68' lang='lat' dir='ltr'><strong>caeteros,</strong></span> <span class='ocrx_word' id='word_1_195' title='bbox 3326 1819 3486 1875; x_wconf 87' lang='lat' dir='ltr'><strong>etiam</strong></span> <span class='ocrx_word' id='word_1_196' title='bbox 3513 1815 3693 1870; x_wconf 86' lang='lat' dir='ltr'><strong>humi-</strong></span> 
     </span>
    </p>
   </div>
   <div class='ocr_carea' id='block_1_31' title="bbox 393 1889 3694 1993">
    <p class='ocr_par' dir='ltr' id='par_1_31' title="bbox 393 1889 3694 1993">
     <span class='ocr_line' id='line_1_31' title="bbox 393 1889 3694 1993; baseline -0.014 -15"><span class='ocrx_word' id='word_1_197' title='bbox 393 1921 720 1993; x_wconf 80' lang='lat' dir='ltr'><strong>dinationes]</strong></span> <span class='ocrx_word' id='word_1_198' title='bbox 789 1920 889 1974; x_wconf 74' lang='lat' dir='ltr'><strong>sibi</strong></span> <span class='ocrx_word' id='word_1_199' title='bbox 938 1917 1206 1972; x_wconf 87' lang='lat' dir='ltr'><strong>indebitas</strong></span> <span class='ocrx_word' id='word_1_200' title='bbox 1250 1912 1587 1982; x_wconf 73' lang='lat' dir='ltr'><strong>usurpando,</strong></span> <span class='ocrx_word' id='word_1_201' title='bbox 1640 1909 1988 1963; x_wconf 86' lang='lat' dir='ltr'><strong>humilitatem</strong></span> <span class='ocrx_word' id='word_1_202' title='bbox 2023 1889 2070 1948; x_wconf 76' lang='grc' dir='ltr'><strong><em>Β</em></strong></span> <span class='ocrx_word' id='word_1_203' title='bbox 2100 1889 2570 1988; x_wconf 38' lang='grc' dir='ltr'><strong>ίῗῶὲὲηηοὲιωω</strong></span> <span class='ocrx_word' id='word_1_204' title='bbox 2601 1889 2655 1978; x_wconf 62' lang='grc' dir='ltr'><strong>ἷη</strong></span> <span class='ocrx_word' id='word_1_205' title='bbox 2699 1889 3034 1976; x_wconf 51' lang='grc' dir='ltr'><strong>υηηόηίωε</strong></span> <span class='ocrx_word' id='word_1_206' title='bbox 3059 1889 3338 1971; x_wconf 54' lang='grc' dir='ltr'><strong>νεείτίείη</strong></span> <span class='ocrx_word' id='word_1_207' title='bbox 3384 1917 3564 1966; x_wconf 58' lang='lat' dir='ltr'><strong>meum</strong></span> <span class='ocrx_word' id='word_1_208' title='bbox 3590 1907 3694 1962; x_wconf 56' lang='grc' dir='ltr'><strong>ιη,</strong></span> 
     </span>
    </p>
   </div>
   <div class='ocr_carea' id='block_1_32' title="bbox 394 2003 1992 2082">
    <p class='ocr_par' dir='ltr' id='par_1_32' title="bbox 394 2003 1992 2082">
     <span class='ocr_line' id='line_1_32' title="bbox 394 2003 1992 2082; baseline -0.014 -6"><span class='ocrx_word' id='word_1_209' title='bbox 394 2031 636 2076; x_wconf 85' lang='lat' dir='ltr'><strong>nostram</strong></span> <span class='ocrx_word' id='word_1_210' title='bbox 665 2018 729 2070; x_wconf 84' lang='lat' dir='ltr'><strong>ad</strong></span> <span class='ocrx_word' id='word_1_211' title='bbox 766 2017 866 2070; x_wconf 88' lang='lat' dir='ltr'><strong>hoc</strong></span> <span class='ocrx_word' id='word_1_212' title='bbox 898 2029 1066 2082; x_wconf 88' lang='lat' dir='ltr'><strong>usque</strong></span> <span class='ocrx_word' id='word_1_213' title='bbox 1095 2009 1387 2080; x_wconf 72' lang='lat' dir='ltr'><strong>perduxit,</strong></span> <span class='ocrx_word' id='word_1_214' title='bbox 1429 2015 1486 2060; x_wconf 89' lang='lat' dir='ltr'><strong>nt</strong></span> <span class='ocrx_word' id='word_1_215' title='bbox 1515 2016 1698 2060; x_wconf 76' lang='lat' dir='ltr'><strong>contra</strong></span> <span class='ocrx_word' id='word_1_216' title='bbox 1749 2003 1865 2071; x_wconf 77' lang='lat' dir='ltr'><strong>ljllS</strong></span> <span class='ocrx_word' id='word_1_217' title='bbox 1897 2016 1992 2054; x_wconf 85' lang='lat' dir='ltr'><strong>va-</strong></span> 
     </span>
    </p>
   </div>
   <div class='ocr_carea' id='block_1_33' title="bbox 394 2099 1993 2179">
    <p class='ocr_par' dir='ltr' id='par_1_33' title="bbox 394 2099 1993 2179">
     <span class='ocr_line' id='line_1_33' title="bbox 394 2099 1993 2179; baseline -0.014 -11"><span class='ocrx_word' id='word_1_218' title='bbox 394 2115 674 2168; x_wconf 88' lang='lat' dir='ltr'><strong>nissimam</strong></span> <span class='ocrx_word' id='word_1_219' title='bbox 706 2107 1140 2179; x_wconf 88' lang='lat' dir='ltr'><strong>superstitionem</strong></span> <span class='ocrx_word' id='word_1_220' title='bbox 1171 2102 1314 2157; x_wconf 87' lang='lat' dir='ltr'><strong>sedis</strong></span> <span class='ocrx_word' id='word_1_221' title='bbox 1340 2109 1534 2154; x_wconf 70' lang='lat' dir='ltr'><strong>vestrae</strong></span> <span class='ocrx_word' id='word_1_222' title='bbox 1567 2099 1779 2150; x_wconf 88' lang='lat' dir='ltr'><strong>uuicnut</strong></span> <span class='ocrx_word' id='word_1_223' title='bbox 1816 2109 1993 2148; x_wconf 85' lang='lat' dir='ltr'><strong>reme-</strong></span> 
     </span>
    </p>
   </div>
   <div class='ocr_carea' id='block_1_34' title="bbox 396 2193 1997 2272">
    <p class='ocr_par' dir='ltr' id='par_1_34' title="bbox 396 2193 1997 2272">
     <span class='ocr_line' id='line_1_34' title="bbox 396 2193 1997 2272; baseline -0.013 -13"><span class='ocrx_word' id='word_1_224' title='bbox 396 2207 544 2260; x_wconf 91' lang='lat' dir='ltr'><strong>dittm</strong></span> <span class='ocrx_word' id='word_1_225' title='bbox 578 2203 901 2272; x_wconf 85' lang='lat' dir='ltr'><strong>flagitemus.</strong></span> <span class='ocrx_word' id='word_1_226' title='bbox 955 2198 1049 2252; x_wconf 78' lang='lat' dir='ltr'><strong>[lic</strong></span> <span class='ocrx_word' id='word_1_227' title='bbox 1102 2211 1330 2271; x_wconf 85' lang='lat' dir='ltr'><strong>namque</strong></span> <span class='ocrx_word' id='word_1_228' title='bbox 1356 2193 1465 2260; x_wconf 89' lang='lat' dir='ltr'><strong>jam</strong></span> <span class='ocrx_word' id='word_1_229' title='bbox 1515 2202 1640 2244; x_wconf 85' lang='lat' dir='ltr'><strong>ante</strong></span> <span class='ocrx_word' id='word_1_230' title='bbox 1672 2200 1876 2246; x_wconf 83' lang='lat' dir='ltr'><strong>septem</strong></span> <span class='ocrx_word' id='word_1_231' title='bbox 1906 2194 1997 2239; x_wconf 82' lang='lat' dir='ltr'><strong>aut</strong></span> 
     </span>
    </p>
   </div>
   <div class='ocr_carea' id='block_1_35' title="bbox 398 2267 1998 2362">
    <p class='ocr_par' dir='ltr' id='par_1_35' title="bbox 398 2267 1998 2362">
     <span class='ocr_line' id='line_1_35' title="bbox 398 2267 1998 2362; baseline -0.016 -10"><span class='ocrx_word' id='word_1_232' title='bbox 398 2305 524 2351; x_wconf 90' lang='lat' dir='ltr'><strong>octo</strong></span> <span class='ocrx_word' id='word_1_233' title='bbox 553 2293 781 2362; x_wconf 90' lang='lat' dir='ltr'><strong>amplius</strong></span> <span class='ocrx_word' id='word_1_234' title='bbox 824 2302 1027 2350; x_wconf 87' lang='lat' dir='ltr'><strong>annos,</strong></span> <span class='ocrx_word' id='word_1_235' title='bbox 1063 2267 1391 2356; x_wconf 76' lang='lat' dir='ltr'><strong>postponens</strong></span> <span class='ocrx_word' id='word_1_236' title='bbox 1426 2283 1639 2334; x_wconf 82' lang='lat' dir='ltr'><strong>Patrum</strong></span> <span class='ocrx_word' id='word_1_237' title='bbox 1680 2278 1912 2346; x_wconf 82' lang='lat' dir='ltr'><strong>regulas,</strong></span> <span class='ocrx_word' id='word_1_238' title='bbox 1944 2284 1998 2328; x_wconf 87' lang='lat' dir='ltr'><strong>et</strong></span> 
     </span>
    </p>
   </div>
   <div class='ocr_carea' id='block_1_36' title="bbox 401 2369 2000 2449">
    <p class='ocr_par' dir='ltr' id='par_1_36' title="bbox 401 2369 2000 2449">
     <span class='ocr_line' id='line_1_36' title="bbox 401 2369 2000 2449; baseline -0.013 -9"><span class='ocrx_word' id='word_1_239' title='bbox 401 2397 576 2444; x_wconf 86' lang='lat' dir='ltr'><strong>vestra</strong></span> <span class='ocrx_word' id='word_1_240' title='bbox 624 2385 867 2441; x_wconf 89' lang='lat' dir='ltr'><strong>instituta</strong></span> <span class='ocrx_word' id='word_1_241' title='bbox 898 2381 1223 2449; x_wconf 86' lang='lat' dir='ltr'><strong>despiciens,</strong></span> <span class='ocrx_word' id='word_1_242' title='bbox 1259 2376 1417 2429; x_wconf 89' lang='lat' dir='ltr'><strong>nullis</strong></span> <span class='ocrx_word' id='word_1_243' title='bbox 1448 2389 1510 2442; x_wconf 91' lang='lat' dir='ltr'><strong>pc</strong></span> <span class='ocrx_word' id='word_1_244' title='bbox 1537 2374 1750 2428; x_wconf 75' lang='lat' dir='ltr'><strong>cotibus</strong></span> <span class='ocrx_word' id='word_1_245' title='bbox 1787 2369 1947 2439; x_wconf 85' lang='lat' dir='ltr'><strong>popnl</strong></span> <span class='ocrx_word' id='word_1_246' title='bbox 1972 2382 2000 2421; x_wconf 81' lang='lat' dir='ltr'><strong>s</strong></span> 
     </span>
    </p>
   </div>
   <div class='ocr_carea' id='block_1_37' title="bbox 398 2461 1998 2552">
    <p class='ocr_par' dir='ltr' id='par_1_37' title="bbox 398 2461 1998 2552">
     <span class='ocr_line' id='line_1_37' title="bbox 398 2461 1998 2552; baseline -0.014 -16"><span class='ocrx_word' id='word_1_247' title='bbox 398 2483 708 2552; x_wconf 80' lang='lat' dir='ltr'><strong>episcopum</strong></span> <span class='ocrx_word' id='word_1_248' title='bbox 757 2475 1032 2532; x_wconf 85' lang='lat' dir='ltr'><strong>ordinavit</strong></span> <span class='ocrx_word' id='word_1_249' title='bbox 1089 2489 1104 2524; x_wconf 91' lang='lat'><strong>:</strong></span> <span class='ocrx_word' id='word_1_250' title='bbox 1149 2472 1302 2541; x_wconf 84' lang='lat' dir='ltr'><strong>cujus</strong></span> <span class='ocrx_word' id='word_1_251' title='bbox 1348 2481 1747 2537; x_wconf 72' lang='lat' dir='ltr'><strong>prchropcrntn</strong></span> <span class='ocrx_word' id='word_1_252' title='bbox 1805 2461 1998 2515; x_wconf 75' lang='lat' dir='ltr'><strong>factum</strong></span> 
     </span>
    </p>
   </div>
   <div class='ocr_carea' id='block_1_38' title="bbox 400 2555 2002 2632">
    <p class='ocr_par' dir='ltr' id='par_1_38' title="bbox 400 2555 2002 2632">
     <span class='ocr_line' id='line_1_38' title="bbox 400 2555 2002 2632; baseline -0.014 -1"><span class='ocrx_word' id='word_1_253' title='bbox 400 2575 775 2632; x_wconf 67' lang='lat' dir='ltr'><strong>exi~timantes</strong></span> <span class='ocrx_word' id='word_1_254' title='bbox 824 2571 1059 2624; x_wconf 89' lang='lat' dir='ltr'><strong>fraterna</strong></span> <span class='ocrx_word' id='word_1_255' title='bbox 1109 2577 1162 2620; x_wconf 89' lang='lat' dir='ltr'><strong>et</strong></span> <span class='ocrx_word' id='word_1_256' title='bbox 1195 2563 1412 2632; x_wconf 79' lang='lat' dir='ltr'><strong>pacifica</strong></span> <span class='ocrx_word' id='word_1_257' title='bbox 1447 2575 1602 2628; x_wconf 79' lang='lat' dir='ltr'><strong>po-se</strong></span> <span class='ocrx_word' id='word_1_258' title='bbox 1634 2555 2002 2610; x_wconf 84' lang='lat' dir='ltr'><strong>admonitione</strong></span> 
     </span>
    </p>
   </div>
   <div class='ocr_carea' id='block_1_39' title="bbox 400 2658 2001 2736">
    <p class='ocr_par' dir='ltr' id='par_1_39' title="bbox 400 2658 2001 2736">
     <span class='ocr_line' id='line_1_39' title="bbox 400 2658 2001 2736; baseline -0.014 -12"><span class='ocrx_word' id='word_1_259' title='bbox 400 2667 605 2735; x_wconf 85' lang='lat' dir='ltr'><strong>sanari,</strong></span> <span class='ocrx_word' id='word_1_260' title='bbox 641 2663 868 2736; x_wconf 90' lang='lat' dir='ltr'><strong>profecit</strong></span> <span class='ocrx_word' id='word_1_261' title='bbox 900 2664 951 2716; x_wconf 91' lang='lat' dir='ltr'><strong>in</strong></span> <span class='ocrx_word' id='word_1_262' title='bbox 983 2661 1156 2731; x_wconf 87' lang='lat' dir='ltr'><strong>pejus.</strong></span> <span class='ocrx_word' id='word_1_263' title='bbox 1190 2658 1430 2724; x_wconf 82' lang='lat' dir='ltr'><strong>Denique</strong></span> <span class='ocrx_word' id='word_1_264' title='bbox 1459 2665 1648 2708; x_wconf 89' lang='lat' dir='ltr'><strong>contra</strong></span> <span class='ocrx_word' id='word_1_265' title='bbox 1679 2658 2001 2704; x_wconf 82' lang='lat' dir='ltr'><strong>vetustatem</strong></span> 
     </span>
    </p>
   </div>
   <div class='ocr_carea' id='block_1_40' title="bbox 401 2741 2004 2823">
    <p class='ocr_par' dir='ltr' id='par_1_40' title="bbox 401 2741 2004 2823">
     <span class='ocr_line' id='line_1_40' title="bbox 401 2741 2004 2823; baseline -0.013 -8"><span class='ocrx_word' id='word_1_266' title='bbox 401 2775 672 2815; x_wconf 85' lang='lat' dir='ltr'><strong>canonum</strong></span> <span class='ocrx_word' id='word_1_267' title='bbox 699 2800 712 2821; x_wconf 93' lang='lat'><strong>,</strong></span> <span class='ocrx_word' id='word_1_268' title='bbox 763 2765 948 2810; x_wconf 86' lang='lat' dir='ltr'><strong>eontra</strong></span> <span class='ocrx_word' id='word_1_269' title='bbox 981 2751 1171 2823; x_wconf 86' lang='lat' dir='ltr'><strong>synodi</strong></span> <span class='ocrx_word' id='word_1_270' title='bbox 1218 2749 1529 2810; x_wconf 72' lang='lat' dir='ltr'><strong>constituta,</strong></span> <span class='ocrx_word' id='word_1_271' title='bbox 1563 2744 1786 2799; x_wconf 52' lang='lat' dir='ltr'><strong>alverins</strong></span> <span class='ocrx_word' id='word_1_272' title='bbox 1826 2741 2004 2794; x_wconf 74' lang='lat' dir='ltr'><strong>fratris</strong></span> 
     </span>
    </p>
   </div>
   <div class='ocr_carea' id='block_1_41' title="bbox 401 2837 2006 2922">
    <p class='ocr_par' dir='ltr' id='par_1_41' title="bbox 401 2837 2006 2922">
     <span class='ocr_line' id='line_1_41' title="bbox 401 2837 2006 2922; baseline -0.016 -11"><span class='ocrx_word' id='word_1_273' title='bbox 401 2854 572 2911; x_wconf 88' lang='lat' dir='ltr'><strong>nostri</strong></span> <span class='ocrx_word' id='word_1_274' title='bbox 597 2851 989 2922; x_wconf 86' lang='lat' dir='ltr'><strong>presbyterum,</strong></span> <span class='ocrx_word' id='word_1_275' title='bbox 1013 2846 1203 2915; x_wconf 87' lang='lat' dir='ltr'><strong>spiritu</strong></span> <span class='ocrx_word' id='word_1_276' title='bbox 1228 2852 1433 2896; x_wconf 88' lang='lat' dir='ltr'><strong>tantum</strong></span> <span class='ocrx_word' id='word_1_277' title='bbox 1459 2837 1888 2908; x_wconf 71' lang='lat' dir='ltr'><strong>prtcsiituptiouis</strong></span> <span class='ocrx_word' id='word_1_278' title='bbox 1917 2848 2006 2887; x_wconf 84' lang='lat' dir='ltr'><strong>ac-</strong></span> 
     </span>
    </p>
   </div>
   <div class='ocr_carea' id='block_1_42' title="bbox 403 2925 2006 3008">
    <p class='ocr_par' dir='ltr' id='par_1_42' title="bbox 403 2925 2006 3008">
     <span class='ocr_line' id='line_1_42' title="bbox 403 2925 2006 3008; baseline -0.014 -8"><span class='ocrx_word' id='word_1_279' title='bbox 403 2959 603 3002; x_wconf 84' lang='lat' dir='ltr'><strong>census</strong></span> <span class='ocrx_word' id='word_1_280' title='bbox 626 2984 640 3008; x_wconf 95' lang='lat'><strong>,</strong></span> <span class='ocrx_word' id='word_1_281' title='bbox 674 2942 725 2996; x_wconf 91' lang='lat' dir='ltr'><strong>in</strong></span> <span class='ocrx_word' id='word_1_282' title='bbox 757 2941 945 2995; x_wconf 87' lang='lat' dir='ltr'><strong>eodem</strong></span> <span class='ocrx_word' id='word_1_283' title='bbox 979 2939 1117 3001; x_wconf 89' lang='lat' dir='ltr'><strong>loco,</strong></span> <span class='ocrx_word' id='word_1_284' title='bbox 1149 2936 1238 3005; x_wconf 89' lang='lat' dir='ltr'><strong>qui</strong></span> <span class='ocrx_word' id='word_1_285' title='bbox 1271 2935 1342 2987; x_wconf 88' lang='lat' dir='ltr'><strong>illi</strong></span> <span class='ocrx_word' id='word_1_286' title='bbox 1377 2933 1550 2986; x_wconf 81' lang='lat' dir='ltr'><strong>fuerat</strong></span> <span class='ocrx_word' id='word_1_287' title='bbox 1577 2930 1892 2990; x_wconf 81' lang='lat' dir='ltr'><strong>destinatus,</strong></span> <span class='ocrx_word' id='word_1_288' title='bbox 1921 2925 2006 2979; x_wconf 88' lang='lat' dir='ltr'><strong>cui</strong></span> 
     </span>
    </p>
   </div>
   <div class='ocr_carea' id='block_1_43' title="bbox 404 3019 2007 3100">
    <p class='ocr_par' dir='ltr' id='par_1_43' title="bbox 404 3019 2007 3100">
     <span class='ocr_line' id='line_1_43' title="bbox 404 3019 2007 3100; baseline -0.014 -8"><span class='ocrx_word' id='word_1_289' title='bbox 404 3036 575 3091; x_wconf 88' lang='lat' dir='ltr'><strong>invito</strong></span> <span class='ocrx_word' id='word_1_290' title='bbox 601 3043 656 3090; x_wconf 90' lang='lat' dir='ltr'><strong>et</strong></span> <span class='ocrx_word' id='word_1_291' title='bbox 685 3029 1002 3100; x_wconf 81' lang='lat' dir='ltr'><strong>repugnanti</strong></span> <span class='ocrx_word' id='word_1_292' title='bbox 1034 3029 1366 3096; x_wconf 88' lang='lat' dir='ltr'><strong>imposuerat</strong></span> <span class='ocrx_word' id='word_1_293' title='bbox 1395 3037 1605 3083; x_wconf 78' lang='lat' dir='ltr'><strong>manus,</strong></span> <span class='ocrx_word' id='word_1_294' title='bbox 1631 3030 1684 3074; x_wconf 90' lang='lat' dir='ltr'><strong>et</strong></span> <span class='ocrx_word' id='word_1_295' title='bbox 1709 3019 1799 3088; x_wconf 90' lang='lat' dir='ltr'><strong>qui</strong></span> <span class='ocrx_word' id='word_1_296' title='bbox 1823 3027 2007 3071; x_wconf 88' lang='lat' dir='ltr'><strong>nostro</strong></span> 
     </span>
    </p>
   </div>
   <div class='ocr_carea' id='block_1_44' title="bbox 407 3109 2012 3201">
    <p class='ocr_par' dir='ltr' id='par_1_44' title="bbox 407 3109 2012 3201">
     <span class='ocr_line' id='line_1_44' title="bbox 407 3109 2012 3201; baseline -0.014 -17"><span class='ocrx_word' id='word_1_297' title='bbox 407 3130 517 3201; x_wconf 83' lang='lat' dir='ltr'><strong>jam</strong></span> <span class='ocrx_word' id='word_1_298' title='bbox 557 3123 720 3182; x_wconf 72' lang='grc' dir='ltr'><strong>οωιυί</strong></span> <span class='ocrx_word' id='word_1_299' title='bbox 766 3122 944 3178; x_wconf 82' lang='lat' dir='ltr'><strong>fuerat</strong></span> <span class='ocrx_word' id='word_1_300' title='bbox 992 3127 1310 3189; x_wconf 86' lang='lat' dir='ltr'><strong>aggregatns</strong></span> <span class='ocrx_word' id='word_1_301' title='bbox 1340 3117 1653 3182; x_wconf 74' lang='lat' dir='ltr'><strong>episcopum</strong></span> <span class='ocrx_word' id='word_1_302' title='bbox 1691 3112 1830 3166; x_wconf 88' lang='lat' dir='ltr'><strong>fecit.</strong></span> <span class='ocrx_word' id='word_1_303' title='bbox 1875 3109 2012 3163; x_wconf 82' lang='lat' dir='ltr'><strong>Hine</strong></span> 
     </span>
    </p>
   </div>
   <div class='ocr_carea' id='block_1_45' title="bbox 406 3202 2009 3287">
    <p class='ocr_par' dir='ltr' id='par_1_45' title="bbox 406 3202 2009 3287">
     <span class='ocr_line' id='line_1_45' title="bbox 406 3202 2009 3287; baseline -0.016 -9"><span class='ocrx_word' id='word_1_304' title='bbox 406 3224 607 3279; x_wconf 86' lang='lat' dir='ltr'><strong>factum</strong></span> <span class='ocrx_word' id='word_1_305' title='bbox 636 3227 748 3287; x_wconf 67' lang='lat' dir='ltr'><strong>est,</strong></span> <span class='ocrx_word' id='word_1_306' title='bbox 791 3227 849 3270; x_wconf 90' lang='lat' dir='ltr'><strong>ut</strong></span> <span class='ocrx_word' id='word_1_307' title='bbox 877 3215 944 3268; x_wconf 88' lang='lat' dir='ltr'><strong>de</strong></span> <span class='ocrx_word' id='word_1_308' title='bbox 973 3213 1089 3282; x_wconf 88' lang='lat' dir='ltr'><strong>ejus</strong></span> <span class='ocrx_word' id='word_1_309' title='bbox 1128 3209 1425 3264; x_wconf 90' lang='lat' dir='ltr'><strong>miserrima</strong></span> <span class='ocrx_word' id='word_1_310' title='bbox 1459 3205 1758 3259; x_wconf 79' lang='lat' dir='ltr'><strong>temeritate</strong></span> <span class='ocrx_word' id='word_1_311' title='bbox 1802 3202 1868 3254; x_wconf 90' lang='lat' dir='ltr'><strong>ad</strong></span> <span class='ocrx_word' id='word_1_312' title='bbox 1911 3213 2009 3253; x_wconf 90' lang='lat' dir='ltr'><strong>nos</strong></span> 
     </span>
    </p>
   </div>
   <div class='ocr_carea' id='block_1_46' title="bbox 407 3293 2006 3379">
    <p class='ocr_par' dir='ltr' id='par_1_46' title="bbox 407 3293 2006 3379">
     <span class='ocr_line' id='line_1_46' title="bbox 407 3293 2006 3379; baseline -0.016 -9"><span class='ocrx_word' id='word_1_313' title='bbox 407 3315 902 3379; x_wconf 67' lang='lat' dir='ltr'><strong>Caesarattgustante</strong></span> <span class='ocrx_word' id='word_1_314' title='bbox 917 3303 1064 3358; x_wconf 90' lang='lat' dir='ltr'><strong>urbis</strong></span> <span class='ocrx_word' id='word_1_315' title='bbox 1082 3301 1365 3370; x_wconf 83' lang='lat' dir='ltr'><strong>episcopus</strong></span> <span class='ocrx_word' id='word_1_316' title='bbox 1386 3299 1546 3352; x_wconf 78' lang='lat' dir='ltr'><strong>frater</strong></span> <span class='ocrx_word' id='word_1_317' title='bbox 1562 3306 1743 3350; x_wconf 89' lang='lat' dir='ltr'><strong>noster</strong></span> <span class='ocrx_word' id='word_1_318' title='bbox 1761 3293 2006 3356; x_wconf 78' lang='lat' dir='ltr'><strong>referret,</strong></span> 
     </span>
    </p>
   </div>
   <div class='ocr_carea' id='block_1_47' title="bbox 408 3389 2012 3476">
    <p class='ocr_par' dir='ltr' id='par_1_47' title="bbox 408 3389 2012 3476">
     <span class='ocr_line' id='line_1_47' title="bbox 408 3389 2012 3476; baseline -0.014 -17"><span class='ocrx_word' id='word_1_319' title='bbox 408 3406 562 3476; x_wconf 84' lang='lat' dir='ltr'><strong>cujus</strong></span> <span class='ocrx_word' id='word_1_320' title='bbox 594 3399 866 3472; x_wconf 73' lang='lat' dir='ltr'><strong>diligentia</strong></span> <span class='ocrx_word' id='word_1_321' title='bbox 898 3407 951 3452; x_wconf 89' lang='lat' dir='ltr'><strong>et</strong></span> <span class='ocrx_word' id='word_1_322' title='bbox 977 3393 1282 3452; x_wconf 84' lang='lat' dir='ltr'><strong>sollicitudo</strong></span> <span class='ocrx_word' id='word_1_323' title='bbox 1324 3389 1610 3446; x_wconf 88' lang='lat' dir='ltr'><strong>admodum</strong></span> <span class='ocrx_word' id='word_1_324' title='bbox 1641 3392 2012 3458; x_wconf 79' lang='lat' dir='ltr'><strong>prospexerat,</strong></span> 
     </span>
    </p>
   </div>
   <div class='ocr_carea' id='block_1_48' title="bbox 409 3476 2012 3563">
    <p class='ocr_par' dir='ltr' id='par_1_48' title="bbox 409 3476 2012 3563">
     <span class='ocr_line' id='line_1_48' title="bbox 409 3476 2012 3563; baseline -0.015 -11"><span class='ocrx_word' id='word_1_325' title='bbox 409 3500 454 3553; x_wconf 78' lang='lat' dir='ltr'><strong>si</strong></span> <span class='ocrx_word' id='word_1_326' title='bbox 487 3499 538 3550; x_wconf 89' lang='lat' dir='ltr'><strong>in</strong></span> <span class='ocrx_word' id='word_1_327' title='bbox 583 3495 761 3563; x_wconf 88' lang='lat' dir='ltr'><strong>aliquo</strong></span> <span class='ocrx_word' id='word_1_328' title='bbox 805 3489 1117 3563; x_wconf 83' lang='lat' dir='ltr'><strong>profuisset.</strong></span> <span class='ocrx_word' id='word_1_329' title='bbox 1160 3484 1433 3556; x_wconf 88' lang='lat' dir='ltr'><strong>Siquidem</strong></span> <span class='ocrx_word' id='word_1_330' title='bbox 1481 3481 1689 3536; x_wconf 91' lang='lat' dir='ltr'><strong>cunctis</strong></span> <span class='ocrx_word' id='word_1_331' title='bbox 1719 3479 1775 3534; x_wconf 90' lang='lat' dir='ltr'><strong>in</strong></span> <span class='ocrx_word' id='word_1_332' title='bbox 1818 3476 2012 3531; x_wconf 81' lang='lat' dir='ltr'><strong>vicinia</strong></span> 
     </span>
    </p>
   </div>
   <div class='ocr_carea' id='block_1_49' title="bbox 410 3569 2013 3660">
    <p class='ocr_par' dir='ltr' id='par_1_49' title="bbox 410 3569 2013 3660">
     <span class='ocr_line' id='line_1_49' title="bbox 410 3569 2013 3660; baseline -0.012 -18"><span class='ocrx_word' id='word_1_333' title='bbox 410 3587 599 3660; x_wconf 86' lang='lat' dir='ltr'><strong>positis</strong></span> <span class='ocrx_word' id='word_1_334' title='bbox 627 3584 912 3654; x_wconf 88' lang='lat' dir='ltr'><strong>episcopis,</strong></span> <span class='ocrx_word' id='word_1_335' title='bbox 935 3597 1003 3636; x_wconf 89' lang='lat' dir='ltr'><strong>ne</strong></span> <span class='ocrx_word' id='word_1_336' title='bbox 1027 3595 1086 3638; x_wconf 86' lang='lat' dir='ltr'><strong>se</strong></span> <span class='ocrx_word' id='word_1_337' title='bbox 1112 3576 1454 3634; x_wconf 81' lang='lat' dir='ltr'><strong>schismatico</strong></span> <span class='ocrx_word' id='word_1_338' title='bbox 1483 3573 1855 3643; x_wconf 82' lang='lat' dir='ltr'><strong>adjnngerent,</strong></span> <span class='ocrx_word' id='word_1_339' title='bbox 1902 3569 2013 3624; x_wconf 88' lang='lat' dir='ltr'><strong>fre-</strong></span> 
     </span>
    </p>
   </div>
   <div class='ocr_carea' id='block_1_50' title="bbox 411 3661 2014 3749">
    <p class='ocr_par' dir='ltr' id='par_1_50' title="bbox 411 3661 2014 3749">
     <span class='ocr_line' id='line_1_50' title="bbox 411 3661 2014 3749; baseline -0.011 -16"><span class='ocrx_word' id='word_1_340' title='bbox 411 3679 763 3749; x_wconf 82' lang='lat' dir='ltr'><strong>quentissime</strong></span> <span class='ocrx_word' id='word_1_341' title='bbox 806 3672 1127 3729; x_wconf 73' lang='lat' dir='ltr'><strong>contradixit</strong></span> <span class='ocrx_word' id='word_1_342' title='bbox 1159 3688 1172 3724; x_wconf 89' lang='lat'><strong>:</strong></span> <span class='ocrx_word' id='word_1_343' title='bbox 1211 3669 1304 3723; x_wconf 84' lang='lat' dir='ltr'><strong>sed</strong></span> <span class='ocrx_word' id='word_1_344' title='bbox 1336 3666 1698 3721; x_wconf 80' lang='lat' dir='ltr'><strong>obstinatione</strong></span> <span class='ocrx_word' id='word_1_345' title='bbox 1725 3661 2014 3717; x_wconf 85' lang='lat' dir='ltr'><strong>damnabili</strong></span> 
     </span>
    </p>
   </div>
   <div class='ocr_carea' id='block_1_51' title="bbox 414 3758 2017 3840">
    <p class='ocr_par' dir='ltr' id='par_1_51' title="bbox 414 3758 2017 3840">
     <span class='ocr_line' id='line_1_51' title="bbox 414 3758 2017 3840; baseline -0.008 -19"><span class='ocrx_word' id='word_1_346' title='bbox 414 3779 606 3835; x_wconf 49' lang='lat' dir='ltr'><strong>tutum,</strong></span> <span class='ocrx_word' id='word_1_347' title='bbox 652 3768 792 3840; x_wconf 88' lang='lat' dir='ltr'><strong>quod</strong></span> <span class='ocrx_word' id='word_1_348' title='bbox 836 3774 952 3822; x_wconf 87' lang='lat' dir='ltr'><strong>erat</strong></span> <span class='ocrx_word' id='word_1_349' title='bbox 986 3766 1246 3824; x_wconf 86' lang='lat' dir='ltr'><strong>illicitum,</strong></span> <span class='ocrx_word' id='word_1_350' title='bbox 1290 3776 1338 3814; x_wconf 91' lang='lat' dir='ltr'><strong>et</strong></span> <span class='ocrx_word' id='word_1_351' title='bbox 1377 3759 1516 3829; x_wconf 88' lang='lat' dir='ltr'><strong>qttnd</strong></span> <span class='ocrx_word' id='word_1_352' title='bbox 1549 3758 1701 3812; x_wconf 86' lang='lat' dir='ltr'><strong>nobis</strong></span> <span class='ocrx_word' id='word_1_353' title='bbox 1734 3758 1905 3828; x_wconf 87' lang='lat' dir='ltr'><strong>pudor</strong></span> <span class='ocrx_word' id='word_1_354' title='bbox 1934 3763 2017 3811; x_wconf 84' lang='lat' dir='ltr'><strong>est</strong></span> 
     </span>
    </p>
   </div>
   <div class='ocr_carea' id='block_1_52' title="bbox 415 3853 1710 3929">
    <p class='ocr_par' dir='ltr' id='par_1_52' title="bbox 415 3853 1710 3929">
     <span class='ocr_line' id='line_1_52' title="bbox 415 3853 1710 3929; baseline -0.011 -8"><span class='ocrx_word' id='word_1_355' title='bbox 415 3867 596 3921; x_wconf 84' lang='lat' dir='ltr'><strong>dicere</strong></span> <span class='ocrx_word' id='word_1_356' title='bbox 621 3905 637 3929; x_wconf 94' lang='lat'><strong>,</strong></span> <span class='ocrx_word' id='word_1_357' title='bbox 678 3879 788 3917; x_wconf 90' lang='lat' dir='ltr'><strong>non</strong></span> <span class='ocrx_word' id='word_1_358' title='bbox 815 3859 984 3917; x_wconf 90' lang='lat' dir='ltr'><strong>ernbu</strong></span> <span class='ocrx_word' id='word_1_359' title='bbox 1011 3858 1202 3912; x_wconf 89' lang='lat' dir='ltr'><strong>tsolns</strong></span> <span class='ocrx_word' id='word_1_360' title='bbox 1232 3855 1322 3910; x_wconf 77' lang='lat' dir='ltr'><strong>ille</strong></span> <span class='ocrx_word' id='word_1_361' title='bbox 1351 3853 1710 3908; x_wconf 83' lang='lat' dir='ltr'><strong>committere.</strong></span> 
     </span>
    </p>
   </div>
   <div class='ocr_carea' id='block_1_53' title="bbox 493 3963 2013 4044">
    <p class='ocr_par' dir='ltr' id='par_1_53' title="bbox 493 3963 2013 4044">
     <span class='ocr_line' id='line_1_53' title="bbox 493 3963 2013 4044; baseline -0.012 -13"><span class='ocrx_word' id='word_1_362' title='bbox 493 3976 727 4031; x_wconf 86' lang='lat' dir='ltr'><strong>Proinde</strong></span> <span class='ocrx_word' id='word_1_363' title='bbox 763 3973 887 4044; x_wconf 86' lang='lat' dir='ltr'><strong>quia</strong></span> <span class='ocrx_word' id='word_1_364' title='bbox 921 3973 1003 4025; x_wconf 88' lang='lat' dir='ltr'><strong>bis</strong></span> <span class='ocrx_word' id='word_1_365' title='bbox 1033 3966 1575 4041; x_wconf 73' lang='lat' dir='ltr'><strong>prtesumptionibus,</strong></span> <span class='ocrx_word' id='word_1_366' title='bbox 1607 3978 1727 4034; x_wconf 59' lang='lat' dir='ltr'><strong>quae</strong></span> <span class='ocrx_word' id='word_1_367' title='bbox 1754 3963 2013 4016; x_wconf 83' lang='lat' dir='ltr'><strong>unitatem</strong></span> 
     </span>
    </p>
   </div>
   <div class='ocr_carea' id='block_1_54' title="bbox 417 4055 2019 4137">
    <p class='ocr_par' dir='ltr' id='par_1_54' title="bbox 417 4055 2019 4137">
     <span class='ocr_line' id='line_1_54' title="bbox 417 4055 2019 4137; baseline -0.012 -13"><span class='ocrx_word' id='word_1_368' title='bbox 417 4069 684 4134; x_wconf 83' lang='lat' dir='ltr'><strong>dividunt,</strong></span> <span class='ocrx_word' id='word_1_369' title='bbox 715 4081 834 4137; x_wconf 77' lang='lat' dir='ltr'><strong>qua:</strong></span> <span class='ocrx_word' id='word_1_370' title='bbox 879 4064 1114 4120; x_wconf 74' lang='lat' dir='ltr'><strong>sehisma</strong></span> <span class='ocrx_word' id='word_1_371' title='bbox 1160 4061 1361 4116; x_wconf 68' lang='lat' dir='ltr'><strong>faciunt</strong></span> <span class='ocrx_word' id='word_1_372' title='bbox 1391 4100 1404 4124; x_wconf 91' lang='lat'><strong>,</strong></span> <span class='ocrx_word' id='word_1_373' title='bbox 1455 4059 1624 4113; x_wconf 88' lang='lat' dir='ltr'><strong>veloci</strong></span> <span class='ocrx_word' id='word_1_374' title='bbox 1653 4073 1711 4108; x_wconf 88' lang='lat' dir='ltr'><strong>er</strong></span> <span class='ocrx_word' id='word_1_375' title='bbox 1741 4055 1898 4108; x_wconf 89' lang='lat' dir='ltr'><strong>debet</strong></span> <span class='ocrx_word' id='word_1_376' title='bbox 1927 4066 2019 4105; x_wconf 87' lang='lat' dir='ltr'><strong>oc-</strong></span> 
     </span>
    </p>
   </div>
   <div class='ocr_carea' id='block_1_55' title="bbox 419 4144 2018 4234">
    <p class='ocr_par' dir='ltr' id='par_1_55' title="bbox 419 4144 2018 4234">
     <span class='ocr_line' id='line_1_55' title="bbox 419 4144 2018 4234; baseline -0.014 -15"><span class='ocrx_word' id='word_1_377' title='bbox 419 4163 562 4219; x_wconf 90' lang='lat' dir='ltr'><strong>curri</strong></span> <span class='ocrx_word' id='word_1_378' title='bbox 591 4181 604 4217; x_wconf 94' lang='lat'>:</span> <span class='ocrx_word' id='word_1_379' title='bbox 632 4172 940 4234; x_wconf 82' lang='lat' dir='ltr'><strong>quaesumus</strong></span> <span class='ocrx_word' id='word_1_380' title='bbox 969 4156 1152 4212; x_wconf 86' lang='lat' dir='ltr'><strong>sedem</strong></span> <span class='ocrx_word' id='word_1_381' title='bbox 1183 4166 1446 4216; x_wconf 82' lang='lat' dir='ltr'><strong>vestram,</strong></span> <span class='ocrx_word' id='word_1_382' title='bbox 1482 4161 1538 4203; x_wconf 89' lang='lat' dir='ltr'><strong>ut</strong></span> <span class='ocrx_word' id='word_1_383' title='bbox 1567 4147 1695 4217; x_wconf 88' lang='lat' dir='ltr'><strong>quid</strong></span> <span class='ocrx_word' id='word_1_384' title='bbox 1724 4160 1887 4212; x_wconf 81' lang='lat' dir='ltr'><strong>super</strong></span> <span class='ocrx_word' id='word_1_385' title='bbox 1919 4144 2018 4197; x_wconf 90' lang='lat' dir='ltr'><strong>hac</strong></span> 
     </span>
    </p>
   </div>
   <div class='ocr_carea' id='block_1_56' title="bbox 420 4237 2015 4325">
    <p class='ocr_par' dir='ltr' id='par_1_56' title="bbox 420 4237 2015 4325">
     <span class='ocr_line' id='line_1_56' title="bbox 420 4237 2015 4325; baseline -0.016 -14"><span class='ocrx_word' id='word_1_386' title='bbox 420 4265 572 4325; x_wconf 86' lang='lat' dir='ltr'><strong>parte</strong></span> <span class='ocrx_word' id='word_1_387' title='bbox 600 4254 890 4310; x_wconf 83' lang='lat' dir='ltr'><strong>observare</strong></span> <span class='ocrx_word' id='word_1_388' title='bbox 916 4249 1126 4312; x_wconf 86' lang='lat' dir='ltr'><strong>velitis,</strong></span> <span class='ocrx_word' id='word_1_389' title='bbox 1159 4242 1469 4314; x_wconf 82' lang='lat' dir='ltr'><strong>apostolicis</strong></span> <span class='ocrx_word' id='word_1_390' title='bbox 1499 4238 1744 4293; x_wconf 85' lang='lat' dir='ltr'><strong>affatibus</strong></span> <span class='ocrx_word' id='word_1_391' title='bbox 1781 4237 2015 4288; x_wconf 57' lang='lat' dir='ltr'><strong>instrua-</strong></span> 
     </span>
    </p>
   </div>
   <div class='ocr_carea' id='block_1_57' title="bbox 421 4329 2020 4417">
    <p class='ocr_par' dir='ltr' id='par_1_57' title="bbox 421 4329 2020 4417">
     <span class='ocr_line' id='line_1_57' title="bbox 421 4329 2020 4417; baseline -0.016 -13"><span class='ocrx_word' id='word_1_392' title='bbox 421 4365 543 4404; x_wconf 84' lang='lat' dir='ltr'><strong>ntur</strong></span> <span class='ocrx_word' id='word_1_393' title='bbox 580 4366 592 4403; x_wconf 90' lang='lat'><strong>:</strong></span> <span class='ocrx_word' id='word_1_394' title='bbox 633 4357 898 4417; x_wconf 86' lang='lat' dir='ltr'><strong>quatenus</strong></span> <span class='ocrx_word' id='word_1_395' title='bbox 925 4340 1259 4396; x_wconf 78' lang='lat' dir='ltr'><strong>fraternitate</strong></span> <span class='ocrx_word' id='word_1_396' title='bbox 1289 4335 1540 4399; x_wconf 84' lang='lat' dir='ltr'><strong>collecta,</strong></span> <span class='ocrx_word' id='word_1_397' title='bbox 1580 4329 1800 4397; x_wconf 82' lang='lat' dir='ltr'><strong>prolatis</strong></span> <span class='ocrx_word' id='word_1_398' title='bbox 1830 4330 1879 4382; x_wconf 89' lang='lat' dir='ltr'><strong>in</strong></span> <span class='ocrx_word' id='word_1_399' title='bbox 1909 4342 2020 4380; x_wconf 85' lang='lat' dir='ltr'><strong>rue-</strong></span> 
     </span>
    </p>
   </div>
   <div class='ocr_carea' id='block_1_58' title="bbox 421 4417 2020 4504">
    <p class='ocr_par' dir='ltr' id='par_1_58' title="bbox 421 4417 2020 4504">
     <span class='ocr_line' id='line_1_58' title="bbox 421 4417 2020 4504; baseline -0.014 -10"><span class='ocrx_word' id='word_1_400' title='bbox 421 4442 569 4495; x_wconf 90' lang='lat' dir='ltr'><strong>dium</strong></span> <span class='ocrx_word' id='word_1_401' title='bbox 593 4436 909 4493; x_wconf 64' lang='lat' dir='ltr'><strong>venerande</strong></span> <span class='ocrx_word' id='word_1_402' title='bbox 936 4431 1124 4504; x_wconf 81' lang='lat' dir='ltr'><strong>synodi</strong></span> <span class='ocrx_word' id='word_1_403' title='bbox 1151 4426 1477 4487; x_wconf 60' lang='lat' dir='ltr'><strong>constitutis,</strong></span> <span class='ocrx_word' id='word_1_404' title='bbox 1501 4432 1684 4478; x_wconf 82' lang='lat' dir='ltr'><strong>contra</strong></span> <span class='ocrx_word' id='word_1_405' title='bbox 1712 4417 2020 4474; x_wconf 80' lang='lat' dir='ltr'><strong>rebellionis</strong></span> 
     </span>
    </p>
   </div>
   <div class='ocr_carea' id='block_1_59' title="bbox 423 4513 2022 4603">
    <p class='ocr_par' dir='ltr' id='par_1_59' title="bbox 423 4513 2022 4603">
     <span class='ocr_line' id='line_1_59' title="bbox 423 4513 2022 4603; baseline -0.016 -15"><span class='ocrx_word' id='word_1_406' title='bbox 423 4533 670 4603; x_wconf 82' lang='lat' dir='ltr'><strong>spiritum</strong></span> <span class='ocrx_word' id='word_1_407' title='bbox 717 4538 896 4583; x_wconf 87' lang='lat' dir='ltr'><strong>vestra</strong></span> <span class='ocrx_word' id='word_1_408' title='bbox 941 4523 1266 4580; x_wconf 73' lang='lat' dir='ltr'><strong>auctoritate</strong></span> <span class='ocrx_word' id='word_1_409' title='bbox 1314 4517 1564 4582; x_wconf 73' lang='lat' dir='ltr'><strong>subnixi,</strong></span> <span class='ocrx_word' id='word_1_410' title='bbox 1617 4513 1741 4582; x_wconf 83' lang='lat' dir='ltr'><strong>quid</strong></span> <span class='ocrx_word' id='word_1_411' title='bbox 1776 4517 2022 4578; x_wconf 86' lang='lat' dir='ltr'><strong>oporteat</strong></span> 
     </span>
    </p>
   </div>
   <div class='ocr_carea' id='block_1_60' title="bbox 426 4603 2022 4680">
    <p class='ocr_par' dir='ltr' id='par_1_60' title="bbox 426 4603 2022 4680">
     <span class='ocr_line' id='line_1_60' title="bbox 426 4603 2022 4680; baseline -0.017 1"><span class='ocrx_word' id='word_1_412' title='bbox 426 4626 492 4680; x_wconf 88' lang='lat' dir='ltr'><strong>de</strong></span> <span class='ocrx_word' id='word_1_413' title='bbox 519 4622 829 4679; x_wconf 86' lang='lat' dir='ltr'><strong>ordinatore</strong></span> <span class='ocrx_word' id='word_1_414' title='bbox 857 4627 910 4674; x_wconf 89' lang='lat' dir='ltr'><strong>et</strong></span> <span class='ocrx_word' id='word_1_415' title='bbox 955 4617 1022 4672; x_wconf 89' lang='lat' dir='ltr'><strong>de</strong></span> <span class='ocrx_word' id='word_1_416' title='bbox 1049 4617 1300 4670; x_wconf 87' lang='lat' dir='ltr'><strong>ordinato</strong></span> <span class='ocrx_word' id='word_1_417' title='bbox 1351 4609 1465 4665; x_wconf 83' lang='lat' dir='ltr'><strong>fieri</strong></span> <span class='ocrx_word' id='word_1_418' title='bbox 1494 4650 1509 4675; x_wconf 92' lang='lat'><strong>,</strong></span> <span class='ocrx_word' id='word_1_419' title='bbox 1552 4606 1790 4674; x_wconf 77' lang='lat' dir='ltr'><strong>intelligo</strong></span> <span class='ocrx_word' id='word_1_420' title='bbox 1821 4618 1874 4668; x_wconf 88' lang='lat' dir='ltr'><strong>e,</strong></span> <span class='ocrx_word' id='word_1_421' title='bbox 1911 4603 2022 4655; x_wconf 83' lang='lat' dir='ltr'><strong>Deo</strong></span> 
     </span>
    </p>
   </div>
   <div class='ocr_carea' id='block_1_61' title="bbox 427 4696 2020 4785">
    <p class='ocr_par' dir='ltr' id='par_1_61' title="bbox 427 4696 2020 4785">
     <span class='ocr_line' id='line_1_61' title="bbox 427 4696 2020 4785; baseline -0.016 -15"><span class='ocrx_word' id='word_1_422' title='bbox 427 4717 732 4785; x_wconf 86' lang='lat' dir='ltr'><strong>adjuvante,</strong></span> <span class='ocrx_word' id='word_1_423' title='bbox 751 4710 1047 4781; x_wconf 86' lang='lat' dir='ltr'><strong>possimus.</strong></span> <span class='ocrx_word' id='word_1_424' title='bbox 1078 4706 1187 4760; x_wconf 86' lang='lat' dir='ltr'><strong>Erit</strong></span> <span class='ocrx_word' id='word_1_425' title='bbox 1215 4705 1458 4776; x_wconf 85' lang='lat' dir='ltr'><strong>profecto</strong></span> <span class='ocrx_word' id='word_1_426' title='bbox 1487 4711 1667 4755; x_wconf 83' lang='lat' dir='ltr'><strong>vester</strong></span> <span class='ocrx_word' id='word_1_427' title='bbox 1698 4696 2020 4763; x_wconf 85' lang='lat' dir='ltr'><strong>triumphus,</strong></span> 
     </span>
    </p>
   </div>
   <div class='ocr_carea' id='block_1_62' title="bbox 427 4787 2022 4876">
    <p class='ocr_par' dir='ltr' id='par_1_62' title="bbox 427 4787 2022 4876">
     <span class='ocr_line' id='line_1_62' title="bbox 427 4787 2022 4876; baseline -0.014 -12"><span class='ocrx_word' id='word_1_428' title='bbox 427 4813 470 4864; x_wconf 88' lang='lat' dir='ltr'><strong>si</strong></span> <span class='ocrx_word' id='word_1_429' title='bbox 517 4807 848 4876; x_wconf 87' lang='lat' dir='ltr'><strong>apostolatus</strong></span> <span class='ocrx_word' id='word_1_430' title='bbox 878 4801 1040 4856; x_wconf 88' lang='lat' dir='ltr'><strong>vestri</strong></span> <span class='ocrx_word' id='word_1_431' title='bbox 1085 4796 1448 4865; x_wconf 83' lang='lat' dir='ltr'><strong>temporibus,</strong></span> <span class='ocrx_word' id='word_1_432' title='bbox 1491 4795 1629 4865; x_wconf 90' lang='lat' dir='ltr'><strong>quod</strong></span> <span class='ocrx_word' id='word_1_433' title='bbox 1678 4790 1849 4846; x_wconf 88' lang='lat' dir='ltr'><strong>sancti</strong></span> <span class='ocrx_word' id='word_1_434' title='bbox 1877 4787 2022 4844; x_wconf 82' lang='lat' dir='ltr'><strong>Petri</strong></span> 
     </span>
    </p>
   </div>
   <div class='ocr_carea' id='block_1_63' title="bbox 429 4882 2024 4957">
    <p class='ocr_par' dir='ltr' id='par_1_63' title="bbox 429 4882 2024 4957">
     <span class='ocr_line' id='line_1_63' title="bbox 429 4882 2024 4957; baseline -0.014 -3"><span class='ocrx_word' id='word_1_435' title='bbox 429 4899 682 4954; x_wconf 79' lang='lat' dir='ltr'><strong>cathedra</strong></span> <span class='ocrx_word' id='word_1_436' title='bbox 733 4895 960 4957; x_wconf 85' lang='lat' dir='ltr'><strong>obtinet,</strong></span> <span class='ocrx_word' id='word_1_437' title='bbox 1005 4890 1273 4946; x_wconf 85' lang='lat' dir='ltr'><strong>catholica</strong></span> <span class='ocrx_word' id='word_1_438' title='bbox 1317 4888 1500 4941; x_wconf 89' lang='lat' dir='ltr'><strong>audiat</strong></span> <span class='ocrx_word' id='word_1_439' title='bbox 1549 4884 1807 4948; x_wconf 73' lang='lat' dir='ltr'><strong>Ecclesia,</strong></span> <span class='ocrx_word' id='word_1_440' title='bbox 1851 4882 1894 4935; x_wconf 91' lang='lat' dir='ltr'><strong>si</strong></span> <span class='ocrx_word' id='word_1_441' title='bbox 1929 4895 2024 4933; x_wconf 87' lang='lat' dir='ltr'><strong>no-</strong></span> 
     </span>
    </p>
   </div>
   <div class='ocr_carea' id='block_1_64' title="bbox 432 4973 2023 5046">
    <p class='ocr_par' dir='ltr' id='par_1_64' title="bbox 432 4973 2023 5046">
     <span class='ocr_line' id='line_1_64' title="bbox 432 4973 2023 5046; baseline -0.012 -2"><span class='ocrx_word' id='word_1_442' title='bbox 432 4992 568 5045; x_wconf 69' lang='lat' dir='ltr'><strong>vella</strong></span> <span class='ocrx_word' id='word_1_443' title='bbox 616 4988 942 5043; x_wconf 71' lang='lat' dir='ltr'><strong>zizaniorum</strong></span> <span class='ocrx_word' id='word_1_444' title='bbox 972 4982 1178 5038; x_wconf 89' lang='lat' dir='ltr'><strong>semina</strong></span> <span class='ocrx_word' id='word_1_445' title='bbox 1219 4979 1415 5035; x_wconf 85' lang='lat' dir='ltr'><strong>fuerint</strong></span> <span class='ocrx_word' id='word_1_446' title='bbox 1454 4978 1772 5046; x_wconf 72' lang='lat' dir='ltr'><strong>exstirpata.</strong></span> <span class='ocrx_word' id='word_1_447' title='bbox 1812 4973 1874 5026; x_wconf 80' lang='lat' dir='ltr'><strong>Et</strong></span> <span class='ocrx_word' id='word_1_448' title='bbox 1905 4973 2023 5026; x_wconf 79' lang='lat' dir='ltr'><strong>sub-</strong></span> 
     </span>
    </p>
   </div>
   <div class='ocr_carea' id='block_1_65' title="bbox 429 5193 2022 5278">
    <p class='ocr_par' dir='ltr' id='par_1_65' title="bbox 429 5193 2022 5278">
     <span class='ocr_line' id='line_1_65' title="bbox 429 5193 2022 5278; baseline -0.016 -7"><span class='ocrx_word' id='word_1_449' title='bbox 429 5211 750 5273; x_wconf 79' lang='lat' dir='ltr'><strong>Sirmondns</strong></span> <span class='ocrx_word' id='word_1_450' title='bbox 783 5228 795 5263; x_wconf 92' lang='lat'>:</span> <span class='ocrx_word' id='word_1_451' title='bbox 835 5217 1161 5278; x_wconf 79' lang='lat' dir='ltr'><strong>postremam</strong></span> <span class='ocrx_word' id='word_1_452' title='bbox 1206 5202 1368 5278; x_wconf 79' lang='lat' dir='ltr'><strong>etiam</strong></span> <span class='ocrx_word' id='word_1_453' title='bbox 1409 5215 1531 5278; x_wconf 58' lang='lat' dir='ltr'><strong>cun)</strong></span> <span class='ocrx_word' id='word_1_454' title='bbox 1575 5197 1951 5278; x_wconf 61' lang='lat' dir='ltr'><strong>aliis_duobn_s_.</strong></span> <span class='ocrx_word' id='word_1_455' title='bbox 1985 5193 2022 5246; x_wconf 94' lang='lat' dir='ltr'><strong>li</strong></span> 
     </span>
    </p>
   </div>
   <div class='ocr_carea' id='block_1_66' title="bbox 432 5267 2027 5344">
    <p class='ocr_par' dir='ltr' id='par_1_66' title="bbox 432 5267 2027 5344">
     <span class='ocr_line' id='line_1_66' title="bbox 432 5267 2027 5344; baseline -0.016 -2"><span class='ocrx_word' id='word_1_456' title='bbox 589 5267 934 5339; x_wconf 69' lang='lat' dir='ltr'><strong>Pithteaneus</strong></span> <span class='ocrx_word' id='word_1_457' title='bbox 959 5320 973 5344; x_wconf 95' lang='lat'><strong>,</strong></span> <span class='ocrx_word' id='word_1_458' title='bbox 1020 5275 1167 5330; x_wconf 83' lang='lat' dir='ltr'><strong>Arel.</strong></span> <span class='ocrx_word' id='word_1_459' title='bbox 1190 5313 1205 5335; x_wconf 94' lang='lat'><strong>,</strong></span> <span class='ocrx_word' id='word_1_460' title='bbox 1248 5273 1414 5326; x_wconf 85' lang='lat' dir='ltr'><strong>Lirin.</strong></span> <span class='ocrx_word' id='word_1_461' title='bbox 1439 5270 1683 5344; x_wconf 62' lang='lat' dir='ltr'><strong>,_Corh._,</strong></span> <span class='ocrx_word' id='word_1_462' title='bbox 1706 5269 1857 5321; x_wconf 72' lang='lat' dir='ltr'><strong>Item.</strong></span> <span class='ocrx_word' id='word_1_463' title='bbox 1895 5267 2027 5344; x_wconf 75' lang='lat' dir='ltr'><strong>Har-</strong></span> 
     </span>
    </p>
   </div>
   <div class='ocr_carea' id='block_1_67' title="bbox 434 5337 2027 5411">
    <p class='ocr_par' dir='ltr' id='par_1_67' title="bbox 434 5337 2027 5411">
     <span class='ocr_line' id='line_1_67' title="bbox 434 5337 2027 5411; baseline -0.014 -1"><span class='ocrx_word' id='word_1_464' title='bbox 434 5337 648 5411; x_wconf 68' lang='lat' dir='ltr'><strong>ilninus</strong></span> <span class='ocrx_word' id='word_1_465' title='bbox 679 5354 840 5410; x_wconf 84' lang='lat' dir='ltr'><strong>etiam</strong></span> <span class='ocrx_word' id='word_1_466' title='bbox 895 5337 1018 5404; x_wconf 69' lang='lat' dir='ltr'><strong>cuin</strong></span> <span class='ocrx_word' id='word_1_467' title='bbox 1076 5345 1399 5399; x_wconf 79' lang='lat' dir='ltr'><strong>collectione</strong></span> <span class='ocrx_word' id='word_1_468' title='bbox 1449 5341 1686 5410; x_wconf 82' lang='lat' dir='ltr'><strong>Dionysii</strong></span> <span class='ocrx_word' id='word_1_469' title='bbox 1737 5355 1838 5391; x_wconf 89' lang='lat' dir='ltr'><strong>ms.</strong></span> <span class='ocrx_word' id='word_1_470' title='bbox 1887 5337 2027 5392; x_wconf 89' lang='lat' dir='ltr'><strong>unde</strong></span> 
     </span>
    </p>
   </div>
   <div class='ocr_carea' id='block_1_68' title="bbox 435 5422 1072 5482">
    <p class='ocr_par' dir='ltr' id='par_1_68' title="bbox 435 5422 1072 5482">
     <span class='ocr_line' id='line_1_68' title="bbox 435 5422 1072 5482; baseline -0.019 0"><span class='ocrx_word' id='word_1_471' title='bbox 435 5427 834 5482; x_wconf 82' lang='lat' dir='ltr'><strong>etnendatiores</strong></span> <span class='ocrx_word' id='word_1_472' title='bbox 861 5422 1072 5472; x_wconf 88' lang='lat' dir='ltr'><strong>damus.</strong></span> 
     </span>
    </p>
   </div>
   <div class='ocr_carea' id='block_1_69' title="bbox 513 5476 2028 5565">
    <p class='ocr_par' dir='ltr' id='par_1_69' title="bbox 513 5476 2028 5565">
     <span class='ocr_line' id='line_1_69' title="bbox 513 5476 2028 5565; baseline -0.016 -13"><span class='ocrx_word' id='word_1_473' title='bbox 513 5476 1006 5565; x_wconf 38' lang='lat' dir='ltr'><strong>‘vllaneepistolam</strong></span> <span class='ocrx_word' id='word_1_474' title='bbox 1042 5490 1198 5565; x_wconf 71' lang='lat' dir='ltr'><strong>(qua:</strong></span> <span class='ocrx_word' id='word_1_475' title='bbox 1242 5482 1436 5554; x_wconf 84' lang='lat' dir='ltr'><strong>prioris</strong></span> <span class='ocrx_word' id='word_1_476' title='bbox 1461 5478 1778 5560; x_wconf 77' lang='lat' dir='ltr'><strong>jamdudum</strong></span> <span class='ocrx_word' id='word_1_477' title='bbox 1809 5476 2028 5545; x_wconf 71' lang='lat' dir='ltr'><strong>scripta:</strong></span> 
     </span>
    </p>
   </div>
   <div class='ocr_carea' id='block_1_70' title="bbox 439 5550 2024 5628">
    <p class='ocr_par' dir='ltr' id='par_1_70' title="bbox 439 5550 2024 5628">
     <span class='ocr_line' id='line_1_70' title="bbox 439 5550 2024 5628; baseline -0.015 -6"><span class='ocrx_word' id='word_1_478' title='bbox 439 5550 776 5623; x_wconf 72' lang='lat' dir='ltr'><strong>mentioneni</strong></span> <span class='ocrx_word' id='word_1_479' title='bbox 813 5562 961 5628; x_wconf 84' lang='lat' dir='ltr'><strong>facit,</strong></span> <span class='ocrx_word' id='word_1_480' title='bbox 1005 5550 1260 5626; x_wconf 53' lang='lat' dir='ltr'><strong>ade&#39;uque&#39;</strong></span> <span class='ocrx_word' id='word_1_481' title='bbox 1292 5565 1555 5628; x_wconf 65' lang='lat' dir='ltr'><strong>tempore</strong></span> <span class='ocrx_word' id='word_1_482' title='bbox 1582 5550 1848 5628; x_wconf 58' lang='lat' dir='ltr'><strong>posterior</strong></span> <span class='ocrx_word' id='word_1_483' title='bbox 1874 5558 1957 5601; x_wconf 83' lang='lat' dir='ltr'><strong>est</strong></span> <span class='ocrx_word' id='word_1_484' title='bbox 1988 5552 2024 5626; x_wconf 65' lang='grc' dir='ltr'><strong>&gt;ἶ</strong></span> 
     </span>
    </p>
   </div>
   <div class='ocr_carea' id='block_1_71' title="bbox 441 5615 2028 5708">
    <p class='ocr_par' dir='ltr' id='par_1_71' title="bbox 441 5615 2028 5708">
     <span class='ocr_line' id='line_1_71' title="bbox 441 5615 2028 5708; baseline -0.014 -18"><span class='ocrx_word' id='word_1_485' title='bbox 441 5640 604 5708; x_wconf 84' lang='lat' dir='ltr'><strong>priori</strong></span> <span class='ocrx_word' id='word_1_486' title='bbox 639 5638 711 5690; x_wconf 91' lang='lat' dir='ltr'><strong>illi</strong></span> <span class='ocrx_word' id='word_1_487' title='bbox 735 5615 1214 5708; x_wconf 61' lang='lat' dir='ltr'><strong>Tarraconensiuin</strong></span> <span class='ocrx_word' id='word_1_488' title='bbox 1245 5615 1517 5704; x_wconf 51' lang='lat' dir='ltr'><strong>postposui</strong></span> <span class='ocrx_word' id='word_1_489' title='bbox 1543 5615 1644 5675; x_wconf 82' lang='lat' dir='ltr'><strong>hoc</strong></span> <span class='ocrx_word' id='word_1_490' title='bbox 1673 5621 1826 5708; x_wconf 37' lang='lat' dir='ltr'><strong>lpum;</strong></span> <span class='ocrx_word' id='word_1_491' title='bbox 1848 5615 2028 5686; x_wconf 74' lang='lat' dir='ltr'><strong>putavi</strong></span> 
     </span>
    </p>
   </div>
   <div class='ocr_carea' id='block_1_72' title="bbox 442 5689 2031 5775">
    <p class='ocr_par' dir='ltr' id='par_1_72' title="bbox 442 5689 2031 5775">
     <span class='ocr_line' id='line_1_72' title="bbox 442 5689 2031 5775; baseline -0.017 -11"><span class='ocrx_word' id='word_1_492' title='bbox 442 5689 814 5775; x_wconf 31' lang='lat' dir='ltr'><strong>cnim—gratius</strong></span> <span class='ocrx_word' id='word_1_493' title='bbox 843 5704 956 5775; x_wconf 81' lang='lat' dir='ltr'><strong>fore</strong></span> <span class='ocrx_word' id='word_1_494' title='bbox 982 5703 1045 5756; x_wconf 88' lang='lat' dir='ltr'><strong>ad</strong></span> <span class='ocrx_word' id='word_1_495' title='bbox 1078 5689 1354 5775; x_wconf 41' lang='lat' dir='ltr'><strong>verita-tem</strong></span> <span class='ocrx_word' id='word_1_496' title='bbox 1386 5695 1462 5747; x_wconf 86' lang='lat' dir='ltr'><strong>rei</strong></span> <span class='ocrx_word' id='word_1_497' title='bbox 1493 5704 1654 5773; x_wconf 76' lang='lat' dir='ltr'><strong>gestze</strong></span> <span class='ocrx_word' id='word_1_498' title='bbox 1687 5689 1889 5775; x_wconf 62' lang='lat' dir='ltr'><strong>farilius</strong></span> <span class='ocrx_word' id='word_1_499' title='bbox 1914 5702 2031 5751; x_wconf 79' lang='lat' dir='ltr'><strong>pcr-</strong></span> 
     </span>
    </p>
   </div>
   <div class='ocr_carea' id='block_1_73' title="bbox 443 5762 2029 5849">
    <p class='ocr_par' dir='ltr' id='par_1_73' title="bbox 443 5762 2029 5849">
     <span class='ocr_line' id='line_1_73' title="bbox 443 5762 2029 5849; baseline -0.016 -15"><span class='ocrx_word' id='word_1_500' title='bbox 443 5762 792 5849; x_wconf 70' lang='lat' dir='ltr'><strong>spiciciidam,</strong></span> <span class='ocrx_word' id='word_1_501' title='bbox 817 5774 881 5849; x_wconf 78' lang='lat' dir='ltr'><strong>si,</strong></span> <span class='ocrx_word' id='word_1_502' title='bbox 905 5788 1023 5840; x_wconf 72' lang='lat' dir='ltr'><strong>qua:</strong></span> <span class='ocrx_word' id='word_1_503' title='bbox 1048 5772 1192 5849; x_wconf 74' lang='lat' dir='ltr'><strong>prius</strong></span> <span class='ocrx_word' id='word_1_504' title='bbox 1219 5762 1508 5849; x_wconf 48' lang='lat' dir='ltr'><strong>:ictausnnt.</strong></span> <span class='ocrx_word' id='word_1_505' title='bbox 1538 5762 1860 5849; x_wconf 58' lang='lat' dir='ltr'><strong>[ll‘lﬂl‘tﬁ&#39;ltlco</strong></span> <span class='ocrx_word' id='word_1_506' title='bbox 1881 5772 2029 5837; x_wconf 77' lang='lat' dir='ltr'><strong>enar-</strong></span> 
     </span>
    </p>
   </div>
   <div class='ocr_carea' id='block_1_74' title="bbox 446 5828 2036 5908">
    <p class='ocr_par' dir='ltr' id='par_1_74' title="bbox 446 5828 2036 5908">
     <span class='ocr_line' id='line_1_74' title="bbox 446 5828 2036 5908; baseline -0.016 -3"><span class='ocrx_word' id='word_1_507' title='bbox 446 5828 713 5908; x_wconf 52' lang='lat' dir='ltr'><strong>iiii‘iiii‘éi</strong></span> <span class='ocrx_word' id='word_1_508' title='bbox 737 5828 1090 5902; x_wconf 71' lang='lat' dir='ltr'><strong>collocentur.</strong></span> <span class='ocrx_word' id='word_1_509' title='bbox 1112 5842 1166 5896; x_wconf 91' lang='lat' dir='ltr'><strong>lu</strong></span> <span class='ocrx_word' id='word_1_510' title='bbox 1195 5839 1423 5897; x_wconf 88' lang='lat' dir='ltr'><strong>concilio</strong></span> <span class='ocrx_word' id='word_1_511' title='bbox 1447 5836 1688 5891; x_wconf 75' lang='lat' dir='ltr'><strong>Romano</strong></span> <span class='ocrx_word' id='word_1_512' title='bbox 1720 5831 1831 5884; x_wconf 79' lang='lat' dir='ltr'><strong>lia-c</strong></span> <span class='ocrx_word' id='word_1_513' title='bbox 1860 5828 2036 5896; x_wconf 86' lang='lat' dir='ltr'><strong>primo</strong></span> 
     </span>
    </p>
   </div>
   <div class='ocr_carea' id='block_1_75' title="bbox 2096 2004 3694 2090">
    <p class='ocr_par' dir='ltr' id='par_1_75' title="bbox 2096 2004 3694 2090">
     <span class='ocr_line' id='line_1_75' title="bbox 2096 2004 3694 2090; baseline -0.015 -12"><span class='ocrx_word' id='word_1_514' title='bbox 2096 2024 2223 2078; x_wconf 85' lang='lat' dir='ltr'><strong>bere</strong></span> <span class='ocrx_word' id='word_1_515' title='bbox 2253 2016 2578 2090; x_wconf 79' lang='lat' dir='ltr'><strong>dignemini,</strong></span> <span class='ocrx_word' id='word_1_516' title='bbox 2618 2013 2930 2071; x_wconf 77' lang='lat' dir='ltr'><strong>beatissime</strong></span> <span class='ocrx_word' id='word_1_517' title='bbox 2959 2019 3014 2065; x_wconf 84' lang='lat' dir='ltr'><strong>et</strong></span> <span class='ocrx_word' id='word_1_518' title='bbox 3051 2007 3346 2079; x_wconf 82' lang='lat' dir='ltr'><strong>apostolica</strong></span> <span class='ocrx_word' id='word_1_519' title='bbox 3382 2004 3694 2060; x_wconf 81' lang='lat' dir='ltr'><strong>reverentia</strong></span> 
     </span>
    </p>
   </div>
   <div class='ocr_carea' id='block_1_76' title="bbox 2099 2094 3696 2176">
    <p class='ocr_par' dir='ltr' id='par_1_76' title="bbox 2099 2094 3696 2176">
     <span class='ocr_line' id='line_1_76' title="bbox 2099 2094 3696 2176; baseline -0.014 -6"><span class='ocrx_word' id='word_1_520' title='bbox 2099 2118 2152 2170; x_wconf 94' lang='lat' dir='ltr'><strong>in</strong></span> <span class='ocrx_word' id='word_1_521' title='bbox 2177 2115 2394 2169; x_wconf 86' lang='lat' dir='ltr'><strong>Christo</strong></span> <span class='ocrx_word' id='word_1_522' title='bbox 2421 2129 2449 2166; x_wconf 89' lang='lat' dir='ltr'><strong>a</strong></span> <span class='ocrx_word' id='word_1_523' title='bbox 2474 2111 2630 2166; x_wconf 87' lang='lat' dir='ltr'><strong>nobis</strong></span> <span class='ocrx_word' id='word_1_524' title='bbox 2658 2104 2884 2163; x_wconf 78' lang='lat' dir='ltr'><strong>colendo</strong></span> <span class='ocrx_word' id='word_1_525' title='bbox 2911 2112 3096 2176; x_wconf 88' lang='lat' dir='ltr'><strong>pater:</strong></span> <span class='ocrx_word' id='word_1_526' title='bbox 3122 2100 3253 2156; x_wconf 92' lang='lat' dir='ltr'><strong>illud</strong></span> <span class='ocrx_word' id='word_1_527' title='bbox 3281 2097 3570 2170; x_wconf 87' lang='lat' dir='ltr'><strong>specialius</strong></span> <span class='ocrx_word' id='word_1_528' title='bbox 3595 2094 3696 2150; x_wconf 83' lang='lat' dir='ltr'><strong>dc-</strong></span> 
     </span>
    </p>
   </div>
   <div class='ocr_carea' id='block_1_77' title="bbox 2101 2193 3698 2279">
    <p class='ocr_par' dir='ltr' id='par_1_77' title="bbox 2101 2193 3698 2279">
     <span class='ocr_line' id='line_1_77' title="bbox 2101 2193 3698 2279; baseline -0.014 -16"><span class='ocrx_word' id='word_1_529' title='bbox 2101 2213 2380 2279; x_wconf 88' lang='lat' dir='ltr'><strong>precantes</strong></span> <span class='ocrx_word' id='word_1_530' title='bbox 2407 2245 2422 2269; x_wconf 93' lang='lat'><strong>,</strong></span> <span class='ocrx_word' id='word_1_531' title='bbox 2469 2212 2530 2258; x_wconf 88' lang='lat' dir='ltr'><strong>ut</strong></span> <span class='ocrx_word' id='word_1_532' title='bbox 2557 2203 2754 2256; x_wconf 89' lang='lat' dir='ltr'><strong>factum</strong></span> <span class='ocrx_word' id='word_1_533' title='bbox 2785 2209 3053 2261; x_wconf 75' lang='lat' dir='ltr'><strong>nosuum,</strong></span> <span class='ocrx_word' id='word_1_534' title='bbox 3087 2193 3231 2265; x_wconf 90' lang='lat' dir='ltr'><strong>quod</strong></span> <span class='ocrx_word' id='word_1_535' title='bbox 3261 2203 3367 2246; x_wconf 89' lang='lat' dir='ltr'><strong>tam</strong></span> <span class='ocrx_word' id='word_1_536' title='bbox 3401 2198 3530 2245; x_wconf 88' lang='lat' dir='ltr'><strong>voto</strong></span> <span class='ocrx_word' id='word_1_537' title='bbox 3559 2202 3698 2258; x_wconf 83' lang='lat' dir='ltr'><strong>pene</strong></span> 
     </span>
    </p>
   </div>
   <div class='ocr_carea' id='block_1_78' title="bbox 2100 2281 3700 2365">
    <p class='ocr_par' dir='ltr' id='par_1_78' title="bbox 2100 2281 3700 2365">
     <span class='ocr_line' id='line_1_78' title="bbox 2100 2281 3700 2365; baseline -0.012 -15"><span class='ocrx_word' id='word_1_538' title='bbox 2100 2299 2278 2352; x_wconf 85' lang='lat' dir='ltr'><strong>omnis</strong></span> <span class='ocrx_word' id='word_1_539' title='bbox 2306 2295 2594 2365; x_wconf 76' lang='lat' dir='ltr'><strong>provincia:</strong></span> <span class='ocrx_word' id='word_1_540' title='bbox 2619 2337 2634 2361; x_wconf 95' lang='lat'><strong>,</strong></span> <span class='ocrx_word' id='word_1_541' title='bbox 2667 2306 2826 2362; x_wconf 89' lang='lat' dir='ltr'><strong>quam</strong></span> <span class='ocrx_word' id='word_1_542' title='bbox 2858 2287 3108 2354; x_wconf 81' lang='lat' dir='ltr'><strong>exemplo</strong></span> <span class='ocrx_word' id='word_1_543' title='bbox 3137 2284 3424 2340; x_wconf 88' lang='lat' dir='ltr'><strong>vetustatis</strong></span> <span class='ocrx_word' id='word_1_544' title='bbox 3456 2283 3508 2335; x_wconf 90' lang='lat' dir='ltr'><strong>in</strong></span> <span class='ocrx_word' id='word_1_545' title='bbox 3556 2281 3700 2335; x_wconf 87' lang='lat' dir='ltr'><strong>noti-</strong></span> 
     </span>
    </p>
   </div>
   <div class='ocr_carea' id='block_1_79' title="bbox 2101 2374 3703 2450">
    <p class='ocr_par' dir='ltr' id='par_1_79' title="bbox 2101 2374 3703 2450">
     <span class='ocr_line' id='line_1_79' title="bbox 2101 2374 3703 2450; baseline -0.012 -6"><span class='ocrx_word' id='word_1_546' title='bbox 2101 2394 2230 2445; x_wconf 88' lang='lat' dir='ltr'><strong>tiam</strong></span> <span class='ocrx_word' id='word_1_547' title='bbox 2263 2399 2495 2445; x_wconf 85' lang='lat' dir='ltr'><strong>vestram</strong></span> <span class='ocrx_word' id='word_1_548' title='bbox 2534 2385 2798 2448; x_wconf 87' lang='lat' dir='ltr'><strong>defertur,</strong></span> <span class='ocrx_word' id='word_1_549' title='bbox 2847 2379 3128 2450; x_wconf 86' lang='lat' dir='ltr'><strong>perpensis</strong></span> <span class='ocrx_word' id='word_1_550' title='bbox 3173 2374 3563 2431; x_wconf 80' lang='lat' dir='ltr'><strong>assertionibus</strong></span> <span class='ocrx_word' id='word_1_551' title='bbox 3604 2387 3703 2426; x_wconf 79' lang='lat' dir='ltr'><strong>no—</strong></span> 
     </span>
    </p>
   </div>
   <div class='ocr_carea' id='block_1_80' title="bbox 2101 2467 3705 2548">
    <p class='ocr_par' dir='ltr' id='par_1_80' title="bbox 2101 2467 3705 2548">
     <span class='ocr_line' id='line_1_80' title="bbox 2101 2467 3705 2548; baseline -0.014 -6"><span class='ocrx_word' id='word_1_552' title='bbox 2101 2487 2248 2547; x_wconf 82' lang='lat' dir='ltr'><strong>stris,</strong></span> <span class='ocrx_word' id='word_1_553' title='bbox 2272 2484 2527 2538; x_wconf 83' lang='lat' dir='ltr'><strong>roborare</strong></span> <span class='ocrx_word' id='word_1_554' title='bbox 2556 2476 2870 2548; x_wconf 84' lang='lat' dir='ltr'><strong>dignemini.</strong></span> <span class='ocrx_word' id='word_1_555' title='bbox 2894 2475 3192 2545; x_wconf 83' lang='lat' dir='ltr'><strong>Episcopus</strong></span> <span class='ocrx_word' id='word_1_556' title='bbox 3228 2467 3705 2524; x_wconf 79' lang='lat' dir='ltr'><strong>Barrinonensium</strong></span> 
     </span>
    </p>
   </div>
   <div class='ocr_carea' id='block_1_81' title="bbox 2104 2558 3704 2634">
    <p class='ocr_par' dir='ltr' id='par_1_81' title="bbox 2104 2558 3704 2634">
     <span class='ocr_line' id='line_1_81' title="bbox 2104 2558 3704 2634; baseline -0.013 -3"><span class='ocrx_word' id='word_1_557' title='bbox 2104 2579 2337 2634; x_wconf 71' lang='lat' dir='ltr'><strong>cititatis</strong></span> <span class='ocrx_word' id='word_1_558' title='bbox 2365 2583 2583 2629; x_wconf 82' lang='lat' dir='ltr'><strong>sanctus</strong></span> <span class='ocrx_word' id='word_1_559' title='bbox 2614 2569 2977 2626; x_wconf 80' lang='lat' dir='ltr'><strong>Nundinarins</strong></span> <span class='ocrx_word' id='word_1_560' title='bbox 3007 2576 3208 2621; x_wconf 91' lang='lat' dir='ltr'><strong>sortem</strong></span> <span class='ocrx_word' id='word_1_561' title='bbox 3249 2560 3484 2630; x_wconf 72' lang='lat' dir='ltr'><strong>explevit</strong></span> <span class='ocrx_word' id='word_1_562' title='bbox 3516 2558 3704 2614; x_wconf 84' lang='lat' dir='ltr'><strong>condi-</strong></span> 
     </span>
    </p>
   </div>
   <div class='ocr_carea' id='block_1_82' title="bbox 2108 2652 3700 2730">
    <p class='ocr_par' dir='ltr' id='par_1_82' title="bbox 2108 2652 3700 2730">
     <span class='ocr_line' id='line_1_82' title="bbox 2108 2652 3700 2730; baseline -0.015 -5"><span class='ocrx_word' id='word_1_563' title='bbox 2108 2671 2269 2725; x_wconf 86' lang='lat' dir='ltr'><strong>tionis</strong></span> <span class='ocrx_word' id='word_1_564' title='bbox 2299 2669 2572 2723; x_wconf 68' lang='lat' dir='ltr'><strong>hutnante.</strong></span> <span class='ocrx_word' id='word_1_565' title='bbox 2603 2664 2698 2718; x_wconf 82' lang='lat' dir='ltr'><strong>llic</strong></span> <span class='ocrx_word' id='word_1_566' title='bbox 2722 2662 2977 2730; x_wconf 80' lang='lat' dir='ltr'><strong>episcOpo</strong></span> <span class='ocrx_word' id='word_1_567' title='bbox 3005 2654 3299 2712; x_wconf 83' lang='lat' dir='ltr'><strong>venerabili</strong></span> <span class='ocrx_word' id='word_1_568' title='bbox 3329 2652 3478 2708; x_wconf 78' lang='lat' dir='ltr'><strong>fratri</strong></span> <span class='ocrx_word' id='word_1_569' title='bbox 3513 2661 3700 2706; x_wconf 87' lang='lat' dir='ltr'><strong>nostro</strong></span> 
     </span>
    </p>
   </div>
   <div class='ocr_carea' id='block_1_83' title="bbox 2109 2743 3706 2831">
    <p class='ocr_par' dir='ltr' id='par_1_83' title="bbox 2109 2743 3706 2831">
     <span class='ocr_line' id='line_1_83' title="bbox 2109 2743 3706 2831; baseline -0.014 -12"><span class='ocrx_word' id='word_1_570' title='bbox 2109 2765 2334 2828; x_wconf 68' lang='lat' dir='ltr'><strong>lrenmo,</strong></span> <span class='ocrx_word' id='word_1_571' title='bbox 2364 2775 2524 2831; x_wconf 84' lang='lat' dir='ltr'><strong>quem</strong></span> <span class='ocrx_word' id='word_1_572' title='bbox 2556 2758 2670 2826; x_wconf 90' lang='lat' dir='ltr'><strong>ipse</strong></span> <span class='ocrx_word' id='word_1_573' title='bbox 2697 2765 2854 2809; x_wconf 88' lang='lat' dir='ltr'><strong>antea</strong></span> <span class='ocrx_word' id='word_1_574' title='bbox 2879 2753 2934 2807; x_wconf 92' lang='lat' dir='ltr'><strong>in</strong></span> <span class='ocrx_word' id='word_1_575' title='bbox 2964 2749 3182 2807; x_wconf 66' lang='lat' dir='ltr'><strong>dioecesi</strong></span> <span class='ocrx_word' id='word_1_576' title='bbox 3212 2761 3308 2803; x_wconf 89' lang='lat' dir='ltr'><strong>sua</strong></span> <span class='ocrx_word' id='word_1_577' title='bbox 3335 2745 3490 2801; x_wconf 88' lang='lat' dir='ltr'><strong>nobis</strong></span> <span class='ocrx_word' id='word_1_578' title='bbox 3519 2743 3706 2798; x_wconf 76' lang='lat' dir='ltr'><strong>volen~</strong></span> 
     </span>
    </p>
   </div>
   <div class='ocr_carea' id='block_1_84' title="bbox 2110 2837 3708 2917">
    <p class='ocr_par' dir='ltr' id='par_1_84' title="bbox 2110 2837 3708 2917">
     <span class='ocr_line' id='line_1_84' title="bbox 2110 2837 3708 2917; baseline -0.016 -4"><span class='ocrx_word' id='word_1_579' title='bbox 2110 2860 2251 2913; x_wconf 86' lang='lat' dir='ltr'><strong>tibus</strong></span> <span class='ocrx_word' id='word_1_580' title='bbox 2275 2855 2650 2916; x_wconf 80' lang='lat' dir='ltr'><strong>constituerat,</strong></span> <span class='ocrx_word' id='word_1_581' title='bbox 2683 2848 3065 2917; x_wconf 80' lang='lat' dir='ltr'><strong>derelinquens</strong></span> <span class='ocrx_word' id='word_1_582' title='bbox 3093 2845 3142 2899; x_wconf 88' lang='lat' dir='ltr'><strong>ei</strong></span> <span class='ocrx_word' id='word_1_583' title='bbox 3163 2884 3178 2908; x_wconf 96' lang='lat'><strong>,</strong></span> <span class='ocrx_word' id='word_1_584' title='bbox 3227 2839 3370 2912; x_wconf 91' lang='lat' dir='ltr'><strong>quod</strong></span> <span class='ocrx_word' id='word_1_585' title='bbox 3403 2837 3576 2910; x_wconf 90' lang='lat' dir='ltr'><strong>potuit</strong></span> <span class='ocrx_word' id='word_1_586' title='bbox 3606 2839 3708 2890; x_wconf 86' lang='lat' dir='ltr'><strong>Ita-</strong></span> 
     </span>
    </p>
   </div>
   <div class='ocr_carea' id='block_1_85' title="bbox 2109 2930 3708 3018">
    <p class='ocr_par' dir='ltr' id='par_1_85' title="bbox 2109 2930 3708 3018">
     <span class='ocr_line' id='line_1_85' title="bbox 2109 2930 3708 3018; baseline -0.014 -12"><span class='ocrx_word' id='word_1_587' title='bbox 2109 2951 2238 3005; x_wconf 83' lang='lat' dir='ltr'><strong>bere</strong></span> <span class='ocrx_word' id='word_1_588' title='bbox 2264 2955 2552 3018; x_wconf 85' lang='lat' dir='ltr'><strong>paupertas</strong></span> <span class='ocrx_word' id='word_1_589' title='bbox 2578 2987 2592 3011; x_wconf 96' lang='lat'><strong>,</strong></span> <span class='ocrx_word' id='word_1_590' title='bbox 2627 2955 2892 3010; x_wconf 74' lang='lat' dir='ltr'><strong>suprema:</strong></span> <span class='ocrx_word' id='word_1_591' title='bbox 2934 2935 3224 2992; x_wconf 80' lang='lat' dir='ltr'><strong>voluntatis</strong></span> <span class='ocrx_word' id='word_1_592' title='bbox 3263 2932 3510 2998; x_wconf 90' lang='lat' dir='ltr'><strong>arbitrio,</strong></span> <span class='ocrx_word' id='word_1_593' title='bbox 3542 2930 3596 2985; x_wconf 92' lang='lat' dir='ltr'><strong>in</strong></span> <span class='ocrx_word' id='word_1_594' title='bbox 3629 2931 3708 2985; x_wconf 73' lang='grc' dir='ltr'><strong>ιο-</strong></span> 
     </span>
    </p>
   </div>
   <div class='ocr_carea' id='block_1_86' title="bbox 2111 3024 3708 3101">
    <p class='ocr_par' dir='ltr' id='par_1_86' title="bbox 2111 3024 3708 3101">
     <span class='ocr_line' id='line_1_86' title="bbox 2111 3024 3708 3101; baseline -0.013 -3"><span class='ocrx_word' id='word_1_595' title='bbox 2111 3061 2232 3098; x_wconf 91' lang='lat' dir='ltr'><strong>cum</strong></span> <span class='ocrx_word' id='word_1_596' title='bbox 2263 3057 2416 3096; x_wconf 84' lang='lat' dir='ltr'><strong>suum</strong></span> <span class='ocrx_word' id='word_1_597' title='bbox 2449 3049 2506 3094; x_wconf 88' lang='lat' dir='ltr'><strong>ut</strong></span> <span class='ocrx_word' id='word_1_598' title='bbox 2540 3035 2976 3098; x_wconf 84' lang='lat' dir='ltr'><strong>substitueretur,</strong></span> <span class='ocrx_word' id='word_1_599' title='bbox 3027 3029 3230 3101; x_wconf 89' lang='lat' dir='ltr'><strong>optavit</strong></span> <span class='ocrx_word' id='word_1_600' title='bbox 3272 3046 3285 3081; x_wconf 90' lang='lat'><strong>:</strong></span> <span class='ocrx_word' id='word_1_601' title='bbox 3331 3027 3424 3082; x_wconf 86' lang='lat' dir='ltr'><strong>sed</strong></span> <span class='ocrx_word' id='word_1_602' title='bbox 3472 3024 3708 3081; x_wconf 77' lang='lat' dir='ltr'><strong>defuncti</strong></span> 
     </span>
    </p>
   </div>
   <div class='ocr_carea' id='block_1_87' title="bbox 2110 3117 3710 3206">
    <p class='ocr_par' dir='ltr' id='par_1_87' title="bbox 2110 3117 3710 3206">
     <span class='ocr_line' id='line_1_87' title="bbox 2110 3117 3710 3206; baseline -0.013 -15"><span class='ocrx_word' id='word_1_603' title='bbox 2110 3135 2369 3206; x_wconf 82' lang='lat' dir='ltr'><strong>judicium</strong></span> <span class='ocrx_word' id='word_1_604' title='bbox 2418 3133 2470 3186; x_wconf 93' lang='lat' dir='ltr'><strong>in</strong></span> <span class='ocrx_word' id='word_1_605' title='bbox 2529 3130 2646 3200; x_wconf 86' lang='lat' dir='ltr'><strong>ejus</strong></span> <span class='ocrx_word' id='word_1_606' title='bbox 2690 3125 2945 3182; x_wconf 89' lang='lat' dir='ltr'><strong>meritum</strong></span> <span class='ocrx_word' id='word_1_607' title='bbox 2995 3139 3100 3178; x_wconf 92' lang='lat' dir='ltr'><strong>non</strong></span> <span class='ocrx_word' id='word_1_608' title='bbox 3151 3120 3384 3174; x_wconf 87' lang='lat' dir='ltr'><strong>vacillat.</strong></span> <span class='ocrx_word' id='word_1_609' title='bbox 3432 3117 3710 3186; x_wconf 88' lang='lat' dir='ltr'><strong>Siquidem</strong></span> 
     </span>
    </p>
   </div>
   <div class='ocr_carea' id='block_1_88' title="bbox 2114 3207 3711 3289">
    <p class='ocr_par' dir='ltr' id='par_1_88' title="bbox 2114 3207 3711 3289">
     <span class='ocr_line' id='line_1_88' title="bbox 2114 3207 3711 3289; baseline -0.013 -5"><span class='ocrx_word' id='word_1_610' title='bbox 2114 3227 2291 3284; x_wconf 88' lang='lat' dir='ltr'><strong>omnis</strong></span> <span class='ocrx_word' id='word_1_611' title='bbox 2316 3225 2494 3279; x_wconf 81' lang='lat' dir='ltr'><strong>clerus</strong></span> <span class='ocrx_word' id='word_1_612' title='bbox 2524 3231 2579 3278; x_wconf 91' lang='lat' dir='ltr'><strong>et</strong></span> <span class='ocrx_word' id='word_1_613' title='bbox 2607 3219 2758 3289; x_wconf 86' lang='lat' dir='ltr'><strong>plebs</strong></span> <span class='ocrx_word' id='word_1_614' title='bbox 2786 3216 3026 3288; x_wconf 86' lang='lat' dir='ltr'><strong>ejusdem</strong></span> <span class='ocrx_word' id='word_1_615' title='bbox 3054 3211 3288 3269; x_wconf 89' lang='lat' dir='ltr'><strong>civitatis</strong></span> <span class='ocrx_word' id='word_1_616' title='bbox 3311 3253 3326 3276; x_wconf 92' lang='lat'><strong>,</strong></span> <span class='ocrx_word' id='word_1_617' title='bbox 3356 3220 3412 3266; x_wconf 91' lang='lat' dir='ltr'><strong>et</strong></span> <span class='ocrx_word' id='word_1_618' title='bbox 3440 3207 3627 3279; x_wconf 87' lang='lat' dir='ltr'><strong>optimi</strong></span> <span class='ocrx_word' id='word_1_619' title='bbox 3656 3217 3711 3263; x_wconf 89' lang='lat' dir='ltr'><strong>et</strong></span> 
     </span>
    </p>
   </div>
   <div class='ocr_carea' id='block_1_89' title="bbox 2117 3303 3710 3390">
    <p class='ocr_par' dir='ltr' id='par_1_89' title="bbox 2117 3303 3710 3390">
     <span class='ocr_line' id='line_1_89' title="bbox 2117 3303 3710 3390; baseline -0.016 -15"><span class='ocrx_word' id='word_1_620' title='bbox 2117 3319 2329 3390; x_wconf 90' lang='lat' dir='ltr'><strong>plurimi</strong></span> <span class='ocrx_word' id='word_1_621' title='bbox 2363 3313 2739 3384; x_wconf 86' lang='lat' dir='ltr'><strong>provinciales,</strong></span> <span class='ocrx_word' id='word_1_622' title='bbox 2761 3320 2822 3365; x_wconf 86' lang='lat' dir='ltr'><strong>ut</strong></span> <span class='ocrx_word' id='word_1_623' title='bbox 2855 3309 2992 3364; x_wconf 88' lang='lat' dir='ltr'><strong>idem</strong></span> <span class='ocrx_word' id='word_1_624' title='bbox 3020 3306 3138 3376; x_wconf 90' lang='lat' dir='ltr'><strong>ejus</strong></span> <span class='ocrx_word' id='word_1_625' title='bbox 3163 3306 3340 3359; x_wconf 89' lang='lat' dir='ltr'><strong>locum</strong></span> <span class='ocrx_word' id='word_1_626' title='bbox 3373 3303 3710 3365; x_wconf 83' lang='lat' dir='ltr'><strong>observaret,</strong></span> 
     </span>
    </p>
   </div>
   <div class='ocr_carea' id='block_1_90' title="bbox 2116 3395 3713 3478">
    <p class='ocr_par' dir='ltr' id='par_1_90' title="bbox 2116 3395 3713 3478">
     <span class='ocr_line' id='line_1_90' title="bbox 2116 3395 3713 3478; baseline -0.013 -12"><span class='ocrx_word' id='word_1_627' title='bbox 2116 3429 2145 3467; x_wconf 89' lang='lat' dir='ltr'><strong>a</strong></span> <span class='ocrx_word' id='word_1_628' title='bbox 2179 3411 2332 3466; x_wconf 85' lang='lat' dir='ltr'><strong>nobis</strong></span> <span class='ocrx_word' id='word_1_629' title='bbox 2361 3414 2718 3478; x_wconf 89' lang='lat' dir='ltr'><strong>speraverunt</strong></span> <span class='ocrx_word' id='word_1_630' title='bbox 2739 3447 2753 3470; x_wconf 92' lang='lat'><strong>,</strong></span> <span class='ocrx_word' id='word_1_631' title='bbox 2786 3402 2912 3457; x_wconf 89' lang='lat' dir='ltr'><strong>dato</strong></span> <span class='ocrx_word' id='word_1_632' title='bbox 2941 3413 3228 3455; x_wconf 89' lang='lat' dir='ltr'><strong>consensu.</strong></span> <span class='ocrx_word' id='word_1_633' title='bbox 3276 3397 3382 3449; x_wconf 67' lang='lat' dir='ltr'><strong>Nos</strong></span> <span class='ocrx_word' id='word_1_634' title='bbox 3413 3395 3713 3462; x_wconf 83' lang='lat' dir='ltr'><strong>cegitantcs</strong></span> 
     </span>
    </p>
   </div>
   <div class='ocr_carea' id='block_1_91' title="bbox 2117 3489 3715 3571">
    <p class='ocr_par' dir='ltr' id='par_1_91' title="bbox 2117 3489 3715 3571">
     <span class='ocr_line' id='line_1_91' title="bbox 2117 3489 3715 3571; baseline -0.012 -11"><span class='ocrx_word' id='word_1_635' title='bbox 2117 3504 2352 3560; x_wconf 79' lang='lat' dir='ltr'><strong>defuncti</strong></span> <span class='ocrx_word' id='word_1_636' title='bbox 2381 3501 2662 3571; x_wconf 88' lang='lat' dir='ltr'><strong>judicium,</strong></span> <span class='ocrx_word' id='word_1_637' title='bbox 2687 3507 2740 3551; x_wconf 91' lang='lat' dir='ltr'><strong>et</strong></span> <span class='ocrx_word' id='word_1_638' title='bbox 2767 3494 3057 3564; x_wconf 84' lang='lat' dir='ltr'><strong>probantes</strong></span> <span class='ocrx_word' id='word_1_639' title='bbox 3083 3490 3201 3560; x_wconf 88' lang='lat' dir='ltr'><strong>ejus</strong></span> <span class='ocrx_word' id='word_1_640' title='bbox 3227 3489 3411 3551; x_wconf 88' lang='lat' dir='ltr'><strong>vitam,</strong></span> <span class='ocrx_word' id='word_1_641' title='bbox 3440 3495 3494 3542; x_wconf 91' lang='lat' dir='ltr'><strong>et</strong></span> <span class='ocrx_word' id='word_1_642' title='bbox 3521 3501 3715 3542; x_wconf 85' lang='lat' dir='ltr'><strong>eorum</strong></span> 
     </span>
    </p>
   </div>
   <div class='ocr_carea' id='block_1_92' title="bbox 2118 3578 3714 3661">
    <p class='ocr_par' dir='ltr' id='par_1_92' title="bbox 2118 3578 3714 3661">
     <span class='ocr_line' id='line_1_92' title="bbox 2118 3578 3714 3661; baseline -0.013 -8"><span class='ocrx_word' id='word_1_643' title='bbox 2118 3598 2451 3653; x_wconf 85' lang='lat' dir='ltr'><strong>nobilitatem</strong></span> <span class='ocrx_word' id='word_1_644' title='bbox 2490 3601 2650 3661; x_wconf 88' lang='lat' dir='ltr'><strong>atque</strong></span> <span class='ocrx_word' id='word_1_645' title='bbox 2682 3585 3096 3649; x_wconf 87' lang='lat' dir='ltr'><strong>multitudinem,</strong></span> <span class='ocrx_word' id='word_1_646' title='bbox 3125 3581 3215 3651; x_wconf 89' lang='lat' dir='ltr'><strong>qui</strong></span> <span class='ocrx_word' id='word_1_647' title='bbox 3248 3579 3520 3649; x_wconf 78' lang='lat' dir='ltr'><strong>petebant,</strong></span> <span class='ocrx_word' id='word_1_648' title='bbox 3552 3578 3714 3632; x_wconf 89' lang='lat' dir='ltr'><strong>simul</strong></span> 
     </span>
    </p>
   </div>
   <div class='ocr_carea' id='block_1_93' title="bbox 2117 3668 3714 3744">
    <p class='ocr_par' dir='ltr' id='par_1_93' title="bbox 2117 3668 3714 3744">
     <span class='ocr_line' id='line_1_93' title="bbox 2117 3668 3714 3744; baseline -0.014 -1"><span class='ocrx_word' id='word_1_649' title='bbox 2117 3702 2170 3744; x_wconf 88' lang='lat' dir='ltr'><strong>et</strong></span> <span class='ocrx_word' id='word_1_650' title='bbox 2200 3687 2484 3742; x_wconf 88' lang='lat' dir='ltr'><strong>utilitatem</strong></span> <span class='ocrx_word' id='word_1_651' title='bbox 2518 3680 2769 3737; x_wconf 68' lang='lat' dir='ltr'><strong>Ecclesiae</strong></span> <span class='ocrx_word' id='word_1_652' title='bbox 2794 3687 3126 3736; x_wconf 68' lang='lat' dir='ltr'><strong>memoratm,</strong></span> <span class='ocrx_word' id='word_1_653' title='bbox 3149 3672 3408 3741; x_wconf 87' lang='lat' dir='ltr'><strong>optimum</strong></span> <span class='ocrx_word' id='word_1_654' title='bbox 3434 3668 3714 3726; x_wconf 78' lang='lat' dir='ltr'><strong>duximus.</strong></span> 
     </span>
    </p>
   </div>
   <div class='ocr_carea' id='block_1_94' title="bbox 2121 3763 3715 3836">
    <p class='ocr_par' dir='ltr' id='par_1_94' title="bbox 2121 3763 3715 3836">
     <span class='ocr_line' id='line_1_94' title="bbox 2121 3763 3715 3836; baseline -0.013 -1"><span class='ocrx_word' id='word_1_655' title='bbox 2121 3791 2176 3835; x_wconf 91' lang='lat' dir='ltr'><strong>ut</strong></span> <span class='ocrx_word' id='word_1_656' title='bbox 2219 3789 2366 3834; x_wconf 89' lang='lat' dir='ltr'><strong>tanto</strong></span> <span class='ocrx_word' id='word_1_657' title='bbox 2413 3773 2723 3833; x_wconf 84' lang='lat' dir='ltr'><strong>sacerdoti,</strong></span> <span class='ocrx_word' id='word_1_658' title='bbox 2776 3769 2863 3836; x_wconf 88' lang='lat' dir='ltr'><strong>qui</strong></span> <span class='ocrx_word' id='word_1_659' title='bbox 2896 3767 2961 3821; x_wconf 89' lang='lat' dir='ltr'><strong>ad</strong></span> <span class='ocrx_word' id='word_1_660' title='bbox 3006 3767 3185 3820; x_wconf 90' lang='lat' dir='ltr'><strong>divina</strong></span> <span class='ocrx_word' id='word_1_661' title='bbox 3230 3763 3574 3833; x_wconf 81' lang='lat' dir='ltr'><strong>migraverat,</strong></span> <span class='ocrx_word' id='word_1_662' title='bbox 3605 3776 3715 3816; x_wconf 88' lang='lat' dir='ltr'><strong>non</strong></span> 
     </span>
    </p>
   </div>
   <div class='ocr_carea' id='block_1_95' title="bbox 2120 3851 3715 3925">
    <p class='ocr_par' dir='ltr' id='par_1_95' title="bbox 2120 3851 3715 3925">
     <span class='ocr_line' id='line_1_95' title="bbox 2120 3851 3715 3925; baseline -0.013 -1"><span class='ocrx_word' id='word_1_663' title='bbox 2120 3869 2340 3925; x_wconf 54' lang='lat' dir='ltr'><strong>minori;</strong></span> <span class='ocrx_word' id='word_1_664' title='bbox 2388 3864 2565 3921; x_wconf 91' lang='lat' dir='ltr'><strong>meriti</strong></span> <span class='ocrx_word' id='word_1_665' title='bbox 2629 3860 3044 3914; x_wconf 63' lang='lat' dir='ltr'><strong>substitueretur</strong></span> <span class='ocrx_word' id='word_1_666' title='bbox 3095 3854 3362 3917; x_wconf 82' lang='lat' dir='ltr'><strong>antiStcs,</strong></span> <span class='ocrx_word' id='word_1_667' title='bbox 3414 3851 3715 3921; x_wconf 77' lang='lat' dir='ltr'><strong>praesertim</strong></span> 
     </span>
    </p>
   </div>
   <div class='ocr_carea' id='block_1_96' title="bbox 2119 3942 3719 4016">
    <p class='ocr_par' dir='ltr' id='par_1_96' title="bbox 2119 3942 3719 4016">
     <span class='ocr_line' id='line_1_96' title="bbox 2119 3942 3719 4016; baseline -0.011 -2"><span class='ocrx_word' id='word_1_668' title='bbox 2119 3977 2240 4016; x_wconf 89' lang='lat' dir='ltr'><strong>cum</strong></span> <span class='ocrx_word' id='word_1_669' title='bbox 2269 3956 2508 4012; x_wconf 86' lang='lat' dir='ltr'><strong>Ecclesia</strong></span> <span class='ocrx_word' id='word_1_670' title='bbox 2537 3953 2680 4007; x_wconf 91' lang='lat' dir='ltr'><strong>illius</strong></span> <span class='ocrx_word' id='word_1_671' title='bbox 2720 3947 3030 4016; x_wconf 90' lang='lat' dir='ltr'><strong>municipii,</strong></span> <span class='ocrx_word' id='word_1_672' title='bbox 3066 3948 3120 4000; x_wconf 90' lang='lat' dir='ltr'><strong>in</strong></span> <span class='ocrx_word' id='word_1_673' title='bbox 3147 3960 3246 4016; x_wconf 89' lang='lat' dir='ltr'><strong>qua</strong></span> <span class='ocrx_word' id='word_1_674' title='bbox 3274 3954 3397 3998; x_wconf 87' lang='lat' dir='ltr'><strong>ante</strong></span> <span class='ocrx_word' id='word_1_675' title='bbox 3425 3942 3601 3998; x_wconf 87' lang='lat' dir='ltr'><strong>fuerat</strong></span> <span class='ocrx_word' id='word_1_676' title='bbox 3627 3957 3719 3998; x_wconf 50' lang='lat' dir='ltr'><strong>or‘</strong></span> 
     </span>
    </p>
   </div>
   <div class='ocr_carea' id='block_1_97' title="bbox 2119 4034 3720 4116">
    <p class='ocr_par' dir='ltr' id='par_1_97' title="bbox 2119 4034 3720 4116">
     <span class='ocr_line' id='line_1_97' title="bbox 2119 4034 3720 4116; baseline -0.011 -9"><span class='ocrx_word' id='word_1_677' title='bbox 2119 4054 2355 4112; x_wconf 85' lang='lat' dir='ltr'><strong>dinatns,</strong></span> <span class='ocrx_word' id='word_1_678' title='bbox 2388 4061 2606 4116; x_wconf 84' lang='lat' dir='ltr'><strong>semper</strong></span> <span class='ocrx_word' id='word_1_679' title='bbox 2635 4042 2791 4112; x_wconf 87' lang='lat' dir='ltr'><strong>hujus</strong></span> <span class='ocrx_word' id='word_1_680' title='bbox 2822 4038 3054 4094; x_wconf 89' lang='lat' dir='ltr'><strong>civitatis</strong></span> <span class='ocrx_word' id='word_1_681' title='bbox 3091 4037 3346 4093; x_wconf 77' lang='lat' dir='ltr'><strong>Ecclesia:</strong></span> <span class='ocrx_word' id='word_1_682' title='bbox 3377 4035 3542 4090; x_wconf 86' lang='lat' dir='ltr'><strong>fuisse</strong></span> <span class='ocrx_word' id='word_1_683' title='bbox 3581 4034 3720 4091; x_wconf 76' lang='lat' dir='ltr'><strong>dim-</strong></span> 
     </span>
    </p>
   </div>
   <div class='ocr_carea' id='block_1_98' title="bbox 2121 4128 3715 4205">
    <p class='ocr_par' dir='ltr' id='par_1_98' title="bbox 2121 4128 3715 4205">
     <span class='ocr_line' id='line_1_98' title="bbox 2121 4128 3715 4205; baseline -0.012 -4"><span class='ocrx_word' id='word_1_684' title='bbox 2121 4147 2258 4200; x_wconf 82' lang='lat' dir='ltr'><strong>cesis</strong></span> <span class='ocrx_word' id='word_1_685' title='bbox 2285 4149 2512 4196; x_wconf 86' lang='lat' dir='ltr'><strong>constet.</strong></span> <span class='ocrx_word' id='word_1_686' title='bbox 2543 4139 2682 4205; x_wconf 65' lang='lat' dir='ltr'><strong>Ergo</strong></span> <span class='ocrx_word' id='word_1_687' title='bbox 2709 4133 3024 4203; x_wconf 54' lang='lat' dir='ltr'><strong>suppliciter</strong></span> <span class='ocrx_word' id='word_1_688' title='bbox 3049 4145 3330 4200; x_wconf 81' lang='lat' dir='ltr'><strong>precantur</strong></span> <span class='ocrx_word' id='word_1_689' title='bbox 3354 4128 3715 4198; x_wconf 85' lang='lat' dir='ltr'><strong>apostolatum</strong></span> 
     </span>
    </p>
   </div>
   <div class='ocr_carea' id='block_1_99' title="bbox 2124 4222 3724 4298">
    <p class='ocr_par' dir='ltr' id='par_1_99' title="bbox 2124 4222 3724 4298">
     <span class='ocr_line' id='line_1_99' title="bbox 2124 4222 3724 4298; baseline -0.008 -6"><span class='ocrx_word' id='word_1_690' title='bbox 2124 4248 2382 4298; x_wconf 71' lang='lat' dir='ltr'><strong>vestrum,</strong></span> <span class='ocrx_word' id='word_1_691' title='bbox 2414 4244 2471 4288; x_wconf 83' lang='grc' dir='ltr'><strong>ιιι</strong></span> <span class='ocrx_word' id='word_1_692' title='bbox 2499 4229 2815 4286; x_wconf 89' lang='lat' dir='ltr'><strong>humilitatis</strong></span> <span class='ocrx_word' id='word_1_693' title='bbox 2844 4234 3045 4281; x_wconf 70' lang='lat' dir='ltr'><strong>nostrae</strong></span> <span class='ocrx_word' id='word_1_694' title='bbox 3073 4224 3378 4287; x_wconf 83' lang='lat' dir='ltr'><strong>decretum,</strong></span> <span class='ocrx_word' id='word_1_695' title='bbox 3407 4223 3548 4292; x_wconf 89' lang='lat' dir='ltr'><strong>quod</strong></span> <span class='ocrx_word' id='word_1_696' title='bbox 3577 4222 3724 4292; x_wconf 88' lang='lat' dir='ltr'><strong>juste</strong></span> 
     </span>
    </p>
   </div>
   <div class='ocr_carea' id='block_1_100' title="bbox 2123 4315 3722 4386">
    <p class='ocr_par' dir='ltr' id='par_1_100' title="bbox 2123 4315 3722 4386">
     <span class='ocr_line' id='line_1_100' title="bbox 2123 4315 3722 4386; baseline -0.011 0"><span class='ocrx_word' id='word_1_697' title='bbox 2123 4348 2152 4386; x_wconf 88' lang='lat' dir='ltr'><strong>a</strong></span> <span class='ocrx_word' id='word_1_698' title='bbox 2186 4331 2339 4383; x_wconf 64' lang='lat' dir='ltr'><strong>ni-bis</strong></span> <span class='ocrx_word' id='word_1_699' title='bbox 2366 4327 2576 4380; x_wconf 87' lang='lat' dir='ltr'><strong>videtur</strong></span> <span class='ocrx_word' id='word_1_700' title='bbox 2617 4321 2812 4376; x_wconf 85' lang='lat' dir='ltr'><strong>faetum</strong></span> <span class='ocrx_word' id='word_1_701' title='bbox 2833 4361 2848 4386; x_wconf 94' lang='lat'><strong>,</strong></span> <span class='ocrx_word' id='word_1_702' title='bbox 2897 4326 3071 4373; x_wconf 84' lang='lat' dir='ltr'><strong>vestra</strong></span> <span class='ocrx_word' id='word_1_703' title='bbox 3104 4316 3422 4372; x_wconf 86' lang='lat' dir='ltr'><strong>auctoritate</strong></span> <span class='ocrx_word' id='word_1_704' title='bbox 3469 4315 3722 4370; x_wconf 76' lang='lat' dir='ltr'><strong>ﬁrmatis.</strong></span> 
     </span>
    </p>
   </div>
   <div class='ocr_carea' id='block_1_101' title="bbox 2123 4407 3724 4480">
    <p class='ocr_par' dir='ltr' id='par_1_101' title="bbox 2123 4407 3724 4480">
     <span class='ocr_line' id='line_1_101' title="bbox 2123 4407 3724 4480; baseline -0.011 0"><span class='ocrx_word' id='word_1_705' title='bbox 2123 4421 2446 4480; x_wconf 55' lang='lat' dir='ltr'><strong>Jamdu&#39;lum</strong></span> <span class='ocrx_word' id='word_1_706' title='bbox 2494 4433 2624 4472; x_wconf 86' lang='lat' dir='ltr'><strong>sane</strong></span> <span class='ocrx_word' id='word_1_707' title='bbox 2671 4413 2846 4479; x_wconf 78' lang='lat' dir='ltr'><strong>questi</strong></span> <span class='ocrx_word' id='word_1_708' title='bbox 2898 4411 3171 4464; x_wconf 88' lang='lat' dir='ltr'><strong>fueramus</strong></span> <span class='ocrx_word' id='word_1_709' title='bbox 3202 4408 3393 4462; x_wconf 89' lang='lat' dir='ltr'><strong>litteris</strong></span> <span class='ocrx_word' id='word_1_710' title='bbox 3424 4407 3626 4462; x_wconf 88' lang='lat' dir='ltr'><strong>nostris</strong></span> <span class='ocrx_word' id='word_1_711' title='bbox 3653 4407 3724 4464; x_wconf 88' lang='lat' dir='ltr'><strong>de</strong></span> 
     </span>
    </p>
   </div>
   <div class='ocr_carea' id='block_1_102' title="bbox 2125 4498 3726 4585">
    <p class='ocr_par' dir='ltr' id='par_1_102' title="bbox 2125 4498 3726 4585">
     <span class='ocr_line' id='line_1_102' title="bbox 2125 4498 3726 4585; baseline -0.017 -15"><span class='ocrx_word' id='word_1_712' title='bbox 2125 4511 2545 4585; x_wconf 73' lang='lat' dir='ltr'><strong>przcsntnptione</strong></span> <span class='ocrx_word' id='word_1_713' title='bbox 2591 4503 2798 4560; x_wconf 86' lang='lat' dir='ltr'><strong>Silvani</strong></span> <span class='ocrx_word' id='word_1_714' title='bbox 2828 4500 3062 4570; x_wconf 80' lang='lat' dir='ltr'><strong>episcopi</strong></span> <span class='ocrx_word' id='word_1_715' title='bbox 3103 4517 3116 4551; x_wconf 91' lang='lat'>:</span> <span class='ocrx_word' id='word_1_716' title='bbox 3155 4509 3210 4552; x_wconf 89' lang='lat' dir='ltr'><strong>et</strong></span> <span class='ocrx_word' id='word_1_717' title='bbox 3249 4498 3530 4562; x_wconf 88' lang='lat' dir='ltr'><strong>miramur,</strong></span> <span class='ocrx_word' id='word_1_718' title='bbox 3579 4499 3726 4567; x_wconf 81' lang='lat' dir='ltr'><strong>quod</strong></span> 
     </span>
    </p>
   </div>
   <div class='ocr_carea' id='block_1_103' title="bbox 2054 4591 3729 4700">
    <p class='ocr_par' dir='ltr' id='par_1_103' title="bbox 2054 4591 3729 4700">
     <span class='ocr_line' id='line_1_103' title="bbox 2054 4591 3729 4700; baseline -0.011 -37"><span class='ocrx_word' id='word_1_719' title='bbox 2054 4641 2100 4700; x_wconf 73' lang='grc' dir='ltr'>υ</span> <span class='ocrx_word' id='word_1_720' title='bbox 2129 4608 2272 4662; x_wconf 88' lang='lat' dir='ltr'><strong>nulla</strong></span> <span class='ocrx_word' id='word_1_721' title='bbox 2319 4603 2654 4672; x_wconf 89' lang='lat' dir='ltr'><strong>aposto&#39;atus</strong></span> <span class='ocrx_word' id='word_1_722' title='bbox 2684 4597 2850 4652; x_wconf 89' lang='lat' dir='ltr'><strong>vestri</strong></span> <span class='ocrx_word' id='word_1_723' title='bbox 2881 4607 3140 4663; x_wconf 87' lang='lat' dir='ltr'><strong>responsa</strong></span> <span class='ocrx_word' id='word_1_724' title='bbox 3169 4592 3523 4660; x_wconf 73' lang='lat' dir='ltr'><strong>suscepimus.</strong></span> <span class='ocrx_word' id='word_1_725' title='bbox 3572 4591 3729 4646; x_wconf 74' lang='lat' dir='ltr'><strong>Nunc</strong></span> 
     </span>
     <span class='ocr_line' id='line_1_104' title="bbox 2131 4680 3724 4700; baseline 0 0"><span class='ocrx_word' id='word_1_726' title='bbox 2131 4699 2138 4700; x_wconf 62' lang='lat'><strong><em>,</em></strong></span> <span class='ocrx_word' id='word_1_727' title='bbox 2353 4696 2365 4700; x_wconf 92' lang='lat'><strong>_</strong></span> <span class='ocrx_word' id='word_1_728' title='bbox 2764 4697 2771 4700; x_wconf 24' lang='grc' dir='ltr'><strong><em>Α</em></strong></span> <span class='ocrx_word' id='word_1_729' title='bbox 3109 4698 3120 4700; x_wconf 74' lang='lat'><strong><em>_</em></strong></span> <span class='ocrx_word' id='word_1_730' title='bbox 3288 4680 3402 4700; x_wconf 36' lang='grc' dir='ltr'><strong>ης,</strong></span> <span class='ocrx_word' id='word_1_731' title='bbox 3441 4681 3724 4700; x_wconf 46' lang='grc' dir='ltr'><strong>,μμ-,ιη</strong></span> 
     </span>
    </p>
   </div>
   <div class='ocr_carea' id='block_1_104' title="bbox 2129 4680 3730 4761">
    <p class='ocr_par' dir='ltr' id='par_1_104' title="bbox 2129 4680 3730 4761">
     <span class='ocr_line' id='line_1_105' title="bbox 2129 4680 3730 4761; baseline -0.01 -9"><span class='ocrx_word' id='word_1_732' title='bbox 2129 4699 2245 4752; x_wconf 74' lang='lat' dir='ltr'><strong>haec</strong></span> <span class='ocrx_word' id='word_1_733' title='bbox 2270 4696 2458 4750; x_wconf 80' lang='lat' dir='ltr'><strong>eadem</strong></span> <span class='ocrx_word' id='word_1_734' title='bbox 2491 4697 2862 4761; x_wconf 75' lang='lat' dir='ltr'><strong>suggerentes,</strong></span> <span class='ocrx_word' id='word_1_735' title='bbox 2897 4687 3149 4756; x_wconf 76' lang='lat' dir='ltr'><strong>petimus,</strong></span> <span class='ocrx_word' id='word_1_736' title='bbox 3182 4691 3240 4737; x_wconf 88' lang='lat' dir='ltr'><strong>ttt</strong></span> <span class='ocrx_word' id='word_1_737' title='bbox 3277 4680 3404 4752; x_wconf 89' lang='lat' dir='ltr'><strong>quid</strong></span> <span class='ocrx_word' id='word_1_738' title='bbox 3438 4684 3621 4752; x_wconf 89' lang='lat' dir='ltr'><strong>super&#39;</strong></span> <span class='ocrx_word' id='word_1_739' title='bbox 3642 4681 3730 4736; x_wconf 88' lang='lat' dir='ltr'><strong>his</strong></span> 
     </span>
    </p>
   </div>
   <div class='ocr_carea' id='block_1_105' title="bbox 2129 4772 3730 4846">
    <p class='ocr_par' dir='ltr' id='par_1_105' title="bbox 2129 4772 3730 4846">
     <span class='ocr_line' id='line_1_106' title="bbox 2129 4772 3730 4846; baseline -0.011 0"><span class='ocrx_word' id='word_1_740' title='bbox 2129 4789 2290 4846; x_wconf 90' lang='lat' dir='ltr'><strong>rebus</strong></span> <span class='ocrx_word' id='word_1_741' title='bbox 2317 4783 2712 4840; x_wconf 86' lang='lat' dir='ltr'><strong>observandum</strong></span> <span class='ocrx_word' id='word_1_742' title='bbox 2743 4780 2854 4842; x_wconf 89' lang='lat' dir='ltr'><strong>sit,</strong></span> <span class='ocrx_word' id='word_1_743' title='bbox 2900 4773 3210 4844; x_wconf 88' lang='lat' dir='ltr'><strong>apostolicis</strong></span> <span class='ocrx_word' id='word_1_744' title='bbox 3253 4772 3597 4829; x_wconf 88' lang='lat' dir='ltr'><strong>sermonibus</strong></span> <span class='ocrx_word' id='word_1_745' title='bbox 3625 4787 3730 4828; x_wconf 84' lang='lat' dir='ltr'><strong>nos</strong></span> 
     </span>
    </p>
   </div>
   <div class='ocr_carea' id='block_1_106' title="bbox 2127 4862 3738 4946">
    <p class='ocr_par' dir='ltr' id='par_1_106' title="bbox 2127 4862 3738 4946">
     <span class='ocr_line' id='line_1_107' title="bbox 2127 4862 3738 4946; baseline -0.011 -11"><span class='ocrx_word' id='word_1_746' title='bbox 2127 4877 2419 4946; x_wconf 82' lang='lat' dir='ltr'><strong>dignemini</strong></span> <span class='ocrx_word' id='word_1_747' title='bbox 2444 4877 2754 4930; x_wconf 80' lang='lat' dir='ltr'><strong>informare.</strong></span> <span class='ocrx_word' id='word_1_748' title='bbox 2783 4869 2850 4924; x_wconf 84' lang='lat' dir='ltr'><strong>Et</strong></span> <span class='ocrx_word' id='word_1_749' title='bbox 2872 4882 2938 4921; x_wconf 90' lang='lat' dir='ltr'><strong>ne</strong></span> <span class='ocrx_word' id='word_1_750' title='bbox 2969 4865 3190 4919; x_wconf 87' lang='lat' dir='ltr'><strong>forsitan</strong></span> <span class='ocrx_word' id='word_1_751' title='bbox 3221 4879 3319 4934; x_wconf 88' lang='lat' dir='ltr'><strong>per</strong></span> <span class='ocrx_word' id='word_1_752' title='bbox 3349 4862 3738 4933; x_wconf 82' lang='lat' dir='ltr'><strong>negligentiam</strong></span> 
     </span>
    </p>
   </div>
   <div class='ocr_carea' id='block_1_107' title="bbox 2127 4954 3730 5043">
    <p class='ocr_par' dir='ltr' id='par_1_107' title="bbox 2127 4954 3730 5043">
     <span class='ocr_line' id='line_1_108' title="bbox 2127 4954 3730 5043; baseline -0.01 -16"><span class='ocrx_word' id='word_1_753' title='bbox 2127 4970 2444 5043; x_wconf 82' lang='lat' dir='ltr'><strong>portitoris,</strong></span> <span class='ocrx_word' id='word_1_754' title='bbox 2477 4975 2569 5020; x_wconf 89' lang='lat' dir='ltr'><strong>aut</strong></span> <span class='ocrx_word' id='word_1_755' title='bbox 2613 4978 2708 5034; x_wconf 90' lang='lat' dir='ltr'><strong>per</strong></span> <span class='ocrx_word' id='word_1_756' title='bbox 2757 4958 3027 5030; x_wconf 86' lang='lat' dir='ltr'><strong>longinqui</strong></span> <span class='ocrx_word' id='word_1_757' title='bbox 3077 4956 3285 5011; x_wconf 88' lang='lat' dir='ltr'><strong>itineris</strong></span> <span class='ocrx_word' id='word_1_758' title='bbox 3330 4954 3730 5022; x_wconf 83' lang='lat' dir='ltr'><strong>difficultatem,</strong></span> 
     </span>
    </p>
   </div>
   <div class='ocr_carea' id='block_1_108' title="bbox 2133 5171 3736 5252">
    <p class='ocr_par' dir='ltr' id='par_1_108' title="bbox 2133 5171 3736 5252">
     <span class='ocr_line' id='line_1_109' title="bbox 2133 5171 3736 5252; baseline -0.016 -7"><span class='ocrx_word' id='word_1_759' title='bbox 2133 5193 2251 5245; x_wconf 87' lang='lat' dir='ltr'><strong>loco</strong></span> <span class='ocrx_word' id='word_1_760' title='bbox 2267 5187 2512 5246; x_wconf 85' lang='lat' dir='ltr'><strong>recitata,</strong></span> <span class='ocrx_word' id='word_1_761' title='bbox 2526 5183 2700 5252; x_wconf 89' lang='lat' dir='ltr'><strong>primo</strong></span> <span class='ocrx_word' id='word_1_762' title='bbox 2713 5177 2901 5252; x_wconf 81' lang='lat' dir='ltr'><strong>ordine</strong></span> <span class='ocrx_word' id='word_1_763' title='bbox 2918 5173 3109 5252; x_wconf 76' lang='lat' dir='ltr'><strong>merito</strong></span> <span class='ocrx_word' id='word_1_764' title='bbox 3122 5171 3384 5252; x_wconf 75' lang='lat' dir='ltr'><strong>collocata</strong></span> <span class='ocrx_word' id='word_1_765' title='bbox 3404 5174 3520 5252; x_wconf 77' lang='lat' dir='ltr'><strong>fuit.</strong></span> <span class='ocrx_word' id='word_1_766' title='bbox 3536 5174 3736 5234; x_wconf 83' lang='lat' dir='ltr'><strong>Accla.</strong></span> 
     </span>
    </p>
   </div>
   <div class='ocr_carea' id='block_1_109' title="bbox 2133 5243 3737 5322">
    <p class='ocr_par' dir='ltr' id='par_1_109' title="bbox 2133 5243 3737 5322">
     <span class='ocr_line' id='line_1_110' title="bbox 2133 5243 3737 5322; baseline 0.017 -43"><span class='ocrx_word' id='word_1_767' title='bbox 2133 5243 2397 5316; x_wconf 44' lang='lat' dir='ltr'><strong>ﬁnitiones</strong></span> <span class='ocrx_word' id='word_1_768' title='bbox 2419 5243 2787 5322; x_wconf 48' lang='grc' dir='ltr'><strong>ρνίζξοροηιηι</strong></span> <span class='ocrx_word' id='word_1_769' title='bbox 2815 5245 3027 5322; x_wconf 66' lang='grc' dir='ltr'><strong>Ιειςιῑὶοιιί</strong></span> <span class='ocrx_word' id='word_1_770' title='bbox 3047 5245 3204 5322; x_wconf 46' lang='grc' dir='ltr'><strong>ὴλῄιιε</strong></span> <span class='ocrx_word' id='word_1_771' title='bbox 3225 5243 3737 5322; x_wconf 44' lang='lat' dir='ltr'><strong>epistolaeninterpo-</strong></span> 
     </span>
    </p>
   </div>
   <div class='ocr_carea' id='block_1_110' title="bbox 2134 5315 3734 5392">
    <p class='ocr_par' dir='ltr' id='par_1_110' title="bbox 2134 5315 3734 5392">
     <span class='ocr_line' id='line_1_111' title="bbox 2134 5315 3734 5392; baseline -0.013 -5"><span class='ocrx_word' id='word_1_772' title='bbox 2134 5315 2263 5387; x_wconf 82' lang='lat' dir='ltr'><strong>sitas</strong></span> <span class='ocrx_word' id='word_1_773' title='bbox 2286 5327 2422 5382; x_wconf 82' lang='lat' dir='ltr'><strong>infra</strong></span> <span class='ocrx_word' id='word_1_774' title='bbox 2443 5315 2846 5392; x_wconf 78' lang='lat' dir='ltr'><strong>designabimus</strong></span> <span class='ocrx_word' id='word_1_775' title='bbox 2867 5318 2917 5392; x_wconf 78' lang='lat' dir='ltr'><strong>iu</strong></span> <span class='ocrx_word' id='word_1_776' title='bbox 2944 5315 3196 5392; x_wconf 71' lang='lat' dir='ltr'><strong>prmdic&#39;o</strong></span> <span class='ocrx_word' id='word_1_777' title='bbox 3217 5315 3734 5392; x_wconf 32' lang='lat' dir='ltr'><strong>CODCiIi‘ORjilnanﬂ.</strong></span> 
     </span>
    </p>
   </div>
   <div class='ocr_carea' id='block_1_111' title="bbox 2137 5385 3740 5465">
    <p class='ocr_par' dir='ltr' id='par_1_111' title="bbox 2137 5385 3740 5465">
     <span class='ocr_line' id='line_1_112' title="bbox 2137 5385 3740 5465; baseline -0.016 -9"><span class='ocrx_word' id='word_1_778' title='bbox 2137 5385 2431 5456; x_wconf 73' lang='lat' dir='ltr'><strong>litetnoratu</strong></span> <span class='ocrx_word' id='word_1_779' title='bbox 2458 5385 2616 5465; x_wconf 57' lang='lat' dir='ltr'><strong>digu&#39;a</strong></span> <span class='ocrx_word' id='word_1_780' title='bbox 2638 5393 2743 5446; x_wconf 90' lang='lat' dir='ltr'><strong>duo</strong></span> <span class='ocrx_word' id='word_1_781' title='bbox 2765 5387 3024 5465; x_wconf 84' lang='lat' dir='ltr'><strong>continet.</strong></span> <span class='ocrx_word' id='word_1_782' title='bbox 3060 5386 3258 5465; x_wconf 58' lang='lat' dir='ltr'><strong>tinum,</strong></span> <span class='ocrx_word' id='word_1_783' title='bbox 3279 5385 3422 5465; x_wconf 75' lang='lat' dir='ltr'><strong>quod</strong></span> <span class='ocrx_word' id='word_1_784' title='bbox 3449 5387 3528 5465; x_wconf 70' lang='lat' dir='ltr'><strong>ad</strong></span> <span class='ocrx_word' id='word_1_785' title='bbox 3543 5387 3740 5443; x_wconf 71' lang='lat' dir='ltr'><strong>Roma-</strong></span> 
     </span>
    </p>
   </div>
   <div class='ocr_carea' id='block_1_112' title="bbox 2139 5456 3741 5528">
    <p class='ocr_par' dir='ltr' id='par_1_112' title="bbox 2139 5456 3741 5528">
     <span class='ocr_line' id='line_1_113' title="bbox 2139 5456 3741 5528; baseline -0.009 -2"><span class='ocrx_word' id='word_1_786' title='bbox 2139 5487 2261 5527; x_wconf 86' lang='lat' dir='ltr'><strong>nam</strong></span> <span class='ocrx_word' id='word_1_787' title='bbox 2295 5470 2476 5524; x_wconf 81' lang='lat' dir='ltr'><strong>sedem</strong></span> <span class='ocrx_word' id='word_1_788' title='bbox 2510 5456 2710 5521; x_wconf 59' lang='lat' dir='ltr'><strong>tantum</strong></span> <span class='ocrx_word' id='word_1_789' title='bbox 2743 5461 3005 5528; x_wconf 80' lang='lat' dir='ltr'><strong>pertineat</strong></span> <span class='ocrx_word' id='word_1_790' title='bbox 3048 5456 3362 5522; x_wconf 87' lang='lat' dir='ltr'><strong>dispensare</strong></span> <span class='ocrx_word' id='word_1_791' title='bbox 3411 5456 3464 5510; x_wconf 92' lang='lat' dir='ltr'><strong>in</strong></span> <span class='ocrx_word' id='word_1_792' title='bbox 3497 5458 3584 5522; x_wconf 88' lang='lat' dir='ltr'><strong>iis,</strong></span> <span class='ocrx_word' id='word_1_793' title='bbox 3614 5474 3741 5527; x_wconf 79' lang='lat' dir='ltr'><strong>qua:</strong></span> 
     </span>
    </p>
   </div>
   <div class='ocr_carea' id='block_1_113' title="bbox 2137 5528 3735 5599">
    <p class='ocr_par' dir='ltr' id='par_1_113' title="bbox 2137 5528 3735 5599">
     <span class='ocr_line' id='line_1_114' title="bbox 2137 5528 3735 5599; baseline -0.011 -1"><span class='ocrx_word' id='word_1_794' title='bbox 2137 5553 2326 5598; x_wconf 89' lang='lat' dir='ltr'><strong>contra</strong></span> <span class='ocrx_word' id='word_1_795' title='bbox 2378 5551 2616 5594; x_wconf 87' lang='lat' dir='ltr'><strong>canones</strong></span> <span class='ocrx_word' id='word_1_796' title='bbox 2667 5536 2986 5599; x_wconf 63' lang='lat' dir='ltr'><strong>praesumpta</strong></span> <span class='ocrx_word' id='word_1_797' title='bbox 3037 5539 3164 5580; x_wconf 84' lang='lat' dir='ltr'><strong>sunt</strong></span> <span class='ocrx_word' id='word_1_798' title='bbox 3208 5544 3219 5580; x_wconf 91' lang='lat'>:</span> <span class='ocrx_word' id='word_1_799' title='bbox 3265 5528 3538 5590; x_wconf 87' lang='lat' dir='ltr'><strong>alterum,</strong></span> <span class='ocrx_word' id='word_1_800' title='bbox 3586 5530 3735 5593; x_wconf 87' lang='lat' dir='ltr'><strong>quod</strong></span> 
     </span>
    </p>
   </div>
   <div class='ocr_carea' id='block_1_114' title="bbox 2143 5599 3740 5675">
    <p class='ocr_par' dir='ltr' id='par_1_114' title="bbox 2143 5599 3740 5675">
     <span class='ocr_line' id='line_1_115' title="bbox 2143 5599 3740 5675; baseline -0.01 -7"><span class='ocrx_word' id='word_1_801' title='bbox 2143 5614 2338 5668; x_wconf 86' lang='lat' dir='ltr'><strong>nullius</strong></span> <span class='ocrx_word' id='word_1_802' title='bbox 2366 5608 2582 5663; x_wconf 87' lang='lat' dir='ltr'><strong>concilii</strong></span> <span class='ocrx_word' id='word_1_803' title='bbox 2614 5599 2958 5675; x_wconf 67' lang='lat' dir='ltr'><strong>provincialis</strong></span> <span class='ocrx_word' id='word_1_804' title='bbox 2985 5605 3144 5675; x_wconf 85' lang='lat' dir='ltr'><strong>_tanl:t</strong></span> <span class='ocrx_word' id='word_1_805' title='bbox 3196 5606 3279 5653; x_wconf 60' lang='lat' dir='ltr'><strong>est</strong></span> <span class='ocrx_word' id='word_1_806' title='bbox 3325 5599 3646 5675; x_wconf 75' lang='lat' dir='ltr'><strong>auctoritas,</strong></span> <span class='ocrx_word' id='word_1_807' title='bbox 3681 5608 3740 5652; x_wconf 86' lang='lat' dir='ltr'><strong>ut</strong></span> 
     </span>
    </p>
   </div>
   <div class='ocr_carea' id='block_1_115' title="bbox 2143 5667 3736 5809">
    <p class='ocr_par' dir='ltr' id='par_1_115' title="bbox 2143 5667 3736 5809">
     <span class='ocr_line' id='line_1_116' title="bbox 2143 5667 3736 5809; baseline -0.01 -71"><span class='ocrx_word' id='word_1_808' title='bbox 2143 5682 2445 5809; x_wconf 55' lang='lat' dir='ltr'><strong>iétconsulta</strong></span> <span class='ocrx_word' id='word_1_809' title='bbox 2472 5667 2917 5742; x_wconf 49' lang='lat' dir='ltr'><strong>scde‘apostoiica</strong></span> <span class='ocrx_word' id='word_1_810' title='bbox 2949 5667 2998 5721; x_wconf 90' lang='lat' dir='ltr'><strong>id</strong></span> <span class='ocrx_word' id='word_1_811' title='bbox 3033 5678 3290 5736; x_wconf 69' lang='lat' dir='ltr'><strong>praestare</strong></span> <span class='ocrx_word' id='word_1_812' title='bbox 3321 5667 3573 5738; x_wconf 86' lang='lat' dir='ltr'><strong>potuerit.</strong></span> <span class='ocrx_word' id='word_1_813' title='bbox 3601 5669 3736 5724; x_wconf 63' lang='grc' dir='ltr'><strong>δεῖ.</strong></span> 
     </span>
     <span class='ocr_line' id='line_1_117' title="bbox 2192 5768 2344 5807; baseline -0.02 -1"><span class='ocrx_word' id='word_1_814' title='bbox 2192 5772 2224 5806; x_wconf 92' lang='lat' dir='ltr'><strong>I‘</strong></span> <span class='ocrx_word' id='word_1_815' title='bbox 2243 5768 2344 5807; x_wconf 86' lang='lat' dir='ltr'><strong>tus.</strong></span> 
     </span>
    </p>
   </div>
   <div class='ocr_carea' id='block_1_116' title="bbox 2192 5768 2344 5807">
    <p class='ocr_par' dir='ltr' id='par_1_116' title="bbox 2192 5768 2344 5807">
     <span class='ocr_line' id='line_1_118' title="bbox 2192 5768 2344 5807; baseline -0.02 -1"><span class='ocrx_word' id='word_1_816' title='bbox 2192 5768 2344 5807; x_wconf 77' lang='lat' dir='ltr'><strong>I‘IUS.</strong></span> 
     </span>
    </p>
   </div>
  </div>
