  <div class='ocr_page' id='page_1' title='image "/cluster/home/n/w/nwhite01/storage/ocr_20150623/58/hvd.32044073505109/014.png"; bbox 0 0 4022 6168; ppageno 0'>
   <div class='ocr_carea' id='block_1_1' title="bbox 321 348 1899 412">
    <p class='ocr_par' dir='ltr' id='par_1_1' title="bbox 321 348 1899 412">
     <span class='ocr_line' id='line_1_1' title="bbox 321 348 1899 412; baseline -0.002 0"><span class='ocrx_word' id='word_1_1' title='bbox 321 356 389 412; x_wconf 78' lang='grc' dir='ltr'><em>Π</em></span> <span class='ocrx_word' id='word_1_2' title='bbox 1737 348 1899 409; x_wconf 79' lang='lat' dir='ltr'><strong>EPIS&#39;</strong></span> 
     </span>
    </p>
   </div>
   <div class='ocr_carea' id='block_1_2' title="bbox 2009 348 3601 412">
    <p class='ocr_par' dir='ltr' id='par_1_2' title="bbox 2009 348 3601 407">
     <span class='ocr_line' id='line_1_2' title="bbox 2009 348 3601 407; baseline 0.001 -1"><span class='ocrx_word' id='word_1_3' title='bbox 2009 350 2067 406; x_wconf 65' lang='lat' dir='ltr'><strong>LA</strong></span> <span class='ocrx_word' id='word_1_4' title='bbox 2109 348 2169 407; x_wconf 82' lang='lat' dir='ltr'><strong>ll.</strong></span> <span class='ocrx_word' id='word_1_5' title='bbox 3533 352 3601 407; x_wconf 64' lang='grc' dir='ltr'><strong>(θ’</strong></span> 
     </span>
    </p>
   </div>
   <div class='ocr_carea' id='block_1_3' title="bbox 316 466 3583 539">
    <p class='ocr_par' dir='ltr' id='par_1_3' title="bbox 316 466 3583 539">
     <span class='ocr_line' id='line_1_3' title="bbox 316 466 3583 539; baseline -0.002 -10"><span class='ocrx_word' id='word_1_6' title='bbox 316 474 628 529; x_wconf 82' lang='lat' dir='ltr'><strong>humilitatis</strong></span> <span class='ocrx_word' id='word_1_7' title='bbox 678 476 874 523; x_wconf 61' lang='lat' dir='ltr'><strong>nostra:</strong></span> <span class='ocrx_word' id='word_1_8' title='bbox 902 468 966 521; x_wconf 86' lang='lat' dir='ltr'><strong>ad</strong></span> <span class='ocrx_word' id='word_1_9' title='bbox 1011 483 1105 522; x_wconf 61' lang='lat' dir='ltr'><strong>viis</strong></span> <span class='ocrx_word' id='word_1_10' title='bbox 1147 466 1339 536; x_wconf 82' lang='lat' dir='ltr'><strong>scripta</strong></span> <span class='ocrx_word' id='word_1_11' title='bbox 1385 481 1489 521; x_wconf 89' lang='lat' dir='ltr'><strong>non</strong></span> <span class='ocrx_word' id='word_1_12' title='bbox 1538 468 1899 535; x_wconf 78' lang='lat' dir='ltr'><strong>potucrintex</strong></span> <span class='ocrx_word' id='word_1_13' title='bbox 1932 473 1980 531; x_wconf 79' lang='grc' dir='ltr'>Α</span> <span class='ocrx_word' id='word_1_14' title='bbox 2009 478 2167 539; x_wconf 84' lang='lat' dir='ltr'><strong>atque</strong></span> <span class='ocrx_word' id='word_1_15' title='bbox 2216 483 2536 522; x_wconf 67' lang='lat' dir='ltr'><strong>consensum</strong></span> <span class='ocrx_word' id='word_1_16' title='bbox 2585 470 2763 522; x_wconf 74' lang='grc' dir='ltr'><strong>[ιήῑιῖε</strong></span> <span class='ocrx_word' id='word_1_17' title='bbox 2808 470 3021 524; x_wconf 76' lang='lat' dir='ltr'><strong>Ascanii</strong></span> <span class='ocrx_word' id='word_1_18' title='bbox 3074 469 3467 539; x_wconf 85' lang='lat' dir='ltr'><strong>metropolitani</strong></span> <span class='ocrx_word' id='word_1_19' title='bbox 3501 469 3583 521; x_wconf 85' lang='lat' dir='ltr'><strong>ali-</strong></span> 
     </span>
    </p>
   </div>
   <div class='ocr_carea' id='block_1_4' title="bbox 316 560 1901 631">
    <p class='ocr_par' dir='ltr' id='par_1_4' title="bbox 316 560 1901 631">
     <span class='ocr_line' id='line_1_4' title="bbox 316 560 1901 631; baseline -0.003 -12"><span class='ocrx_word' id='word_1_20' title='bbox 316 569 416 619; x_wconf 76' lang='lat' dir='ltr'><strong>hoc</strong></span> <span class='ocrx_word' id='word_1_21' title='bbox 456 563 675 631; x_wconf 84' lang='lat' dir='ltr'><strong>negotio</strong></span> <span class='ocrx_word' id='word_1_22' title='bbox 705 564 1006 631; x_wconf 80' lang='lat' dir='ltr'><strong>pervenire,</strong></span> <span class='ocrx_word' id='word_1_23' title='bbox 1038 561 1198 613; x_wconf 78' lang='lat' dir='ltr'><strong>etiam</strong></span> <span class='ocrx_word' id='word_1_24' title='bbox 1232 560 1629 627; x_wconf 71' lang='lat' dir='ltr'><strong>suggestionem</strong></span> <span class='ocrx_word' id='word_1_25' title='bbox 1665 572 1901 615; x_wconf 83' lang='lat' dir='ltr'><strong>nostrain</strong></span> 
     </span>
    </p>
   </div>
   <div class='ocr_carea' id='block_1_5' title="bbox 313 651 1907 720">
    <p class='ocr_par' dir='ltr' id='par_1_5' title="bbox 313 651 1907 720">
     <span class='ocr_line' id='line_1_5' title="bbox 313 651 1907 720; baseline -0.003 -10"><span class='ocrx_word' id='word_1_26' title='bbox 313 656 600 710; x_wconf 77' lang='lat' dir='ltr'><strong>maluimus</strong></span> <span class='ocrx_word' id='word_1_27' title='bbox 629 656 845 708; x_wconf 85' lang='lat' dir='ltr'><strong>iterare.</strong></span> <span class='ocrx_word' id='word_1_28' title='bbox 879 652 944 704; x_wconf 72' lang='lat' dir='ltr'><strong>I&#39;It</strong></span> <span class='ocrx_word' id='word_1_29' title='bbox 977 651 1575 720; x_wconf 74' lang='lat' dir='ltr'><strong>subsn&#39;t&#39;ptio:0rantetn</strong></span> <span class='ocrx_word' id='word_1_30' title='bbox 1610 662 1705 717; x_wconf 80' lang='lat' dir='ltr'><strong>pro</strong></span> <span class='ocrx_word' id='word_1_31' title='bbox 1746 651 1907 706; x_wconf 90' lang='lat' dir='ltr'><strong>nobis</strong></span> 
     </span>
    </p>
   </div>
   <div class='ocr_carea' id='block_1_6' title="bbox 312 743 1905 813">
    <p class='ocr_par' dir='ltr' id='par_1_6' title="bbox 312 743 1905 813">
     <span class='ocr_line' id='line_1_6' title="bbox 312 743 1905 813; baseline -0.003 -14"><span class='ocrx_word' id='word_1_32' title='bbox 312 757 556 800; x_wconf 68' lang='lat' dir='ltr'><strong>sanetum</strong></span> <span class='ocrx_word' id='word_1_33' title='bbox 606 745 962 813; x_wconf 80' lang='lat' dir='ltr'><strong>apostolatum</strong></span> <span class='ocrx_word' id='word_1_34' title='bbox 1008 750 1247 795; x_wconf 81' lang='lat' dir='ltr'><strong>vestrum</strong></span> <span class='ocrx_word' id='word_1_35' title='bbox 1277 743 1387 812; x_wconf 79' lang='lat' dir='ltr'><strong>jngi</strong></span> <span class='ocrx_word' id='word_1_36' title='bbox 1420 758 1535 795; x_wconf 62' lang='lat' dir='ltr'><strong>aevo</strong></span> <span class='ocrx_word' id='word_1_37' title='bbox 1565 743 1747 795; x_wconf 82' lang='lat' dir='ltr'><strong>divina</strong></span> <span class='ocrx_word' id='word_1_38' title='bbox 1776 758 1905 795; x_wconf 88' lang='lat' dir='ltr'><strong>con-</strong></span> 
     </span>
    </p>
   </div>
   <div class='ocr_carea' id='block_1_7' title="bbox 312 835 1901 905">
    <p class='ocr_par' dir='ltr' id='par_1_7' title="bbox 312 835 1901 905">
     <span class='ocr_line' id='line_1_7' title="bbox 312 835 1901 905; baseline -0.001 -15"><span class='ocrx_word' id='word_1_39' title='bbox 312 850 489 892; x_wconf 65' lang='lat' dir='ltr'><strong>wrvet</strong></span> <span class='ocrx_word' id='word_1_40' title='bbox 535 838 812 891; x_wconf 77' lang='lat' dir='ltr'><strong>a-teniitas</strong></span> <span class='ocrx_word' id='word_1_41' title='bbox 858 839 1010 889; x_wconf 83' lang='lat' dir='ltr'><strong>nobis</strong></span> <span class='ocrx_word' id='word_1_42' title='bbox 1055 836 1307 888; x_wconf 85' lang='lat' dir='ltr'><strong>omnibus</strong></span> <span class='ocrx_word' id='word_1_43' title='bbox 1353 844 1407 888; x_wconf 73' lang='lat' dir='ltr'><strong>et</strong></span> <span class='ocrx_word' id='word_1_44' title='bbox 1456 835 1712 889; x_wconf 75' lang='lat' dir='ltr'><strong>Ecclesiae</strong></span> <span class='ocrx_word' id='word_1_45' title='bbox 1758 850 1901 905; x_wconf 75' lang='lat' dir='ltr'><strong>sine,</strong></span> 
     </span>
    </p>
   </div>
   <div class='ocr_carea' id='block_1_8' title="bbox 261 920 1817 1034">
    <p class='ocr_par' dir='ltr' id='par_1_8' title="bbox 261 920 1817 1034">
     <span class='ocr_line' id='line_1_8' title="bbox 261 920 1817 1034; baseline -0.001 -52"><span class='ocrx_word' id='word_1_46' title='bbox 311 930 526 983; x_wconf 78' lang='lat' dir='ltr'><strong>domine</strong></span> <span class='ocrx_word' id='word_1_47' title='bbox 550 939 675 982; x_wconf 83' lang='lat' dir='ltr'><strong>vere</strong></span> <span class='ocrx_word' id='word_1_48' title='bbox 706 924 1028 999; x_wconf 73' lang='lat' dir='ltr'><strong>[uenerande]</strong></span> <span class='ocrx_word' id='word_1_49' title='bbox 1056 934 1238 980; x_wconf 85' lang='lat' dir='ltr'><strong>noster</strong></span> <span class='ocrx_word' id='word_1_50' title='bbox 1263 938 1315 981; x_wconf 87' lang='lat' dir='ltr'><strong>et</strong></span> <span class='ocrx_word' id='word_1_51' title='bbox 1341 928 1635 996; x_wconf 77' lang='lat' dir='ltr'><strong>apostolice</strong></span> <span class='ocrx_word' id='word_1_52' title='bbox 1666 943 1817 995; x_wconf 79' lang='lat' dir='ltr'><strong>papa.</strong></span> 
     </span>
    </p>
   </div>
   <div class='ocr_carea' id='block_1_9' title="bbox 274 1077 1335 1141">
    <p class='ocr_par' dir='ltr' id='par_1_9' title="bbox 274 1077 1335 1141">
     <span class='ocr_line' id='line_1_9' title="bbox 274 1077 1335 1141; baseline -0.001 -2"><span class='ocrx_word' id='word_1_53' title='bbox 274 1077 283 1111; x_wconf 65' lang='grc'>³</span> <span class='ocrx_word' id='word_1_54' title='bbox 900 1080 1230 1141; x_wconf 80' lang='lat' dir='ltr'><strong>EPISTULA</strong></span> <span class='ocrx_word' id='word_1_55' title='bbox 1275 1086 1335 1139; x_wconf 90' lang='lat' dir='ltr'><strong>ll.</strong></span> 
     </span>
    </p>
   </div>
   <div class='ocr_carea' id='block_1_10' title="bbox 309 1206 1904 1259">
    <p class='ocr_par' dir='ltr' id='par_1_10' title="bbox 309 1206 1904 1259">
     <span class='ocr_line' id='line_1_10' title="bbox 309 1206 1904 1259; baseline -0.001 -5"><span class='ocrx_word' id='word_1_56' title='bbox 309 1216 494 1259; x_wconf 69' lang='lat' dir='ltr'><strong>RILARI</strong></span> <span class='ocrx_word' id='word_1_57' title='bbox 528 1210 677 1255; x_wconf 59' lang='grc' dir='ltr'><strong>ΡΔΡΒ</strong></span> <span class='ocrx_word' id='word_1_58' title='bbox 717 1213 786 1253; x_wconf 76' lang='grc' dir='ltr'><strong>Δί)</strong></span> <span class='ocrx_word' id='word_1_59' title='bbox 825 1213 1082 1251; x_wconf 70' lang='lat' dir='ltr'><strong>ASCANII&#39;II</strong></span> <span class='ocrx_word' id='word_1_60' title='bbox 1122 1212 1191 1251; x_wconf 77' lang='lat' dir='ltr'><strong>ET</strong></span> <span class='ocrx_word' id='word_1_61' title='bbox 1232 1208 1485 1258; x_wconf 72' lang='lat' dir='ltr'><strong>RELIQUOS</strong></span> <span class='ocrx_word' id='word_1_62' title='bbox 1522 1206 1904 1253; x_wconf 50' lang='lat' dir='ltr'><strong>TLMIACONEN&quot;</strong></span> 
     </span>
    </p>
   </div>
   <div class='ocr_carea' id='block_1_11' title="bbox 742 1283 1483 1323">
    <p class='ocr_par' dir='ltr' id='par_1_11' title="bbox 742 1283 1483 1323">
     <span class='ocr_line' id='line_1_11' title="bbox 742 1283 1483 1323; baseline -0.001 -2"><span class='ocrx_word' id='word_1_63' title='bbox 742 1284 818 1323; x_wconf 74' lang='grc'><strong>818</strong></span> <span class='ocrx_word' id='word_1_64' title='bbox 856 1283 1146 1322; x_wconf 62' lang='grc' dir='ltr'><strong>Ριιονικωιε</strong></span> <span class='ocrx_word' id='word_1_65' title='bbox 1189 1283 1483 1322; x_wconf 71' lang='grc' dir='ltr'><strong>ειηδεοροε.</strong></span> 
     </span>
    </p>
   </div>
   <div class='ocr_carea' id='block_1_12' title="bbox 311 1362 1905 1433">
    <p class='ocr_par' dir='ltr' id='par_1_12' title="bbox 311 1362 1905 1433">
     <span class='ocr_line' id='line_1_12' title="bbox 311 1362 1905 1433; baseline -0.003 -16"><span class='ocrx_word' id='word_1_66' title='bbox 311 1362 363 1417; x_wconf 85' lang='lat' dir='ltr'><strong>I.</strong></span> <span class='ocrx_word' id='word_1_67' title='bbox 409 1363 477 1418; x_wconf 86' lang='lat' dir='ltr'><strong>Ut</strong></span> <span class='ocrx_word' id='word_1_68' title='bbox 507 1363 683 1416; x_wconf 71' lang='lat' dir='ltr'><strong>nullus</strong></span> <span class='ocrx_word' id='word_1_69' title='bbox 711 1364 819 1416; x_wconf 80' lang='lat' dir='ltr'><strong>sine</strong></span> <span class='ocrx_word' id='word_1_70' title='bbox 850 1379 1097 1416; x_wconf 79' lang='lat' dir='ltr'><strong>consensu</strong></span> <span class='ocrx_word' id='word_1_71' title='bbox 1134 1363 1355 1433; x_wconf 79' lang='lat' dir='ltr'><strong>epierpi</strong></span> <span class='ocrx_word' id='word_1_72' title='bbox 1379 1362 1755 1432; x_wconf 71' lang='lat' dir='ltr'><strong>inc-&#39;mpolitani</strong></span> <span class='ocrx_word' id='word_1_73' title='bbox 1794 1363 1905 1431; x_wconf 82' lang='lat' dir='ltr'><strong>cpi-</strong></span> 
     </span>
    </p>
   </div>
   <div class='ocr_carea' id='block_1_13' title="bbox 378 1436 870 1496">
    <p class='ocr_par' dir='ltr' id='par_1_13' title="bbox 378 1436 870 1496">
     <span class='ocr_line' id='line_1_13' title="bbox 378 1436 870 1496; baseline -0.002 -11"><span class='ocrx_word' id='word_1_74' title='bbox 378 1451 562 1496; x_wconf 78' lang='lat' dir='ltr'><strong>scopus</strong></span> <span class='ocrx_word' id='word_1_75' title='bbox 588 1436 870 1486; x_wconf 73' lang='lat' dir='ltr'><strong>ordinetur.</strong></span> 
     </span>
    </p>
   </div>
   <div class='ocr_carea' id='block_1_14' title="bbox 310 1498 1906 1573">
    <p class='ocr_par' dir='ltr' id='par_1_14' title="bbox 310 1498 1906 1573">
     <span class='ocr_line' id='line_1_14' title="bbox 310 1498 1906 1573; baseline -0.001 -16"><span class='ocrx_word' id='word_1_76' title='bbox 310 1503 392 1558; x_wconf 81' lang='grc'><strong>11.</strong></span> <span class='ocrx_word' id='word_1_77' title='bbox 441 1504 507 1558; x_wconf 86' lang='lat' dir='ltr'><strong>Ut</strong></span> <span class='ocrx_word' id='word_1_78' title='bbox 536 1506 710 1557; x_wconf 83' lang='lat' dir='ltr'><strong>nullus</strong></span> <span class='ocrx_word' id='word_1_79' title='bbox 738 1506 1110 1573; x_wconf 78' lang='lat' dir='ltr'><strong>episc0porunt,</strong></span> <span class='ocrx_word' id='word_1_80' title='bbox 1134 1498 1307 1555; x_wconf 67' lang='lat' dir='ltr'><strong>relicta</strong></span> <span class='ocrx_word' id='word_1_81' title='bbox 1340 1504 1546 1572; x_wconf 66' lang='lat' dir='ltr'><strong>praprin</strong></span> <span class='ocrx_word' id='word_1_82' title='bbox 1568 1502 1816 1565; x_wconf 75' lang='lat' dir='ltr'><strong>Ecclesia,</strong></span> <span class='ocrx_word' id='word_1_83' title='bbox 1839 1502 1906 1555; x_wconf 82' lang='lat' dir='ltr'><strong>ad</strong></span> 
     </span>
    </p>
   </div>
   <div class='ocr_carea' id='block_1_15' title="bbox 378 1578 813 1628">
    <p class='ocr_par' dir='ltr' id='par_1_15' title="bbox 378 1578 813 1628">
     <span class='ocr_line' id='line_1_15' title="bbox 378 1578 813 1628; baseline 0 -1"><span class='ocrx_word' id='word_1_84' title='bbox 378 1578 536 1628; x_wconf 77' lang='lat' dir='ltr'><strong>aliam</strong></span> <span class='ocrx_word' id='word_1_85' title='bbox 568 1586 813 1627; x_wconf 82' lang='lat' dir='ltr'><strong>transeat.</strong></span> 
     </span>
    </p>
   </div>
   <div class='ocr_carea' id='block_1_16' title="bbox 308 1642 1907 1704">
    <p class='ocr_par' dir='ltr' id='par_1_16' title="bbox 308 1642 1907 1704">
     <span class='ocr_line' id='line_1_16' title="bbox 308 1642 1907 1704; baseline -0.002 -5"><span class='ocrx_word' id='word_1_86' title='bbox 308 1645 427 1700; x_wconf 83' lang='grc' dir='ltr'><strong>ΙΙΙ.</strong></span> <span class='ocrx_word' id='word_1_87' title='bbox 473 1645 539 1699; x_wconf 82' lang='lat' dir='ltr'><strong>Ut</strong></span> <span class='ocrx_word' id='word_1_88' title='bbox 583 1645 815 1698; x_wconf 59' lang='lat' dir='ltr'><strong>[renatus</strong></span> <span class='ocrx_word' id='word_1_89' title='bbox 849 1654 1070 1698; x_wconf 81' lang='lat' dir='ltr'><strong>remotus</strong></span> <span class='ocrx_word' id='word_1_90' title='bbox 1101 1660 1132 1696; x_wconf 90' lang='lat' dir='ltr'><strong>a</strong></span> <span class='ocrx_word' id='word_1_91' title='bbox 1161 1642 1528 1697; x_wconf 83' lang='lat' dir='ltr'><strong>Barcinonensi</strong></span> <span class='ocrx_word' id='word_1_92' title='bbox 1559 1642 1709 1696; x_wconf 68' lang='lat' dir='ltr'><strong>Eccl:</strong></span> <span class='ocrx_word' id='word_1_93' title='bbox 1738 1645 1815 1704; x_wconf 81' lang='lat' dir='ltr'><strong>ia,</strong></span> <span class='ocrx_word' id='word_1_94' title='bbox 1838 1645 1907 1696; x_wconf 82' lang='lat' dir='ltr'><strong>ad</strong></span> 
     </span>
    </p>
   </div>
   <div class='ocr_carea' id='block_1_17' title="bbox 380 1720 971 1781">
    <p class='ocr_par' dir='ltr' id='par_1_17' title="bbox 380 1720 971 1781">
     <span class='ocr_line' id='line_1_17' title="bbox 380 1720 971 1781; baseline 0 -14"><span class='ocrx_word' id='word_1_95' title='bbox 380 1720 643 1781; x_wconf 82' lang='lat' dir='ltr'><strong>proprium</strong></span> <span class='ocrx_word' id='word_1_96' title='bbox 674 1726 971 1768; x_wconf 73' lang='lat' dir='ltr'><strong>revertatur.</strong></span> 
     </span>
    </p>
   </div>
   <div class='ocr_carea' id='block_1_18' title="bbox 312 1784 1897 1856">
    <p class='ocr_par' dir='ltr' id='par_1_18' title="bbox 312 1784 1897 1856">
     <span class='ocr_line' id='line_1_18' title="bbox 312 1784 1897 1856; baseline -0.002 -18"><span class='ocrx_word' id='word_1_97' title='bbox 312 1784 418 1841; x_wconf 75' lang='lat' dir='ltr'><strong>IV.</strong></span> <span class='ocrx_word' id='word_1_98' title='bbox 464 1787 537 1838; x_wconf 73' lang='lat' dir='ltr'><strong>De</strong></span> <span class='ocrx_word' id='word_1_99' title='bbox 563 1788 876 1856; x_wconf 71' lang='lat' dir='ltr'><strong>removendis</strong></span> <span class='ocrx_word' id='word_1_100' title='bbox 916 1785 1165 1856; x_wconf 80' lang='lat' dir='ltr'><strong>episCOpis</strong></span> <span class='ocrx_word' id='word_1_101' title='bbox 1194 1785 1279 1851; x_wconf 77' lang='lat' dir='ltr'><strong>qui</strong></span> <span class='ocrx_word' id='word_1_102' title='bbox 1302 1784 1476 1837; x_wconf 79' lang='lat' dir='ltr'><strong>illicite</strong></span> <span class='ocrx_word' id='word_1_103' title='bbox 1502 1784 1726 1837; x_wconf 77' lang='lat' dir='ltr'><strong>ordinati</strong></span> <span class='ocrx_word' id='word_1_104' title='bbox 1760 1794 1897 1847; x_wconf 85' lang='lat' dir='ltr'><strong>sunt,</strong></span> 
     </span>
    </p>
   </div>
   <div class='ocr_carea' id='block_1_19' title="bbox 379 1855 1693 1921">
    <p class='ocr_par' dir='ltr' id='par_1_19' title="bbox 379 1855 1693 1921">
     <span class='ocr_line' id='line_1_19' title="bbox 379 1855 1693 1921; baseline -0.001 -12"><span class='ocrx_word' id='word_1_105' title='bbox 379 1867 423 1910; x_wconf 80' lang='lat' dir='ltr'><strong>et</strong></span> <span class='ocrx_word' id='word_1_106' title='bbox 451 1872 513 1909; x_wconf 82' lang='lat' dir='ltr'><strong>ne</strong></span> <span class='ocrx_word' id='word_1_107' title='bbox 540 1858 595 1908; x_wconf 78' lang='lat' dir='ltr'><strong>in</strong></span> <span class='ocrx_word' id='word_1_108' title='bbox 628 1872 732 1909; x_wconf 84' lang='lat' dir='ltr'><strong>una</strong></span> <span class='ocrx_word' id='word_1_109' title='bbox 758 1855 988 1910; x_wconf 62' lang='lat' dir='ltr'><strong>Ecclesia</strong></span> <span class='ocrx_word' id='word_1_110' title='bbox 1018 1859 1117 1907; x_wconf 79' lang='lat' dir='ltr'><strong>duo</strong></span> <span class='ocrx_word' id='word_1_111' title='bbox 1139 1857 1363 1921; x_wconf 73' lang='lat' dir='ltr'><strong>episcopi</strong></span> <span class='ocrx_word' id='word_1_112' title='bbox 1394 1856 1693 1908; x_wconf 64' lang='lat' dir='ltr'><strong>habeantur.</strong></span> 
     </span>
    </p>
   </div>
   <div class='ocr_carea' id='block_1_20' title="bbox 317 1925 1897 1989">
    <p class='ocr_par' dir='ltr' id='par_1_20' title="bbox 317 1925 1897 1989">
     <span class='ocr_line' id='line_1_20' title="bbox 317 1925 1897 1989; baseline 0.001 -11"><span class='ocrx_word' id='word_1_113' title='bbox 317 1926 380 1981; x_wconf 70' lang='grc' dir='ltr'>ν.</span> <span class='ocrx_word' id='word_1_114' title='bbox 422 1926 498 1980; x_wconf 81' lang='lat' dir='ltr'><strong>De</strong></span> <span class='ocrx_word' id='word_1_115' title='bbox 535 1929 865 1980; x_wconf 76' lang='lat' dir='ltr'><strong>danmutione</strong></span> <span class='ocrx_word' id='word_1_116' title='bbox 906 1926 1114 1989; x_wconf 76' lang='lat' dir='ltr'><strong>lrenwi,</strong></span> <span class='ocrx_word' id='word_1_117' title='bbox 1156 1929 1199 1979; x_wconf 86' lang='lat' dir='ltr'><strong>si</strong></span> <span class='ocrx_word' id='word_1_118' title='bbox 1229 1927 1298 1979; x_wconf 86' lang='lat' dir='ltr'><strong>ad</strong></span> <span class='ocrx_word' id='word_1_119' title='bbox 1319 1943 1463 1979; x_wconf 74' lang='lat' dir='ltr'><strong>suam</strong></span> <span class='ocrx_word' id='word_1_120' title='bbox 1487 1925 1768 1980; x_wconf 71' lang='lat' dir='ltr'><strong>Ecclesium</strong></span> <span class='ocrx_word' id='word_1_121' title='bbox 1799 1943 1897 1979; x_wconf 87' lang='lat' dir='ltr'><strong>non</strong></span> 
     </span>
    </p>
   </div>
   <div class='ocr_carea' id='block_1_21' title="bbox 378 2010 676 2052">
    <p class='ocr_par' dir='ltr' id='par_1_21' title="bbox 378 2010 676 2052">
     <span class='ocr_line' id='line_1_21' title="bbox 378 2010 676 2052; baseline 0 -2"><span class='ocrx_word' id='word_1_122' title='bbox 378 2010 676 2052; x_wconf 66' lang='lat' dir='ltr'><strong>revertatur.</strong></span> 
     </span>
    </p>
   </div>
   <div class='ocr_carea' id='block_1_22' title="bbox 314 2110 1901 2192">
    <p class='ocr_par' dir='ltr' id='par_1_22' title="bbox 314 2110 1901 2192">
     <span class='ocr_line' id='line_1_22' title="bbox 314 2110 1901 2192; baseline -0.002 -27"><span class='ocrx_word' id='word_1_123' title='bbox 314 2111 515 2165; x_wconf 67' lang='lat' dir='ltr'><strong>Ililirns</strong></span> <span class='ocrx_word' id='word_1_124' title='bbox 541 2111 832 2181; x_wconf 80' lang='lat' dir='ltr'><strong>episcopus</strong></span> <span class='ocrx_word' id='word_1_125' title='bbox 854 2110 1085 2192; x_wconf 75' lang='lat' dir='ltr'><strong>Ascanio</strong></span> <span class='ocrx_word' id='word_1_126' title='bbox 1115 2120 1167 2164; x_wconf 85' lang='lat' dir='ltr'><strong>et</strong></span> <span class='ocrx_word' id='word_1_127' title='bbox 1197 2110 1459 2191; x_wconf 79' lang='lat' dir='ltr'><strong>universis</strong></span> <span class='ocrx_word' id='word_1_128' title='bbox 1484 2110 1748 2179; x_wconf 76' lang='lat' dir='ltr'><strong>ep&#39;scopis</strong></span> <span class='ocrx_word' id='word_1_129' title='bbox 1772 2110 1901 2163; x_wconf 83' lang='lat' dir='ltr'><strong>Tar-</strong></span> 
     </span>
    </p>
   </div>
   <div class='ocr_carea' id='block_1_23' title="bbox 776 2196 1427 2244">
    <p class='ocr_par' dir='ltr' id='par_1_23' title="bbox 776 2196 1427 2244">
     <span class='ocr_line' id='line_1_23' title="bbox 776 2196 1427 2244; baseline -0.003 -9"><span class='ocrx_word' id='word_1_130' title='bbox 776 2197 1087 2235; x_wconf 68' lang='lat' dir='ltr'><strong>I&#39;BCUIICHSIS</strong></span> <span class='ocrx_word' id='word_1_131' title='bbox 1119 2196 1427 2244; x_wconf 73' lang='lat' dir='ltr'><strong>provmcue.</strong></span> 
     </span>
    </p>
   </div>
   <div class='ocr_carea' id='block_1_24' title="bbox 381 2316 1897 2384">
    <p class='ocr_par' dir='ltr' id='par_1_24' title="bbox 381 2316 1897 2384">
     <span class='ocr_line' id='line_1_24' title="bbox 381 2316 1897 2384; baseline -0.003 -12"><span class='ocrx_word' id='word_1_132' title='bbox 381 2318 665 2384; x_wconf 73' lang='lat' dir='ltr'><strong>Postquam</strong></span> <span class='ocrx_word' id='word_1_133' title='bbox 718 2318 924 2371; x_wconf 76' lang='lat' dir='ltr'><strong>litteras</strong></span> <span class='ocrx_word' id='word_1_134' title='bbox 971 2330 1165 2370; x_wconf 54' lang='grc' dir='ltr'><strong>γεω-,υ</strong></span> <span class='ocrx_word' id='word_1_135' title='bbox 1222 2316 1524 2369; x_wconf 83' lang='lat' dir='ltr'><strong>dilectionis</strong></span> <span class='ocrx_word' id='word_1_136' title='bbox 1572 2316 1897 2383; x_wconf 82' lang='lat' dir='ltr'><strong>accepimus,</strong></span> 
     </span>
    </p>
   </div>
   <div class='ocr_carea' id='block_1_25' title="bbox 305 2407 1897 2479">
    <p class='ocr_par' dir='ltr' id='par_1_25' title="bbox 305 2407 1897 2479">
     <span class='ocr_line' id='line_1_25' title="bbox 305 2407 1897 2479; baseline -0.001 -18"><span class='ocrx_word' id='word_1_137' title='bbox 305 2410 499 2479; x_wconf 74' lang='lat' dir='ltr'><strong>quibus</strong></span> <span class='ocrx_word' id='word_1_138' title='bbox 521 2409 969 2475; x_wconf 64' lang='lat' dir='ltr'><strong>praesumptiones</strong></span> <span class='ocrx_word' id='word_1_139' title='bbox 987 2408 1185 2461; x_wconf 86' lang='lat' dir='ltr'><strong>Silvani</strong></span> <span class='ocrx_word' id='word_1_140' title='bbox 1210 2408 1444 2475; x_wconf 69' lang='lat' dir='ltr'><strong>episcopi</strong></span> <span class='ocrx_word' id='word_1_141' title='bbox 1461 2407 1897 2475; x_wconf 74' lang='lat' dir='ltr'><strong>(Zalagurensium</strong></span> 
     </span>
    </p>
   </div>
   <div class='ocr_carea' id='block_1_26' title="bbox 308 2499 1899 2568">
    <p class='ocr_par' dir='ltr' id='par_1_26' title="bbox 308 2499 1899 2568">
     <span class='ocr_line' id='line_1_26' title="bbox 308 2499 1899 2568; baseline -0.001 -15"><span class='ocrx_word' id='word_1_142' title='bbox 308 2500 567 2554; x_wconf 64' lang='lat' dir='ltr'><strong>Ecrlesia:</strong></span> <span class='ocrx_word' id='word_1_143' title='bbox 590 2500 801 2553; x_wconf 84' lang='lat' dir='ltr'><strong>rctundi</strong></span> <span class='ocrx_word' id='word_1_144' title='bbox 836 2500 1064 2568; x_wconf 83' lang='lat' dir='ltr'><strong>petistis,</strong></span> <span class='ocrx_word' id='word_1_145' title='bbox 1098 2510 1154 2554; x_wconf 91' lang='lat' dir='ltr'><strong>ct</strong></span> <span class='ocrx_word' id='word_1_146' title='bbox 1186 2512 1394 2553; x_wconf 87' lang='lat' dir='ltr'><strong>rursum</strong></span> <span class='ocrx_word' id='word_1_147' title='bbox 1424 2499 1899 2553; x_wconf 72' lang='lat' dir='ltr'><strong>Barcinonenslum</strong></span> 
     </span>
    </p>
   </div>
   <div class='ocr_carea' id='block_1_27' title="bbox 303 2592 1902 2660">
    <p class='ocr_par' dir='ltr' id='par_1_27' title="bbox 303 2592 1902 2660">
     <span class='ocr_line' id='line_1_27' title="bbox 303 2592 1902 2660; baseline 0 -15"><span class='ocrx_word' id='word_1_148' title='bbox 303 2594 544 2660; x_wconf 70' lang='lat' dir='ltr'><strong>qtimritis</strong></span> <span class='ocrx_word' id='word_1_149' title='bbox 572 2593 733 2646; x_wconf 89' lang='lat' dir='ltr'><strong>nimis</strong></span> <span class='ocrx_word' id='word_1_150' title='bbox 763 2593 947 2646; x_wconf 89' lang='lat' dir='ltr'><strong>illicita</strong></span> <span class='ocrx_word' id='word_1_151' title='bbox 978 2604 1098 2644; x_wconf 81' lang='lat' dir='ltr'><strong>vcta</strong></span> <span class='ocrx_word' id='word_1_152' title='bbox 1148 2592 1347 2645; x_wconf 82' lang='lat' dir='ltr'><strong>ﬁrmari</strong></span> <span class='ocrx_word' id='word_1_153' title='bbox 1391 2610 1404 2645; x_wconf 75' lang='grc' dir='ltr'><em>τ</em></span> <span class='ocrx_word' id='word_1_154' title='bbox 1434 2592 1815 2645; x_wconf 81' lang='lat' dir='ltr'><strong>honoratorum</strong></span> <span class='ocrx_word' id='word_1_155' title='bbox 1848 2592 1902 2645; x_wconf 81' lang='lat' dir='ltr'><strong>ct</strong></span> 
     </span>
    </p>
   </div>
   <div class='ocr_carea' id='block_1_28' title="bbox 302 2683 1903 2754">
    <p class='ocr_par' dir='ltr' id='par_1_28' title="bbox 302 2683 1903 2754">
     <span class='ocr_line' id='line_1_28' title="bbox 302 2683 1903 2754; baseline -0.001 -16"><span class='ocrx_word' id='word_1_156' title='bbox 302 2700 676 2754; x_wconf 49' lang='lat' dir='ltr'><strong>possessorum</strong></span> <span class='ocrx_word' id='word_1_157' title='bbox 706 2685 1229 2746; x_wconf 81' lang='lat' dir='ltr'><strong>Turiassoncntinm,</strong></span> <span class='ocrx_word' id='word_1_158' title='bbox 1259 2693 1285 2721; x_wconf 70' lang='grc'>³</span> <span class='ocrx_word' id='word_1_159' title='bbox 1322 2683 1713 2738; x_wconf 80' lang='lat' dir='ltr'><strong>Culcanlesium</strong></span> <span class='ocrx_word' id='word_1_160' title='bbox 1738 2727 1752 2751; x_wconf 91' lang='lat'><strong>,</strong></span> <span class='ocrx_word' id='word_1_161' title='bbox 1800 2684 1903 2737; x_wconf 86' lang='lat' dir='ltr'><strong>Ca-</strong></span> 
     </span>
    </p>
   </div>
   <div class='ocr_carea' id='block_1_29' title="bbox 302 2776 1900 2847">
    <p class='ocr_par' dir='ltr' id='par_1_29' title="bbox 302 2776 1900 2847">
     <span class='ocr_line' id='line_1_29' title="bbox 302 2776 1900 2847; baseline -0.002 -15"><span class='ocrx_word' id='word_1_162' title='bbox 302 2779 755 2847; x_wconf 73' lang='lat' dir='ltr'><strong>lagurritanorum,</strong></span> <span class='ocrx_word' id='word_1_163' title='bbox 791 2777 1188 2847; x_wconf 79' lang='lat' dir='ltr'><strong>Virgilieusinm</strong></span> <span class='ocrx_word' id='word_1_164' title='bbox 1224 2778 1264 2841; x_wconf 76' lang='grc' dir='ltr'><strong>ί,</strong></span> <span class='ocrx_word' id='word_1_165' title='bbox 1298 2777 1678 2837; x_wconf 88' lang='lat' dir='ltr'><strong>Triciensium,</strong></span> <span class='ocrx_word' id='word_1_166' title='bbox 1710 2776 1900 2844; x_wconf 83' lang='lat' dir='ltr'><strong>Legio-</strong></span> 
     </span>
    </p>
   </div>
   <div class='ocr_carea' id='block_1_30' title="bbox 302 2867 1903 2936">
    <p class='ocr_par' dir='ltr' id='par_1_30' title="bbox 302 2867 1903 2936">
     <span class='ocr_line' id='line_1_30' title="bbox 302 2867 1903 2936; baseline -0.001 -12"><span class='ocrx_word' id='word_1_167' title='bbox 302 2874 553 2924; x_wconf 89' lang='lat' dir='ltr'><strong>ncnsium</strong></span> <span class='ocrx_word' id='word_1_168' title='bbox 585 2879 639 2924; x_wconf 87' lang='lat' dir='ltr'><strong>et</strong></span> <span class='ocrx_word' id='word_1_169' title='bbox 666 2870 1070 2923; x_wconf 84' lang='lat' dir='ltr'><strong>Civitatensium</strong></span> <span class='ocrx_word' id='word_1_170' title='bbox 1093 2911 1107 2934; x_wconf 91' lang='lat'><strong>,</strong></span> <span class='ocrx_word' id='word_1_171' title='bbox 1156 2884 1278 2923; x_wconf 89' lang='lat' dir='ltr'><strong>cum</strong></span> <span class='ocrx_word' id='word_1_172' title='bbox 1311 2867 1793 2936; x_wconf 85' lang='lat' dir='ltr'><strong>subscriptionihus</strong></span> <span class='ocrx_word' id='word_1_173' title='bbox 1820 2867 1903 2922; x_wconf 89' lang='lat' dir='ltr'><strong>di-</strong></span> 
     </span>
    </p>
   </div>
   <div class='ocr_carea' id='block_1_31' title="bbox 304 2959 1901 3028">
    <p class='ocr_par' dir='ltr' id='par_1_31' title="bbox 304 2959 1901 3028">
     <span class='ocr_line' id='line_1_31' title="bbox 304 2959 1901 3028; baseline 0.001 -15"><span class='ocrx_word' id='word_1_174' title='bbox 304 2974 607 3028; x_wconf 59' lang='lat' dir='ltr'><strong>uersorum,</strong></span> <span class='ocrx_word' id='word_1_175' title='bbox 642 2963 849 3015; x_wconf 73' lang='lat' dir='ltr'><strong>litteras</strong></span> <span class='ocrx_word' id='word_1_176' title='bbox 878 2960 1032 3014; x_wconf 89' lang='lat' dir='ltr'><strong>nobis</strong></span> <span class='ocrx_word' id='word_1_177' title='bbox 1062 2968 1271 3015; x_wconf 88' lang='lat' dir='ltr'><strong>constat</strong></span> <span class='ocrx_word' id='word_1_178' title='bbox 1301 2959 1537 3027; x_wconf 81' lang='lat' dir='ltr'><strong>ingestas</strong></span> <span class='ocrx_word' id='word_1_179' title='bbox 1573 2974 1589 3013; x_wconf 88' lang='lat'>:</span> <span class='ocrx_word' id='word_1_180' title='bbox 1632 2975 1727 3027; x_wconf 87' lang='lat' dir='ltr'><strong>per</strong></span> <span class='ocrx_word' id='word_1_181' title='bbox 1770 2968 1901 3027; x_wconf 87' lang='lat' dir='ltr'><strong>quas</strong></span> 
     </span>
    </p>
   </div>
   <div class='ocr_carea' id='block_1_32' title="bbox 304 3050 1897 3122">
    <p class='ocr_par' dir='ltr' id='par_1_32' title="bbox 304 3050 1897 3122">
     <span class='ocr_line' id='line_1_32' title="bbox 304 3050 1897 3122; baseline -0.004 -12"><span class='ocrx_word' id='word_1_182' title='bbox 304 3054 353 3110; x_wconf 75' lang='lat' dir='ltr'><strong>id</strong></span> <span class='ocrx_word' id='word_1_183' title='bbox 406 3054 548 3120; x_wconf 80' lang='lat' dir='ltr'><strong>quod</strong></span> <span class='ocrx_word' id='word_1_184' title='bbox 594 3054 663 3109; x_wconf 87' lang='lat' dir='ltr'><strong>de</strong></span> <span class='ocrx_word' id='word_1_185' title='bbox 710 3053 929 3108; x_wconf 82' lang='lat' dir='ltr'><strong>Silvano</strong></span> <span class='ocrx_word' id='word_1_186' title='bbox 977 3050 1192 3122; x_wconf 83' lang='lat' dir='ltr'><strong>querela</strong></span> <span class='ocrx_word' id='word_1_187' title='bbox 1243 3062 1421 3105; x_wconf 86' lang='lat' dir='ltr'><strong>vestra</strong></span> <span class='ocrx_word' id='word_1_188' title='bbox 1471 3051 1897 3119; x_wconf 88' lang='lat' dir='ltr'><strong>deprompserat,</strong></span> 
     </span>
    </p>
   </div>
   <div class='ocr_carea' id='block_1_33' title="bbox 303 3145 1899 3216">
    <p class='ocr_par' dir='ltr' id='par_1_33' title="bbox 303 3145 1899 3216">
     <span class='ocr_line' id='line_1_33' title="bbox 303 3145 1899 3216; baseline -0.003 -13"><span class='ocrx_word' id='word_1_189' title='bbox 303 3150 658 3203; x_wconf 74' lang='lat' dir='ltr'><strong>excusabant.</strong></span> <span class='ocrx_word' id='word_1_190' title='bbox 723 3148 829 3205; x_wconf 75' lang='lat' dir='ltr'><strong>Sed</strong></span> <span class='ocrx_word' id='word_1_191' title='bbox 889 3146 1304 3216; x_wconf 85' lang='lat' dir='ltr'><strong>reprehensione</strong></span> <span class='ocrx_word' id='word_1_192' title='bbox 1355 3145 1649 3214; x_wconf 85' lang='lat' dir='ltr'><strong>justissima</strong></span> <span class='ocrx_word' id='word_1_193' title='bbox 1712 3160 1899 3199; x_wconf 86' lang='lat' dir='ltr'><strong>eorum</strong></span> 
     </span>
    </p>
   </div>
   <div class='ocr_carea' id='block_1_34' title="bbox 303 3227 1973 3313">
    <p class='ocr_par' dir='ltr' id='par_1_34' title="bbox 303 3227 1973 3313">
     <span class='ocr_line' id='line_1_34' title="bbox 303 3227 1973 3313; baseline -0.005 -16"><span class='ocrx_word' id='word_1_194' title='bbox 303 3243 507 3313; x_wconf 85' lang='lat' dir='ltr'><strong>pariter</strong></span> <span class='ocrx_word' id='word_1_195' title='bbox 544 3241 573 3281; x_wconf 65' lang='grc' dir='ltr'>δ</span> <span class='ocrx_word' id='word_1_196' title='bbox 606 3242 746 3309; x_wconf 87' lang='lat' dir='ltr'><strong>justa</strong></span> <span class='ocrx_word' id='word_1_197' title='bbox 791 3240 1041 3309; x_wconf 84' lang='lat' dir='ltr'><strong>allegatio</strong></span> <span class='ocrx_word' id='word_1_198' title='bbox 1085 3255 1189 3293; x_wconf 91' lang='lat' dir='ltr'><strong>non</strong></span> <span class='ocrx_word' id='word_1_199' title='bbox 1234 3239 1490 3303; x_wconf 87' lang='lat' dir='ltr'><strong>carebat;</strong></span> <span class='ocrx_word' id='word_1_200' title='bbox 1533 3238 1652 3306; x_wconf 85' lang='lat' dir='ltr'><strong>quia</strong></span> <span class='ocrx_word' id='word_1_201' title='bbox 1703 3227 1973 3308; x_wconf 82' lang='lat' dir='ltr'><strong>praeterC</strong></span> 
     </span>
    </p>
   </div>
   <div class='ocr_carea' id='block_1_35' title="bbox 303 3333 1903 3403">
    <p class='ocr_par' dir='ltr' id='par_1_35' title="bbox 303 3333 1903 3403">
     <span class='ocr_line' id='line_1_35' title="bbox 303 3333 1903 3403; baseline -0.004 -12"><span class='ocrx_word' id='word_1_202' title='bbox 303 3336 694 3391; x_wconf 77' lang='lat' dir='ltr'><strong>eooscieniiam</strong></span> <span class='ocrx_word' id='word_1_203' title='bbox 756 3334 1201 3402; x_wconf 81' lang='lat' dir='ltr'><strong>metropolitani,</strong></span> <span class='ocrx_word' id='word_1_204' title='bbox 1261 3333 1444 3386; x_wconf 78' lang='lat' dir='ltr'><strong>fratris</strong></span> <span class='ocrx_word' id='word_1_205' title='bbox 1495 3342 1548 3386; x_wconf 91' lang='lat' dir='ltr'><strong>et</strong></span> <span class='ocrx_word' id='word_1_206' title='bbox 1597 3333 1903 3403; x_wconf 64' lang='lat' dir='ltr'><strong>corpiscopi</strong></span> 
     </span>
    </p>
   </div>
   <div class='ocr_carea' id='block_1_36' title="bbox 304 3423 1904 3486">
    <p class='ocr_par' dir='ltr' id='par_1_36' title="bbox 304 3423 1904 3486">
     <span class='ocr_line' id='line_1_36' title="bbox 304 3423 1904 3486; baseline -0.001 -5"><span class='ocrx_word' id='word_1_207' title='bbox 304 3430 477 3481; x_wconf 82' lang='lat' dir='ltr'><strong>nostri</strong></span> <span class='ocrx_word' id='word_1_208' title='bbox 508 3427 745 3486; x_wconf 81' lang='lat' dir='ltr'><strong>Ascanii.</strong></span> <span class='ocrx_word' id='word_1_209' title='bbox 775 3426 1047 3480; x_wconf 87' lang='lat' dir='ltr'><strong>nonnullis</strong></span> <span class='ocrx_word' id='word_1_210' title='bbox 1073 3424 1379 3479; x_wconf 84' lang='lat' dir='ltr'><strong>civitatibus</strong></span> <span class='ocrx_word' id='word_1_211' title='bbox 1407 3424 1682 3479; x_wconf 64' lang='lat' dir='ltr'><strong>ordinatOe</strong></span> <span class='ocrx_word' id='word_1_212' title='bbox 1710 3423 1904 3479; x_wconf 84' lang='lat' dir='ltr'><strong>claruit</strong></span> 
     </span>
    </p>
   </div>
   <div class='ocr_carea' id='block_1_37' title="bbox 305 3515 1901 3585">
    <p class='ocr_par' dir='ltr' id='par_1_37' title="bbox 305 3515 1901 3585">
     <span class='ocr_line' id='line_1_37' title="bbox 305 3515 1901 3585; baseline -0.001 -14"><span class='ocrx_word' id='word_1_213' title='bbox 305 3518 640 3572; x_wconf 82' lang='lat' dir='ltr'><strong>sacerdotes.</strong></span> <span class='ocrx_word' id='word_1_214' title='bbox 674 3525 697 3556; x_wconf 71' lang='grc'>⁸</span> <span class='ocrx_word' id='word_1_215' title='bbox 728 3516 878 3571; x_wconf 84' lang='lat' dir='ltr'><strong>Unde</strong></span> <span class='ocrx_word' id='word_1_216' title='bbox 904 3558 919 3581; x_wconf 90' lang='lat'><strong>,</strong></span> <span class='ocrx_word' id='word_1_217' title='bbox 966 3518 1217 3585; x_wconf 89' lang='lat' dir='ltr'><strong>quoniam</strong></span> <span class='ocrx_word' id='word_1_218' title='bbox 1256 3515 1511 3585; x_wconf 88' lang='lat' dir='ltr'><strong>quidquid</strong></span> <span class='ocrx_word' id='word_1_219' title='bbox 1543 3516 1610 3569; x_wconf 91' lang='lat' dir='ltr'><strong>ab</strong></span> <span class='ocrx_word' id='word_1_220' title='bbox 1646 3517 1901 3571; x_wconf 84' lang='lat' dir='ltr'><strong>alterutra</strong></span> 
     </span>
    </p>
   </div>
   <div class='ocr_carea' id='block_1_38' title="bbox 307 3609 1900 3676">
    <p class='ocr_par' dir='ltr' id='par_1_38' title="bbox 307 3609 1900 3676">
     <span class='ocr_line' id='line_1_38' title="bbox 307 3609 1900 3676; baseline 0 -16"><span class='ocrx_word' id='word_1_221' title='bbox 307 3622 459 3676; x_wconf 84' lang='lat' dir='ltr'><strong>parte</strong></span> <span class='ocrx_word' id='word_1_222' title='bbox 490 3620 575 3663; x_wconf 88' lang='lat' dir='ltr'><strong>est</strong></span> <span class='ocrx_word' id='word_1_223' title='bbox 603 3610 918 3672; x_wconf 87' lang='lat' dir='ltr'><strong>iudicatum,</strong></span> <span class='ocrx_word' id='word_1_224' title='bbox 948 3609 1091 3661; x_wconf 87' lang='lat' dir='ltr'><strong>omni</strong></span> <span class='ocrx_word' id='word_1_225' title='bbox 1125 3609 1364 3661; x_wconf 73' lang='lat' dir='ltr'><strong>videmus</strong></span> <span class='ocrx_word' id='word_1_226' title='bbox 1398 3610 1745 3675; x_wconf 72' lang='lat' dir='ltr'><strong>perversitate</strong></span> <span class='ocrx_word' id='word_1_227' title='bbox 1774 3622 1900 3661; x_wconf 80' lang='lat' dir='ltr'><strong>coii-</strong></span> 
     </span>
    </p>
   </div>
   <div class='ocr_carea' id='block_1_39' title="bbox 307 3696 1904 3769">
    <p class='ocr_par' dir='ltr' id='par_1_39' title="bbox 307 3696 1904 3769">
     <span class='ocr_line' id='line_1_39' title="bbox 307 3696 1904 3769; baseline -0.001 -16"><span class='ocrx_word' id='word_1_228' title='bbox 307 3696 527 3766; x_wconf 76' lang='lat' dir='ltr'><strong>fusum,</strong></span> <span class='ocrx_word' id='word_1_229' title='bbox 579 3711 877 3768; x_wconf 88' lang='lat' dir='ltr'><strong>temporum</strong></span> <span class='ocrx_word' id='word_1_230' title='bbox 928 3700 1247 3754; x_wconf 84' lang='lat' dir='ltr'><strong>necessitate</strong></span> <span class='ocrx_word' id='word_1_231' title='bbox 1293 3710 1615 3769; x_wconf 80' lang='lat' dir='ltr'><strong>perspecta,</strong></span> <span class='ocrx_word' id='word_1_232' title='bbox 1668 3700 1769 3755; x_wconf 90' lang='lat' dir='ltr'><strong>hac</strong></span> <span class='ocrx_word' id='word_1_233' title='bbox 1821 3714 1904 3752; x_wconf 86' lang='lat' dir='ltr'><strong>ra-</strong></span> 
     </span>
    </p>
   </div>
   <div class='ocr_carea' id='block_1_40' title="bbox 307 3789 1904 3858">
    <p class='ocr_par' dir='ltr' id='par_1_40' title="bbox 307 3789 1904 3858">
     <span class='ocr_line' id='line_1_40' title="bbox 307 3789 1904 3858; baseline -0.002 -12"><span class='ocrx_word' id='word_1_234' title='bbox 307 3793 455 3846; x_wconf 82' lang='lat' dir='ltr'><strong>tione</strong></span> <span class='ocrx_word' id='word_1_235' title='bbox 482 3790 825 3846; x_wconf 85' lang='lat' dir='ltr'><strong>decernimus</strong></span> <span class='ocrx_word' id='word_1_236' title='bbox 862 3791 925 3843; x_wconf 89' lang='lat' dir='ltr'><strong>ad</strong></span> <span class='ocrx_word' id='word_1_237' title='bbox 962 3790 1169 3844; x_wconf 88' lang='lat' dir='ltr'><strong>veniam</strong></span> <span class='ocrx_word' id='word_1_238' title='bbox 1211 3794 1480 3858; x_wconf 85' lang='lat' dir='ltr'><strong>pertinere</strong></span> <span class='ocrx_word' id='word_1_239' title='bbox 1530 3789 1668 3855; x_wconf 87' lang='lat' dir='ltr'><strong>quod</strong></span> <span class='ocrx_word' id='word_1_240' title='bbox 1698 3798 1904 3857; x_wconf 82' lang='lat' dir='ltr'><strong>gestum</strong></span> 
     </span>
    </p>
   </div>
   <div class='ocr_carea' id='block_1_41' title="bbox 303 3882 1905 3951">
    <p class='ocr_par' dir='ltr' id='par_1_41' title="bbox 303 3882 1905 3951">
     <span class='ocr_line' id='line_1_41' title="bbox 303 3882 1905 3951; baseline -0.002 -13"><span class='ocrx_word' id='word_1_241' title='bbox 303 3893 410 3949; x_wconf 76' lang='lat' dir='ltr'><strong>est,</strong></span> <span class='ocrx_word' id='word_1_242' title='bbox 461 3893 521 3938; x_wconf 92' lang='lat' dir='ltr'><strong>ut</strong></span> <span class='ocrx_word' id='word_1_243' title='bbox 568 3884 702 3937; x_wconf 86' lang='lat' dir='ltr'><strong>nihil</strong></span> <span class='ocrx_word' id='word_1_244' title='bbox 746 3883 998 3951; x_wconf 85' lang='lat' dir='ltr'><strong>deinceps</strong></span> <span class='ocrx_word' id='word_1_245' title='bbox 1043 3892 1226 3937; x_wconf 88' lang='lat' dir='ltr'><strong>eontra</strong></span> <span class='ocrx_word' id='word_1_246' title='bbox 1274 3890 1539 3951; x_wconf 55' lang='lat' dir='ltr'><strong>precepts</strong></span> <span class='ocrx_word' id='word_1_247' title='bbox 1590 3882 1726 3935; x_wconf 91' lang='lat' dir='ltr'><strong>beati</strong></span> <span class='ocrx_word' id='word_1_248' title='bbox 1773 3896 1905 3949; x_wconf 88' lang='lat' dir='ltr'><strong>apo-</strong></span> 
     </span>
    </p>
   </div>
   <div class='ocr_carea' id='block_1_42' title="bbox 304 3972 1901 4039">
    <p class='ocr_par' dir='ltr' id='par_1_42' title="bbox 304 3972 1901 4039">
     <span class='ocr_line' id='line_1_42' title="bbox 304 3972 1901 4039; baseline -0.002 -11"><span class='ocrx_word' id='word_1_249' title='bbox 304 3976 431 4028; x_wconf 84' lang='lat' dir='ltr'><strong>stoli</strong></span> <span class='ocrx_word' id='word_1_250' title='bbox 459 4017 473 4039; x_wconf 94' lang='lat'><strong>,</strong></span> <span class='ocrx_word' id='word_1_251' title='bbox 506 3975 640 4029; x_wconf 88' lang='lat' dir='ltr'><strong>nihil</strong></span> <span class='ocrx_word' id='word_1_252' title='bbox 669 3983 853 4030; x_wconf 84' lang='lat' dir='ltr'><strong>contra</strong></span> <span class='ocrx_word' id='word_1_253' title='bbox 884 3973 1217 4029; x_wconf 66' lang='lat' dir='ltr'><strong>Nicasnorum</strong></span> <span class='ocrx_word' id='word_1_254' title='bbox 1247 3988 1506 4027; x_wconf 76' lang='lat' dir='ltr'><strong>canonum</strong></span> <span class='ocrx_word' id='word_1_255' title='bbox 1550 3972 1901 4028; x_wconf 89' lang='lat' dir='ltr'><strong>constitutum</strong></span> 
     </span>
    </p>
   </div>
   <div class='ocr_carea' id='block_1_43' title="bbox 306 4074 566 4119">
    <p class='ocr_par' dir='ltr' id='par_1_43' title="bbox 306 4074 566 4119">
     <span class='ocr_line' id='line_1_43' title="bbox 306 4074 566 4119; baseline 0.004 -2"><span class='ocrx_word' id='word_1_256' title='bbox 306 4074 566 4119; x_wconf 61' lang='grc' dir='ltr'><strong>υιηῑεῑιιιι.</strong></span> 
     </span>
    </p>
   </div>
   <div class='ocr_carea' id='block_1_44' title="bbox 1087 4156 1129 4210">
    <p class='ocr_par' dir='ltr' id='par_1_44' title="bbox 1087 4156 1129 4210">
     <span class='ocr_line' id='line_1_44' title="bbox 1087 4156 1129 4210; baseline 0.024 -1"><span class='ocrx_word' id='word_1_257' title='bbox 1087 4156 1129 4210; x_wconf 84' lang='grc' dir='ltr'>Ι.</span> 
     </span>
    </p>
   </div>
   <div class='ocr_carea' id='block_1_45' title="bbox 379 4246 1905 4319">
    <p class='ocr_par' dir='ltr' id='par_1_45' title="bbox 379 4246 1905 4319">
     <span class='ocr_line' id='line_1_45' title="bbox 379 4246 1905 4319; baseline -0.001 -15"><span class='ocrx_word' id='word_1_258' title='bbox 379 4250 497 4304; x_wconf 78' lang='lat' dir='ltr'><strong>Hoc</strong></span> <span class='ocrx_word' id='word_1_259' title='bbox 541 4246 718 4305; x_wconf 70' lang='lat' dir='ltr'><strong>autem</strong></span> <span class='ocrx_word' id='word_1_260' title='bbox 754 4251 981 4319; x_wconf 90' lang='lat' dir='ltr'><strong>primum</strong></span> <span class='ocrx_word' id='word_1_261' title='bbox 1001 4290 1017 4313; x_wconf 93' lang='lat'><strong>,</strong></span> <span class='ocrx_word' id='word_1_262' title='bbox 1041 4248 1189 4319; x_wconf 79' lang='lat' dir='ltr'><strong>juxta</strong></span> <span class='ocrx_word' id='word_1_263' title='bbox 1219 4247 1530 4303; x_wconf 83' lang='lat' dir='ltr'><strong>earumdem</strong></span> <span class='ocrx_word' id='word_1_264' title='bbox 1568 4247 1787 4302; x_wconf 84' lang='lat' dir='ltr'><strong>Patrum</strong></span> <span class='ocrx_word' id='word_1_265' title='bbox 1818 4262 1905 4302; x_wconf 65' lang='lat' dir='ltr'><strong>re»</strong></span> 
     </span>
    </p>
   </div>
   <div class='ocr_carea' id='block_1_46' title="bbox 306 4338 1904 4411">
    <p class='ocr_par' dir='ltr' id='par_1_46' title="bbox 306 4338 1904 4411">
     <span class='ocr_line' id='line_1_46' title="bbox 306 4338 1904 4411; baseline -0.003 -16"><span class='ocrx_word' id='word_1_266' title='bbox 306 4343 485 4411; x_wconf 78' lang='lat' dir='ltr'><strong>gnlas,</strong></span> <span class='ocrx_word' id='word_1_267' title='bbox 513 4344 766 4397; x_wconf 80' lang='lat' dir='ltr'><strong>volumus</strong></span> <span class='ocrx_word' id='word_1_268' title='bbox 793 4341 1084 4406; x_wconf 88' lang='lat' dir='ltr'><strong>custodiri,</strong></span> <span class='ocrx_word' id='word_1_269' title='bbox 1117 4350 1175 4395; x_wconf 92' lang='lat' dir='ltr'><strong>ut</strong></span> <span class='ocrx_word' id='word_1_270' title='bbox 1207 4340 1387 4395; x_wconf 88' lang='lat' dir='ltr'><strong>nullus</strong></span> <span class='ocrx_word' id='word_1_271' title='bbox 1434 4350 1630 4409; x_wconf 63' lang='lat' dir='ltr'><strong>praeter</strong></span> <span class='ocrx_word' id='word_1_272' title='bbox 1658 4338 1904 4393; x_wconf 86' lang='lat' dir='ltr'><strong>notitiam</strong></span> 
     </span>
    </p>
   </div>
   <div class='ocr_carea' id='block_1_47' title="bbox 381 4495 1980 4568">
    <p class='ocr_par' dir='ltr' id='par_1_47' title="bbox 381 4495 1980 4568">
     <span class='ocr_line' id='line_1_47' title="bbox 381 4495 1980 4568; baseline -0.003 -16"><span class='ocrx_word' id='word_1_273' title='bbox 381 4508 409 4536; x_wconf 76' lang='grc'><em>³</em></span> <span class='ocrx_word' id='word_1_274' title='bbox 432 4497 567 4553; x_wconf 81' lang='lat' dir='ltr'><strong>Cod.</strong></span> <span class='ocrx_word' id='word_1_275' title='bbox 602 4498 761 4568; x_wconf 80' lang='lat' dir='ltr'><strong>Luc.,</strong></span> <span class='ocrx_word' id='word_1_276' title='bbox 803 4498 1201 4562; x_wconf 79' lang='lat' dir='ltr'><strong>Cascatensium,</strong></span> <span class='ocrx_word' id='word_1_277' title='bbox 1233 4495 1762 4568; x_wconf 70' lang='lat' dir='ltr'><strong>Calagurritanorum,</strong></span> <span class='ocrx_word' id='word_1_278' title='bbox 1796 4495 1904 4549; x_wconf 76' lang='grc' dir='ltr'><strong>να·</strong></span> <span class='ocrx_word' id='word_1_279' title='bbox 1933 4509 1980 4568; x_wconf 79' lang='grc' dir='ltr'><strong>ι)</strong></span> 
     </span>
    </p>
   </div>
   <div class='ocr_carea' id='block_1_48' title="bbox 308 4566 1902 4639">
    <p class='ocr_par' dir='ltr' id='par_1_48' title="bbox 308 4566 1902 4639">
     <span class='ocr_line' id='line_1_48' title="bbox 308 4566 1902 4639; baseline -0.001 -19"><span class='ocrx_word' id='word_1_280' title='bbox 308 4573 625 4639; x_wconf 69' lang='lat' dir='ltr'><strong>regentium,</strong></span> <span class='ocrx_word' id='word_1_281' title='bbox 660 4567 1010 4635; x_wconf 80' lang='lat' dir='ltr'><strong>Tritientium,</strong></span> <span class='ocrx_word' id='word_1_282' title='bbox 1045 4566 1380 4631; x_wconf 73' lang='lat' dir='ltr'><strong>Levienst&#39;um,</strong></span> <span class='ocrx_word' id='word_1_283' title='bbox 1409 4578 1457 4621; x_wconf 72' lang='lat' dir='ltr'><strong>et</strong></span> <span class='ocrx_word' id='word_1_284' title='bbox 1486 4566 1902 4621; x_wconf 79' lang='lat' dir='ltr'><strong>Derovicensium</strong></span> 
     </span>
    </p>
   </div>
   <div class='ocr_carea' id='block_1_49' title="bbox 310 4643 590 4694">
    <p class='ocr_par' dir='ltr' id='par_1_49' title="bbox 310 4643 590 4694">
     <span class='ocr_line' id='line_1_49' title="bbox 310 4643 590 4694; baseline 0.011 -3"><span class='ocrx_word' id='word_1_285' title='bbox 310 4643 590 4694; x_wconf 69' lang='lat' dir='ltr'><strong>civitatum.</strong></span> 
     </span>
    </p>
   </div>
   <div class='ocr_carea' id='block_1_50' title="bbox 383 4711 898 4777">
    <p class='ocr_par' dir='ltr' id='par_1_50' title="bbox 383 4711 898 4777">
     <span class='ocr_line' id='line_1_50' title="bbox 383 4711 898 4777; baseline -0.002 -12"><span class='ocrx_word' id='word_1_286' title='bbox 383 4711 413 4750; x_wconf 63' lang='grc' dir='ltr'>δ</span> <span class='ocrx_word' id='word_1_287' title='bbox 432 4712 567 4765; x_wconf 85' lang='lat' dir='ltr'><strong>Cod.</strong></span> <span class='ocrx_word' id='word_1_288' title='bbox 604 4712 757 4777; x_wconf 81' lang='lat' dir='ltr'><strong>Luc.,</strong></span> <span class='ocrx_word' id='word_1_289' title='bbox 778 4714 898 4765; x_wconf 80' lang='lat' dir='ltr'><strong>ista.</strong></span> 
     </span>
    </p>
   </div>
   <div class='ocr_carea' id='block_1_51' title="bbox 387 4782 940 4848">
    <p class='ocr_par' dir='ltr' id='par_1_51' title="bbox 387 4782 940 4848">
     <span class='ocr_line' id='line_1_51' title="bbox 387 4782 940 4848; baseline 0 -12"><span class='ocrx_word' id='word_1_290' title='bbox 387 4794 411 4819; x_wconf 73' lang='grc' dir='ltr'><strong>ο</strong></span> <span class='ocrx_word' id='word_1_291' title='bbox 440 4783 575 4836; x_wconf 90' lang='lat' dir='ltr'><strong>Cod.</strong></span> <span class='ocrx_word' id='word_1_292' title='bbox 600 4782 757 4848; x_wconf 89' lang='lat' dir='ltr'><strong>Luc.,</strong></span> <span class='ocrx_word' id='word_1_293' title='bbox 791 4782 940 4836; x_wconf 83' lang='lat' dir='ltr'><strong>Inde.</strong></span> 
     </span>
    </p>
   </div>
   <div class='ocr_carea' id='block_1_52' title="bbox 381 4851 942 4920">
    <p class='ocr_par' dir='ltr' id='par_1_52' title="bbox 381 4851 942 4920">
     <span class='ocr_line' id='line_1_52' title="bbox 381 4851 942 4920; baseline -0.004 -12"><span class='ocrx_word' id='word_1_294' title='bbox 381 4851 411 4889; x_wconf 67' lang='grc' dir='ltr'><em>δ</em></span> <span class='ocrx_word' id='word_1_295' title='bbox 434 4853 564 4908; x_wconf 86' lang='lat' dir='ltr'><strong>Cod.</strong></span> <span class='ocrx_word' id='word_1_296' title='bbox 594 4854 750 4920; x_wconf 88' lang='lat' dir='ltr'><strong>Luc.,</strong></span> <span class='ocrx_word' id='word_1_297' title='bbox 777 4870 942 4907; x_wconf 85' lang='lat' dir='ltr'><strong>suam.</strong></span> 
     </span>
    </p>
   </div>
   <div class='ocr_carea' id='block_1_53' title="bbox 250 4964 1895 5057">
    <p class='ocr_par' dir='ltr' id='par_1_53' title="bbox 250 4964 1895 5057">
     <span class='ocr_line' id='line_1_53' title="bbox 250 4964 1895 5057; baseline -0.002 -17"><span class='ocrx_word' id='word_1_298' title='bbox 250 4964 282 5027; x_wconf 53' lang='grc' dir='ltr'><strong>Ῠ*</strong></span> <span class='ocrx_word' id='word_1_299' title='bbox 392 4986 667 5057; x_wconf 56' lang='lat' dir='ltr'><strong>fDionys.</strong></span> <span class='ocrx_word' id='word_1_300' title='bbox 723 4983 1507 5057; x_wconf 27' lang='lat' dir='ltr'><strong>Varegentinm,‘Tritiensium,</strong></span> <span class='ocrx_word' id='word_1_301' title='bbox 1552 4982 1895 5051; x_wconf 80' lang='lat' dir='ltr'><strong>Liviensium,</strong></span> 
     </span>
    </p>
   </div>
   <div class='ocr_carea' id='block_1_54' title="bbox 266 5055 1297 5111">
    <p class='ocr_par' dir='ltr' id='par_1_54' title="bbox 266 5055 1297 5111">
     <span class='ocr_line' id='line_1_54' title="bbox 266 5055 1297 5111; baseline -0.007 0"><span class='ocrx_word' id='word_1_302' title='bbox 266 5083 276 5089; x_wconf 88' lang='lat'><strong><em>-</em></strong></span> <span class='ocrx_word' id='word_1_303' title='bbox 308 5068 359 5111; x_wconf 80' lang='lat' dir='ltr'><strong>et</strong></span> <span class='ocrx_word' id='word_1_304' title='bbox 398 5055 840 5111; x_wconf 76' lang='lat' dir='ltr'><strong>Veroviscensium</strong></span> <span class='ocrx_word' id='word_1_305' title='bbox 864 5058 1099 5110; x_wconf 77' lang='lat' dir='ltr'><strong>civitatis.</strong></span> <span class='ocrx_word' id='word_1_306' title='bbox 1127 5055 1297 5109; x_wconf 69' lang='lat' dir='ltr'><strong>llsnn.</strong></span> 
     </span>
    </p>
   </div>
   <div class='ocr_carea' id='block_1_55' title="bbox 260 5125 1893 5197">
    <p class='ocr_par' dir='ltr' id='par_1_55' title="bbox 260 5125 1893 5197">
     <span class='ocr_line' id='line_1_55' title="bbox 260 5125 1893 5197; baseline 0 -17"><span class='ocrx_word' id='word_1_307' title='bbox 260 5174 269 5197; x_wconf 42' lang='grc' dir='ltr'><em>τ</em></span> <span class='ocrx_word' id='word_1_308' title='bbox 385 5130 406 5158; x_wconf 86' lang='grc'><strong><em>²</em></strong></span> <span class='ocrx_word' id='word_1_309' title='bbox 440 5126 537 5182; x_wconf 84' lang='lat' dir='ltr'><strong>Per</strong></span> <span class='ocrx_word' id='word_1_310' title='bbox 561 5127 791 5181; x_wconf 85' lang='lat' dir='ltr'><strong>natalem</strong></span> <span class='ocrx_word' id='word_1_311' title='bbox 824 5127 963 5181; x_wconf 90' lang='lat' dir='ltr'><strong>diem</strong></span> <span class='ocrx_word' id='word_1_312' title='bbox 996 5127 1254 5193; x_wconf 82' lang='lat' dir='ltr'><strong>pontiﬁcis</strong></span> <span class='ocrx_word' id='word_1_313' title='bbox 1291 5125 1449 5180; x_wconf 64' lang='lat' dir='ltr'><strong>llulari</strong></span> <span class='ocrx_word' id='word_1_314' title='bbox 1488 5126 1724 5194; x_wconf 79' lang='lat' dir='ltr'><strong>iutellige</strong></span> <span class='ocrx_word' id='word_1_315' title='bbox 1753 5126 1893 5180; x_wconf 87' lang='lat' dir='ltr'><strong>diem</strong></span> 
     </span>
    </p>
   </div>
   <div class='ocr_carea' id='block_1_56' title="bbox 309 5198 1897 5264">
    <p class='ocr_par' dir='ltr' id='par_1_56' title="bbox 309 5198 1897 5264">
     <span class='ocr_line' id='line_1_56' title="bbox 309 5198 1897 5264; baseline 0.003 -17"><span class='ocrx_word' id='word_1_316' title='bbox 309 5199 668 5252; x_wconf 80' lang='lat' dir='ltr'><strong>ordinationis</strong></span> <span class='ocrx_word' id='word_1_317' title='bbox 706 5199 823 5252; x_wconf 76' lang='lat' dir='ltr'><strong>sive</strong></span> <span class='ocrx_word' id='word_1_318' title='bbox 855 5198 1151 5261; x_wconf 88' lang='lat' dir='ltr'><strong>electionis,</strong></span> <span class='ocrx_word' id='word_1_319' title='bbox 1189 5212 1295 5264; x_wconf 91' lang='lat' dir='ltr'><strong>quo</strong></span> <span class='ocrx_word' id='word_1_320' title='bbox 1338 5199 1390 5250; x_wconf 94' lang='lat' dir='ltr'><strong>in</strong></span> <span class='ocrx_word' id='word_1_321' title='bbox 1420 5212 1687 5251; x_wconf 90' lang='lat' dir='ltr'><strong>summum</strong></span> <span class='ocrx_word' id='word_1_322' title='bbox 1721 5198 1897 5264; x_wconf 89' lang='lat' dir='ltr'><strong>ponti-</strong></span> 
     </span>
    </p>
   </div>
   <div class='ocr_carea' id='block_1_57' title="bbox 310 5266 1895 5337">
    <p class='ocr_par' dir='ltr' id='par_1_57' title="bbox 310 5266 1895 5337">
     <span class='ocr_line' id='line_1_57' title="bbox 310 5266 1895 5337; baseline 0.001 -16"><span class='ocrx_word' id='word_1_323' title='bbox 310 5270 346 5321; x_wconf 79' lang='grc' dir='ltr'><strong>[ἱ</strong></span> <span class='ocrx_word' id='word_1_324' title='bbox 383 5284 469 5323; x_wconf 86' lang='lat' dir='ltr'><strong>em</strong></span> <span class='ocrx_word' id='word_1_325' title='bbox 493 5269 695 5324; x_wconf 87' lang='lat' dir='ltr'><strong>electus</strong></span> <span class='ocrx_word' id='word_1_326' title='bbox 733 5280 787 5323; x_wconf 90' lang='lat' dir='ltr'><strong>et</strong></span> <span class='ocrx_word' id='word_1_327' title='bbox 812 5281 1120 5337; x_wconf 82' lang='lat' dir='ltr'><strong>assumptus</strong></span> <span class='ocrx_word' id='word_1_328' title='bbox 1163 5269 1280 5323; x_wconf 89' lang='lat' dir='ltr'><strong>fuit.</strong></span> <span class='ocrx_word' id='word_1_329' title='bbox 1328 5268 1593 5323; x_wconf 88' lang='lat' dir='ltr'><strong>Solemnis</strong></span> <span class='ocrx_word' id='word_1_330' title='bbox 1618 5266 1760 5321; x_wconf 88' lang='lat' dir='ltr'><strong>enim</strong></span> <span class='ocrx_word' id='word_1_331' title='bbox 1796 5268 1895 5322; x_wconf 87' lang='lat' dir='ltr'><strong>hoc</strong></span> 
     </span>
    </p>
   </div>
   <div class='ocr_carea' id='block_1_58' title="bbox 311 5338 1895 5407">
    <p class='ocr_par' dir='ltr' id='par_1_58' title="bbox 311 5338 1895 5407">
     <span class='ocr_line' id='line_1_58' title="bbox 311 5338 1895 5407; baseline 0 -15"><span class='ocrx_word' id='word_1_332' title='bbox 311 5352 559 5407; x_wconf 84' lang='lat' dir='ltr'><strong>tempore</strong></span> <span class='ocrx_word' id='word_1_333' title='bbox 585 5342 919 5395; x_wconf 81' lang='lat' dir='ltr'><strong>consuetudo</strong></span> <span class='ocrx_word' id='word_1_334' title='bbox 948 5347 1085 5407; x_wconf 83' lang='lat' dir='ltr'><strong>erat,</strong></span> <span class='ocrx_word' id='word_1_335' title='bbox 1115 5350 1172 5392; x_wconf 89' lang='lat' dir='ltr'><strong>ut</strong></span> <span class='ocrx_word' id='word_1_336' title='bbox 1199 5341 1378 5407; x_wconf 90' lang='lat' dir='ltr'><strong>plures</strong></span> <span class='ocrx_word' id='word_1_337' title='bbox 1406 5338 1639 5406; x_wconf 76' lang='lat' dir='ltr'><strong>episcopi</strong></span> <span class='ocrx_word' id='word_1_338' title='bbox 1672 5339 1895 5407; x_wconf 83' lang='lat' dir='ltr'><strong>singulis</strong></span> 
     </span>
    </p>
   </div>
   <div class='ocr_carea' id='block_1_59' title="bbox 308 5408 1896 5476">
    <p class='ocr_par' dir='ltr' id='par_1_59' title="bbox 308 5408 1896 5476">
     <span class='ocr_line' id='line_1_59' title="bbox 308 5408 1896 5476; baseline 0.001 -14"><span class='ocrx_word' id='word_1_339' title='bbox 308 5410 472 5463; x_wconf 86' lang='lat' dir='ltr'><strong>annis</strong></span> <span class='ocrx_word' id='word_1_340' title='bbox 518 5413 741 5463; x_wconf 64' lang='lat' dir='ltr'><strong>Romam</strong></span> <span class='ocrx_word' id='word_1_341' title='bbox 777 5411 1149 5475; x_wconf 85' lang='lat' dir='ltr'><strong>convenirent,</strong></span> <span class='ocrx_word' id='word_1_342' title='bbox 1182 5424 1367 5476; x_wconf 75' lang='lat' dir='ltr'><strong>magna</strong></span> <span class='ocrx_word' id='word_1_343' title='bbox 1406 5424 1526 5463; x_wconf 89' lang='lat' dir='ltr'><strong>cum</strong></span> <span class='ocrx_word' id='word_1_344' title='bbox 1560 5408 1896 5464; x_wconf 81' lang='lat' dir='ltr'><strong>solemnitate</strong></span> 
     </span>
    </p>
   </div>
   <div class='ocr_carea' id='block_1_60' title="bbox 307 5480 1898 5551">
    <p class='ocr_par' dir='ltr' id='par_1_60' title="bbox 307 5480 1898 5551">
     <span class='ocr_line' id='line_1_60' title="bbox 307 5480 1898 5551; baseline -0.001 -16"><span class='ocrx_word' id='word_1_345' title='bbox 307 5480 629 5535; x_wconf 80' lang='lat' dir='ltr'><strong>celebraturi</strong></span> <span class='ocrx_word' id='word_1_346' title='bbox 659 5482 806 5536; x_wconf 76' lang='lat' dir='ltr'><strong>illurn</strong></span> <span class='ocrx_word' id='word_1_347' title='bbox 836 5482 1000 5543; x_wconf 73' lang='lat' dir='ltr'><strong>diem,</strong></span> <span class='ocrx_word' id='word_1_348' title='bbox 1036 5496 1141 5551; x_wconf 91' lang='lat' dir='ltr'><strong>quo</strong></span> <span class='ocrx_word' id='word_1_349' title='bbox 1186 5482 1467 5548; x_wconf 88' lang='lat' dir='ltr'><strong>episcopus</strong></span> <span class='ocrx_word' id='word_1_350' title='bbox 1514 5480 1765 5532; x_wconf 59' lang='lat' dir='ltr'><strong>Romanae</strong></span> <span class='ocrx_word' id='word_1_351' title='bbox 1799 5480 1898 5534; x_wconf 78' lang='lat' dir='ltr'><strong>Ec-</strong></span> 
     </span>
    </p>
   </div>
   <div class='ocr_carea' id='block_1_61' title="bbox 304 5550 1891 5618">
    <p class='ocr_par' dir='ltr' id='par_1_61' title="bbox 304 5550 1891 5618">
     <span class='ocr_line' id='line_1_61' title="bbox 304 5550 1891 5618; baseline 0.001 -16"><span class='ocrx_word' id='word_1_352' title='bbox 304 5552 495 5607; x_wconf 56' lang='lat' dir='ltr'><strong>rieeia:</strong></span> <span class='ocrx_word' id='word_1_353' title='bbox 524 5554 590 5604; x_wconf 80' lang='lat' dir='ltr'><strong>ad</strong></span> <span class='ocrx_word' id='word_1_354' title='bbox 622 5553 816 5606; x_wconf 89' lang='lat' dir='ltr'><strong>summi</strong></span> <span class='ocrx_word' id='word_1_355' title='bbox 849 5550 1186 5618; x_wconf 58' lang='lat' dir='ltr'><strong>pontiﬁcatus</strong></span> <span class='ocrx_word' id='word_1_356' title='bbox 1216 5552 1424 5605; x_wconf 81' lang='lat' dir='ltr'><strong>culmen</strong></span> <span class='ocrx_word' id='word_1_357' title='bbox 1451 5559 1756 5614; x_wconf 68' lang='lat' dir='ltr'><strong>assmuptus</strong></span> <span class='ocrx_word' id='word_1_358' title='bbox 1781 5550 1891 5603; x_wconf 87' lang='lat' dir='ltr'><strong>fuit.</strong></span> 
     </span>
    </p>
   </div>
   <div class='ocr_carea' id='block_1_62' title="bbox 306 5621 1892 5693">
    <p class='ocr_par' dir='ltr' id='par_1_62' title="bbox 306 5621 1892 5693">
     <span class='ocr_line' id='line_1_62' title="bbox 306 5621 1892 5693; baseline 0.001 -17"><span class='ocrx_word' id='word_1_359' title='bbox 306 5622 543 5677; x_wconf 82' lang='lat' dir='ltr'><strong>Sanctus</strong></span> <span class='ocrx_word' id='word_1_360' title='bbox 583 5622 691 5678; x_wconf 82' lang='lat' dir='ltr'><strong>Leo</strong></span> <span class='ocrx_word' id='word_1_361' title='bbox 730 5624 938 5693; x_wconf 85' lang='lat' dir='ltr'><strong>aliquos</strong></span> <span class='ocrx_word' id='word_1_362' title='bbox 975 5637 1250 5677; x_wconf 71' lang='lat' dir='ltr'><strong>sermones</strong></span> <span class='ocrx_word' id='word_1_363' title='bbox 1277 5622 1344 5675; x_wconf 91' lang='lat' dir='ltr'><strong>de</strong></span> <span class='ocrx_word' id='word_1_364' title='bbox 1391 5636 1486 5674; x_wconf 89' lang='lat' dir='ltr'><strong>sua</strong></span> <span class='ocrx_word' id='word_1_365' title='bbox 1532 5621 1892 5693; x_wconf 73' lang='lat' dir='ltr'><strong>ordinatione,</strong></span> 
     </span>
    </p>
   </div>
   <div class='ocr_carea' id='block_1_63' title="bbox 304 5689 1889 5760">
    <p class='ocr_par' dir='ltr' id='par_1_63' title="bbox 304 5689 1889 5760">
     <span class='ocr_line' id='line_1_63' title="bbox 304 5689 1889 5760; baseline -0.001 -13"><span class='ocrx_word' id='word_1_366' title='bbox 304 5697 430 5749; x_wconf 68' lang='lat' dir='ltr'><strong>sive</strong></span> <span class='ocrx_word' id='word_1_367' title='bbox 468 5689 836 5750; x_wconf 72' lang='lat' dir='ltr'><strong>anniversario</strong></span> <span class='ocrx_word' id='word_1_368' title='bbox 869 5695 955 5748; x_wconf 86' lang='lat' dir='ltr'><strong>die</strong></span> <span class='ocrx_word' id='word_1_369' title='bbox 983 5693 1361 5760; x_wconf 66' lang='lat' dir='ltr'><strong>assumptionis</strong></span> <span class='ocrx_word' id='word_1_370' title='bbox 1390 5707 1499 5743; x_wconf 74' lang='lat' dir='ltr'><strong>sum</strong></span> <span class='ocrx_word' id='word_1_371' title='bbox 1529 5692 1592 5743; x_wconf 90' lang='lat' dir='ltr'><strong>ad</strong></span> <span class='ocrx_word' id='word_1_372' title='bbox 1626 5689 1889 5757; x_wconf 69' lang='lat' dir='ltr'><strong>fastigium</strong></span> 
     </span>
    </p>
   </div>
   <div class='ocr_carea' id='block_1_64' title="bbox 306 5760 1889 5833">
    <p class='ocr_par' dir='ltr' id='par_1_64' title="bbox 306 5760 1889 5833">
     <span class='ocr_line' id='line_1_64' title="bbox 306 5760 1889 5833; baseline 0.001 -18"><span class='ocrx_word' id='word_1_373' title='bbox 306 5780 361 5817; x_wconf 76' lang='lat' dir='ltr'><strong>i-t</strong></span> <span class='ocrx_word' id='word_1_374' title='bbox 388 5767 604 5820; x_wconf 87' lang='lat' dir='ltr'><strong>culmen</strong></span> <span class='ocrx_word' id='word_1_375' title='bbox 629 5766 823 5819; x_wconf 88' lang='lat' dir='ltr'><strong>summi</strong></span> <span class='ocrx_word' id='word_1_376' title='bbox 858 5766 1191 5833; x_wconf 78' lang='lat' dir='ltr'><strong>pontiﬁcatus</strong></span> <span class='ocrx_word' id='word_1_377' title='bbox 1230 5764 1429 5816; x_wconf 90' lang='lat' dir='ltr'><strong>habuit.</strong></span> <span class='ocrx_word' id='word_1_378' title='bbox 1466 5762 1574 5815; x_wconf 89' lang='lat' dir='ltr'><strong>lluc</strong></span> <span class='ocrx_word' id='word_1_379' title='bbox 1602 5760 1799 5833; x_wconf 82' lang='lat' dir='ltr'><strong>faciunt</strong></span> <span class='ocrx_word' id='word_1_380' title='bbox 1829 5779 1889 5817; x_wconf 92' lang='lat' dir='ltr'><strong>ea</strong></span> 
     </span>
    </p>
   </div>
   <div class='ocr_carea' id='block_1_65' title="bbox 306 5832 1889 5906">
    <p class='ocr_par' dir='ltr' id='par_1_65' title="bbox 306 5832 1889 5906">
     <span class='ocr_line' id='line_1_65' title="bbox 306 5832 1889 5906; baseline 0.003 -21"><span class='ocrx_word' id='word_1_381' title='bbox 306 5853 436 5904; x_wconf 67' lang='lat' dir='ltr'><strong>qia:</strong></span> <span class='ocrx_word' id='word_1_382' title='bbox 462 5848 678 5893; x_wconf 81' lang='lat' dir='ltr'><strong>sanctus</strong></span> <span class='ocrx_word' id='word_1_383' title='bbox 709 5832 1031 5906; x_wconf 64' lang='lat' dir='ltr'><strong>Augustinus</strong></span> <span class='ocrx_word' id='word_1_384' title='bbox 1066 5835 1219 5889; x_wconf 71' lang='lat' dir='ltr'><strong>habet</strong></span> <span class='ocrx_word' id='word_1_385' title='bbox 1261 5836 1326 5888; x_wconf 88' lang='lat' dir='ltr'><strong>de</strong></span> <span class='ocrx_word' id='word_1_386' title='bbox 1364 5835 1449 5888; x_wconf 89' lang='lat' dir='ltr'><strong>die</strong></span> <span class='ocrx_word' id='word_1_387' title='bbox 1488 5833 1644 5885; x_wconf 77' lang='lat' dir='ltr'><strong>natali</strong></span> <span class='ocrx_word' id='word_1_388' title='bbox 1692 5832 1889 5889; x_wconf 77' lang='lat' dir='ltr'><strong>Aurelii</strong></span> 
     </span>
    </p>
   </div>
   <div class='ocr_carea' id='block_1_66' title="bbox 2006 559 3595 629">
    <p class='ocr_par' dir='ltr' id='par_1_66' title="bbox 2006 559 3595 629">
     <span class='ocr_line' id='line_1_66' title="bbox 2006 559 3595 629; baseline -0.003 -18"><span class='ocrx_word' id='word_1_389' title='bbox 2006 568 2269 628; x_wconf 81' lang='lat' dir='ltr'><strong>quatenus</strong></span> <span class='ocrx_word' id='word_1_390' title='bbox 2296 570 2644 614; x_wconf 75' lang='lat' dir='ltr'><strong>consecretur</strong></span> <span class='ocrx_word' id='word_1_391' title='bbox 2685 561 2942 625; x_wconf 86' lang='lat' dir='ltr'><strong>antiStes;</strong></span> <span class='ocrx_word' id='word_1_392' title='bbox 2984 560 3101 629; x_wconf 82' lang='lat' dir='ltr'><strong>quia</strong></span> <span class='ocrx_word' id='word_1_393' title='bbox 3134 559 3235 613; x_wconf 91' lang='lat' dir='ltr'><strong>hoc</strong></span> <span class='ocrx_word' id='word_1_394' title='bbox 3266 569 3421 613; x_wconf 79' lang='lat' dir='ltr'><strong>vetus</strong></span> <span class='ocrx_word' id='word_1_395' title='bbox 3460 562 3595 611; x_wconf 77' lang='lat' dir='ltr'><strong>ordo</strong></span> 
     </span>
    </p>
   </div>
   <div class='ocr_carea' id='block_1_67' title="bbox 2009 654 3593 718">
    <p class='ocr_par' dir='ltr' id='par_1_67' title="bbox 2009 654 3593 718">
     <span class='ocr_line' id='line_1_67' title="bbox 2009 654 3593 718; baseline 0 -13"><span class='ocrx_word' id='word_1_396' title='bbox 2009 654 2217 718; x_wconf 86' lang='lat' dir='ltr'><strong>tenuit,</strong></span> <span class='ocrx_word' id='word_1_397' title='bbox 2255 655 2354 707; x_wconf 88' lang='lat' dir='ltr'><strong>hoc</strong></span> <span class='ocrx_word' id='word_1_398' title='bbox 2400 665 2758 707; x_wconf 75' lang='lat' dir='ltr'><strong>trecentorum</strong></span> <span class='ocrx_word' id='word_1_399' title='bbox 2804 655 2988 709; x_wconf 82' lang='lat' dir='ltr'><strong>decem</strong></span> <span class='ocrx_word' id='word_1_400' title='bbox 3037 665 3092 709; x_wconf 79' lang='lat' dir='ltr'><strong>et</strong></span> <span class='ocrx_word' id='word_1_401' title='bbox 3137 664 3258 707; x_wconf 77' lang='lat' dir='ltr'><strong>ortu</strong></span> <span class='ocrx_word' id='word_1_402' title='bbox 3288 663 3593 707; x_wconf 83' lang='lat' dir='ltr'><strong>sanctorum</strong></span> 
     </span>
    </p>
   </div>
   <div class='ocr_carea' id='block_1_68' title="bbox 2007 746 3591 816">
    <p class='ocr_par' dir='ltr' id='par_1_68' title="bbox 2007 746 3591 816">
     <span class='ocr_line' id='line_1_68' title="bbox 2007 746 3591 816; baseline -0.001 -17"><span class='ocrx_word' id='word_1_403' title='bbox 2007 746 2224 800; x_wconf 70' lang='lat' dir='ltr'><strong>Patrum</strong></span> <span class='ocrx_word' id='word_1_404' title='bbox 2257 748 2497 802; x_wconf 78' lang='lat' dir='ltr'><strong>delinivit</strong></span> <span class='ocrx_word' id='word_1_405' title='bbox 2526 752 2853 812; x_wconf 57' lang='lat' dir='ltr'><strong>auctoritas;</strong></span> <span class='ocrx_word' id='word_1_406' title='bbox 2894 747 2977 801; x_wconf 84' lang='lat' dir='ltr'><strong>cui</strong></span> <span class='ocrx_word' id='word_1_407' title='bbox 3010 747 3248 816; x_wconf 88' lang='lat' dir='ltr'><strong>quisquis</strong></span> <span class='ocrx_word' id='word_1_408' title='bbox 3281 747 3469 801; x_wconf 86' lang='lat' dir='ltr'><strong>obvias</strong></span> <span class='ocrx_word' id='word_1_409' title='bbox 3511 756 3591 799; x_wconf 67' lang='lat' dir='ltr'><strong>te-</strong></span> 
     </span>
    </p>
   </div>
   <div class='ocr_carea' id='block_1_69' title="bbox 2008 820 3596 902">
    <p class='ocr_par' dir='ltr' id='par_1_69' title="bbox 2008 820 3596 902">
     <span class='ocr_line' id='line_1_69' title="bbox 2008 820 3596 902; baseline 0.003 -14"><span class='ocrx_word' id='word_1_410' title='bbox 2008 841 2238 891; x_wconf 83' lang='lat' dir='ltr'><strong>tenilcrit</strong></span> <span class='ocrx_word' id='word_1_411' title='bbox 2280 820 2514 902; x_wconf 81' lang='lat' dir='ltr'><strong>manus,</strong></span> <span class='ocrx_word' id='word_1_412' title='bbox 2566 850 2749 892; x_wconf 85' lang='lat' dir='ltr'><strong>eorum</strong></span> <span class='ocrx_word' id='word_1_413' title='bbox 2798 854 2857 892; x_wconf 86' lang='lat' dir='ltr'><strong>se</strong></span> <span class='ocrx_word' id='word_1_414' title='bbox 2902 840 3175 893; x_wconf 85' lang='lat' dir='ltr'><strong>consortio</strong></span> <span class='ocrx_word' id='word_1_415' title='bbox 3217 839 3412 894; x_wconf 79' lang='lat' dir='ltr'><strong>fatetur</strong></span> <span class='ocrx_word' id='word_1_416' title='bbox 3456 840 3596 893; x_wconf 87' lang='lat' dir='ltr'><strong>iudi-</strong></span> 
     </span>
    </p>
   </div>
   <div class='ocr_carea' id='block_1_70' title="bbox 2009 932 3243 1001">
    <p class='ocr_par' dir='ltr' id='par_1_70' title="bbox 2009 932 3243 1001">
     <span class='ocr_line' id='line_1_70' title="bbox 2009 932 3243 1001; baseline 0.002 -17"><span class='ocrx_word' id='word_1_417' title='bbox 2009 948 2191 1000; x_wconf 84' lang='lat' dir='ltr'><strong>gnum,</strong></span> <span class='ocrx_word' id='word_1_418' title='bbox 2219 946 2444 1000; x_wconf 85' lang='lat' dir='ltr'><strong>quorum</strong></span> <span class='ocrx_word' id='word_1_419' title='bbox 2472 932 2922 1001; x_wconf 69' lang='lat' dir='ltr'><strong>prieceptionihus</strong></span> <span class='ocrx_word' id='word_1_420' title='bbox 2954 933 3243 987; x_wconf 72' lang='lat' dir='ltr'><strong>resulturit.</strong></span> 
     </span>
    </p>
   </div>
   <div class='ocr_carea' id='block_1_71' title="bbox 2836 1025 3585 1085">
    <p class='ocr_par' dir='ltr' id='par_1_71' title="bbox 2836 1025 3585 1085">
     <span class='ocr_line' id='line_1_71' title="bbox 2836 1025 3585 1085; baseline 0.011 -8"><span class='ocrx_word' id='word_1_421' title='bbox 2836 1025 2899 1079; x_wconf 86' lang='lat' dir='ltr'><strong>ll.</strong></span> <span class='ocrx_word' id='word_1_422' title='bbox 3584 1082 3585 1085; x_wconf 45' lang='grc' dir='ltr'><strong>η</strong></span> 
     </span>
    </p>
   </div>
   <div class='ocr_carea' id='block_1_72' title="bbox 2078 1113 3607 1185">
    <p class='ocr_par' dir='ltr' id='par_1_72' title="bbox 2078 1113 3607 1185">
     <span class='ocr_line' id='line_1_72' title="bbox 2078 1113 3607 1185; baseline 0.002 -17"><span class='ocrx_word' id='word_1_423' title='bbox 2078 1113 2134 1168; x_wconf 84' lang='lat' dir='ltr'><strong>ln</strong></span> <span class='ocrx_word' id='word_1_424' title='bbox 2181 1129 2410 1182; x_wconf 89' lang='lat' dir='ltr'><strong>quorum</strong></span> <span class='ocrx_word' id='word_1_425' title='bbox 2459 1114 2843 1169; x_wconf 84' lang='lat' dir='ltr'><strong>contumeliam</strong></span> <span class='ocrx_word' id='word_1_426' title='bbox 2875 1131 2905 1169; x_wconf 92' lang='lat' dir='ltr'><strong>a</strong></span> <span class='ocrx_word' id='word_1_427' title='bbox 2952 1117 3185 1185; x_wconf 89' lang='lat' dir='ltr'><strong>superbo</strong></span> <span class='ocrx_word' id='word_1_428' title='bbox 3213 1116 3401 1184; x_wconf 84' lang='lat' dir='ltr'><strong>spiritu</strong></span> <span class='ocrx_word' id='word_1_429' title='bbox 3433 1117 3607 1171; x_wconf 84' lang='lat' dir='ltr'><strong>etiam</strong></span> 
     </span>
    </p>
   </div>
   <div class='ocr_carea' id='block_1_73' title="bbox 2008 1208 3591 1281">
    <p class='ocr_par' dir='ltr' id='par_1_73' title="bbox 2008 1208 3591 1281">
     <span class='ocr_line' id='line_1_73' title="bbox 2008 1208 3591 1281; baseline 0.004 -23"><span class='ocrx_word' id='word_1_430' title='bbox 2008 1222 2134 1274; x_wconf 82' lang='lat' dir='ltr'><strong>pars</strong></span> <span class='ocrx_word' id='word_1_431' title='bbox 2165 1208 2250 1260; x_wconf 87' lang='lat' dir='ltr'><strong>illa</strong></span> <span class='ocrx_word' id='word_1_432' title='bbox 2277 1209 2658 1271; x_wconf 81' lang='lat' dir='ltr'><strong>contemnitur,</strong></span> <span class='ocrx_word' id='word_1_433' title='bbox 2688 1224 2789 1278; x_wconf 86' lang='lat' dir='ltr'><strong>qua</strong></span> <span class='ocrx_word' id='word_1_434' title='bbox 2822 1218 3029 1262; x_wconf 84' lang='lat' dir='ltr'><strong>velatur</strong></span> <span class='ocrx_word' id='word_1_435' title='bbox 3059 1208 3322 1281; x_wconf 83' lang='lat' dir='ltr'><strong>[cavetur],</strong></span> <span class='ocrx_word' id='word_1_436' title='bbox 3354 1226 3421 1265; x_wconf 90' lang='lat' dir='ltr'><strong>ne</strong></span> <span class='ocrx_word' id='word_1_437' title='bbox 3450 1212 3591 1280; x_wconf 87' lang='lat' dir='ltr'><strong>quis.</strong></span> 
     </span>
    </p>
   </div>
   <div class='ocr_carea' id='block_1_74' title="bbox 2008 1302 3589 1370">
    <p class='ocr_par' dir='ltr' id='par_1_74' title="bbox 2008 1302 3589 1370">
     <span class='ocr_line' id='line_1_74' title="bbox 2008 1302 3589 1370; baseline 0.003 -17"><span class='ocrx_word' id='word_1_438' title='bbox 2008 1302 2190 1355; x_wconf 78' lang='lat' dir='ltr'><strong>relicta</strong></span> <span class='ocrx_word' id='word_1_439' title='bbox 2224 1302 2463 1356; x_wconf 85' lang='lat' dir='ltr'><strong>Ecclesia</strong></span> <span class='ocrx_word' id='word_1_440' title='bbox 2494 1317 2587 1354; x_wconf 76' lang='lat' dir='ltr'><strong>sua</strong></span> <span class='ocrx_word' id='word_1_441' title='bbox 2612 1342 2627 1367; x_wconf 96' lang='lat'><strong>,</strong></span> <span class='ocrx_word' id='word_1_442' title='bbox 2674 1302 2740 1355; x_wconf 88' lang='lat' dir='ltr'><strong>ad</strong></span> <span class='ocrx_word' id='word_1_443' title='bbox 2772 1303 2994 1356; x_wconf 84' lang='lat' dir='ltr'><strong>alteram</strong></span> <span class='ocrx_word' id='word_1_444' title='bbox 3029 1304 3255 1358; x_wconf 88' lang='lat' dir='ltr'><strong>transire</strong></span> <span class='ocrx_word' id='word_1_445' title='bbox 3285 1315 3589 1370; x_wconf 74' lang='lat' dir='ltr'><strong>prtesumat.</strong></span> 
     </span>
    </p>
   </div>
   <div class='ocr_carea' id='block_1_75' title="bbox 2007 1393 3591 1465">
    <p class='ocr_par' dir='ltr' id='par_1_75' title="bbox 2007 1393 3591 1465">
     <span class='ocr_line' id='line_1_75' title="bbox 2007 1393 3591 1465; baseline 0.003 -21"><span class='ocrx_word' id='word_1_446' title='bbox 2007 1393 2157 1459; x_wconf 82' lang='lat' dir='ltr'><strong>Quod</strong></span> <span class='ocrx_word' id='word_1_447' title='bbox 2190 1395 2349 1446; x_wconf 89' lang='lat' dir='ltr'><strong>nimis</strong></span> <span class='ocrx_word' id='word_1_448' title='bbox 2382 1394 2624 1461; x_wconf 87' lang='lat' dir='ltr'><strong>improbe</strong></span> <span class='ocrx_word' id='word_1_449' title='bbox 2653 1394 3084 1456; x_wconf 83' lang='lat' dir='ltr'><strong>conniventibus,</strong></span> <span class='ocrx_word' id='word_1_450' title='bbox 3119 1406 3173 1448; x_wconf 88' lang='lat' dir='ltr'><strong>et</strong></span> <span class='ocrx_word' id='word_1_451' title='bbox 3204 1394 3221 1465; x_wconf 93' lang='lat'>(</span> <span class='ocrx_word' id='word_1_452' title='bbox 3247 1403 3304 1447; x_wconf 92' lang='lat' dir='ltr'><strong>ut</strong></span> <span class='ocrx_word' id='word_1_453' title='bbox 3341 1394 3591 1449; x_wconf 77' lang='lat' dir='ltr'><strong>doleatnr</strong></span> 
     </span>
    </p>
   </div>
   <div class='ocr_carea' id='block_1_76' title="bbox 2006 1484 3589 1554">
    <p class='ocr_par' dir='ltr' id='par_1_76' title="bbox 2006 1484 3589 1554">
     <span class='ocr_line' id='line_1_76' title="bbox 2006 1484 3589 1554; baseline 0.001 -16"><span class='ocrx_word' id='word_1_454' title='bbox 2006 1488 2262 1553; x_wconf 80' lang='lat' dir='ltr'><strong>gravius)</strong></span> <span class='ocrx_word' id='word_1_455' title='bbox 2299 1485 2450 1537; x_wconf 85' lang='lat' dir='ltr'><strong>vobis</strong></span> <span class='ocrx_word' id='word_1_456' title='bbox 2480 1488 2876 1553; x_wconf 76' lang='lat' dir='ltr'><strong>asserentibus,</strong></span> <span class='ocrx_word' id='word_1_457' title='bbox 2931 1484 3161 1538; x_wconf 64' lang='lat' dir='ltr'><strong>Iri-naeus</strong></span> <span class='ocrx_word' id='word_1_458' title='bbox 3190 1488 3473 1554; x_wconf 74' lang='lat' dir='ltr'><strong>episcopus</strong></span> <span class='ocrx_word' id='word_1_459' title='bbox 3504 1502 3589 1539; x_wconf 64' lang='lat' dir='ltr'><strong>cu-</strong></span> 
     </span>
    </p>
   </div>
   <div class='ocr_carea' id='block_1_77' title="bbox 2009 1577 3591 1649">
    <p class='ocr_par' dir='ltr' id='par_1_77' title="bbox 2009 1577 3591 1649">
     <span class='ocr_line' id='line_1_77' title="bbox 2009 1577 3591 1649; baseline -0.001 -18"><span class='ocrx_word' id='word_1_460' title='bbox 2009 1589 2166 1631; x_wconf 89' lang='lat' dir='ltr'><strong>natur</strong></span> <span class='ocrx_word' id='word_1_461' title='bbox 2193 1578 2497 1639; x_wconf 87' lang='lat' dir='ltr'><strong>admittere,</strong></span> <span class='ocrx_word' id='word_1_462' title='bbox 2532 1578 2623 1647; x_wconf 85' lang='lat' dir='ltr'><strong>qui</strong></span> <span class='ocrx_word' id='word_1_463' title='bbox 2656 1577 2838 1649; x_wconf 75' lang='lat' dir='ltr'><strong>[quod]</strong></span> <span class='ocrx_word' id='word_1_464' title='bbox 2878 1587 3057 1635; x_wconf 83' lang='lat' dir='ltr'><strong>nostra</strong></span> <span class='ocrx_word' id='word_1_465' title='bbox 3087 1583 3407 1633; x_wconf 83' lang='lat' dir='ltr'><strong>auctoritate</strong></span> <span class='ocrx_word' id='word_1_466' title='bbox 3435 1585 3591 1634; x_wconf 64' lang='lat' dir='ltr'><strong>robu-</strong></span> 
     </span>
    </p>
   </div>
   <div class='ocr_carea' id='block_1_78' title="bbox 2008 1668 3589 1741">
    <p class='ocr_par' dir='ltr' id='par_1_78' title="bbox 2008 1668 3589 1741">
     <span class='ocr_line' id='line_1_78' title="bbox 2008 1668 3589 1741; baseline 0.004 -20"><span class='ocrx_word' id='word_1_467' title='bbox 2008 1668 2113 1722; x_wconf 89' lang='lat' dir='ltr'><strong>rari</strong></span> <span class='ocrx_word' id='word_1_468' title='bbox 2159 1669 2391 1737; x_wconf 79' lang='lat' dir='ltr'><strong>cupitis,</strong></span> <span class='ocrx_word' id='word_1_469' title='bbox 2437 1686 2572 1738; x_wconf 85' lang='lat' dir='ltr'><strong>quos</strong></span> <span class='ocrx_word' id='word_1_470' title='bbox 2602 1670 2837 1724; x_wconf 79' lang='lat' dir='ltr'><strong>maxime</strong></span> <span class='ocrx_word' id='word_1_471' title='bbox 2866 1670 2933 1724; x_wconf 87' lang='lat' dir='ltr'><strong>de</strong></span> <span class='ocrx_word' id='word_1_472' title='bbox 2963 1671 3122 1725; x_wconf 78' lang='lat' dir='ltr'><strong>rebus</strong></span> <span class='ocrx_word' id='word_1_473' title='bbox 3170 1671 3370 1726; x_wconf 89' lang='lat' dir='ltr'><strong>illicitis</strong></span> <span class='ocrx_word' id='word_1_474' title='bbox 3401 1688 3589 1741; x_wconf 74' lang='lat' dir='ltr'><strong>magna</strong></span> 
     </span>
    </p>
   </div>
   <div class='ocr_carea' id='block_1_79' title="bbox 2010 1761 3590 1831">
    <p class='ocr_par' dir='ltr' id='par_1_79' title="bbox 2010 1761 3590 1831">
     <span class='ocr_line' id='line_1_79' title="bbox 2010 1761 3590 1831; baseline 0.003 -17"><span class='ocrx_word' id='word_1_475' title='bbox 2010 1761 2373 1829; x_wconf 77' lang='lat' dir='ltr'><strong>indignatione</strong></span> <span class='ocrx_word' id='word_1_476' title='bbox 2420 1763 2660 1831; x_wconf 87' lang='lat' dir='ltr'><strong>probatis</strong></span> <span class='ocrx_word' id='word_1_477' title='bbox 2704 1762 2943 1818; x_wconf 85' lang='lat' dir='ltr'><strong>accendi.</strong></span> <span class='ocrx_word' id='word_1_478' title='bbox 2974 1763 3151 1818; x_wconf 79' lang='lat' dir='ltr'><strong>Lectis</strong></span> <span class='ocrx_word' id='word_1_479' title='bbox 3195 1780 3323 1823; x_wconf 65' lang='lat' dir='ltr'><strong>ergo</strong></span> <span class='ocrx_word' id='word_1_480' title='bbox 3363 1765 3416 1819; x_wconf 90' lang='lat' dir='ltr'><strong>in</strong></span> <span class='ocrx_word' id='word_1_481' title='bbox 3464 1782 3590 1818; x_wconf 63' lang='grc' dir='ltr'><strong>μνη·</strong></span> 
     </span>
    </p>
   </div>
   <div class='ocr_carea' id='block_1_80' title="bbox 1933 1847 3595 1925">
    <p class='ocr_par' dir='ltr' id='par_1_80' title="bbox 1933 1847 3595 1925">
     <span class='ocr_line' id='line_1_80' title="bbox 1933 1847 3595 1925; baseline 0.002 -19"><span class='ocrx_word' id='word_1_482' title='bbox 1933 1847 1979 1906; x_wconf 85' lang='grc' dir='ltr'><strong>Β</strong></span> <span class='ocrx_word' id='word_1_483' title='bbox 2006 1865 2166 1907; x_wconf 81' lang='lat' dir='ltr'><strong>ventu</strong></span> <span class='ocrx_word' id='word_1_484' title='bbox 2211 1853 2458 1915; x_wconf 83' lang='lat' dir='ltr'><strong>fratrum,</strong></span> <span class='ocrx_word' id='word_1_485' title='bbox 2485 1856 2504 1886; x_wconf 81' lang='grc'>⁸</span> <span class='ocrx_word' id='word_1_486' title='bbox 2527 1870 2662 1920; x_wconf 84' lang='lat' dir='ltr'><strong>quos</strong></span> <span class='ocrx_word' id='word_1_487' title='bbox 2707 1856 2897 1908; x_wconf 67' lang='lat' dir='ltr'><strong>natalis</strong></span> <span class='ocrx_word' id='word_1_488' title='bbox 2948 1856 3048 1909; x_wconf 87' lang='lat' dir='ltr'><strong>mei</strong></span> <span class='ocrx_word' id='word_1_489' title='bbox 3084 1857 3340 1911; x_wconf 84' lang='lat' dir='ltr'><strong>festivitas</strong></span> <span class='ocrx_word' id='word_1_490' title='bbox 3369 1872 3595 1925; x_wconf 65' lang='lat' dir='ltr'><strong>congre-</strong></span> 
     </span>
    </p>
   </div>
   <div class='ocr_carea' id='block_1_81' title="bbox 2003 1949 3596 2020">
    <p class='ocr_par' dir='ltr' id='par_1_81' title="bbox 2003 1949 3596 2020">
     <span class='ocr_line' id='line_1_81' title="bbox 2003 1949 3596 2020; baseline 0.007 -23"><span class='ocrx_word' id='word_1_491' title='bbox 2003 1958 2157 2017; x_wconf 70' lang='lat' dir='ltr'><strong>garat</strong></span> <span class='ocrx_word' id='word_1_492' title='bbox 2184 1990 2196 2009; x_wconf 91' lang='lat'><strong>,</strong></span> <span class='ocrx_word' id='word_1_493' title='bbox 2230 1949 2421 2002; x_wconf 86' lang='lat' dir='ltr'><strong>litteris</strong></span> <span class='ocrx_word' id='word_1_494' title='bbox 2460 1950 2651 2003; x_wconf 87' lang='lat' dir='ltr'><strong>vestris</strong></span> <span class='ocrx_word' id='word_1_495' title='bbox 2677 1990 2691 2017; x_wconf 89' lang='lat'><strong>,</strong></span> <span class='ocrx_word' id='word_1_496' title='bbox 2722 1966 2840 2018; x_wconf 75' lang='lat' dir='ltr'><strong>qua:</strong></span> <span class='ocrx_word' id='word_1_497' title='bbox 2874 1951 2943 2004; x_wconf 90' lang='lat' dir='ltr'><strong>de</strong></span> <span class='ocrx_word' id='word_1_498' title='bbox 2990 1951 3299 2006; x_wconf 82' lang='lat' dir='ltr'><strong>ordinandis</strong></span> <span class='ocrx_word' id='word_1_499' title='bbox 3326 1953 3596 2020; x_wconf 80' lang='lat' dir='ltr'><strong>episcopis</strong></span> 
     </span>
    </p>
   </div>
   <div class='ocr_carea' id='block_1_82' title="bbox 2004 2041 3593 2110">
    <p class='ocr_par' dir='ltr' id='par_1_82' title="bbox 2004 2041 3593 2110">
     <span class='ocr_line' id='line_1_82' title="bbox 2004 2041 3593 2110; baseline 0.003 -18"><span class='ocrx_word' id='word_1_500' title='bbox 2004 2041 2297 2094; x_wconf 86' lang='lat' dir='ltr'><strong>secundum</strong></span> <span class='ocrx_word' id='word_1_501' title='bbox 2330 2051 2525 2094; x_wconf 87' lang='lat' dir='ltr'><strong>statuta</strong></span> <span class='ocrx_word' id='word_1_502' title='bbox 2554 2056 2821 2095; x_wconf 89' lang='lat' dir='ltr'><strong>canonum</strong></span> <span class='ocrx_word' id='word_1_503' title='bbox 2851 2044 2933 2096; x_wconf 85' lang='lat' dir='ltr'><strong>vel</strong></span> <span class='ocrx_word' id='word_1_504' title='bbox 2963 2045 3415 2110; x_wconf 64' lang='lat' dir='ltr'><strong>praedecessorum</strong></span> <span class='ocrx_word' id='word_1_505' title='bbox 3449 2062 3593 2101; x_wconf 87' lang='lat' dir='ltr'><strong>meo-</strong></span> 
     </span>
    </p>
   </div>
   <div class='ocr_carea' id='block_1_83' title="bbox 2004 2134 3595 2207">
    <p class='ocr_par' dir='ltr' id='par_1_83' title="bbox 2004 2134 3595 2207">
     <span class='ocr_line' id='line_1_83' title="bbox 2004 2134 3595 2207; baseline 0.004 -22"><span class='ocrx_word' id='word_1_506' title='bbox 2004 2149 2121 2187; x_wconf 88' lang='lat' dir='ltr'><strong>rum</strong></span> <span class='ocrx_word' id='word_1_507' title='bbox 2167 2135 2380 2187; x_wconf 88' lang='lat' dir='ltr'><strong>decreta</strong></span> <span class='ocrx_word' id='word_1_508' title='bbox 2414 2144 2558 2199; x_wconf 91' lang='lat' dir='ltr'><strong>sunt,</strong></span> <span class='ocrx_word' id='word_1_509' title='bbox 2587 2134 2792 2203; x_wconf 86' lang='lat' dir='ltr'><strong>prolata</strong></span> <span class='ocrx_word' id='word_1_510' title='bbox 2824 2136 3111 2200; x_wconf 88' lang='lat' dir='ltr'><strong>sententia,</strong></span> <span class='ocrx_word' id='word_1_511' title='bbox 3144 2150 3435 2205; x_wconf 82' lang='lat' dir='ltr'><strong>chtorum,</strong></span> <span class='ocrx_word' id='word_1_512' title='bbox 3477 2155 3595 2207; x_wconf 71' lang='grc' dir='ltr'><strong>(ιοοςη</strong></span> 
     </span>
    </p>
   </div>
   <div class='ocr_carea' id='block_1_84' title="bbox 2004 2226 3020 2294">
    <p class='ocr_par' dir='ltr' id='par_1_84' title="bbox 2004 2226 3020 2294">
     <span class='ocr_line' id='line_1_84' title="bbox 2004 2226 3020 2294; baseline 0.004 -16"><span class='ocrx_word' id='word_1_513' title='bbox 2004 2236 2203 2294; x_wconf 68' lang='lat' dir='ltr'><strong>partcr</strong></span> <span class='ocrx_word' id='word_1_514' title='bbox 2229 2226 2541 2289; x_wconf 71' lang='lat' dir='ltr'><strong>direximus,</strong></span> <span class='ocrx_word' id='word_1_515' title='bbox 2570 2240 2755 2282; x_wconf 82' lang='lat' dir='ltr'><strong>tenore</strong></span> <span class='ocrx_word' id='word_1_516' title='bbox 2784 2227 3020 2283; x_wconf 52' lang='lat' dir='ltr'><strong>discetis.</strong></span> 
     </span>
    </p>
   </div>
   <div class='ocr_carea' id='block_1_85' title="bbox 2077 2450 3592 2525">
    <p class='ocr_par' dir='ltr' id='par_1_85' title="bbox 2077 2450 3592 2525">
     <span class='ocr_line' id='line_1_85' title="bbox 2077 2450 3592 2525; baseline 0.005 -19"><span class='ocrx_word' id='word_1_517' title='bbox 2077 2450 2228 2506; x_wconf 88' lang='lat' dir='ltr'><strong>Unde</strong></span> <span class='ocrx_word' id='word_1_518' title='bbox 2258 2463 2466 2509; x_wconf 90' lang='lat' dir='ltr'><strong>remoto</strong></span> <span class='ocrx_word' id='word_1_519' title='bbox 2495 2453 2562 2508; x_wconf 89' lang='lat' dir='ltr'><strong>ab</strong></span> <span class='ocrx_word' id='word_1_520' title='bbox 2596 2455 2833 2510; x_wconf 84' lang='lat' dir='ltr'><strong>Ecclesia</strong></span> <span class='ocrx_word' id='word_1_521' title='bbox 2879 2457 3291 2525; x_wconf 82' lang='lat' dir='ltr'><strong>Barcinonensi,</strong></span> <span class='ocrx_word' id='word_1_522' title='bbox 3344 2468 3500 2523; x_wconf 71' lang='lat' dir='ltr'><strong>atque</strong></span> <span class='ocrx_word' id='word_1_523' title='bbox 3525 2450 3592 2513; x_wconf 82' lang='lat' dir='ltr'><strong>ad</strong></span> 
     </span>
    </p>
   </div>
   <div class='ocr_carea' id='block_1_86' title="bbox 2002 2532 3591 2617">
    <p class='ocr_par' dir='ltr' id='par_1_86' title="bbox 2002 2532 3591 2617">
     <span class='ocr_line' id='line_1_86' title="bbox 2002 2532 3591 2617; baseline 0.004 -20"><span class='ocrx_word' id='word_1_524' title='bbox 2002 2532 2030 2578; x_wconf 64' lang='grc' dir='ltr'><strong><em>ἀ</em></strong></span> <span class='ocrx_word' id='word_1_525' title='bbox 2059 2560 2149 2597; x_wconf 82' lang='lat' dir='ltr'><strong>sua</strong></span> <span class='ocrx_word' id='word_1_526' title='bbox 2185 2546 2410 2600; x_wconf 59' lang='lat' dir='ltr'><strong>remisso</strong></span> <span class='ocrx_word' id='word_1_527' title='bbox 2442 2547 2641 2600; x_wconf 65' lang='lat' dir='ltr'><strong>Irenaao</strong></span> <span class='ocrx_word' id='word_1_528' title='bbox 2672 2548 2944 2614; x_wconf 86' lang='lat' dir='ltr'><strong>episcopo,</strong></span> <span class='ocrx_word' id='word_1_529' title='bbox 2978 2548 3177 2603; x_wconf 80' lang='lat' dir='ltr'><strong>sedatis</strong></span> <span class='ocrx_word' id='word_1_530' title='bbox 3208 2565 3300 2617; x_wconf 92' lang='lat' dir='ltr'><strong>per</strong></span> <span class='ocrx_word' id='word_1_531' title='bbox 3345 2557 3591 2603; x_wconf 82' lang='lat' dir='ltr'><strong>sacerdo-</strong></span> 
     </span>
    </p>
   </div>
   <div class='ocr_carea' id='block_1_87' title="bbox 2007 2638 3590 2711">
    <p class='ocr_par' dir='ltr' id='par_1_87' title="bbox 2007 2638 3590 2711">
     <span class='ocr_line' id='line_1_87' title="bbox 2007 2638 3590 2711; baseline 0.004 -22"><span class='ocrx_word' id='word_1_532' title='bbox 2007 2640 2163 2690; x_wconf 89' lang='lat' dir='ltr'><strong>ta‘em</strong></span> <span class='ocrx_word' id='word_1_533' title='bbox 2207 2647 2230 2674; x_wconf 76' lang='grc' dir='ltr'><strong>ο</strong></span> <span class='ocrx_word' id='word_1_534' title='bbox 2268 2638 2581 2693; x_wconf 39' lang='lat' dir='ltr'><strong>modestiam</strong></span> <span class='ocrx_word' id='word_1_535' title='bbox 2614 2641 2979 2695; x_wconf 80' lang='lat' dir='ltr'><strong>voluntatibus</strong></span> <span class='ocrx_word' id='word_1_536' title='bbox 3006 2685 3020 2709; x_wconf 91' lang='lat'><strong>,</strong></span> <span class='ocrx_word' id='word_1_537' title='bbox 3050 2660 3169 2710; x_wconf 78' lang='lat' dir='ltr'><strong>qua:</strong></span> <span class='ocrx_word' id='word_1_538' title='bbox 3213 2659 3307 2711; x_wconf 88' lang='lat' dir='ltr'><strong>per</strong></span> <span class='ocrx_word' id='word_1_539' title='bbox 3338 2644 3590 2711; x_wconf 84' lang='lat' dir='ltr'><strong>ignoran-</strong></span> 
     </span>
    </p>
   </div>
   <div class='ocr_carea' id='block_1_88' title="bbox 2006 2728 3590 2802">
    <p class='ocr_par' dir='ltr' id='par_1_88' title="bbox 2006 2728 3590 2802">
     <span class='ocr_line' id='line_1_88' title="bbox 2006 2728 3590 2802; baseline 0.004 -21"><span class='ocrx_word' id='word_1_540' title='bbox 2006 2728 2131 2781; x_wconf 82' lang='lat' dir='ltr'><strong>tiam</strong></span> <span class='ocrx_word' id='word_1_541' title='bbox 2179 2730 2663 2785; x_wconf 84' lang='lat' dir='ltr'><strong>ecclesiasticarum</strong></span> <span class='ocrx_word' id='word_1_542' title='bbox 2714 2733 2887 2799; x_wconf 82' lang='lat' dir='ltr'><strong>legum</strong></span> <span class='ocrx_word' id='word_1_543' title='bbox 2935 2733 3262 2801; x_wconf 83' lang='lat' dir='ltr'><strong>desiderant,</strong></span> <span class='ocrx_word' id='word_1_544' title='bbox 3313 2736 3453 2802; x_wconf 89' lang='lat' dir='ltr'><strong>quod</strong></span> <span class='ocrx_word' id='word_1_545' title='bbox 3488 2750 3590 2788; x_wconf 91' lang='lat' dir='ltr'><strong>non</strong></span> 
     </span>
    </p>
   </div>
   <div class='ocr_carea' id='block_1_89' title="bbox 2006 2818 3590 2896">
    <p class='ocr_par' dir='ltr' id='par_1_89' title="bbox 2006 2818 3590 2896">
     <span class='ocr_line' id='line_1_89' title="bbox 2006 2818 3590 2896; baseline 0.003 -22"><span class='ocrx_word' id='word_1_546' title='bbox 2006 2818 2150 2888; x_wconf 85' lang='lat' dir='ltr'><strong>licet,</strong></span> <span class='ocrx_word' id='word_1_547' title='bbox 2184 2823 2462 2881; x_wconf 67' lang='lat' dir='ltr'><strong>obtinere:</strong></span> <span class='ocrx_word' id='word_1_548' title='bbox 2509 2822 2629 2878; x_wconf 89' lang='lat' dir='ltr'><strong>talis</strong></span> <span class='ocrx_word' id='word_1_549' title='bbox 2674 2826 2919 2895; x_wconf 83' lang='lat' dir='ltr'><strong>prOlinus</strong></span> <span class='ocrx_word' id='word_1_550' title='bbox 2948 2824 3015 2881; x_wconf 91' lang='lat' dir='ltr'><strong>de</strong></span> <span class='ocrx_word' id='word_1_551' title='bbox 3044 2826 3189 2880; x_wconf 79' lang='lat' dir='ltr'><strong>clero</strong></span> <span class='ocrx_word' id='word_1_552' title='bbox 3220 2842 3250 2896; x_wconf 91' lang='lat' dir='ltr'><strong>p</strong></span> <span class='ocrx_word' id='word_1_553' title='bbox 3280 2828 3431 2896; x_wconf 80' lang='lat' dir='ltr'><strong>Oprio</strong></span> <span class='ocrx_word' id='word_1_554' title='bbox 3466 2828 3590 2881; x_wconf 80' lang='lat' dir='ltr'><strong>Bar-</strong></span> 
     </span>
    </p>
   </div>
   <div class='ocr_carea' id='block_1_90' title="bbox 2004 2916 3591 2991">
    <p class='ocr_par' dir='ltr' id='par_1_90' title="bbox 2004 2916 3591 2991">
     <span class='ocr_line' id='line_1_90' title="bbox 2004 2916 3591 2991; baseline 0.004 -22"><span class='ocrx_word' id='word_1_555' title='bbox 2004 2916 2386 2971; x_wconf 87' lang='lat' dir='ltr'><strong>cinonensibus</strong></span> <span class='ocrx_word' id='word_1_556' title='bbox 2425 2918 2709 2987; x_wconf 78' lang='lat' dir='ltr'><strong>episcopus</strong></span> <span class='ocrx_word' id='word_1_557' title='bbox 2735 2918 3040 2984; x_wconf 84' lang='lat' dir='ltr'><strong>ordinetur,</strong></span> <span class='ocrx_word' id='word_1_558' title='bbox 3074 2920 3284 2989; x_wconf 88' lang='lat' dir='ltr'><strong>qualem</strong></span> <span class='ocrx_word' id='word_1_559' title='bbox 3317 2930 3367 2975; x_wconf 92' lang='lat' dir='ltr'><strong>te</strong></span> <span class='ocrx_word' id='word_1_560' title='bbox 3400 2923 3591 2991; x_wconf 63' lang='lat' dir='ltr'><strong>pra‘ci-</strong></span> 
     </span>
    </p>
   </div>
   <div class='ocr_carea' id='block_1_91' title="bbox 2007 3007 3592 3079">
    <p class='ocr_par' dir='ltr' id='par_1_91' title="bbox 2007 3007 3592 3079">
     <span class='ocr_line' id='line_1_91' title="bbox 2007 3007 3592 3079; baseline 0.007 -21"><span class='ocrx_word' id='word_1_561' title='bbox 2007 3023 2142 3077; x_wconf 86' lang='lat' dir='ltr'><strong>poe,</strong></span> <span class='ocrx_word' id='word_1_562' title='bbox 2192 3007 2356 3063; x_wconf 79' lang='lat' dir='ltr'><strong>frater</strong></span> <span class='ocrx_word' id='word_1_563' title='bbox 2404 3010 2637 3074; x_wconf 76' lang='lat' dir='ltr'><strong>Ascani,</strong></span> <span class='ocrx_word' id='word_1_564' title='bbox 2695 3022 2939 3079; x_wconf 83' lang='lat' dir='ltr'><strong>Oporteat</strong></span> <span class='ocrx_word' id='word_1_565' title='bbox 2994 3012 3233 3079; x_wconf 80' lang='lat' dir='ltr'><strong>eligere,</strong></span> <span class='ocrx_word' id='word_1_566' title='bbox 3292 3024 3347 3068; x_wconf 85' lang='lat' dir='ltr'><strong>et</strong></span> <span class='ocrx_word' id='word_1_567' title='bbox 3404 3013 3592 3069; x_wconf 85' lang='lat' dir='ltr'><strong>deceat</strong></span> 
     </span>
    </p>
   </div>
   <div class='ocr_carea' id='block_1_92' title="bbox 2004 3099 3591 3173">
    <p class='ocr_par' dir='ltr' id='par_1_92' title="bbox 2004 3099 3591 3173">
     <span class='ocr_line' id='line_1_92' title="bbox 2004 3099 3591 3173; baseline 0.004 -21"><span class='ocrx_word' id='word_1_568' title='bbox 2004 3114 2319 3155; x_wconf 86' lang='lat' dir='ltr'><strong>consecrare</strong></span> <span class='ocrx_word' id='word_1_569' title='bbox 2357 3118 2368 3153; x_wconf 92' lang='lat'>:</span> <span class='ocrx_word' id='word_1_570' title='bbox 2416 3117 2483 3156; x_wconf 90' lang='lat' dir='ltr'><strong>ne</strong></span> <span class='ocrx_word' id='word_1_571' title='bbox 2535 3102 2578 3155; x_wconf 88' lang='lat' dir='ltr'><strong>si</strong></span> <span class='ocrx_word' id='word_1_572' title='bbox 2616 3099 2633 3139; x_wconf 75' lang='grc' dir='ltr'><strong>ί</strong></span> <span class='ocrx_word' id='word_1_573' title='bbox 2678 3104 2926 3157; x_wconf 83' lang='lat' dir='ltr'><strong>similiter</strong></span> <span class='ocrx_word' id='word_1_574' title='bbox 2983 3103 3122 3158; x_wconf 84' lang='lat' dir='ltr'><strong>forte</strong></span> <span class='ocrx_word' id='word_1_575' title='bbox 3159 3100 3358 3159; x_wconf 72' lang='lat' dir='ltr'><strong>fartum</strong></span> <span class='ocrx_word' id='word_1_576' title='bbox 3408 3106 3591 3173; x_wconf 88' lang='lat' dir='ltr'><strong>fuerit,</strong></span> 
     </span>
    </p>
   </div>
   <div class='ocr_carea' id='block_1_93' title="bbox 2006 3190 3591 3262">
    <p class='ocr_par' dir='ltr' id='par_1_93' title="bbox 2006 3190 3591 3262">
     <span class='ocr_line' id='line_1_93' title="bbox 2006 3190 3591 3262; baseline 0.006 -20"><span class='ocrx_word' id='word_1_577' title='bbox 2006 3205 2110 3245; x_wconf 91' lang='lat' dir='ltr'><strong>non</strong></span> <span class='ocrx_word' id='word_1_578' title='bbox 2156 3191 2273 3245; x_wconf 91' lang='lat' dir='ltr'><strong>sine</strong></span> <span class='ocrx_word' id='word_1_579' title='bbox 2302 3190 2673 3262; x_wconf 88' lang='lat' dir='ltr'><strong>objurgatione</strong></span> <span class='ocrx_word' id='word_1_580' title='bbox 2704 3194 2778 3247; x_wconf 90' lang='lat' dir='ltr'><strong>tui</strong></span> <span class='ocrx_word' id='word_1_581' title='bbox 2807 3194 3036 3248; x_wconf 86' lang='lat' dir='ltr'><strong>maxime</strong></span> <span class='ocrx_word' id='word_1_582' title='bbox 3067 3195 3300 3250; x_wconf 89' lang='lat' dir='ltr'><strong>nominis</strong></span> <span class='ocrx_word' id='word_1_583' title='bbox 3343 3198 3591 3251; x_wconf 80' lang='lat' dir='ltr'><strong>retundat</strong></span> 
     </span>
    </p>
   </div>
   <div class='ocr_carea' id='block_1_94' title="bbox 2007 3280 3589 3355">
    <p class='ocr_par' dir='ltr' id='par_1_94' title="bbox 2007 3280 3589 3355">
     <span class='ocr_line' id='line_1_94' title="bbox 2007 3280 3589 3355; baseline 0.006 -24"><span class='ocrx_word' id='word_1_584' title='bbox 2007 3280 2353 3353; x_wconf 84' lang='lat' dir='ltr'><strong>[retundatur]</strong></span> <span class='ocrx_word' id='word_1_585' title='bbox 2384 3292 2564 3336; x_wconf 85' lang='lat' dir='ltr'><strong>nostra</strong></span> <span class='ocrx_word' id='word_1_586' title='bbox 2598 3284 2905 3352; x_wconf 60' lang='lat' dir='ltr'><strong>praeceptio,</strong></span> <span class='ocrx_word' id='word_1_587' title='bbox 2938 3285 3078 3354; x_wconf 87' lang='lat' dir='ltr'><strong>quod</strong></span> <span class='ocrx_word' id='word_1_588' title='bbox 3109 3286 3160 3339; x_wconf 88' lang='lat' dir='ltr'><strong>lu</strong></span> <span class='ocrx_word' id='word_1_589' title='bbox 3194 3286 3441 3355; x_wconf 89' lang='lat' dir='ltr'><strong>iujuriam</strong></span> <span class='ocrx_word' id='word_1_590' title='bbox 3476 3288 3589 3352; x_wconf 86' lang='lat' dir='ltr'><strong>Dei,</strong></span> 
     </span>
    </p>
   </div>
   <div class='ocr_carea' id='block_1_95' title="bbox 2004 3372 3590 3448">
    <p class='ocr_par' dir='ltr' id='par_1_95' title="bbox 2004 3372 3590 3448">
     <span class='ocr_line' id='line_1_95' title="bbox 2004 3372 3590 3448; baseline 0.004 -22"><span class='ocrx_word' id='word_1_591' title='bbox 2004 3388 2032 3426; x_wconf 90' lang='lat' dir='ltr'><strong>a</strong></span> <span class='ocrx_word' id='word_1_592' title='bbox 2056 3388 2162 3442; x_wconf 89' lang='lat' dir='ltr'><strong>quo</strong></span> <span class='ocrx_word' id='word_1_593' title='bbox 2184 3372 2489 3442; x_wconf 88' lang='lat' dir='ltr'><strong>specialiter</strong></span> <span class='ocrx_word' id='word_1_594' title='bbox 2513 3375 2926 3429; x_wconf 67' lang='lat' dir='ltr'><strong>sacerdotdium</strong></span> <span class='ocrx_word' id='word_1_595' title='bbox 2952 3386 3036 3431; x_wconf 85' lang='lat' dir='ltr'><strong>est</strong></span> <span class='ocrx_word' id='word_1_596' title='bbox 3060 3378 3225 3446; x_wconf 87' lang='lat' dir='ltr'><strong>gratia</strong></span> <span class='ocrx_word' id='word_1_597' title='bbox 3249 3377 3590 3448; x_wconf 83' lang='lat' dir='ltr'><strong>dignitatum,</strong></span> 
     </span>
    </p>
   </div>
   <div class='ocr_carea' id='block_1_96' title="bbox 2004 3462 3589 3535">
    <p class='ocr_par' dir='ltr' id='par_1_96' title="bbox 2004 3462 3589 3535">
     <span class='ocr_line' id='line_1_96' title="bbox 2004 3462 3589 3535; baseline 0.004 -18"><span class='ocrx_word' id='word_1_598' title='bbox 2004 3462 2352 3519; x_wconf 87' lang='lat' dir='ltr'><strong>didicerimus</strong></span> <span class='ocrx_word' id='word_1_599' title='bbox 2381 3464 2693 3519; x_wconf 88' lang='lat' dir='ltr'><strong>admissum.</strong></span> <span class='ocrx_word' id='word_1_600' title='bbox 2722 3465 2833 3521; x_wconf 82' lang='lat' dir='ltr'><strong>Nec</strong></span> <span class='ocrx_word' id='word_1_601' title='bbox 2863 3466 3184 3535; x_wconf 89' lang='lat' dir='ltr'><strong>episcopalis</strong></span> <span class='ocrx_word' id='word_1_602' title='bbox 3215 3469 3387 3521; x_wconf 89' lang='lat' dir='ltr'><strong>honor</strong></span> <span class='ocrx_word' id='word_1_603' title='bbox 3419 3468 3589 3523; x_wconf 72' lang='lat' dir='ltr'><strong>ha:re~</strong></span> 
     </span>
    </p>
   </div>
   <div class='ocr_carea' id='block_1_97' title="bbox 2004 3557 3590 3630">
    <p class='ocr_par' dir='ltr' id='par_1_97' title="bbox 2004 3557 3590 3630">
     <span class='ocr_line' id='line_1_97' title="bbox 2004 3557 3590 3630; baseline 0.005 -19"><span class='ocrx_word' id='word_1_604' title='bbox 2004 3557 2254 3612; x_wconf 89' lang='lat' dir='ltr'><strong>ditarium</strong></span> <span class='ocrx_word' id='word_1_605' title='bbox 2279 3559 2366 3627; x_wconf 85' lang='lat' dir='ltr'><strong>jus</strong></span> <span class='ocrx_word' id='word_1_606' title='bbox 2394 3568 2628 3629; x_wconf 88' lang='lat' dir='ltr'><strong>putetur,</strong></span> <span class='ocrx_word' id='word_1_607' title='bbox 2661 3559 2800 3628; x_wconf 90' lang='lat' dir='ltr'><strong>quod</strong></span> <span class='ocrx_word' id='word_1_608' title='bbox 2825 3559 2951 3630; x_wconf 83' lang='lat' dir='ltr'><strong>[qui]</strong></span> <span class='ocrx_word' id='word_1_609' title='bbox 2984 3560 3138 3614; x_wconf 92' lang='lat' dir='ltr'><strong>nobis</strong></span> <span class='ocrx_word' id='word_1_610' title='bbox 3160 3562 3271 3615; x_wconf 87' lang='lat' dir='ltr'><strong>sola</strong></span> <span class='ocrx_word' id='word_1_611' title='bbox 3305 3562 3397 3616; x_wconf 61' lang='lat' dir='ltr'><strong>Dei</strong></span> <span class='ocrx_word' id='word_1_612' title='bbox 3421 3563 3590 3619; x_wconf 84' lang='lat' dir='ltr'><strong>nostri</strong></span> 
     </span>
    </p>
   </div>
   <div class='ocr_carea' id='block_1_98' title="bbox 2007 3648 3481 3724">
    <p class='ocr_par' dir='ltr' id='par_1_98' title="bbox 2007 3648 3481 3724">
     <span class='ocr_line' id='line_1_98' title="bbox 2007 3648 3481 3724; baseline 0.003 -22"><span class='ocrx_word' id='word_1_613' title='bbox 2007 3648 2337 3718; x_wconf 79' lang='lat' dir='ltr'><strong>benignitate</strong></span> <span class='ocrx_word' id='word_1_614' title='bbox 2364 3649 2565 3703; x_wconf 87' lang='lat' dir='ltr'><strong>Christi</strong></span> <span class='ocrx_word' id='word_1_615' title='bbox 2589 3648 2764 3719; x_wconf 90' lang='lat' dir='ltr'><strong>[abest</strong></span> <span class='ocrx_word' id='word_1_616' title='bbox 2787 3664 2817 3703; x_wconf 90' lang='lat' dir='ltr'><strong>a</strong></span> <span class='ocrx_word' id='word_1_617' title='bbox 2843 3651 2964 3704; x_wconf 92' lang='lat' dir='ltr'><strong>cod.</strong></span> <span class='ocrx_word' id='word_1_618' title='bbox 2998 3650 3160 3724; x_wconf 85' lang='lat' dir='ltr'><strong>Just.]</strong></span> <span class='ocrx_word' id='word_1_619' title='bbox 3189 3653 3481 3709; x_wconf 83' lang='lat' dir='ltr'><strong>confertur.</strong></span> 
     </span>
    </p>
   </div>
   <div class='ocr_carea' id='block_1_99' title="bbox 2756 3764 2842 3818">
    <p class='ocr_par' dir='ltr' id='par_1_99' title="bbox 2756 3764 2842 3818">
     <span class='ocr_line' id='line_1_99' title="bbox 2756 3764 2842 3818; baseline 0.012 -1"><span class='ocrx_word' id='word_1_620' title='bbox 2756 3764 2842 3818; x_wconf 85' lang='lat' dir='ltr'><strong>IV.</strong></span> 
     </span>
    </p>
   </div>
   <div class='ocr_carea' id='block_1_100' title="bbox 2076 3876 3588 3952">
    <p class='ocr_par' dir='ltr' id='par_1_100' title="bbox 2076 3876 3588 3952">
     <span class='ocr_line' id='line_1_100' title="bbox 2076 3876 3588 3952; baseline 0.005 -23"><span class='ocrx_word' id='word_1_621' title='bbox 2076 3876 2361 3932; x_wconf 86' lang='lat' dir='ltr'><strong>Ordinatos</strong></span> <span class='ocrx_word' id='word_1_622' title='bbox 2407 3891 2536 3946; x_wconf 82' lang='lat' dir='ltr'><strong>ergo</strong></span> <span class='ocrx_word' id='word_1_623' title='bbox 2584 3891 2727 3932; x_wconf 90' lang='lat' dir='ltr'><strong>nunc</strong></span> <span class='ocrx_word' id='word_1_624' title='bbox 2755 3879 3035 3949; x_wconf 87' lang='lat' dir='ltr'><strong>episcopos</strong></span> <span class='ocrx_word' id='word_1_625' title='bbox 3068 3881 3204 3950; x_wconf 84' lang='lat' dir='ltr'><strong>(licet</strong></span> <span class='ocrx_word' id='word_1_626' title='bbox 3232 3881 3355 3934; x_wconf 85' lang='lat' dir='ltr'><strong>dum</strong></span> <span class='ocrx_word' id='word_1_627' title='bbox 3383 3878 3450 3951; x_wconf 86' lang='lat' dir='ltr'><strong>te]</strong></span> <span class='ocrx_word' id='word_1_628' title='bbox 3478 3883 3588 3952; x_wconf 90' lang='lat' dir='ltr'><strong>qui,</strong></span> 
     </span>
    </p>
   </div>
   <div class='ocr_carea' id='block_1_101' title="bbox 2010 3968 3590 4039">
    <p class='ocr_par' dir='ltr' id='par_1_101' title="bbox 2010 3968 3590 4039">
     <span class='ocr_line' id='line_1_101' title="bbox 2010 3968 3590 4039; baseline 0.003 -15"><span class='ocrx_word' id='word_1_629' title='bbox 2010 3977 2037 4016; x_wconf 75' lang='grc' dir='ltr'><strong><em>ε</em></strong></span> <span class='ocrx_word' id='word_1_630' title='bbox 2060 3968 2183 4024; x_wconf 89' lang='lat' dir='ltr'><strong>licet</strong></span> <span class='ocrx_word' id='word_1_631' title='bbox 2207 3978 2260 4023; x_wconf 89' lang='lat' dir='ltr'><strong>te</strong></span> <span class='ocrx_word' id='word_1_632' title='bbox 2290 3969 2569 4039; x_wconf 82' lang='lat' dir='ltr'><strong>ignorante</strong></span> <span class='ocrx_word' id='word_1_633' title='bbox 2598 3972 2835 4039; x_wconf 86' lang='lat' dir='ltr'><strong>provecti</strong></span> <span class='ocrx_word' id='word_1_634' title='bbox 2866 3982 2985 4025; x_wconf 91' lang='lat' dir='ltr'><strong>sunt</strong></span> <span class='ocrx_word' id='word_1_635' title='bbox 3011 4012 3026 4036; x_wconf 92' lang='lat'><strong>,</strong></span> <span class='ocrx_word' id='word_1_636' title='bbox 3056 3987 3177 4026; x_wconf 91' lang='lat' dir='ltr'><strong>cum</strong></span> <span class='ocrx_word' id='word_1_637' title='bbox 3216 3974 3327 4028; x_wconf 88' lang='lat' dir='ltr'><strong>suis</strong></span> <span class='ocrx_word' id='word_1_638' title='bbox 3355 3976 3590 4030; x_wconf 84' lang='lat' dir='ltr'><strong>auctori-</strong></span> 
     </span>
    </p>
   </div>
   <div class='ocr_carea' id='block_1_102' title="bbox 2010 4057 3591 4131">
    <p class='ocr_par' dir='ltr' id='par_1_102' title="bbox 2010 4057 3591 4131">
     <span class='ocr_line' id='line_1_102' title="bbox 2010 4057 3591 4131; baseline 0.005 -16"><span class='ocrx_word' id='word_1_639' title='bbox 2010 4060 2108 4115; x_wconf 87' lang='lat' dir='ltr'><strong>bus</strong></span> <span class='ocrx_word' id='word_1_640' title='bbox 2134 4057 2162 4097; x_wconf 77' lang='grc' dir='ltr'><strong>¹ι</strong></span> <span class='ocrx_word' id='word_1_641' title='bbox 2184 4060 2841 4128; x_wconf 86' lang='lat' dir='ltr'><strong>merueruntsubmoveri)</strong></span> <span class='ocrx_word' id='word_1_642' title='bbox 2872 4063 2971 4116; x_wconf 85' lang='lat' dir='ltr'><strong>hac</strong></span> <span class='ocrx_word' id='word_1_643' title='bbox 2997 4064 3206 4118; x_wconf 88' lang='lat' dir='ltr'><strong>ratione</strong></span> <span class='ocrx_word' id='word_1_644' title='bbox 3229 4066 3522 4131; x_wconf 83' lang='lat' dir='ltr'><strong>ﬁrmamus,</strong></span> <span class='ocrx_word' id='word_1_645' title='bbox 3546 4069 3591 4124; x_wconf 91' lang='lat' dir='ltr'><strong>si</strong></span> 
     </span>
    </p>
   </div>
   <div class='ocr_carea' id='block_1_103' title="bbox 2013 4153 3589 4228">
    <p class='ocr_par' dir='ltr' id='par_1_103' title="bbox 2013 4153 3589 4228">
     <span class='ocr_line' id='line_1_103' title="bbox 2013 4153 3589 4228; baseline 0.004 -21"><span class='ocrx_word' id='word_1_646' title='bbox 2013 4166 2111 4208; x_wconf 88' lang='lat' dir='ltr'><strong>nec</strong></span> <span class='ocrx_word' id='word_1_647' title='bbox 2127 4153 2403 4209; x_wconf 87' lang='lat' dir='ltr'><strong>viduarum</strong></span> <span class='ocrx_word' id='word_1_648' title='bbox 2430 4154 2638 4228; x_wconf 67' lang='lat' dir='ltr'><strong>[uiduae]</strong></span> <span class='ocrx_word' id='word_1_649' title='bbox 2656 4153 2881 4210; x_wconf 86' lang='lat' dir='ltr'><strong>maritus</strong></span> <span class='ocrx_word' id='word_1_650' title='bbox 2909 4154 3069 4209; x_wconf 90' lang='lat' dir='ltr'><strong>fuerit</strong></span> <span class='ocrx_word' id='word_1_651' title='bbox 3094 4156 3394 4225; x_wconf 83' lang='lat' dir='ltr'><strong>quisquam,</strong></span> <span class='ocrx_word' id='word_1_652' title='bbox 3423 4157 3515 4212; x_wconf 68' lang='lat' dir='ltr'><strong>1et</strong></span> <span class='ocrx_word' id='word_1_653' title='bbox 3536 4159 3589 4213; x_wconf 89' lang='lat' dir='ltr'><strong>in</strong></span> 
     </span>
    </p>
   </div>
   <div class='ocr_carea' id='block_1_104' title="bbox 2015 4246 3607 4318">
    <p class='ocr_par' dir='ltr' id='par_1_104' title="bbox 2015 4246 3607 4318">
     <span class='ocr_line' id='line_1_104' title="bbox 2015 4246 3607 4318; baseline 0.003 -18"><span class='ocrx_word' id='word_1_654' title='bbox 2015 4247 2171 4302; x_wconf 88' lang='lat' dir='ltr'><strong>unius</strong></span> <span class='ocrx_word' id='word_1_655' title='bbox 2183 4246 2402 4315; x_wconf 83' lang='lat' dir='ltr'><strong>virginis</strong></span> <span class='ocrx_word' id='word_1_656' title='bbox 2421 4248 2633 4315; x_wconf 86' lang='lat' dir='ltr'><strong>nuptias</strong></span> <span class='ocrx_word' id='word_1_657' title='bbox 2656 4260 2718 4301; x_wconf 89' lang='lat' dir='ltr'><strong>ac</strong></span> <span class='ocrx_word' id='word_1_658' title='bbox 2737 4258 2857 4301; x_wconf 87' lang='lat' dir='ltr'><strong>vota</strong></span> <span class='ocrx_word' id='word_1_659' title='bbox 2873 4248 3202 4312; x_wconf 88' lang='lat' dir='ltr'><strong>convenerit,</strong></span> <span class='ocrx_word' id='word_1_660' title='bbox 3229 4248 3366 4303; x_wconf 86' lang='lat' dir='ltr'><strong>sicut</strong></span> <span class='ocrx_word' id='word_1_661' title='bbox 3380 4259 3434 4303; x_wconf 88' lang='lat' dir='ltr'><strong>et</strong></span> <span class='ocrx_word' id='word_1_662' title='bbox 3455 4248 3607 4318; x_wconf 13' lang='lat' dir='ltr'><strong>legaci</strong></span> 
     </span>
    </p>
   </div>
   <div class='ocr_carea' id='block_1_105' title="bbox 2014 4338 3627 4413">
    <p class='ocr_par' dir='ltr' id='par_1_105' title="bbox 2014 4338 3627 4413">
     <span class='ocr_line' id='line_1_105' title="bbox 2014 4338 3627 4413; baseline 0.003 -22"><span class='ocrx_word' id='word_1_663' title='bbox 2014 4339 2080 4392; x_wconf 84' lang='lat' dir='ltr'><strong>lia</strong></span> <span class='ocrx_word' id='word_1_664' title='bbox 2094 4340 2385 4395; x_wconf 81' lang='lat' dir='ltr'><strong>consututa</strong></span> <span class='ocrx_word' id='word_1_665' title='bbox 2408 4338 2744 4410; x_wconf 62' lang='lat' dir='ltr'><strong>praecipiunt,</strong></span> <span class='ocrx_word' id='word_1_666' title='bbox 2774 4338 3037 4394; x_wconf 87' lang='lat' dir='ltr'><strong>dicendo:</strong></span> <span class='ocrx_word' id='word_1_667' title='bbox 3063 4338 3319 4394; x_wconf 79' lang='lat' dir='ltr'><strong>Sacerdos</strong></span> <span class='ocrx_word' id='word_1_668' title='bbox 3345 4341 3627 4413; x_wconf 78' lang='lat' dir='ltr'><strong>virginem</strong></span> 
     </span>
    </p>
   </div>
   <div class='ocr_carea' id='block_1_106' title="bbox 2080 4497 2781 4566">
    <p class='ocr_par' dir='ltr' id='par_1_106' title="bbox 2080 4497 2781 4566">
     <span class='ocr_line' id='line_1_106' title="bbox 2080 4497 2781 4566; baseline -0.006 -14"><span class='ocrx_word' id='word_1_669' title='bbox 2080 4505 2104 4535; x_wconf 72' lang='grc' dir='ltr'><strong>ε</strong></span> <span class='ocrx_word' id='word_1_670' title='bbox 2125 4497 2256 4552; x_wconf 88' lang='lat' dir='ltr'><strong>Cod.</strong></span> <span class='ocrx_word' id='word_1_671' title='bbox 2283 4498 2440 4566; x_wconf 88' lang='lat' dir='ltr'><strong>Luc.,</strong></span> <span class='ocrx_word' id='word_1_672' title='bbox 2464 4497 2781 4551; x_wconf 77' lang='lat' dir='ltr'><strong>sententiam.</strong></span> 
     </span>
    </p>
   </div>
   <div class='ocr_carea' id='block_1_107' title="bbox 2087 4566 2642 4631">
    <p class='ocr_par' dir='ltr' id='par_1_107' title="bbox 2087 4566 2642 4631">
     <span class='ocr_line' id='line_1_107' title="bbox 2087 4566 2642 4631; baseline 0 -12"><span class='ocrx_word' id='word_1_673' title='bbox 2087 4566 2107 4606; x_wconf 68' lang='grc' dir='ltr'>ί</span> <span class='ocrx_word' id='word_1_674' title='bbox 2131 4570 2262 4622; x_wconf 72' lang='lat' dir='ltr'><strong>tlod.</strong></span> <span class='ocrx_word' id='word_1_675' title='bbox 2292 4569 2443 4631; x_wconf 86' lang='lat' dir='ltr'><strong>Luc.,</strong></span> <span class='ocrx_word' id='word_1_676' title='bbox 2474 4570 2642 4621; x_wconf 80' lang='lat' dir='ltr'><strong>aliter.</strong></span> 
     </span>
    </p>
   </div>
   <div class='ocr_carea' id='block_1_108' title="bbox 2082 4637 2840 4702">
    <p class='ocr_par' dir='ltr' id='par_1_108' title="bbox 2082 4637 2840 4702">
     <span class='ocr_line' id='line_1_108' title="bbox 2082 4637 2840 4702; baseline -0.004 -9"><span class='ocrx_word' id='word_1_677' title='bbox 2082 4647 2107 4685; x_wconf 75' lang='grc' dir='ltr'><strong><em>ε</em></strong></span> <span class='ocrx_word' id='word_1_678' title='bbox 2129 4637 2260 4693; x_wconf 88' lang='lat' dir='ltr'><strong>Cod.</strong></span> <span class='ocrx_word' id='word_1_679' title='bbox 2300 4640 2449 4702; x_wconf 87' lang='lat' dir='ltr'><strong>Luc.,</strong></span> <span class='ocrx_word' id='word_1_680' title='bbox 2485 4640 2597 4691; x_wconf 84' lang='lat' dir='ltr'><strong>licet</strong></span> <span class='ocrx_word' id='word_1_681' title='bbox 2621 4653 2754 4690; x_wconf 83' lang='lat' dir='ltr'><strong>nunc</strong></span> <span class='ocrx_word' id='word_1_682' title='bbox 2776 4646 2840 4690; x_wconf 87' lang='lat' dir='ltr'><strong>te.</strong></span> 
     </span>
    </p>
   </div>
   <div class='ocr_carea' id='block_1_109' title="bbox 2081 4707 2760 4776">
    <p class='ocr_par' dir='ltr' id='par_1_109' title="bbox 2081 4707 2760 4776">
     <span class='ocr_line' id='line_1_109' title="bbox 2081 4707 2760 4776; baseline -0.004 -13"><span class='ocrx_word' id='word_1_683' title='bbox 2081 4707 2105 4745; x_wconf 79' lang='grc'><strong>¹³</strong></span> <span class='ocrx_word' id='word_1_684' title='bbox 2129 4709 2262 4763; x_wconf 86' lang='lat' dir='ltr'><strong>Cod.</strong></span> <span class='ocrx_word' id='word_1_685' title='bbox 2291 4710 2442 4776; x_wconf 89' lang='lat' dir='ltr'><strong>Luc.,</strong></span> <span class='ocrx_word' id='word_1_686' title='bbox 2469 4710 2760 4763; x_wconf 85' lang='lat' dir='ltr'><strong>meruerint.</strong></span> 
     </span>
    </p>
   </div>
   <div class='ocr_carea' id='block_1_110' title="bbox 2083 4780 3587 4862">
    <p class='ocr_par' dir='ltr' id='par_1_110' title="bbox 2083 4780 3587 4862">
     <span class='ocr_line' id='line_1_110' title="bbox 2083 4780 3587 4862; baseline 0.003 -30"><span class='ocrx_word' id='word_1_687' title='bbox 2083 4780 2258 4862; x_wconf 54' lang='lat' dir='ltr'><strong>fCod.</strong></span> <span class='ocrx_word' id='word_1_688' title='bbox 2299 4781 2426 4835; x_wconf 88' lang='lat' dir='ltr'><strong>Luc.</strong></span> <span class='ocrx_word' id='word_1_689' title='bbox 2469 4780 2618 4835; x_wconf 86' lang='lat' dir='ltr'><strong>addit</strong></span> <span class='ocrx_word' id='word_1_690' title='bbox 2658 4795 2673 4832; x_wconf 93' lang='lat'><strong>:</strong></span> <span class='ocrx_word' id='word_1_691' title='bbox 2722 4795 2812 4832; x_wconf 79' lang='lat' dir='ltr'><strong>nec</strong></span> <span class='ocrx_word' id='word_1_692' title='bbox 2836 4780 3075 4833; x_wconf 73' lang='lat' dir='ltr'><strong>secundm</strong></span> <span class='ocrx_word' id='word_1_693' title='bbox 3109 4784 3374 4851; x_wconf 82' lang='lat' dir='ltr'><strong>conjugis,</strong></span> <span class='ocrx_word' id='word_1_694' title='bbox 3416 4783 3505 4836; x_wconf 80' lang='lat' dir='ltr'><strong>sed</strong></span> <span class='ocrx_word' id='word_1_695' title='bbox 3534 4784 3587 4838; x_wconf 86' lang='lat' dir='ltr'><strong>in</strong></span> 
     </span>
    </p>
   </div>
   <div class='ocr_carea' id='block_1_111' title="bbox 2004 4860 2306 4916">
    <p class='ocr_par' dir='ltr' id='par_1_111' title="bbox 2004 4860 2306 4916">
     <span class='ocr_line' id='line_1_111' title="bbox 2004 4860 2306 4916; baseline 0.01 -13"><span class='ocrx_word' id='word_1_696' title='bbox 2004 4860 2174 4916; x_wconf 77' lang='lat' dir='ltr'><strong>unius,</strong></span> <span class='ocrx_word' id='word_1_697' title='bbox 2199 4860 2306 4906; x_wconf 85' lang='lat' dir='ltr'><strong>etc.</strong></span> 
     </span>
    </p>
   </div>
   <div class='ocr_carea' id='block_1_112' title="bbox 2003 4985 3586 5057">
    <p class='ocr_par' dir='ltr' id='par_1_112' title="bbox 2003 4985 3586 5057">
     <span class='ocr_line' id='line_1_112' title="bbox 2003 4985 3586 5057; baseline 0.003 -18"><span class='ocrx_word' id='word_1_698' title='bbox 2003 4985 2251 5057; x_wconf 86' lang='lat' dir='ltr'><strong>episcopi</strong></span> <span class='ocrx_word' id='word_1_699' title='bbox 2278 4985 2699 5057; x_wconf 77' lang='lat' dir='ltr'><strong>carthaginensi,</strong></span> <span class='ocrx_word' id='word_1_700' title='bbox 2743 5001 2991 5041; x_wconf 85' lang='lat' dir='ltr'><strong>sermone</strong></span> <span class='ocrx_word' id='word_1_701' title='bbox 3036 4987 3309 5057; x_wconf 83' lang='lat' dir='ltr'><strong>trigesimo</strong></span> <span class='ocrx_word' id='word_1_702' title='bbox 3348 4990 3586 5044; x_wconf 84' lang='lat' dir='ltr'><strong>secundo</strong></span> 
     </span>
    </p>
   </div>
   <div class='ocr_carea' id='block_1_113' title="bbox 2003 5052 3581 5125">
    <p class='ocr_par' dir='ltr' id='par_1_113' title="bbox 2003 5052 3581 5125">
     <span class='ocr_line' id='line_1_113' title="bbox 2003 5052 3581 5125; baseline 0.001 -14"><span class='ocrx_word' id='word_1_703' title='bbox 2003 5052 2070 5111; x_wconf 80' lang='lat' dir='ltr'><strong>de</strong></span> <span class='ocrx_word' id='word_1_704' title='bbox 2107 5052 2287 5111; x_wconf 80' lang='lat' dir='ltr'><strong>verbis</strong></span> <span class='ocrx_word' id='word_1_705' title='bbox 2318 5052 2544 5122; x_wconf 73' lang='lat' dir='ltr'><strong>Domini,</strong></span> <span class='ocrx_word' id='word_1_706' title='bbox 2564 5057 2756 5117; x_wconf 84' lang='lat' dir='ltr'><strong>inline,</strong></span> <span class='ocrx_word' id='word_1_707' title='bbox 2784 5060 2957 5125; x_wconf 86' lang='lat' dir='ltr'><strong>deque</strong></span> <span class='ocrx_word' id='word_1_708' title='bbox 2977 5052 3343 5114; x_wconf 68' lang='lat' dir='ltr'><strong>anniversario</strong></span> <span class='ocrx_word' id='word_1_709' title='bbox 3384 5061 3469 5114; x_wconf 89' lang='lat' dir='ltr'><strong>die</strong></span> <span class='ocrx_word' id='word_1_710' title='bbox 3490 5076 3581 5113; x_wconf 88' lang='lat' dir='ltr'><strong>or-</strong></span> 
     </span>
    </p>
   </div>
   <div class='ocr_carea' id='block_1_114' title="bbox 2001 5127 3578 5196">
    <p class='ocr_par' dir='ltr' id='par_1_114' title="bbox 2001 5127 3578 5196">
     <span class='ocr_line' id='line_1_114' title="bbox 2001 5127 3578 5196; baseline -0.001 -14"><span class='ocrx_word' id='word_1_711' title='bbox 2001 5129 2289 5182; x_wconf 88' lang='lat' dir='ltr'><strong>dluationis</strong></span> <span class='ocrx_word' id='word_1_712' title='bbox 2317 5142 2447 5189; x_wconf 79' lang='lat' dir='ltr'><strong>suae,</strong></span> <span class='ocrx_word' id='word_1_713' title='bbox 2477 5127 2690 5181; x_wconf 85' lang='lat' dir='ltr'><strong>homllia</strong></span> <span class='ocrx_word' id='word_1_714' title='bbox 2718 5129 2786 5181; x_wconf 55' lang='grc' dir='ltr'><em>ῆι</em></span> <span class='ocrx_word' id='word_1_715' title='bbox 2812 5138 2866 5183; x_wconf 89' lang='lat' dir='ltr'><strong>et</strong></span> <span class='ocrx_word' id='word_1_716' title='bbox 2890 5130 2977 5186; x_wconf 71' lang='lat'><strong>25.</strong></span> <span class='ocrx_word' id='word_1_717' title='bbox 3012 5129 3290 5196; x_wconf 72' lang='lat' dir='ltr'><strong>Qunmodo</strong></span> <span class='ocrx_word' id='word_1_718' title='bbox 3314 5133 3411 5183; x_wconf 82' lang='lat' dir='ltr'><strong>hoc</strong></span> <span class='ocrx_word' id='word_1_719' title='bbox 3442 5131 3578 5184; x_wconf 81' lang='lat' dir='ltr'><strong>idem</strong></span> 
     </span>
    </p>
   </div>
   <div class='ocr_carea' id='block_1_115' title="bbox 2002 5198 3577 5265">
    <p class='ocr_par' dir='ltr' id='par_1_115' title="bbox 2002 5198 3577 5265">
     <span class='ocr_line' id='line_1_115' title="bbox 2002 5198 3577 5265; baseline -0.001 -14"><span class='ocrx_word' id='word_1_720' title='bbox 2002 5198 2243 5265; x_wconf 84' lang='lat' dir='ltr'><strong>nonnulli</strong></span> <span class='ocrx_word' id='word_1_721' title='bbox 2272 5201 2585 5252; x_wconf 80' lang='lat' dir='ltr'><strong>aucturitate</strong></span> <span class='ocrx_word' id='word_1_722' title='bbox 2615 5199 2817 5252; x_wconf 84' lang='lat' dir='ltr'><strong>Paulini</strong></span> <span class='ocrx_word' id='word_1_723' title='bbox 2848 5202 3070 5265; x_wconf 77' lang='lat' dir='ltr'><strong>epistola</strong></span> <span class='ocrx_word' id='word_1_724' title='bbox 3102 5200 3306 5254; x_wconf 88' lang='lat' dir='ltr'><strong>decima</strong></span> <span class='ocrx_word' id='word_1_725' title='bbox 3340 5207 3483 5253; x_wconf 68' lang='lat' dir='ltr'><strong>sexta</strong></span> <span class='ocrx_word' id='word_1_726' title='bbox 3513 5202 3577 5251; x_wconf 89' lang='lat' dir='ltr'><strong>ad</strong></span> 
     </span>
    </p>
   </div>
   <div class='ocr_carea' id='block_1_116' title="bbox 2002 5262 3580 5339">
    <p class='ocr_par' dir='ltr' id='par_1_116' title="bbox 2002 5262 3580 5339">
     <span class='ocr_line' id='line_1_116' title="bbox 2002 5262 3580 5339; baseline 0 -16"><span class='ocrx_word' id='word_1_727' title='bbox 2002 5262 2321 5336; x_wconf 87' lang='lat' dir='ltr'><strong>Delphinum</strong></span> <span class='ocrx_word' id='word_1_728' title='bbox 2352 5272 2688 5333; x_wconf 82' lang='lat' dir='ltr'><strong>conﬁrment,</strong></span> <span class='ocrx_word' id='word_1_729' title='bbox 2716 5284 2820 5322; x_wconf 92' lang='lat' dir='ltr'><strong>non</strong></span> <span class='ocrx_word' id='word_1_730' title='bbox 2852 5262 3023 5323; x_wconf 77' lang='lat' dir='ltr'><strong>video.</strong></span> <span class='ocrx_word' id='word_1_731' title='bbox 3053 5272 3307 5339; x_wconf 82' lang='lat' dir='ltr'><strong>Loquitur</strong></span> <span class='ocrx_word' id='word_1_732' title='bbox 3340 5272 3481 5323; x_wconf 77' lang='lat' dir='ltr'><strong>eiiim</strong></span> <span class='ocrx_word' id='word_1_733' title='bbox 3514 5275 3580 5323; x_wconf 71' lang='lat' dir='ltr'><strong>«te</strong></span> 
     </span>
    </p>
   </div>
   <div class='ocr_carea' id='block_1_117' title="bbox 2001 5340 3579 5408">
    <p class='ocr_par' dir='ltr' id='par_1_117' title="bbox 2001 5340 3579 5408">
     <span class='ocr_line' id='line_1_117' title="bbox 2001 5340 3579 5408; baseline -0.001 -14"><span class='ocrx_word' id='word_1_734' title='bbox 2001 5342 2223 5394; x_wconf 78' lang='lat' dir='ltr'><strong>Solemni</strong></span> <span class='ocrx_word' id='word_1_735' title='bbox 2244 5341 2328 5393; x_wconf 91' lang='lat' dir='ltr'><strong>illa</strong></span> <span class='ocrx_word' id='word_1_736' title='bbox 2347 5342 2774 5407; x_wconf 85' lang='lat' dir='ltr'><strong>etantiquissima</strong></span> <span class='ocrx_word' id='word_1_737' title='bbox 2794 5342 3201 5405; x_wconf 74' lang='lat' dir='ltr'><strong>COIlSUCllldillC,</strong></span> <span class='ocrx_word' id='word_1_738' title='bbox 3220 5356 3318 5408; x_wconf 84' lang='lat' dir='ltr'><strong>qua</strong></span> <span class='ocrx_word' id='word_1_739' title='bbox 3334 5340 3579 5393; x_wconf 79' lang='lat' dir='ltr'><strong>solebant</strong></span> 
     </span>
    </p>
   </div>
   <div class='ocr_carea' id='block_1_118' title="bbox 2008 5410 3576 5472">
    <p class='ocr_par' dir='ltr' id='par_1_118' title="bbox 2008 5410 3576 5472">
     <span class='ocr_line' id='line_1_118' title="bbox 2008 5410 3576 5472; baseline 0 -9"><span class='ocrx_word' id='word_1_740' title='bbox 2008 5410 2212 5472; x_wconf 88' lang='lat' dir='ltr'><strong>lideles,</strong></span> <span class='ocrx_word' id='word_1_741' title='bbox 2246 5411 2386 5463; x_wconf 86' lang='lat' dir='ltr'><strong>nulla</strong></span> <span class='ocrx_word' id='word_1_742' title='bbox 2429 5410 2604 5465; x_wconf 84' lang='lat' dir='ltr'><strong>habita</strong></span> <span class='ocrx_word' id='word_1_743' title='bbox 2654 5410 2857 5464; x_wconf 85' lang='lat' dir='ltr'><strong>ratiOnc</strong></span> <span class='ocrx_word' id='word_1_744' title='bbox 2896 5413 3132 5464; x_wconf 87' lang='lat' dir='ltr'><strong>calorum</strong></span> <span class='ocrx_word' id='word_1_745' title='bbox 3156 5411 3480 5469; x_wconf 58' lang='lat' dir='ltr'><strong>usurarum,</strong></span> <span class='ocrx_word' id='word_1_746' title='bbox 3512 5416 3576 5463; x_wconf 84' lang='lat' dir='ltr'><strong>ad</strong></span> 
     </span>
    </p>
   </div>
   <div class='ocr_carea' id='block_1_119' title="bbox 2005 5480 3580 5545">
    <p class='ocr_par' dir='ltr' id='par_1_119' title="bbox 2005 5480 3580 5545">
     <span class='ocr_line' id='line_1_119' title="bbox 2005 5480 3580 5545; baseline 0.001 -10"><span class='ocrx_word' id='word_1_747' title='bbox 2005 5482 2233 5535; x_wconf 82' lang='lat' dir='ltr'><strong>natalem</strong></span> <span class='ocrx_word' id='word_1_748' title='bbox 2262 5481 2401 5534; x_wconf 87' lang='lat' dir='ltr'><strong>diem</strong></span> <span class='ocrx_word' id='word_1_749' title='bbox 2431 5492 2735 5535; x_wconf 76' lang='lat' dir='ltr'><strong>sanctorum</strong></span> <span class='ocrx_word' id='word_1_750' title='bbox 2765 5484 3124 5545; x_wconf 64' lang='lat' dir='ltr'><strong>apostolotttui</strong></span> <span class='ocrx_word' id='word_1_751' title='bbox 3174 5480 3311 5532; x_wconf 62' lang='lat' dir='ltr'><strong>Petri</strong></span> <span class='ocrx_word' id='word_1_752' title='bbox 3345 5490 3399 5535; x_wconf 84' lang='lat' dir='ltr'><strong>et</strong></span> <span class='ocrx_word' id='word_1_753' title='bbox 3431 5480 3580 5536; x_wconf 84' lang='lat' dir='ltr'><strong>Pauli</strong></span> 
     </span>
    </p>
   </div>
   <div class='ocr_carea' id='block_1_120' title="bbox 2003 5551 3579 5621">
    <p class='ocr_par' dir='ltr' id='par_1_120' title="bbox 2003 5551 3579 5621">
     <span class='ocr_line' id='line_1_120' title="bbox 2003 5551 3579 5621; baseline -0.003 -15"><span class='ocrx_word' id='word_1_754' title='bbox 2003 5567 2326 5606; x_wconf 85' lang='lat' dir='ltr'><strong>Concurrere</strong></span> <span class='ocrx_word' id='word_1_755' title='bbox 2358 5568 2372 5604; x_wconf 89' lang='lat'><strong>:</strong></span> <span class='ocrx_word' id='word_1_756' title='bbox 2407 5553 2470 5605; x_wconf 88' lang='lat' dir='ltr'><strong>de</strong></span> <span class='ocrx_word' id='word_1_757' title='bbox 2498 5569 2599 5621; x_wconf 87' lang='lat' dir='ltr'><strong>qua</strong></span> <span class='ocrx_word' id='word_1_758' title='bbox 2641 5556 2841 5617; x_wconf 72' lang='lat' dir='ltr'><strong>egimus</strong></span> <span class='ocrx_word' id='word_1_759' title='bbox 2884 5566 3041 5615; x_wconf 78' lang='lat' dir='ltr'><strong>supra</strong></span> <span class='ocrx_word' id='word_1_760' title='bbox 3074 5553 3123 5602; x_wconf 90' lang='lat' dir='ltr'><strong>in</strong></span> <span class='ocrx_word' id='word_1_761' title='bbox 3174 5551 3310 5603; x_wconf 88' lang='lat' dir='ltr'><strong>notis</strong></span> <span class='ocrx_word' id='word_1_762' title='bbox 3339 5553 3579 5621; x_wconf 56' lang='lat' dir='ltr'><strong>epistola!</strong></span> 
     </span>
    </p>
   </div>
   <div class='ocr_carea' id='block_1_121' title="bbox 2004 5621 3597 5690">
    <p class='ocr_par' dir='ltr' id='par_1_121' title="bbox 2004 5621 3597 5690">
     <span class='ocr_line' id='line_1_121' title="bbox 2004 5621 3597 5690; baseline 0.001 -15"><span class='ocrx_word' id='word_1_763' title='bbox 2004 5623 2147 5675; x_wconf 89' lang='lat' dir='ltr'><strong>illius</strong></span> <span class='ocrx_word' id='word_1_764' title='bbox 2199 5624 2598 5690; x_wconf 71' lang='lat' dir='ltr'><strong>praeambu’aris</strong></span> <span class='ocrx_word' id='word_1_765' title='bbox 2635 5623 2785 5675; x_wconf 78' lang='lat' dir='ltr'><strong>conci</strong></span> <span class='ocrx_word' id='word_1_766' title='bbox 2814 5623 2844 5673; x_wconf 92' lang='lat' dir='ltr'><strong>ii</strong></span> <span class='ocrx_word' id='word_1_767' title='bbox 2886 5621 3368 5687; x_wconf 64' lang='lat' dir='ltr'><strong>Chalcedonensis,</strong></span> <span class='ocrx_word' id='word_1_768' title='bbox 3418 5637 3597 5689; x_wconf 81' lang='lat' dir='ltr'><strong>quain-</strong></span> 
     </span>
    </p>
   </div>
   <div class='ocr_carea' id='block_1_122' title="bbox 2003 5691 3591 5759">
    <p class='ocr_par' dir='ltr' id='par_1_122' title="bbox 2003 5691 3591 5759">
     <span class='ocr_line' id='line_1_122' title="bbox 2003 5691 3591 5759; baseline 0.003 -14"><span class='ocrx_word' id='word_1_769' title='bbox 2003 5693 2151 5746; x_wconf 84' lang='lat' dir='ltr'><strong>Galla</strong></span> <span class='ocrx_word' id='word_1_770' title='bbox 2174 5694 2403 5747; x_wconf 76' lang='lat' dir='ltr'><strong>Placidia</strong></span> <span class='ocrx_word' id='word_1_771' title='bbox 2426 5693 2636 5759; x_wconf 85' lang='lat' dir='ltr'><strong>scripsit</strong></span> <span class='ocrx_word' id='word_1_772' title='bbox 2666 5694 2728 5744; x_wconf 88' lang='lat' dir='ltr'><strong>ad</strong></span> <span class='ocrx_word' id='word_1_773' title='bbox 2756 5691 3083 5744; x_wconf 82' lang='lat' dir='ltr'><strong>Pnlchcriam</strong></span> <span class='ocrx_word' id='word_1_774' title='bbox 3112 5696 3419 5755; x_wconf 55' lang='lat' dir='ltr'><strong>Augustam.</strong></span> <span class='ocrx_word' id='word_1_775' title='bbox 3449 5692 3591 5749; x_wconf 64' lang='lat' dir='ltr'><strong>Vide</strong></span> 
     </span>
    </p>
   </div>
   <div class='ocr_carea' id='block_1_123' title="bbox 2002 5760 3285 5833">
    <p class='ocr_par' dir='ltr' id='par_1_123' title="bbox 2002 5760 3285 5833">
     <span class='ocr_line' id='line_1_123' title="bbox 2002 5760 3285 5833; baseline -0.002 -16"><span class='ocrx_word' id='word_1_776' title='bbox 2002 5763 2284 5821; x_wconf 86' lang='lat' dir='ltr'><strong>Baronium</strong></span> <span class='ocrx_word' id='word_1_777' title='bbox 2316 5779 2456 5818; x_wconf 91' lang='lat' dir='ltr'><strong>anno</strong></span> <span class='ocrx_word' id='word_1_778' title='bbox 2482 5766 2604 5833; x_wconf 71' lang='grc'><strong>465,</strong></span> <span class='ocrx_word' id='word_1_779' title='bbox 2631 5779 2774 5817; x_wconf 89' lang='lat' dir='ltr'><strong>num.</strong></span> <span class='ocrx_word' id='word_1_780' title='bbox 2804 5760 2884 5814; x_wconf 77' lang='lat' dir='ltr'><strong>l7.</strong></span> <span class='ocrx_word' id='word_1_781' title='bbox 2928 5761 3054 5815; x_wconf 59' lang='grc' dir='ltr'><strong>δεῖν.</strong></span> <span class='ocrx_word' id='word_1_782' title='bbox 3088 5762 3285 5817; x_wconf 75' lang='lat' dir='ltr'><strong>Bta&#39;nts.</strong></span> 
     </span>
    </p>
   </div>
  </div>
