4022 6168
388 333 456 385 19
1776 323 1998 381 llil‘Alll
2044 326 2242 381 l’AlUE
3581 326 3662 381 20

386 454 597 494 uxorem
621 437 869 505 accipiat,
902 451 1003 490 nou
1032 434 1255 498 viduam,
1291 448 1392 487 non
1424 433 1742 500 repudiatam
1785 434 1969 504 (Leiit.
1998 439 2051 499 Α
2077 442 2134 490 et
2158 434 2280 489 cod.
2319 433 2480 506 Just.)
2525 435 2673 506 pravi
2706 436 2963 493 desiderii
2987 438 3303 507 postulasse,
3348 438 3650 495 adhibendo

386 544 508 596 xxi;
531 528 722 583 Ezech.
750 528 895 596 xuv)
922 544 934 579 :
960 526 1253 582 secundum
1276 524 1414 595 quod
1440 526 1599 578 etiam
1627 527 1810 580 beatus
1834 540 1965 594 apo—

385 621 553 675 stolus
580 619 792 680 Paulus,
823 618 1076 687 magister
1100 617 1370 687 gentium,
1401 617 1470 671 de
1499 616 1581 670 his
1611 618 1697 686 qui
1730 617 1844 672 fieri
1870 618 1968 672 de-

385 709 625 765 siderant
653 709 983 774 sacerdotes,
1018 707 1231 778 propria
1263 708 1597 763 institutione
1640 724 1744 763 non
1777 711 1962 777 tacuit,

386 800 571 855 dicens
604 818 617 853 :
659 800 820 855 Unius
860 800 1034 853 uxoris
1060 801 1222 852 uirum
1253 799 1302 871 (Ι
1327 799 1463 852 Tim.
1494 800 1599 869 ιιι).
1639 800 1803 869 Cujus
1834 815 1965 855 sane

385 901 575 948 tenore
618 893 898 947 sententia:
946 893 1015 946 ita
1047 891 1320 946 informati
1364 907 1484 946 esse
1509 891 1734 955 debetis,
1771 891 1966 948 fratres

306 998 310 1003 ‘
385 983 693 1049 carissimi,
744 994 801 1038 ut
844 985 983 1038 inter
1027 993 1219 1037 caetera
1250 997 1368 1052 quae
1409 982 1642 1037 cavenda
1670 993 1815 1049 sunt,
1849 983 1965 1039 hinc

304 1060 307 1064 ’
385 1076 643 1129 studentis
674 1076 941 1145 praecipue
973 1083 999 1111 α
1022 1074 1315 1138 custodire,
1344 1088 1461 1143 quae
1490 1075 1811 1143 cognoscitis
1838 1085 1964 1131 ante

386 1169 634 1223 universa
684 1168 945 1221 mandari.
997 1166 1056 1221 ln
1102 1166 1295 1234 quibus
1327 1167 1487 1220 etiam
1531 1166 1963 1235 prospiciendum

386 1259 838 1331 [perspiciendum]
867 1268 970 1323 est,
1000 1271 1070 1312 ne
1097 1257 1205 1311 duo
1233 1256 1391 1311 simul
1421 1257 1528 1310 sint
1556 1257 1608 1311 in
1636 1272 1738 1312 una
1781 1258 1966 1313 Eccle-

384 1349 464 1402 sia
509 1350 817 1403 sacerdotes
856 1368 867 1401 :
909 1362 1010 1403 nec
1033 1347 1331 1403 litterarum
1364 1349 1577 1417 ignarus
1603 1390 1617 1413 ,
1645 1358 1739 1404 aut
1771 1363 1962 1405 carens

385 1440 563 1512 aliqua
593 1452 743 1510 parte
771 1441 1157 1507 membrorum,
1192 1443 1272 1496 vel
1301 1443 1460 1495 etiam
1492 1457 1555 1496 ex
1583 1443 1963 1512 [ueniteutibus

387 1528 744 1604 [expwnitens]
775 1532 966 1599 aliquis
994 1531 1058 1584 ad
1091 1544 1299 1585 sacrum
1341 1532 1694 1587 ministerium
1741 1546 1963 1603 prorsus

385 1622 597 1676 sinatur
625 1620 902 1676 accedere.
952 1621 1060 1676 Nec
1088 1631 1289 1675 tantum
1322 1624 1517 1692 putetis
1559 1623 1842 1692 petitiones
1871 1640 1964 1679 va-

384 1714 500 1768 lere
530 1715 872 1783 pupulorum,
915 1722 972 1768 ut
998 1729 1117 1768 cum
1146 1715 1229 1767 his
1258 1728 1449 1783 parere
1478 1716 1689 1783 cupitis,
1716 1716 1961 1770 volunta-

2073 525 2126 580 iu
2143 525 2489 594 epistularum
2511 527 2770 596 prooemio
2792 529 3003 584 concilii
3025 530 3348 585 mentionem
3365 548 3380 585 :
3400 540 3657 601 tanquam

2068 616 2241 685 culpa:
2278 617 2642 673 minuerentur
2683 635 2942 675 excessus
2981 635 3076 690 per
3118 621 3506 676 multitudinem
3544 624 3645 676 im-

2068 708 2363 777 peritorum
2417 708 2803 781 [imperitorum
2858 708 3018 765 Forte
3068 710 3381 783 petitorum],
3437 727 3559 767 cum
3602 713 3657 767 si-

2066 798 2227 853 etiam
2304 799 2406 853 sub
2463 800 2851 870 significatione
2917 801 3414 875 [subsignationem]
3481 820 3648 859 unus-

2066 890 2290 959 quisque
2318 889 2401 944 sui
2432 891 2660 945 nominis
2690 900 2865 947 tecum
2892 895 3093 964 pariter
3116 894 3406 960 retulisset,
3430 904 3485 950 et
3516 896 3647 950 sub.

2065 982 2387 1050 scriptiones
2408 984 2651 1052 pr0prias
2690 983 2856 1039 factas
2895 984 3130 1057 [Ii-utres]
3158 986 3382 1056 singulis
3413 1001 3650 1041 commo-

2064 1071 2285 1125 dassent
2327 1070 2825 1144 [commendassem].
2877 1074 3225 1131 dilectionem
3278 1086 3456 1130 tamen
3506 1085 3646 1131 tuam

2064 1161 2165 1227 rei,
2197 1159 2269 1215 de
2302 1175 2402 1231 qua
2448 1160 2601 1233 [aute]
2648 1164 2915 1233 displicet,
2958 1180 3165 1220 summa
3210 1168 3456 1236 tangebat
3484 1184 3499 1222 :
3527 1169 3653 1238 quia

2064 1264 2165 1320 pro
2194 1250 2311 1306 loco
2339 1258 2395 1306 et
2425 1252 2628 1309 honore
2653 1253 2748 1309 tibi
2775 1254 2977 1322 debito,
3009 1258 3190 1312 caeteri
3221 1258 3530 1313 sacerdotes
3554 1259 3656 1313 do--

2065 1339 2218 1395 ceudi
2254 1341 2488 1408 fuerant,
2518 1358 2625 1397 non
2651 1345 2927 1415 sequendi.
2957 1345 3109 1401 Unde
3134 1348 3271 1402 sicut
3292 1349 3347 1403 in
3385 1350 3651 1419 generali-

2064 1430 2165 1486 bus
2189 1432 2379 1489 litteris
2407 1433 2665 1503 iudicavi,
2699 1437 2931 1493 Irenaeus
2959 1439 3023 1493 ad
3052 1442 3318 1509 propriam
3348 1452 3650 1497 revertatur

2064 1522 2381 1591 Ecclesiam,
2424 1535 2479 1581 et
2529 1526 3012 1584 Barcinonensibus
3065 1530 3131 1585 de
3180 1547 3279 1587 suo
3327 1533 3475 1589 clero
3525 1550 3651 1603 pro-

2066 1616 2210 1673 tinus
2252 1628 2597 1674 consecretur
2636 1621 2880 1691 antistes,
2920 1623 3008 1677 cui
3039 1632 3217 1679 tamen
3255 1633 3450 1679 statuta
3483 1641 3653 1681 cano-

2066 1718 2270 1765 num‘et
2301 1712 2590 1779 aposmlica
2632 1722 2894 1783 praecepta
2926 1715 3273 1771 concordent.
3323 1717 3387 1771 Et
3433 1721 3557 1772 licet
3589 1717 3643 1771 hi

386 1816 492 1863 tem
521 1807 615 1863 Dei
645 1809 834 1872 nostri,
860 1808 950 1877 qui
982 1822 1083 1862 nos
1109 1821 1333 1877 peccare
1358 1806 1635 1877 prohibet,
1677 1808 1957 1864 deseratis.
1990 1799 2037 1860 B
2063 1802 2152 1871 qni
2184 1810 2377 1871 prater
2407 1804 2649 1857 notitiam
2677 1812 2835 1875 atque
2862 1821 3181 1861 consensum
3215 1816 3318 1862 tuae
3346 1808 3643 1864 dilectionis

387 1899 551 1968 Cujus
599 1900 893 1970 indignatio
939 1917 1005 1957 ex
1053 1901 1153 1957 hoc
1180 1904 1394 1970 gravius
1423 1913 1813 1965 commovetur,
1843 1905 1966 1974 quia

385 1990 689 2060 benignitas
717 1993 833 2061 ejus
855 2031 871 2059 ,
924 1992 1049 2047 dum
1084 1998 1215 2046 llunt
1244 1993 1424 2047 illicita
1470 2008 1566 2063 per
1591 2008 1686 2050 eos
1726 1994 1817 2065 qui
1845 2004 1969 2051 sunt

386 2086 710 2155 interpretes
740 2086 1074 2156 placationis,
1112 2085 1420 2140 ollenditur.

1142 2178 1207 2233 V.

458 2269 527 2325 Ut
565 2279 743 2324 autem
774 2270 952 2325 omnia
984 2272 1276 2327 secundum
1308 2271 1425 2326 haec
1465 2286 1583 2341 quae
1629 2270 1963 2341 scripsimus,

384 2358 745 2428 corrigantur,
774 2376 863 2429 pra
884 2371 1065 2416 sentes
1092 2362 1295 2417 litteras
1322 2403 1341 2427 ,
1371 2362 1601 2431 Traiano
1641 2363 1968 2417 subdiacono

385 2460 571 2504 nostro
599 2451 867 2518 veniente,
901 2452 1217 2508 direximus.
1243 2452 1395 2521 Quod
1426 2455 1472 2508 si
1500 2454 1731 2507 lrenaaus
1760 2454 1967 2521 cpisco-

384 2560 486 2613 pus
528 2545 592 2598 ad
625 2544 917 2599 Ecclesiant
968 2559 1151 2611 suam,
1192 2544 1437 2614 deposito
1472 2544 1827 2611 improbitatis
1852 2558 1967 2596 am-

386 2637 519 2701 bitu,
548 2636 724 2690 redire
752 2637 1067 2706 neglexerit,
1099 2636 1237 2703 quod
1266 2637 1313 2691 ei
1344 2652 1447 2690 non
1476 2635 1698 2704 judicio,
1745 2635 1839 2691 sed
1872 2636 1967 2689 hu-

384 2729 642 2784 manitate
671 2729 1036 2799 prmstabitur,
1069 2729 1449 2784 removendum
1493 2743 1550 2783 se
1581 2728 1647 2782 ab
1673 2728 1965 2798 episcopali

385 2822 659 2876 consortio
685 2835 804 2875 esse
833 2829 1140 2890 cognoscat.
1177 2820 1638 2884 Deus,incolumes
1667 2836 1763 2874 vos
1788 2832 1964 2875 custo-

386 2913 495 2967 diat
523 2952 539 2978 ,
580 2913 770 2966 lratres
795 2913 1078 2967 carissimi.
1116 2913 1242 2966 Data
1277 2914 1436 2967 tertio
1463 2911 1710 2966 calendas
1730 2911 1963 2964 Januarii

318 3062 329 3065 _
384 3001 519 3073 (an.
549 3002 702 3056 Dom.
728 3003 834 3058 495
856 3002 899 3073 ),
930 3002 1185 3057 Basilisco
1214 3012 1268 3058 et
1294 3003 1659 3058 Hcrmincrieo
1686 3001 1819 3056 viris
1854 3001 1964 3055 cla-

383 3094 613 3150 rissimis
640 3094 968 3150 consulibus.

918 3247 937 3278 ¹
972 3245 1299 3302 EPISTULA
1342 3246 1429 3302 lll.

386 3372 568 3414 ιιιιΑῐιι
598 3374 747 3415 ΡΔΡΕ
780 3376 846 3414 ΑΒ
884 3374 1137 3414 Αεςλκιυιι
1182 3375 1592 3414 τΑιιιιΑοοκεΝςΒ
1674 3375 1975 3437 ενιςοοινιιιι

457 3447 701 3484 Ριιινιιτιιι
733 3445 944 3484 εειιιιιτι
977 3446 991 3484 ἶ
1030 3445 1232 3494 εετουε
1262 3446 1487 3484 ειυευιῖιι
1529 3445 1830 3485 ARCUHEITI
1858 3447 1962 3487 εωι

456 3516 709 3556 ιριδτοιιι
739 3516 800 3555 PR
808 3510 1061 3557 ΑΕΕΕΙΕΝΤ
1070 3517 1121 3554 ε.

454 3616 812 3672 DilecLissimo
863 3616 1013 3671 fratri
1052 3616 1286 3673 Ascanio
1326 3617 1539 3672 Hilarus
1583 3618 1889 3687 episcopus.

457 3727 657 3783 Divina:
696 3728 834 3783 circo
868 3745 968 3783 nos
1007 3729 1192 3798 gratim
1229 3745 1493 3785 memores
1531 3745 1649 3785 esse
1680 3731 1961 3799 debemus,

385 3819 474 3888 qui
506 3834 603 3873 nos
635 3834 730 3888 per
757 3819 1075 3888 dignationis
1100 3834 1211 3873 sua:
1248 3821 1665 3875 misericordiam
1703 3820 1962 3893 [gratiora]

386 3910 458 3965 ob
486 3909 585 3964 hoc
608 3910 671 3962 ad
699 3909 968 3978 fastigium
995 3910 1326 3965 sacerdotale
1349 3912 1611 3979 provexit,
1634 3912 1964 3964 utmandatis

384 3999 906 4071 ipsiusinhmrentes,
921 4010 975 4054 et
998 4002 1046 4054 in
1066 4001 1289 4071 quadam
1305 4003 1588 4057 sacerdmii
1604 3999 1963 4072 [sacerdotumI

382 4092 500 4162 ejus
534 4093 747 4160 Specula
790 4093 1083 4157 constituti,
1125 4093 1499 4160 prohibeamus
1545 4091 1748 4156 illicita,
1787 4098 1842 4143 et
1878 4104 1965 4144 se-

382 4185 590 4253 quenda
620 4183 923 4237 doceamus.
960 4182 1108 4236 Unde
1145 4183 1359 4236 directis
1391 4197 1485 4248 per
1522 4180 1807 4249 Trajanuut
1837 4181 1965 4235 θυι».

382 4274 663 4329 diaconum
706 4282 942 4327 nostrum
978 4273 1166 4326 litteris
1191 4273 1559 4339 admonemus,
1588 4281 1646 4325 ut
1681 4288 1797 4341 quze
1826 4272 1963 4327 male

382 4373 508 4416 sunt
556 4365 711 4429 facta,
742 4365 1095 4432 corrigantur.
1146 4363 1212 4417 Et
1256 4365 1513 4417 miramur
1552 4363 1839 4417 admodum
1878 4365 1963 4417 di-

383 4454 663 4509 lectionem
688 4465 827 4507 luam
851 4440 1320 4509 Dareiuoucusium
1349 4456 1632 4521 petitiones
1662 4470 1767 4507 non
1788 4454 1959 4507 solum

381 4550 525 4603 nulla
554 4552 813 4603 auctorita
842 4563 874 4603 e
901 4550 1181 4615 retudisse,
1216 4565 1399 4605 verum
1431 4551 1611 4615 etiam,
1644 4550 1863 4604 directis
1891 4550 1956 4604 ad
1993 4545 2039 4602 D

381 4656 481 4696 nos
532 4640 753 4706 litteris,
801 4642 1311 4695 consummationem
1373 4641 1773 4713 [consensionem
1817 4656 1837 4695 :
1886 4642 1957 4695 ita

455 4835 484 4866 ⁸
506 4826 637 4882 Cod.
667 4825 821 4892 Luc.,
853 4823 1122 4879 custodiri.

453 4989 471 5020 ⁸
496 4986 661 5052 liuius
690 4983 1024 5052 pluriumque
1050 4982 1271 5037 aliarum
1299 4984 1642 5051 epistolarum
1669 4981 1962 5051 pontiﬁcia-

350 5100 363 5117 .η
381 5073 503 5112 rum
535 5058 674 5110 idem
706 5064 760 5109 et
788 5067 1072 5108 commune
1100 5069 1219 5109 esse
1236 5055 1536 5118 exordium,
1561 5055 1764 5122 patebit
1785 5052 1959 5119 facile,

381 5126 634 5206 siprima.
653 5123 1035 5206 Zephyrini,.et
1063 5125 1215 5206 tertia
1232 5122 1495 5206 'Fabicani,
1529 5139 1650 5177 eum
1676 5124 1961 5206 liac_tertia

381 5193 546 5252 llilari
576 5212 591 5251 :
621 5197 746 5249 item
775 5193 819 5248 si
854 5195 1004 5248 tertia
1033 5195 1199 5246 sancti
1232 5194 1426 5248 Leonis
1454 5209 1572 5248 cum
1602 5193 1836 5250 secunda
1863 5194 1962 5248 Pe-

380 5267 500 5334 lagii
530 5266 886 5322 conferantur.
920 5264 1051 5317 Ssv.
1084 5264 1281 5318 BINIUS.

453 5340 472 5369 ²
504 5336 743 5403 Epistola
771 5336 885 5389 haec
914 5335 1109 5402 scripta
1133 5334 1232 5388 fuit
1257 5348 1318 5388 ea
1342 5334 1623 5388 occasione
1646 5349 1660 5390 ε
1684 5333 1957 5388 Auxanius

381 5408 663 5475 episcopus
687 5422 782 5473 per
811 5406 1173 5474 obreptionem
1198 5408 1593 5475 impetraverat,
1626 5412 1686 5475 ut
1710 5404 1956 5475 Ebrcdu-

382 5473 578 5532 nensis'
593 5478 858 5544 provincia
885 5473 981 5529 suo
997 5474 1322 5543 episcopatui
1342 5474 1511 5541 quoad
1532 5473 1953 5544 iurisdietionem

381 5543 801 5619 ecclesiasticqm
815 5546 1186 5619 subiit-eretur.
1211 5544 1362 5619 Quod
1382 5560 1498 5619 cum
1520 5543 1954 5619 ill_[_ll'ﬂ‘_jl_ldl€lllm

382 5618 597 5685 Ingenui
632 5613 1027 5670 Ebredunensis
1048 5614 1306 5682 episcopi,
1336 5616 1547 5683 Alpium
1572 5613 1956 5668 Maritimarum

383 5688 799 5753 metropolitani,
816 5686 1131 5739 auntoritate
1147 5687 1434 5751 apostolica
1458 5701 1769 5739 concessum
1789 5693 1954 5746 esset,

381 5759 447 5813 ad
476 5760 779 5815 inetantiam
802 5765 855 5811 et
879 5757 1152 5825 querelam
1175 5756 1412 5826 e,usdem
1448 5756 1683 5827 Ingenui,
1709 5758 1956 5824 Leontio,

2070 1894 2302 1949 ordinati
2330 1904 2455 1950 sunt
2489 1896 2819 1963 sacerdotes,
2847 1913 2968 1953 cum
3005 1901 3116 1953 suis
3143 1900 3430 1955 debuerint
3465 1911 3650 1956 aucto-

2068 1985 2218 2041 ribus
2245 1987 2549 2044 submoveri
2580 2005 2594 2044 :
2635 2004 2702 2044 ne
2722 1989 2847 2059 quid
2877 2000 3051 2045 tamen
3082 1993 3133 2045 in
3159 2001 3303 2048 tanta
3333 1996 3651 2051 necessitate

2069 2075 2419 2133 decernamus
2448 2088 2855 2144 austerum,eos
2881 2082 2970 2151 qui
2992 2082 3225 2151 episcopi
3258 2084 3379 2138 facti
3408 2093 3555 2150 sunt,
3575 2086 3653 2139 ita

2066 2166 2314 2221 volumus
2345 2183 2679 2237 permanere,
2734 2178 2792 2224 ut
2836 2170 2888 2225 in
2920 2173 3230 2241 apostolicis
3266 2175 3649 2244 prmceptioni-

2068 2254 2170 2309 bus
2189 2264 2244 2310 et
2271 2258 2482 2312 statutis
2503 2269 2808 2313 sanctorum
2837 2259 3050 2315 Patrum
3071 2279 3174 2317 non
3206 2267 3534 2333 reperiantur
3553 2266 3650 2322 ob-

2069 2348 2236 2412 noxii,
2265 2363 2328 2403 ac
2356 2348 2609 2420 deinceps
2640 2351 2794 2421 nihil,
2817 2354 2956 2421 quod
2986 2364 3169 2409 contra
3202 2356 3532 2427 disciplinam
3553 2374 3647 2414 ec-

2068 2437 2418 2494 clesiasticam
2451 2441 2629 2494 veniat
2662 2442 2800 2497 sicut
2830 2443 3086 2499 hactenus
3108 2444 3306 2502 factum
3336 2456 3421 2503 est
3460 2465 3651 2519 perpe-

2069 2540 2259 2586 tretur.
2285 2532 2414 2586 Tute
2437 2533 2811 2589 sollicitudinis
2834 2545 2937 2604 est,
2967 2537 3128 2592 frater
3147 2541 3441 2601 carissime.
3469 2544 3645 2597 omnia

2066 2621 2245 2677 debita
2276 2621 2368 2678 tibi
2394 2624 2707 2680 auctoritate
2736 2628 2891 2696 tueri,
2919 2637 2975 2682 et
3003 2628 3197 2685 illicitis
3226 2648 3330 2685 non
3356 2634 3513 2687 modo
3542 2650 3653 2689 non

2067 2714 2307 2784 praebere
2347 2729 2649 2783 assensum,
2705 2718 2798 2772 sed
2826 2722 2986 2773 etiam
3036 2731 3247 2785 cuncta,
3298 2739 3418 2793 quae
3463 2735 3646 2779 contra

2069 2805 2302 2875 regulam
2335 2804 2471 2861 facta
2495 2807 2782 2876 repereris,
2808 2824 3059 2865 coercere
3083 2827 3099 2866 :
3122 2821 3280 2882 atque
3301 2824 3425 2869 ante
3446 2818 3649 2882 omnia,

2068 2911 2185 2965 quae
2219 2897 2334 2951 sola
2360 2898 2563 2953 unitate
2609 2898 2967 2973 [humanitate]
3003 2902 3357 2971 decernimus,
3388 2904 3653 2962 Irenaeum

2066 2987 2131 3040 ad
2157 2986 2449 3041 Ecclesium
2476 3003 2625 3043 suam
2654 2990 2829 3046 redire
2858 2993 3139 3061 compelle.
3180 2995 3260 3049 Ad
3282 3012 3437 3065 quam
3460 3011 3649 3067 sponte

2068 3079 2245 3148 potius
2274 3078 2451 3133 redire
2480 3078 2749 3151 {remeare}
2776 3081 3008 3147 debebit,
3040 3084 3085 3137 si
3111 3100 3142 3139 a
3161 3088 3475 3142 sacerdotali
3514 3104 3647 3142 con—

1990 3166 2036 3232 C
2067 3172 2232 3224 sortio
2262 3186 2367 3226 non
2399 3172 2558 3244 [deest
2586 3176 2787 3242 negatio
2815 3175 2867 3227 in
2913 3176 3030 3231 cod.
3069 3176 3235 3246 Just.,
3254 3181 3523 3251 eademque
3559 3199 3647 3236 su-

2067 3262 2283 3333 perﬂua]
2315 3262 2503 3316 metuit
2530 3264 2789 3332 separari.
2820 3264 2930 3325 Nec
2951 3266 3108 3321 unius
3129 3267 3382 3324 Ecclesia:
3402 3270 3507 3325 duo
3528 3287 3655 3327 esse

2070 3356 2447 3425 permittuntur
2472 3356 2760 3420 antistites,
2811 3357 2952 3427 quod
2982 3361 3334 3429 opportunius
3360 3364 3644 3431 supradicti

2068 3444 2380 3500 subdiaconi
2412 3446 2524 3501 fieri
2556 3446 2863 3516 delegamus
2893 3447 3163 3514 instantia,
3185 3466 3339 3520 quem
3370 3453 3527 3505 etiam
3553 3470 3652 3521 pro

2069 3537 2432 3594 conservanda
2451 3536 2703 3593 Ecclesiae
2725 3538 3023 3609 disciplina,
3046 3555 3348 3596 commeare
3367 3543 3431 3597 ad
3461 3542 3646 3612 llispa-

2070 3630 2210 3695 nias,
2240 3628 2605 3699 dispositionis
2632 3641 2828 3685 nosme
2874 3630 3001 3687 fecit
3036 3632 3344 3687 auctoritas.
3378 3634 3516 3689 Deus
3553 3650 3647 3689 auu-

2071 3732 2176 3779 tem
2205 3723 2521 3777 incolumem
2554 3732 2606 3777 te
2631 3722 2914 3787 custodiat,
2939 3724 3102 3778 frater
3126 3726 3425 3780 carissime.

2599 3860 2621 3889 ’
2652 3857 2979 3913 EPISTULA
3022 3858 3111 3914 ιν.

2067 3984 2246 4024 ιιιιΑιιι
2298 3984 2443 4024 ΡΑΡιΙ
2492 3986 2559 4023 Αἰ)
2603 3969 2623 4001 ³
2655 3986 2940 4031 ιεοκτιυκ.
2973 3987 3220 4025 VERANUM
3274 3988 3340 4026 ΕΤ
3384 3990 3649 4031 νιετυιιωι

2713 4058 3008 4097 ειηδοοιιοε.

2065 4153 2277 4221 Delegat
2312 4151 2419 4207 illis
2451 4151 2674 4224 Ingenui
2700 4163 2745 4208 et
2777 4155 3001 4225 Auxanii
3050 4154 3400 4225 cpiscOporum
3450 4168 3650 4209 contro~

2133 4226 2368 4287 versimn,
2400 4226 2692 4293 statuitque,
2735 4235 2788 4277 ut
2819 4224 3185 4278 Centelencusi.
3227 4228 3401 4279 civitas
3449 4236 3495 4280 et
3542 4226 3644 4280 Ni-

2133 4311 2311 4348 cuense
2349 4294 2615 4348 castellum
2659 4295 2727 4347 ad
2756 4296 2907 4349 unius
2942 4296 3165 4365 episcopi
3210 4300 3433 4366 regimen
3480 4313 3647 4351 rever-

2136 4376 2327 4420 tantur.

2065 4453 2437 4510 Dilectissimis
2469 4451 2728 4526 fratribus
2767 4453 3013 4526 Leontio,
3047 4453 3292 4526 Verane,
3318 4466 3373 4512 et
3430 4456 3648 4512 Victuro

2497 4524 2781 4592 episcopis,
2815 4524 3028 4579 Hilarus
3060 4541 3213 4595 papa.

2139 4637 2413 4693 Movemur
2442 4640 2648 4692 ratione
2690 4636 2937 4706 iustitiae,
2969 4654 3086 4708 qua:
3136 4638 3259 4693 licet
3288 4641 3356 4693 ab
3400 4641 3648 4694 omnibus

2068 4982 2278 5035 Verano
2302 4990 2355 5035 et
2384 4979 2603 5034 Victuro
2633 4994 2807 5034 causae
2849 4978 3246 5047 inquisitionem
3278 4988 3333 5035 et
3382 4981 3649 5035 instaura-

2065 5053 2261 5106 tionem
2287 5051 2482 5119 jurinm
2517 5051 2910 5105 Ebredunensis
2943 5052 3333 5117 metropolitani
3359 5051 3645 5117 delegavit.

2065 5122 2339 5177 Adversus
2362 5122 2480 5174 illos
2507 5121 2595 5187 qui
2626 5124 2807 5174 insana
2840 5121 3128 5187 cupiditate
3157 5120 3422 5185 laborant,
3453 5134 3506 5175 ut
3540 5139 3650 5176 sum.

2065 5194 2315 5247 dimcesis
2345 5194 2476 5246 lines
2503 5191 2747 5253 dilatent,
2770 5206 2984 5244 auream
3003 5200 3056 5241 et
3077 5200 3256 5243 notatu
3285 5193 3651 5257 dignissimam

2063 5265 2383 5317 sententiam
2413 5261 2614 5315 addidit
2654 5262 2788 5313 hanc
2832 5278 2844 5311 :
2895 5259 3217 5325 Exspectatio
3256 5265 3449 5325 fructus
3494 5268 3649 5316 nostri

2061 5334 2326 5387 ministerii
2348 5348 2449 5384 non
2477 5333 2529 5384 in
2547 5331 2818 5385 latitudine
2842 5332 3124 5399 regionum,
3146 5330 3235 5384 sed
3250 5333 3298 5383 in
3315 5335 3648 5401 arqnisitinne

2065 5404 2269 5467 ponitur
2293 5406 2602 5457 animarum.
2635 5402 2827 5454 Barou.
2871 5415 3012 5454 anno
3041 5401 3169 5469 465,
3202 5418 3348 5457 ιιιιιιι.
3395 5405 3483 5457 21.
3521 5406 3645 5458 Ser.

2063 5473 2265 5528 Brutus.

2136 5544 2156 5573 ³
2185 5544 2398 5597 Etiamsi
2421 5544 2505 5598 hic
2528 5542 2668 5598 nulla
2685 5540 2883 5594 mentio
2915 5539 3001 5593 liat
3026 5541 3176 5609 cujus
3201 5543 3447 5596 Ecclesia:
3478 5541 3647 5593 Leon.

2067 5615 2167 5668 tius
2197 5615 2480 5683 episeopus
2517 5613 2690 5675 ftterit,
2747 5611 2964 5683 dubium
3000 5622 3172 5666 tamen
3205 5614 3403 5664 nullntn
3434 5630 3491 5662 es
3547 5611 3651 5663 Fo-

2065 5681 2405 5752 rojnlienscm
2449 5686 2755 5752 episcopum
2792 5681 2974 5743 fuisse,
3018 5698 3174 5750 quem
3219 5683 3422 5734 lli‘arus
3464 5684 3647 5733 Arela-

2068 5758 2230 5811 tensis
2258 5758 2304 5809 in
2332 5756 2535 5810 funebri
2556 5754 2792 5808 oratione
2814 5754 2880 5807 de
2903 5763 3086 5807 saneto
3109 5753 3375 5805 llonoro'o
3397 5754 3477 5823 cpi
3513 5770 3648 5823 t‘upt!
