4022 6168
348 331 419 387 Ξῖ
1831 328 1913 384 El'

2031 328 2155 383 DLA
2199 326 2262 384 ν.

3548 328 3637 383 π

350 459 436 509 qui
486 446 631 493 recta
682 438 919 507 sspiunt,
962 436 1154 492 debeat
1200 434 1474 501 custodiri,
1524 446 1631 490 tum
1667 440 1928 507 pra‘cipme
1958 446 2006 500 Α
2038 449 2181 504 neat,
2216 450 2272 492 ut
2318 438 2383 492 ad
2435 440 2588 493 unius
2641 440 2780 492 antis
2808 438 2893 492 itis
2940 440 3173 507 regimen
3208 438 3459 507 pru'dicta
3499 441 3613 493 loci

356 530 568 584 Domini
605 530 979 584 sacerdotibus
1044 545 1151 582 ll‘ln
1207 538 1289 583 est
1337 536 1536 583 temere
1593 529 1925 597 negligenda,

352 638 574 692 quorum
601 631 830 677 ceteros
859 619 1137 674 informari
1162 618 1411 673 convenit
1440 617 1714 672 institutis.
1743 618 1930 675 Frater

291 756 304 766 .
355 715 519 777 igitur
545 721 597 768 et
624 710 974 779 coepiscOpus
1004 719 1184 764 noster
1213 710 1477 778 lngenuus
1509 709 1927 775 Ebredunensis,

353 804 565 870 Alpium
584 802 970 856 maritimarum
994 799 1279 869 provinciis
1294 800 1697 866 metropolitani
1715 816 1931 868 semmr

355 893 559 947 honore
584 891 841 947 subnixus
869 892 921 944 in
950 888 1319 960 praeiudicium
1349 904 1528 953 suum,
1560 892 1699 944 sicut
1722 905 1926 945 annexa

354 983 657 1049 declarant,
684 980 927 1051 quaadarn
954 994 1076 1043 nos,
1107 988 1323 1049 petente
1344 979 1506 1035 fratre
1534 990 1589 1035 et
1612 982 1930 1050 coepiscopo

349 1082 543 1129 nostro
574 1072 834 1134 Auxanio,
864 1071 1115 1126 statuisse
1136 1082 1539 1139 commemorat,
1570 1086 1688 1140 quae
1716 1072 1932 1126 uuiven-

346 1169 425 1221 sis
468 1169 521 1220 in
569 1165 666 1219 hac
709 1165 896 1220 eadem
936 1179 1095 1219 causa
1137 1164 1539 1220 defensionibus
1577 1168 1926 1221 contrairent.

345 1258 626 1329 Siquidem
671 1256 1015 1312 relationibus
1055 1256 1111 1310 in
1158 1268 1344 1312 nostro
1382 1258 1582 1325 judicio
1626 1260 1925 1324 recensitis,

348 1366 482 1423 quas
513 1351 684 1406 frater
710 1358 763 1405 et
787 1349 1137 1418 coepiscopus
1160 1357 1344 1404 uoster
1375 1349 1614 1404 Veranus
1643 1349 1710 1403 ad
1732 1358 1929 1404 sanctas

350 1447 627 1501 memoria!
652 1444 993 1499 decessorem
1037 1456 1212 1496 meum
1243 1456 1362 1497 cum
1405 1441 1615 1497 caeteris
1641 1442 1928 1512 provincia:

345 1537 720 1592 sacerdotibus
767 1536 936 1600 misit,
991 1544 1045 1590 et
1085 1535 1388 1605 aposmlicae
1446 1533 1612 1599 sedis,
1647 1550 1765 1603 qu:e
1804 1545 1929 1591 tunc

345 1631 549 1685 directa
601 1630 818 1693 fuerat,
870 1628 1220 1693 responsione
1268 1626 1531 1696 patefacta
1583 1626 1926 1682 manifestum

344 1731 452 1787 est,
483 1719 616 1774 nihil
647 1728 832 1789 postea
874 1717 1123 1774 debuisse
1158 1720 1370 1786 tentari,
1418 1732 1517 1772 nec
1559 1717 1630 1773 ad
1677 1718 1923 1785 injuri-im

346 1813 679 1885 synodalium
724 1813 1027 1880 regularum
1053 1812 1068 1841 ¹
1095 1810 1377 1880 quidquam
1411 1810 1920 1877 per'obreptionem,
1953 1807 1999 1867 Β

345 1919 462 1974 qua
490 1896 743 1972 proxime
764 1903 901 1957 facta
932 1911 1035 1971 est,
1056 1911 1313 1971 oportere
1342 1902 1613 1956 constitui.
1641 1902 1772 1956 Nam
1798 1902 1924 1958 licet

345 2007 402 2051 et
433 1998 529 2050 hoc
549 1996 711 2050 etiam
741 1995 882 2064 quod
910 2009 940 2048 a
966 1994 1119 2048 nobis
1139 2004 1224 2048 est
1245 1994 1479 2049 elicitum
1521 2006 1807 2051 censeatur
1845 1997 1926 2050 in-

352 2089 580 2154 firmum,
608 2090 733 2159 quia
779 2097 834 2144 et
873 2089 1044 2157 ipsum
1088 2088 1409 2142 insinuatum
1454 2100 1536 2142 est
1565 2095 1787 2159 exsequi
1830 2106 1925 2144 no-

347 2181 510 2235 luisse
534 2181 624 2251 qui
656 2182 892 2245 meruit;
923 2189 1100 2234 tamen
1139 2195 1205 2233 ne
1232 2180 1356 2234 odio
1387 2180 1470 2235 vel
1500 2183 1665 2247 gratia
1706 2198 1923 2237 movea-

342 2290 483 2337 mur,
535 2290 654 2344 qua:
698 2276 747 2326 in
787 2288 1067 2328 causarum
1114 2273 1593 2343 disceptationibus
1641 2290 1760 2329 esse
1816 2292 1922 2329 non

340 2367 527 2431 debet,
559 2368 629 2420 ita
661 2376 852 2421 vestrae
894 2367 1100 2421 caritati
1132 2366 1489 2434 cognitionem
1535 2382 1756 2422 annexze
1789 2384 1922 2437 que-

338 2461 586 2515 rimonia:
617 2461 945 2530 delegamus,
985 2471 1040 2513 ut
1081 2460 1210 2513 nihil
1266 2459 1548 2513 adversum
1590 2462 1924 2517 vi-nerandos

341 2568 594 2616 canones,
622 2551 751 2605 nibd
771 2560 954 2605 contra
979 2560 1177 2605 sancta:
1202 2551 1472 2604 memoriae
1493 2552 1793 2606 decessoris
1818 2552 1925 2608 mei

337 2643 599 2711 judicium
635 2643 831 2708 valeat,
863 2641 1113 2711 quidquid
1145 2640 1424 2709 obreptum
1456 2642 1611 2695 nobis
1638 2657 1757 2697 esse
1791 2658 1923 2697 con-

336 2736 559 2790 stiterit.
596 2737 615 2765 ¹
648 2734 905 2787 Nolumus
936 2732 1388 2801 namque,fratrcs
1431 2734 1715 2796 carissimi,
1753 2734 1929 2787 eccle-

335 2829 546 2879 siarum
577 2824 873 2893 privilegia,
902 2838 1021 2892 quae
1071 2832 1437 2889 seniper'suut
1486 2826 1765 2885 servanda,
1798 2838 1924 2876 ron-

338 2917 487 2970 fundi
524 2936 535 2967 :
568 2931 668 2969 nec
710 2916 761 2968 in
807 2914 1029 2967 alterius
1058 2913 1328 2982 provincia
1374 2913 1669 2967 sacerdotis
1698 2914 1921 2968 alterum

334 3009 425 3077 jus
455 3008 654 3061 habere
684 3006 1038 3075 permittimus
1071 3024 1083 3054 :
1112 3005 1233 3074 quia
1264 3019 1359 3073 per
1398 3004 1501 3058 iioc
1532 3019 1638 3057 non
1667 3004 1841 3058 minus
1872 3007 1921 3059 in

333 3116 457 3153 sani
476 3111 648 3155 tarum
682 3098 1024 3151 traditionum
1055 3097 1384 3166 delinquitur
1411 3096 1733 3161 sanctiones,
1764 3112 1921 3164 quam

2035 539 2393 589 revertantur,
2436 544 2554 597 qua:
2596 533 2645 582 in
2674 531 2809 583 duos
2859 530 3022 583 dividi
3078 545 3183 585 non
3214 530 3394 585 decuit
3431 543 3616 584 socer-

2034 620 2205 671 dotes.
2278 618 2419 672 Deus
2468 634 2562 672 vos
2610 620 2915 673 incolumes
2950 618 3251 687 custodiat,
3295 620 3486 674 fratres
3526 632 3616 673 ca-

2033 712 2253 765 tissimi.

2569 825 2590 856 ⁸
2629 822 2953 879 EPISTULA
3003 823 3063 877 V.

2067 930 2245 971 BILAM
2277 931 2419 969 ΡΛΡΕ
2448 928 2521 971 AD
2554 932 2817 971 LEONTIUII
2861 931 3142 970 EPISCOPUI
3170 929 3575 970 ADELATENSEI.‘

2390 1007 2466 1061 De
2492 1010 2809 1078 episcopatus
2836 1010 2916 1061 sui
2942 1008 3255 1075 primordiis.

2191 1096 2553 1156 Dilectissimo
2596 1100 2745 1153 fratri
2777 1099 3020 1164 Leontio,
3057 1098 3267 1153 llilarus
3296 1113 3448 1169 papa.

2098 1190 2366 1257 Quantum
2416 1194 2730 1245 reverentiae
2776 1192 2829 1245 in
2870 1192 3060 1257 Spiritu
3092 1192 3205 1255 Dei,
3236 1192 3323 1261 qui
3373 1190 3611 1245 subditos

2030 1281 2130 1335 sibi
2184 1280 2445 1336 inhabitat
2496 1284 2825 1350 sacerdotes,
2871 1283 3027 1337 beato
3072 1284 3229 1338 Petro
3272 1283 3514 1352 apostolo
3557 1290 3618 1336 ev

2029 1373 2143 1429 sedi
2173 1374 2340 1445 ipsius
2368 1374 2665 1440 deferatur,
2688 1374 2933 1429 omnibus
2956 1375 3184 1429 arbitror
3214 1390 3333 1429 esse
3360 1390 3613 1442 comper-

2029 1474 2165 1530 tum,
2187 1466 2379 1535 quibus
2421 1477 2759 1536 paternarum
2806 1467 3145 1521 traditionum
3178 1467 3482 1536 incurrupta
3510 1481 3606 1519 cu-

2030 1557 2201 1611 stodia
2231 1565 2334 1612 est.
2365 1557 2509 1625 Quos
2530 1572 2648 1611 cum
2671 1558 2916 1611 volumus
2943 1558 3009 1611 de
3038 1567 3234 1611 nostra:
3255 1557 3442 1610 ordina
3471 1556 3611 1610 iouis

2030 1648 2336 1717 primordiis
2364 1649 2641 1718 gratulari,
2671 1664 2829 1717 opera
2858 1664 2976 1718 qua:
3010 1650 3060 1703 in
3094 1663 3189 1702 nos
3223 1647 3416 1705 divinae
3447 1649 3611 1717 picta-

2031 1740 2099 1795 tis
2130 1741 2367 1808 dignatio
2414 1742 2668 1808 ostendit,
2717 1742 2983 1797 sanctitati
3027 1752 3131 1796 tnze
3177 1741 3423 1795 duximus
3469 1742 3610 1795 indi-

2026 1834 2193 1889 canda
2226 1850 2239 1888 :
2273 1845 2329 1889 ut
2358 1834 2470 1905 ipse
2507 1836 2734 1903 primum
2789 1851 2885 1903 pro
2916 1853 2980 1889 eo
3009 1851 3166 1904 quem
3198 1836 3352 1890 nobis
3383 1835 3615 1889 invicem

2027 1941 2248 1997 semper
2277 1928 2659 1996 impendimus,
2702 1937 2985 1999 prmstante
3020 1929 3265 1992 Domino,
3307 1927 3503 1983 laeteris
3528 1927 3609 1981 af-

2026 2016 2165 2072 fectu
2197 2036 2211 2072 :
2252 2019 2445 2073 deinde
2472 2029 2528 2073 ut
2548 2020 2899 2087 dispositione
2927 2031 3030 2073 tua:
3056 2020 3405 2074 fraternitatis
3433 2021 3609 2073 omni«

2025 2108 2123 2161 bus
2155 2124 2249 2177 per
2273 2110 2575 2164 univeisam
2601 2112 2928 2179 provinciam
2961 2111 3215 2165 fratribus
3246 2120 3300 2165 et
3329 2126 3609 2166 consacer-t

2024 2199 2239 2253 dotibus
2265 2200 2586 2264 innonescat,
2616 2202 2756 2269 quod
2788 2199 3137 2255 humilitatem
3176 2216 3347 2255 meam
3388 2202 3609 2256 dextera

2028 2290 2240 2345 Domini
2268 2291 2486 2346 visitare
2508 2291 2725 2361 dignata
2756 2294 2846 2358 sit,
2879 2293 3080 2346 et'niihi
3112 2294 3421 2361 apostolica:
3468 2292 3610 2347 sedis

2026 2387 2262 2455 regimen
2294 2402 2399 2440 non
2446 2401 2543 2454 pro
2574 2386 2790 2452 merito,
2821 2386 2913 2440 sed
2938 2402 3042 2456 pro
3072 2401 3184 2441 sua:
3222 2386 3405 2457 gratize
3442 2384 3607 2440 abun-

2025 2476 2338 2532 dantissima
2367 2478 2611 2547 largitate
2640 2478 2991 2532 commiserit.
3028 2478 3276 2544 Proinde,
3313 2477 3478 2532 frater
3520 2493 3611 2532 cas

2025 2570 2259 2635 rissime,
2292 2570 2433 2639 quod
2467 2570 2734 2623 sanctitati
2766 2584 2866 2623 tua:
2899 2571 3143 2638 praesenti
3174 2586 3423 2639 sermone
3462 2580 3608 2639 pate-

2026 2659 2268 2724 fecimus,
2310 2660 2361 2714 in
2412 2660 2646 2713 omnium
2701 2661 2942 2719 fratrum,
2975 2638 3425 2728 quemadmodum
3456 2660 3605 2713 dixi-

2025 2764 2180 2813 mus,
2246 2750 2485 2804 notitiam
2542 2750 2753 2805 deferre
2798 2751 3103 2819 dignaberis
3153 2760 3212 2805 ut
3260 2752 3607 2820 supplicaturi

2025 2839 2251 2894 Domino
2266 2850 2449 2895 nostro
2461 2841 2836 2901 JesuChristo,
2852 2852 2983 2894 sicut
3002 2841 3370 2901 exsultatioais
3390 2844 3604 2909 gaudia,

2025 2934 2094 2986 ita
2143 2932 2419 2999 profutura
2448 2934 2731 2987 universali
2766 2933 2807 2987 Β
2841 2933 3018 2988 εἰρείω
3048 2934 3347 2988 orationum
3386 2950 3605 2988 suarum

2026 3023 2181 3078 nobis
2200 3033 2321 3077 vota
2351 3028 2697 3093 coniungant.
2734 3024 2870 3078 Deus
2896 3033 2947 3078 te
2971 3025 3294 3079 incolumem
3316 3026 3604 3091 custodiat,

2028 3116 2192 3171 frater
2216 3120 2511 3172 carissime.
2545 3118 2670 3170 Data
2699 3133 2785 3171 \‘lll
2816 3118 3067 3171 calendas
3104 3117 3419 3173 Februarias
3440 3124 3608 3190 (anno

336 3193 394 3244 in
440 3192 685 3259 injuriam
715 3192 880 3259 ipsius
910 3189 1118 3242 Domini
1150 3188 1436 3279 prosilitur,
1461 3188 1613 3279 cujus
1642 3197 1921 3257 exspecta-
1948 3176 1993 3239 C
2025 3205 2219 3262 Christi
2250 3206 2399 3279 ωε),
2434 3207 2496 3262 ι).
2527 3207 2591 3263 Ν,
2624 3208 2825 3263 Severo
2854 3210 3094 3278 Αηευςιο
3130 3209 3369 3265 consule.

333 3283 419 3333 tio
449 3280 648 3334 fruetus
676 3280 844 3334 nostri
886 3279 1163 3333 ministerii
1196 3294 1299 3332 non
1329 3278 1380 3332 in
1422 3278 1701 3333 latitudine
1739 3279 1917 3348 regio-

333 3386 492 3435 num,
520 3372 621 3426 sed
643 3372 694 3423 in
734 3370 1081 3438 acquisitione
1121 3372 1331 3437 ponitur
1363 3368 1678 3422 animarum.
1715 3368 1919 3424 llabeat

335 3465 520 3531 itaque
558 3461 884 3531 pontificium
924 3461 1085 3515 frater
1136 3471 1189 3515 et
1220 3460 1564 3529 coepiscopus
1599 3468 1786 3514 noster
1825 3462 1913 3515 ln-

334 3569 541 3623 genuns
572 3553 858 3623 provincia:
885 3568 1015 3616 suat,
1044 3554 1111 3607 de
1132 3552 1281 3621 cujus
1304 3552 1500 3605 dudum
1524 3552 1590 3605 ab
1621 3554 1912 3620 apostolica

333 3645 466 3700 sede
486 3655 565 3698 est
598 3645 777 3698 illicita
801 3644 1043 3698 cessione
1065 3646 1347 3712 culpatus:
1376 3652 1428 3696 et
1447 3643 1721 3696 custoditis
1739 3643 1912 3696 omni-

334 3739 460 3801 hos,
491 3751 614 3805 quze
659 3751 821 3804 super
849 3735 1089 3789 ecclesiis
1127 3733 1523 3790 Cernelenensis
1552 3735 1801 3799 civitatis,
1834 3735 1920 3788 vel

333 3827 543 3881 cnstclli
594 3826 887 3892 Nicaensi,
937 3826 1075 3880 sicut
1122 3824 1372 3887 diximus,
1426 3835 1621 3879 sanctae
1652 3826 1925 3879 memoria:

332 3922 639 3977 decessoris
662 3922 763 3973 mei
794 3920 932 3974 defin
959 3923 1033 3972 vit
1076 3919 1381 3983 auctoritas,
1415 3918 1542 3971 nihil
1574 3918 1923 3971 ecclesiarum

330 4013 440 4084 iuri
473 4022 684 4079 noceat,
717 4012 855 4081 quod
888 4012 941 4065 in
965 4011 1129 4065 altera
1159 4017 1569 4063 memoratarum
1613 4026 1641 4062 a
1672 4010 1925 4077 prandicto

334 4106 524 4165 fratre,
554 4104 620 4157 ad
654 4103 1037 4157 i-xcludendam
1078 4102 1443 4167 cupiditatem,
1475 4100 1923 4170 quemadmodum

333 4194 629 4264 perhibuit,
662 4193 966 4247 ambitionis
996 4192 1204 4255 alenze,
1254 4190 1498 4259 proxime
1533 4200 1616 4245 est
1642 4192 1925 4257 epia'COpDS

332 4298 685 4343 consecratus
714 4304 728 4339 :
762 4287 855 4340 sed
882 4296 1091 4340 statutae
1129 4283 1476 4338 correctionis
1508 4283 1673 4337 forma
1715 4298 1925 4352 perma-

2654 3344 2980 3400 EPlSTOLA

2123 3451 2331 3490 LEONTII
2372 3435 2394 3466 δ
2435 3452 2666 3490 Αηιειλτ.
2699 3452 2925 3491 El'ISCOPI
2958 3454 3024 3491 AD
3054 3453 3289 3492 ιιιιηωι
3318 3454 3506 3492 ΡΛΡΑΙ.

2022 3548 2320 3603 Gratulatur
2336 3547 2522 3601 Ililaro
2542 3550 2681 3614 ponti
2685 3549 2894 3616 ﬁcatum
2909 3566 2929 3603 :
2945 3558 3211 3619 rogatque,
3226 3559 3282 3603 ut
3297 3552 3628 3606 Arelatensis-

2478 3618 2719 3670 Ecclesiw
2732 3622 2858 3689 jura
2889 3618 3110 3674 tueatur.

2090 3733 2247 3801 Quod
2287 3732 2518 3787 Leonem
2550 3732 2718 3786 sancti
2753 3734 2949 3788 simum
2981 3733 3428 3803 praedecessorem
3459 3746 3605 3790 tuum

2028 3840 2173 3878 mors
2203 3823 2482 3877 absmlerit
2525 3834 2710 3877 contra
2759 3824 2991 3879 barrcses
3032 3826 3412 3895 invigilantem,
3438 3837 3492 3880 et
3530 3827 3609 3879 lo-

2024 3917 2154 3969 lium
2189 3918 2238 3968 in
2280 3929 2409 3983 agro
2435 3914 2662 3982 Domini,
2696 3915 2829 3970 heu!
2863 3918 3020 3971 nimis
3046 3917 3306 3973 fruticans
3332 3918 3607 3973 eradican-

2028 4015 2157 4071 lem,
2204 4006 2449 4060 dolemus
2482 4022 2497 4059 :
2530 4004 2669 4073 quod
2700 4005 2767 4060 de
2814 4016 2899 4059 tua
2944 4009 3225 4063 sanctitate
3254 4009 3606 4078 reparaverit,

2025 4100 2370 4168 gratulamur.
2404 4098 2535 4152 Nam
2575 4098 2771 4167 gaudet
2800 4098 2942 4152 filius
2970 4099 3036 4153 de
3060 4101 3264 4154 honore
3291 4103 3478 4155 matris
3506 4117 3519 4153 :
3552 4111 3605 4156 et

2020 4205 2144 4243 cum
2175 4190 2409 4245 Ecclesia
2454 4191 2695 4244 Romana
2734 4191 2804 4243 sit
2832 4190 3068 4245 omnium
3100 4202 3291 4255 mater,
3322 4192 3417 4247 fuit
3449 4193 3603 4247 nobis

2026 4284 2383 4353 gaudendum,
2426 4283 2567 4353 quod
2622 4283 2673 4337 in
2729 4290 2873 4337 tanta
2920 4284 3353 4339 consternatione
3398 4299 3602 4351 rerum,

335 4492 753 4562 praedecessore,
789 4489 1013 4562 summis
1055 4488 1297 4542 laudibus
1324 4486 1536 4551 extulit,
1568 4496 1621 4562 et
1658 4483 1722 4539 ad
1762 4500 1918 4553 quem
1951 4488 2187 4562 Delesiis
2210 4486 2507 4562 orthodoxa
2525 4487 2785 4562 religionis
2804 4496 2938 4540 retro
2959 4490 3214 4562 principes
3236 4493 3597 4562 prttstitcrunt,

331 4558 540 4619 Sidonii
585 4560 908 4627 Apollinaris
938 4561 1128 4612 litterae
1173 4563 1383 4626 scriptae
1430 4558 1793 4627 reperiuntur,
1823 4572 1919 4609 cu-

335 4637 531 4707 iusque
553 4626 770 4707 sanctus
798 4630 904 4684 Leo
927 4631 1167 4707 meminit
1191 4629 1241 4707 in
1272 4629 1497 4707 epistola
1523 4628 1592 4681 89
1620 4627 1685 4707 ad
1714 4626 1920 4707 episco-

337 4698 654 4770 pos-Gallia:
686 4700 1019 4756 Viennensis.
1053 4700 1311 4753 Baronius
1336 4698 1591 4768 pracdicto
1619 4698 1756 4751 loco.
1789 4698 1917 4752 Sov.

337 4776 546 4829 BINIUS.

411 4847 426 4875 ⁸
458 4845 569 4897 Hoc
594 4841 842 4908 exemplo
866 4848 1097 4900 constat,
1135 4853 1293 4892 aures
1320 4852 1652 4892 summorum
1700 4837 1918 4905 pontifi-

330 4930 459 4968 cum
493 4914 639 4967 falsis
666 4928 729 4966 ac
750 4911 985 4964 sinistris
1012 4908 1437 4963 accusationibus
1469 4916 1524 4963 et
1569 4908 1914 4961 relationibus

334 4999 578 5054 persmpe
625 4983 1045 5054 oi~pleri,__ad_eo
1083 4989 1141 5032 ut
1186 4978 1353 5054 bonos
1400 4988 1560 5045 atque
1583 4978 1913 5054 innocentes

332 5048 655 5123 quandoque
683 5048 747 5123 ex
784 5052 937 5105 malis
966 5050 1425 5123 informationibus
1460 5048 1825 5123 condemnent
1850 5063 1915 5101 ac

332 5117 659 5192 opprimant.
705 5122 873 5175 Nemo
906 5135 1034 5190 ergo
1059 5121 1319 5192 iniretur,
1362 5119 1500 5192 quod
1551 5128 1764 5192 sanctus
1805 5117 1914 5172 Leo

331 5188 573 5249 Hilarum
624 5188 1010 5252 Arelatensem,
1058 5190 1270 5244 Hilarus
1313 5189 1541 5259 poiitifex
1594 5188 1908 5241 Mamertum

332 5266 717 5329 Viennensem,
734 5263 1012 5331 episcopos
1031 5261 1310 5314 sanctitate
1326 5258 1703 5313 celeberrimos
1725 5258 1916 5311 acerbe

322 5335 692 5402 cxagitarint:
725 5349 845 5387 cum
874 5345 928 5387 et
968 5333 1019 5385 in
1072 5332 1155 5385 bis
1176 5346 1295 5399 quae
1323 5331 1736 5385 contentiosiora
1768 5339 1910 5402 sunt,

329 5398 649 5460 facillimum
684 5404 755 5457 sit
789 5403 890 5457 sub
930 5402 1108 5471 Specie
1135 5398 1268 5456 testi
1298 5413 1727 5469 unumquemque
1770 5398 1914 5452 deci-

326 5491 478 5546 pere.
510 5475 645 5546 Ser.
671 5474 869 5546 Bittius.

400 5546 524 5599 'De
572 5545 867 5613 privilegiis
907 5543 1255 5597 ecclesiarum
1299 5538 1593 5613 antiquitus
1638 5538 1911 5593 concessis

326 5616 463 5672 nihil
498 5610 855 5669 innovandum
886 5628 1006 5668 esse
1038 5629 1142 5667 non
1174 5619 1377 5666 tantum
1400 5610 1626 5663 decretis
1655 5616 1912 5663 constitu-

326 5698 441 5740 tum
469 5685 589 5740 fuit.
609 5684 897 5755 Privilegia,
924 5685 1093 5751 inquit
1112 5682 1204 5736 lib.
1237 5682 1324 5755 1‘2,
1342 5679 1909 5755 captdeSacrosancta

326 5756 597 5823 Ecclesia,
618 5772 738 5824 quat
761 5752 1080 5822 generalibus
1098 5752 1530 5807 constitutionibus
1560 5752 1798 5805 universis
1821 5764 1906 5803 es-

2024 4560 2175 4625 ﬁrma
2226 4567 2271 4610 et
2312 4556 2511 4609 illibata
2546 4558 2603 4609 in
2626 4556 2629 4557 ⁷
2655 4556 3293 4623 ρετρειιιιιηίάειεινηίηιιιε
3332 4557 3598 4617 custodiri.

2027 4628 2210 4681 Omnes
2254 4628 2557 4691 sanctiones,
2605 4642 2719 4691 qua:
2768 4637 2946 4681 contra
2984 4646 3200 4686 canones
3239 4631 3604 4687 ecclesiasticos

2021 4699 2299 4752 interventu
2342 4697 2523 4767 gratia:
2560 4699 2635 4750 vel
2684 4698 2974 4752 ambitionis
3006 4702 3187 4754 elicita:
3214 4713 3352 4767 sunt,
3382 4718 3476 4755 suo
3509 4716 3602 4754 τοι

2020 4770 2139 4841 bare
2168 4777 2212 4819 et
2242 4768 2887 4841 ﬁrmitatesacuatasesse
2921 4771 3263 4841 prtecipimus,
3310 4787 3415 4826 etc.
3461 4772 3617 4838 Quid

2020 4840 2087 4893 de
2156 4838 2445 4906 privilegiis
2501 4838 2881 4893 inviolabiliter
2941 4838 3306 4895 custodiendis
3368 4850 3601 4898 senserit

2018 4919 2234 4982 sanctus
2274 4908 2401 4970 Leo,
2450 4909 2799 4982 exhejusdem
2840 4910 3084 4982 epistolis
3124 4910 3214 4978 55,
3247 4912 3337 4976 51.
3380 4913 3470 4982 55,
3503 4916 3595 4981 89,

2016 4980 2140 5039 109,
2163 4993 2485 5047 cognoscere
2518 4979 2657 5032 licet.
2691 4980 2817 5033 Ssv.
2857 4980 3055 5037 Biuzus.

2089 5050 2109 5079 ³
2142 5048 2264 5103 Harc
2293 5051 2512 5121 epistola
2545 5051 2819 5103 circularis
2849 5061 2929 5103 est
2955 5064 3008 5105 et
3028 5052 3320 5121 enryclica,
3351 5069 3419 5106 ex
3448 5070 3598 5108 more

2018 5130 2070 5174 et
2098 5120 2484 5173 consuetudine
2511 5121 2577 5173 de
2599 5123 2717 5173 novi
2744 5121 3008 5186 pontificis
3028 5120 3301 5177 creatione
3320 5124 3386 5176 ad
3408 5139 3598 5177 omnes

2019 5191 2289 5261 l‘icclesias
2329 5191 2659 5243 transmissa.
2721 5190 2845 5261 litec
2882 5192 3118 5258 ejusdem
3152 5195 3473 5261 argumenti,
3511 5211 3598 5246 eo.

2020 5260 2369 5327 rumdemque
2401 5262 2679 5314 verborum
2700 5260 2764 5311 ad
2790 5260 3068 5315 Leontium
3101 5260 3316 5330 scripta,
3345 5272 3517 5316 exstat
3548 5264 3597 5313 iu

2021 5339 2200 5383 veto-re
2247 5332 2431 5383 codice
2483 5330 2811 5385 Arelatensis
2846 5331 3115 5398 Ecclesite,
3164 5334 3302 5387 unde
3345 5346 3467 5385 cum
3516 5348 3595 5387 se-

2019 5401 2304 5470 quentibus
2341 5401 2585 5453 omnibus
2627 5411 2879 5469 acceptae,
2912 5403 2979 5455 ab
3019 5402 3380 5457 illustris-Simo
3423 5406 3601 5457 cardi-

2021 5472 2139 5525 nale
2173 5471 2401 5524 Baronio
2428 5471 2654 5539 primum
2682 5472 2732 5524 iu
2776 5472 2949 5527 lucem
2992 5474 3200 5527 emissae
3230 5472 3601 5528 inveniuntur.

2015 5542 2141 5597 Sizv.
2178 5542 2375 5596 Ιζιιιιυε.

2089 5610 2109 5641 ⁸
2143 5610 2288 5669 llane
2326 5610 2528 5667 Leontii
2552 5611 2827 5679 epistolam
2874 5614 3075 5680 primus
3108 5611 3274 5670 edidit
3306 5614 3601 5672 Daclierius

2019 5682 2070 5737 in
2096 5683 2277 5755 Spicil.
2314 5694 2443 5740 tom.
2476 5682 2537 5749 V,
2568 5698 2703 5739 nunc
2729 5683 2809 5747 ΙΙΙ,
2852 5697 2970 5754 pag.
3003 5684 3125 5740 302.
