4022 6168
426 286 498 341 33
1831 288 2002 347 HILAI

2107 288 2304 346 ΡΛΡᾸΞ
3623 295 3697 353 27$

427 414 483 458 et
512 403 818 457 infirmitate
852 402 1169 457 stecuiorum
1201 418 1364 472 super
1392 418 1513 458 eam
1561 414 1612 459 te
1653 406 1911 472 erexerit,
1946 413 2003 459 ut
2033 410 2085 468 Α
2113 403 2369 465 scribere,
2404 411 2510 455 tam
2545 402 2798 457 instructa
2825 403 2890 458 ad
2919 419 3019 460 nos
3064 404 3223 460 fuerit
3264 421 3491 474 persona
3539 407 3685 463 dire-

426 494 631 566 judices
659 495 878 565 populos
904 495 954 548 in
977 496 1246 561 aequitate,
1264 505 1319 551 et
1340 505 1532 565 gemes
1556 496 1606 551 in
1627 505 1766 551 terra
1786 496 2003 568 dirigas.

427 588 581 643 Unde
606 603 727 642 cum
767 588 920 642 nobis
950 588 1164 642 nuntius
1193 589 1284 644 ille
1309 604 1403 657 per
1433 588 1788 644 Concordium
1825 589 2009 643 Eccle-

425 680 522 733 sia:
563 688 759 733 nostrae
801 680 1102 744 diaconum,
1154 681 1243 748 qui
1287 690 1411 735 tunc
1442 695 1679 749 praesens
1728 688 1844 735 erat
1885 694 2005 733 cum

387 769 680 864 \sanctitas
711 779 795 822 tua
826 768 893 823 ad
922 770 970 823 id
1003 769 1222 825 honoris
1251 770 1553 841 fastigatum
1586 771 1796 826 culmen
1823 780 2005 825 evecta

384 846 537 939 fast,
560 861 758 916 relatus
778 874 891 927 eSt,
909 862 1105 929 gratias
1146 863 1256 916 Deo
1282 873 1468 917 nostro
1497 863 1846 925 reddidimus,
1879 872 1930 915 et
1953 870 2006 917 te

425 954 763 1007 decrevimus
814 968 973 1022 quam
1028 955 1253 1022 primum
1304 953 1401 1008 hac
1450 953 1765 1008 humilitatis
1809 963 2006 1007 nostra:

425 1043 651 1112 epistola
692 1044 926 1098 salutare
955 1060 970 1097 :
1012 1053 1069 1097 ut
1097 1053 1151 1097 et
1180 1044 1256 1098 sic
1301 1044 1543 1109 affectus,
1575 1045 1661 1112 qui
1693 1045 1833 1098 inter
1860 1054 2004 1097 tuam

424 1134 765 1190 sanctitatem
789 1144 844 1190 et
880 1149 977 1189 nos
1016 1134 1217 1202 jamdiu
1247 1136 1463 1199 coaluit,
1496 1136 1548 1188 iu
1572 1134 1795 1189 Domino
1816 1148 2004 1189 corro-

422 1224 726 1292 boraretur,
757 1234 812 1280 et
849 1226 917 1281 de
957 1236 1154 1280 etetero
1196 1237 1451 1294 augeatur
1488 1241 1610 1281 cum
1638 1227 1814 1282 debita
1854 1240 2005 1280 reve-

423 1317 619 1381 rentia,
642 1331 743 1386 qua
773 1316 927 1370 decet
956 1315 1091 1371 filios
1132 1325 1337 1384 patrem
1382 1318 1655 1388 prosequi.
1689 1317 2005 1372 Benedictus

423 1406 601 1477 itaque
625 1409 715 1478 qui
746 1409 893 1462 venit
918 1408 974 1462 in
997 1408 1213 1463 nomine
1245 1408 1477 1462 Domini.
1502 1408 1619 1463 iam
1651 1408 1859 1463 fortiter
1883 1423 2004 1462 san-

423 1497 595 1553 ctitati
633 1506 739 1552 tua:
764 1497 1142 1567 insudandum,
1174 1508 1229 1553 et
1253 1499 1610 1555 anhelandum
1651 1509 1754 1565 est,
1778 1510 1835 1553 ut
1863 1499 2003 1569 quod

422 1590 799 1646 sanctissimus
812 1590 921 1646 Leo
948 1606 1082 1660 papa
1113 1591 1332 1661 incepit,
1370 1592 1435 1645 ad
1459 1592 1851 1648 terminabilem
1884 1607 2006 1661 per-

424 1683 589 1739 ducas
619 1682 861 1748 limitem,
903 1694 1104 1739 etcum
1140 1685 1378 1739 exercitu
1410 1682 1674 1739 Gedeonis
1718 1701 1811 1754 per
1851 1685 2002 1739 tubas

2113 506 2221 559 cta,
2250 511 2372 562 qua:
2413 496 2444 548 it
2469 496 2810 563 quisitionem
2855 506 3091 551 nostrain
3133 498 3291 567 plene
3336 515 3399 553 ex
3440 502 3695 557 omnibus

2112 587 2282 653 possit
2312 585 2600 639 instruere.
2636 587 2885 655 Spondeo
2912 590 3079 657 enim,
3110 600 3364 656 quantum
3396 593 3563 656 gratia
3596 594 3686 649 Dei

2109 676 2272 730 donat
2305 689 2359 729 ut
2381 679 2693 744 spomleam,
2732 679 2832 733 hoc
2854 681 3028 736 mead
3063 684 3417 737 univcrsalem
3448 684 3713 738 sacerdo?

2110 774 2219 819 tum
2249 766 2458 819 Domini
2490 768 2831 823 concordiam
2864 775 3228 838 provisurum,
3275 784 3329 826 ut
3360 789 3547 829 omnes
3580 792 3681 830 non

2106 871 2201 909 sua
2227 855 2452 910 audeant
2484 872 2746 925 quierere,
2771 861 2863 915 sed
2886 876 3002 930 qua:
3038 872 3162 915 sunt
3196 862 3395 918 Christi
3435 867 3684 921 studeant

2106 946 2371 1001 obtinere.
2407 948 2545 1002 Deus
2599 957 2650 1003 te
2681 950 3001 1007 incolumem
3048 954 3354 1023 custodiat,
3400 956 3564 1013 frater
3599 973 3685 1017 cae

2105 1052 2338 1093 l'lSSIme.

2660 1132 2987 1189 EPISTOLA
3032 1135 3142 1191 VII.

2490 1239 2666 1278 ιιιιΑιιι
2706 1241 2850 1279 ΡΔΡιΕ
2888 1241 2956 1279 ΑΒ
3000 1240 3284 1281 ιεοΝτιωί.

2105 1331 2286 1408 Monet
2318 1342 2373 1408 ut
2399 1333 2695 1408 relationem
2720 1338 2885 1389 mittat
2930 1338 2991 1389 de
3024 1337 3214 1392 Herm:
3239 1378 3255 1402 ,
3304 1340 3393 1408 qui
3440 1339 3685 1394 Ecclesia

2196 1402 2549 1526 farbonensis
2595 1407 2947 1477 episcopatum
2993 1420 3176 1463 temere
3223 1402 3497 1477 usurpasse
3547 1413 3686 1465 dice-

2235 1484 2372 1526 alur.

2235 1484 2372 1528 atur.

2282 1586 2643 1643 Dilectissimo
2670 1589 2815 1643 fratri
2840 1588 3062 1643 Leontio
3093 1591 3304 1646 Ililarus
3330 1608 3489 1662 papa.

2176 1678 2428 1733 Miramur
2471 1681 2861 1737 fraternitatem
2910 1692 3059 1737 tuam
3101 1685 3167 1736 ita
3216 1685 3349 1754 legis
3396 1685 3678 1741 catholica:

424 1774 478 1829 in
509 1788 603 1829 Ore
632 1773 848 1827 fortium
877 1783 1288 1844 concrepantes,
1321 1784 1374 1829 et
1395 1790 1490 1844 per
1524 1775 1796 1844 lampades
1835 1775 1886 1828 in
1926 1789 2013 1828 ro-
2043 1770 2090 1831 B
2117 1768 2483 1825 immemorem
2515 1786 2655 1841 esse,
2681 1782 2737 1825 ut
2760 1788 2984 1842 qumque
3015 1774 3215 1842 iniqua,
3261 1784 3315 1830 et
3353 1788 3538 1830 contra
3583 1777 3682 1830 Pa-

422 1866 580 1919 busta
610 1880 769 1920 manu
798 1867 1023 1936 agitatas
1055 1877 1109 1921 et
1137 1867 1441 1934 ventilatas,
1472 1866 1785 1922 maledictos
1818 1882 2000 1921 muros

424 1956 636 2012 Iericho
659 1956 769 2025 jam
795 1959 957 2013 toties
980 1957 1456 2012 anathematizatos
1485 1968 1539 2012 et
1561 1967 1841 2026 quassatos
1877 1973 2002 2011 san-

423 2049 581 2103 ctitas
612 2056 700 2102 tua
738 2047 897 2102 faciat
928 2059 1288 2118 prosternere.
1318 2048 1584 2104 Caeterum
1611 2064 1730 2103 cum
1762 2049 2001 2114 Ecclesia

426 2149 609 2193 nostra
636 2140 965 2195 Arelatensis
990 2155 1206 2209 semper
1226 2142 1292 2194 ab
1315 2139 1610 2210 apostolica
1644 2139 1773 2195 sede
1808 2141 1998 2209 amplis

423 2229 696 2284 favoribus
747 2239 803 2285 et
843 2230 1135 2300 privilegiis
1184 2231 1345 2285 fuerit
1394 2230 1689 2292 decorata;
1753 2245 1999 2300 rogamus

424 2322 761 2377 sanctitatem
792 2332 935 2377 tuam
975 2332 1032 2377 ut
1081 2338 1175 2392 per
1221 2337 1338 2376 eam
1382 2321 1513 2376 nihil
1560 2323 1713 2377 nobis
1754 2321 1997 2390 decedat,

423 2414 519 2469 sed
551 2414 725 2483 petitis
752 2425 1030 2485 augeatur,
1059 2425 1190 2470 utet
1217 2415 1546 2471 collaborare
1568 2424 1740 2470 tecum
1772 2417 1822 2469 in
1847 2415 2003 2470 vinea

428 2509 636 2563 Domini
667 2509 759 2563 Dei
790 2508 1028 2564 Sabaoth
1054 2509 1344 2575 valeamus,
1378 2518 1433 2563 et
1457 2509 1757 2564 invidorum
1778 2520 2001 2563 Conatus

424 2600 712 2670 infringere
737 2617 749 2653 :
775 2615 930 2669 quos,
962 2600 1006 2655 si
1051 2616 1158 2655 non
1187 2610 1331 2656 esset
1359 2602 1652 2656 auctoritas
1681 2603 1999 2670 reprimens,

423 2701 629 2747 eertum
650 2702 733 2747 est
763 2692 831 2748 de
860 2692 949 2749 die
971 2693 1024 2747 in
1053 2694 1193 2748 diem
1226 2703 1567 2763 grassaturos
1596 2695 1650 2748 in
1681 2694 1851 2764 pejus,
1878 2693 1997 2762 quia

425 2784 627 2837 malitia
665 2799 769 2853 qua
803 2800 902 2839 nos
927 2786 1174 2850 oderunt,
1205 2785 1449 2841 ascendit
1476 2800 1710 2856 semper.
1745 2786 1862 2841 Dat.
1906 2788 2001 2843 Se.

425 2886 556 2931 vero
582 2876 721 2944 Aug.
749 2889 871 2931 cos.

966 3011 1297 3067 EPISTULA
1329 3012 1419 3067 Vl.

825 3140 1001 3180 HILARI
1025 3141 1169 3181 PM’E
1198 3142 1265 3181 AD
1295 3141 1591 3182 ιεοκτιυκτ

427 3237 720 3306 Respondet
739 3237 808 3290 ad
828 3237 1031 3307 litteras
1060 3236 1278 3301 Leontii,
1301 3253 1427 3306 quas
1443 3238 1722 3305 scripserat
1738 3252 1853 3290 cum
1867 3252 1996 3307 prte-

532 3310 787 3362 ccdeatem
814 3306 1017 3360 Hilarii
1035 3308 1301 3376 epistolam
1322 3309 1553 3361 nondum
1597 3306 1890 3378 accepisset.

603 3421 959 3504 Dilectissimo
990 3420 1135 3475 fratri
1177 3421 1398 3475 Leontio
1430 3423 1640 3477 Hilarus
1667 3436 1821 3491 papa.

499 3522 779 3577 Dilectioni
796 3534 948 3585 mete,
967 3536 1084 3588 quin
1097 3522 1239 3575 circa
1253 3521 1519 3577 Ecclesias
1542 3522 1865 3589 Galiicanas,
1885 3537 1994 3575 om-

429 3634 630 3689 aesque
654 3618 709 3673 in
739 3617 816 3672 eis
841 3617 1051 3671 Domini
1080 3616 1385 3672 sacerdotes
1408 3657 1425 3682 ,
1471 3617 1629 3671 etiam
1670 3616 1723 3671 in
1763 3616 1999 3670 inferiori

427 3710 593 3780 gradu
621 3708 845 3779 positos,
877 3709 1131 3775 abundat,
1172 3710 1397 3763 multum
1439 3709 1645 3764 accedit
1687 3708 1999 3776 augmenti,

427 3802 570 3871 quod
601 3816 694 3871 per
722 3801 892 3854 virum
942 3800 1288 3869 spectabilem
1338 3799 1631 3867 Pappolum
1683 3799 1848 3853 filium
1905 3813 2000 3851 no-

428 3902 594 3947 strum
628 3892 890 3947 sermonis
918 3892 990 3944 tui
1015 3891 1081 3944 ad
1109 3906 1194 3944 me
1215 3899 1343 3944 sunt
1371 3890 1544 3944 delata
1584 3891 1868 3959 principia.
1919 3889 1996 3941 Ex

427 4000 535 4055 quo
564 3992 740 4038 tamen
779 3982 1040 4053 conjiciu,
1080 3983 1322 4052 paginam
1366 3997 1574 4049 meam,
1607 3997 1765 4052 quam
1800 3980 1998 4034 dudum

428 4081 496 4132 de
524 4078 863 4146 episcopatus
893 4077 997 4130 mei
1021 4075 1327 4144 primordiis
1356 4075 1499 4138 misi,
1549 4069 1777 4127 necdum
1837 4073 2003 4124 tradi-

429 4179 534 4224 tam
568 4169 661 4224 tibi
687 4168 850 4223 fuisse
879 4180 999 4222 cum
1032 4167 1297 4221 scriberes
1331 4183 1345 4218 :
1394 4166 1461 4219 de
1504 4178 1607 4233 qua
1662 4164 1843 4231 utique
1895 4178 2000 4217 non

428 4262 692 4328 siluisses,
747 4260 849 4313 nisi
897 4258 1223 4328 perlaturum
1278 4256 1451 4324 aliqua
1500 4268 1659 4309 causa
1716 4253 1998 4308 tardasset.

428 4350 586 4407 Unde
614 4350 754 4418 quod
788 4360 843 4405 et
881 4349 1213 4404 consuetudo
1239 4347 1492 4418 poscebat
1526 4355 1581 4401 ct
1606 4348 1837 4409 caritas,
1866 4346 2002 4415 jam-

430 4442 639 4511 pridem
664 4457 750 4496 me
777 4451 1085 4497 exsecutum
1118 4439 1285 4496 fuisse
1321 4440 1594 4509 significo,
1645 4451 1700 4493 et
1737 4439 1837 4493 hoc
1873 4436 2000 4505 ipsis

2105 1868 2245 1915 trum
2280 1873 2584 1918 nostrorum
2627 1874 2858 1929 statuta,
2891 1866 2942 1919 in
2980 1867 3252 1936 provincia
3296 1884 3412 1935 quae
3452 1869 3517 1921 ad
3569 1884 3684 1923 mo-

2103 1953 2374 2007 narchiam
2406 1964 2547 2009 tuam
2580 1957 2830 2024 pertinet,
2860 1957 2903 2010 si
2935 1956 3048 2026 ipse
3065 1967 3154 2011 aut
3176 1974 3280 2011 non
3314 1960 3415 2023 vis,
3445 1970 3536 2013 aut
3575 1976 3682 2015 non

2103 2055 2277 2114 potes,
2297 2045 2457 2099 etiam
2488 2061 2584 2100 nec
2613 2062 2708 2101 nos
2737 2047 2934 2101 silentii
2968 2047 3042 2101 tui
3076 2049 3434 2103 taciturnitate
3462 2052 3685 2118 permit-

2104 2143 2184 2189 tas
2204 2135 2499 2204 corrigere.
2528 2136 2799 2206 Siquidem
2822 2138 2963 2207 quod
2992 2147 3045 2192 et
3074 2155 3290 2193 rumore
3310 2141 3692 2209 cognovimus,

2102 2234 2156 2280 et
2182 2236 2437 2295 quantum
2461 2226 2743 2297 diligenter
2768 2243 2797 2281 a
2819 2228 3045 2282 diacono
3074 2229 3281 2284 Joanne
3305 2268 3319 2295 ,
3356 2230 3445 2299 qui
3491 2247 3521 2285 a
3570 2247 3685 2284 ina-

2101 2315 2298 2385 gnifico
2324 2316 2439 2370 viro
2482 2317 2592 2372 ﬁlio
2635 2325 2821 2372 nostro
2852 2316 3123 2373 Friderico
3151 2319 3344 2374 litteris
3375 2322 3489 2374 suis
3530 2321 3684 2375 nobis

2104 2406 2403 2461 insinuatus
2424 2416 2527 2472 est,
2560 2408 2959 2476 requisivimus,
2993 2408 3132 2479 quod
3163 2410 3490 2480 iniquissima
3523 2427 3683 2465 usur-

2104 2498 2318 2568 patione
2345 2500 2559 2568 quidam
2590 2500 2813 2555 Hermes
2839 2504 3201 2571 episcopatum
3224 2504 3456 2559 civitatis
3484 2505 3684 2559 Narbo-

2104 2592 2285 2645 nensis
2330 2593 2650 2647 exsecrabili
2705 2595 3008 2649 temeritate
3057 2597 3476 2665 praesumpserit.
3512 2598 3682 2665 Quam

2103 2698 2217 2738 rem
2248 2683 2500 2739 decuerat
2521 2687 2857 2741 sanctitatem
2888 2698 3029 2741 tuam
3060 2697 3117 2742 ut
3150 2690 3301 2744 nobis
3357 2692 3408 2743 in
3459 2693 3694 2761 veSIigiol

2102 2773 2389 2829 indicaret.
2420 2777 2534 2843 Qua
2556 2776 2622 2831 de
2654 2792 2731 2842 re,
2758 2777 2925 2832 frater
2945 2778 3223 2834 carissime
3243 2823 3257 2848 ,
3290 2796 3597 2847 monemus,
3631 2792 3695 2838 nt-

2102 2867 2152 2921 si
2176 2866 2307 2921 fides
2340 2867 2659 2921 adhibeatur
2680 2868 2921 2933 assertis,
2953 2871 3185 2937 seposita
3215 2872 3591 2939 excusatione,
3618 2873 3684 2928 ad

2108 2971 2208 3011 nos
2238 2967 2341 3009 tam
2375 2966 2480 3011 tua:
2509 2959 2832 3027 dilectionis,
2871 2975 3030 3027 quam
3070 2959 3290 3014 fratrum
3335 2972 3682 3034 nostrorum,

2102 3059 2195 3100 aut
2243 3064 2336 3115 per
2383 3051 2693 3118 portitorem
2737 3050 3066 3120 litterarum,
3113 3064 3206 3107 aut
3235 3070 3330 3123 per
3374 3071 3532 3126 quem
3581 3058 3691 3128 ipsi

2025 3139 2071 3202 C
2102 3138 2389 3207 elegeritis,
2423 3140 2770 3208 subscriptam
2809 3156 3059 3211 uiantium
3099 3154 3393 3197 vestrarum
3445 3147 3679 3200 relatio-

2101 3244 2221 3282 nem
2256 3228 2656 3293 transmittatis;
2683 3239 2737 3284 ut
2761 3231 2902 3301 quod
2934 3231 3158 3286 delinire
3200 3234 3463 3299 possimus
3493 3251 3679 3291 recur-

2101 3321 2236 3374 reuti
2268 3320 2451 3389 pagina
2482 3321 2693 3388 possitis
2719 3336 3029 3391 agnoscere.
3067 3322 3205 3377 Deus
3251 3334 3302 3378 te
3356 3325 3678 3381 incolumem

2101 3411 2383 3476 custodiat,
2412 3412 2572 3465 frater
2594 3414 2889 3467 carissime.
2922 3413 3049 3467 Data
3080 3428 3138 3467 ιιι
3170 3430 3337 3470 nonas
3366 3402 3693 3473 Novembris

2105 3504 2268 3574 (anno
2292 3501 2420 3557 Chr.
2445 3503 2573 3557 circ.
2598 3502 2748 3573 462).

2640 3640 2965 3697 EPISTOLA
3007 3642 3140 3697 VIII.

2102 3745 2279 3783 HILABI
2320 3744 2464 3783 ΡΑΡΑΞ
2491 3746 2558 3784 Δί)
2595 3746 2868 3785 ΕΡ15εοΡο5
2917 3748 3251 3788 υιιέειελιιυιι
3295 3749 3685 3790 ιιιιονιμοιλκυκι

2819 3818 3047 3856 ωιιιδζ.

2104 3886 2152 3939 l.
2183 3886 2408 3963 flet-men
2438 3888 2766 3963 Narbonensi
2801 3890 3040 3945 Ecclesia:
3069 3894 3344 3960 prmsidere
3375 3896 3445 3948 ita
3472 3896 3680 3963 permit-

2175 3958 2332 4031 tit_,_ut
2355 3960 2753 4031 ordinandorum
2777 3976 2837 4030 ep
2861 3958 3125 4031 scoparum
3145 3976 3315 4016 careat
3347 3958 3610 4029 poreétate.

2104 4024 2189 4079 11.
2226 4026 2292 4080 Ut
2314 4024 2823 4106 conriliuquomnnis
2856 4024 2978 4096 {imit
3002 4050 3064 4086 ex
3091 4036 3268 4101 quibus
3294 4024 3566 4101 provinciis
3593 4052 3680 4106 poe-

2174 4107 2362 4165 trrunt,
2395 4110 2440 4151 et
2471 4118 2500 4149 a
2536 4099 2742 4151 Leontio
2772 4118 2928 4154 convo
2959 4099 3129 4155 eatur.

2103 4163 2222 4243 III.
2257 4167 2322 4243 Ut
2348 4163 2456 4221 sine
2477 4172 2849 4243 metropolitani
2871 4171 3050 4224 litteris
3073 4174 3296 4243 episcopi
3319 4175 3369 4226 in
3391 4173 3544 4226 aliam
3565 4192 3678 4242 pro-

2172 4238 2387 4290 vinciam
2410 4256 2509 4291 non
2540 4240 2947 4308 proﬁciscantur.
2977 4244 3123 4305 Quod
3171 4244 3216 4295 si
3245 4238 3349 4297 'eas
3405 4238 3689 4310 impetrare

2177 4324 2275 4386 non
2300 4320 2552 4375 poterunt,
2583 4327 2794 4364 causam
2824 4313 3065 4365 discutiet
3106 4315 3371 4383 episc0pus
3414 4314 3680 4368 Arelaten-

2108 4444 2212 4523 IV:
2247 4447 2322 4500 De
2350 4450 2604 4523 parocliiis
2624 4447 2874 4523 _Ecclrsia:
2903 4452 3231 4515 Arelatensis,
3276 4470 3401 4520 quas
3430 4454 3681 4523 repetebat

426 4532 728 4587 litterarum
758 4532 1173 4600 exemplaribus,
1205 4547 1324 4601 qua:
1357 4530 1550 4596 direxi,
1590 4530 1800 4599 plenius
1843 4543 2000 4582 nosse

2114 4586 2158 4601 Π
2177 4512 2439 4601 Leontius,
2461 4520 2726 4601 iudicium.
2747 4524 2826 4601 ad.
2841 4512 3360 4601 episcoposﬂremitt’it.

428 4635 530 4675 vos
558 4621 754 4689 cupio;
784 4630 841 4673 ut
883 4620 1061 4674 officio
1100 4621 1339 4676 fraterno
1386 4619 1439 4673 iu
1496 4620 1643 4674 nullo
1694 4620 2002 4689 intelligatis

428 4713 595 4769 tuisse
618 4726 703 4766 me
731 4710 987 4775 desidem,
1020 4722 1075 4767 et
1102 4712 1173 4765 ita
1193 4713 1429 4767 vicissim
1460 4711 1859 4782 frequentandis
1886 4721 2003 4766 stu-

428 4805 649 4860 deamus
680 4803 950 4872 alloquiis,
974 4811 1033 4856 ut
1056 4802 1225 4857 vicem
1257 4803 1411 4858 nobis
1441 4805 1740 4857 communis
1768 4818 2005 4871 prresen-

428 4899 518 4952 tiae
546 4897 813 4952 scribendi
840 4910 967 4949 cura
1012 4905 1343 4965 compensat,
1377 4894 1542 4949 frater
1579 4894 1880 4949 carissime.
1909 4894 2001 4948 Af-

429 4992 599 5045 fectus
627 4988 806 5057 itaque
836 4987 911 5041 tui
936 4987 1161 5055 gratiam
1188 4986 1364 5055 perire
1399 5002 1505 5040 non
1535 5000 1721 5055 passus
1750 4999 1825 5052 es,
1859 4986 1999 5055 quod

427 5082 475 5135 ei
502 5079 852 5138 sollicitudini
874 5076 1140 5131 intentum
1169 5085 1223 5131 te
1246 5090 1369 5130 esse
1398 5090 1663 5144 cognosco
1683 5117 1697 5141 ,
1728 5086 1784 5130 ut
1818 5086 2001 5132 custo-

428 5169 609 5227 diendi
638 5178 979 5238 paternorum
1008 5181 1273 5222 canonum
1304 5168 1500 5236 regulis
1529 5168 1750 5222 studere
1789 5183 1875 5222 me
1913 5182 2006 5222 cu-

430 5265 564 5329 pias.
594 5261 712 5329 Quo
748 5258 1015 5314 desiderio
1058 5258 1191 5311 nihil
1228 5258 1435 5327 concipi
1476 5258 1743 5314 salubrius
1783 5267 2000 5329 potest,

426 5369 585 5418 quam
619 5350 761 5406 utin
790 5364 894 5403 una
918 5348 1195 5413 Ecclesia,
1237 5348 1323 5402 cui
1373 5358 1585 5417 oportet
1632 5365 1732 5404 nec
1781 5352 2003 5405 maculae

427 5460 455 5494 a
483 5442 625 5510 iquid
657 5443 855 5505 inesse,
880 5449 979 5494 nec
1008 5453 1182 5509 rugae,
1216 5454 1317 5492 una
1355 5439 1420 5493 sit
1456 5440 1510 5492 in
1540 5442 1788 5494 omnibus
1820 5442 2007 5494 obser-

430 5534 570 5585 vatio
612 5531 927 5599 disciplinae.
960 5529 1055 5583 Cui
1095 5530 1140 5583 si
1177 5529 1373 5599 aliquid
1413 5530 1731 5584 eruditionis
1761 5540 1853 5584 aut
1887 5546 2008 5584 cor-

431 5622 691 5690 reptionis
718 5620 1020 5677 addendum
1048 5630 1152 5686 est,
1185 5621 1482 5675 rectissime
1507 5636 1599 5689 per
1629 5631 1859 5675 vestram
1885 5624 2010 5675 dili-

441 5712 672 5776 gentiam
724 5711 1054 5779 consuletur,
1108 5714 1153 5767 si
1195 5712 1643 5781 quemadmodum
1681 5728 1741 5767 es
1765 5714 2013 5784 dignatus

2114 4586 2176 4640 V.
2226 4586 2889 4664 Utprwd'ia‘rcclesiustica
2922 4586 3021 4645 non
3061 4593 3373 4664 alienentur,
3411 4595 3510 4647 nisi
3544 4596 3689 4664 apud

2174 4659 2448 4712 concilium
2476 4661 2800 4714 alienationis
2829 4678 2979 4715 causa
3001 4666 3142 4733 prius
3172 4659 3434 4718 doceatur.

2105 4748 2477 4823 Dilectissimis
2506 4750 2763 4823 fratribus
2803 4753 3071 4819 episcopis
3099 4756 3317 4823 provinc
3338 4770 3385 4808 te
3416 4755 3670 4809 Viennen-

2177 4820 2273 4883 sis,
2306 4820 2692 4888 Lngduneusis,
2725 4820 3288 4889 Narhouensisprimm
3322 4838 3373 4877 et
3398 4830 3679 4890 secundm,

2171 4902 2225 4943 et
2256 4891 2464 4958 Alpium
2494 4891 2829 4946 Feminarum
2862 4892 3260 4965 [l’enninarum]
3286 4936 3301 4958 ,
3331 4896 3541 4949 llilarus
3569 4897 3685 4965 epi-

2174 4974 2390 5029 scopus.

2179 5073 2491 5141 Quanquam
2523 5073 2765 5127 notitiam
2788 5075 3091 5128 dilectionis
3137 5087 3329 5129 vestra:
3368 5090 3558 5141 quanta
3599 5076 3681 5130 vel

2110 5164 2285 5232 qualia
2311 5164 2361 5216 in
2394 5164 2726 5219 Narbonensi
2773 5180 2834 5219 ac
2868 5165 3161 5219 Biterrensi
3205 5166 3439 5219 Ecclesia
3484 5168 3683 5221 dudum

2106 5258 2215 5310 sint
2238 5254 2466 5309 admissa
2496 5271 2598 5310 non
2632 5258 2852 5320 lateant,
2884 5271 2936 5310 et
2962 5269 3249 5325 praesumpt
3271 5261 3387 5311 onis
3427 5261 3682 5328 improbi-

2110 5357 2191 5402 tas
2221 5349 2283 5400 ad
2318 5364 2416 5402 nos
2441 5364 2605 5419 usque
2637 5349 2952 5419 perveniens
2978 5353 3159 5418 procul
3192 5352 3352 5406 dubio
3379 5354 3685 5422 regionibus

2111 5440 2391 5495 manifeda
2421 5442 2491 5495 sit
2513 5441 3142 5509 Gallicanis,apostolica:
3163 5452 3338 5498 tamen
3364 5445 3687 5499 sollicitudi-

2113 5533 2195 5587 nis
2231 5533 2452 5587 interest
2496 5534 2682 5603 culpas
2722 5535 2771 5586 in
2817 5543 3000 5588 nostro
3046 5535 3406 5605 deprehensas
3442 5537 3683 5589 examine

2117 5639 2222 5676 non
2254 5634 2464 5689 tacere;
2493 5642 2558 5678 ne
2584 5639 2678 5693 per
2701 5625 3045 5694 incongruum
3070 5629 3333 5681 silentium
3365 5643 3482 5681 eum
3508 5628 3681 5695 iniqua

2118 5719 2396 5785 agentibus
2425 5716 2619 5773 habere
2656 5717 2934 5773 videamur
2971 5734 3106 5774 conn
3134 5724 3319 5776 ventae
3362 5722 3689 5791 portionem.
