4022 6168
366 206 447 262 π
1756 197 2088 254 EPISTULA
2132 200 2263 257 Vlll'.
3576 203 3655 260 26

373 318 513 370 Olim
536 314 693 383 igitur
714 310 925 366 urbium
952 308 1206 380 praesides
1232 307 1601 379 praedictarum
1624 318 1827 361 sancta:
1851 323 1962 363 me-
1992 317 2038 370 A
2068 310 2215 377 dum,
2247 325 2312 365 ne
2341 325 2512 377 error,
2540 327 2697 381 quem
2724 312 2941 381 jnvante
2963 310 3177 368 Christo
3209 314 3436 369 Domino
3462 331 3651 371 nosm)

375 406 561 460 marite
590 400 867 458 decessori
895 418 1013 456 tneo
1041 417 1146 455 non
1175 402 1349 454 minus
1375 415 1532 469 quam
1576 400 1729 454 nobis
1749 440 1766 463 ,
1801 400 1961 454 etiam

376 508 502 551 tunc
529 495 825 549 attulerunt
846 493 1067 551 doloris.
1102 490 1302 546 illicitis
1335 489 1680 559 petitionibus
1715 491 1965 544 audendo

376 588 655 656 prosequi,
686 584 827 651 quod
861 586 946 637 vix
980 583 1116 652 apud
1145 583 1454 650 patientiam
1480 589 1717 635 nostram
1740 582 1850 634 sola
1881 596 1967 636 ne.

376 682 688 735 ressitatum
712 679 885 747 potuit
913 676 1284 743 deploratione
1327 674 1507 731 leniri.
1544 674 1746 739 Quibus
1778 674 1919 728 enim
1945 714 1960 739 ,

378 774 520 826 sicut
551 772 707 825 etiam
736 783 832 822 vos
862 768 1122 837 probatis,
1157 766 1350 819 factum
1402 775 1612 819 constat
1658 766 1916 833 exemplis
1945 805 1961 830 ,

380 874 440 917 et
469 879 568 933 qua
598 877 703 916 non
727 859 1099 929 objurgatione
1128 857 1498 926 dignissimum
1522 866 1635 923 est,
1669 858 1808 925 quod
1842 872 1966 908 san-

378 970 593 1011 ctorum
616 954 832 1008 Patrum
861 951 1120 1014 decretis,
1148 958 1202 1004 et
1232 950 1362 1016 ipsis
1403 957 1662 1019 repugnat
1697 964 1961 1002 canonum

378 1048 686 1104 institutis?
704 1062 819 1101 cum
848 1044 969 1100 ideo
992 1060 1051 1097 se
1073 1043 1235 1097 frater
1251 1048 1360 1110 jam
1389 1052 1442 1096 et
1471 1044 1820 1110 coepiscopus
1870 1057 1966 1094 no-

388 1151 508 1196 stcr
535 1139 757 1193 Hermes
786 1152 818 1191 a
843 1135 1175 1191 Narbonensi
1214 1134 1444 1187 Ecclesia
1472 1133 1693 1187 credidit
1724 1133 1845 1202 jure
1874 1147 1968 1184 su-

381 1231 515 1299 scipi
537 1270 552 1295 ,
588 1228 713 1298 quia
744 1227 957 1295 indigne
985 1240 1015 1278 a
1062 1223 1488 1285 Biterrensibus,
1526 1222 1717 1291 quibus
1748 1222 1962 1277 ordina-

388 1334 471 1378 tus
489 1332 596 1387 εει,
621 1320 837 1375 dicebat
863 1317 1096 1373 excludi.
1127 1317 1227 1383 Qui
1254 1317 1297 1370 si
1324 1332 1449 1371 vere
1479 1315 1579 1369 hoc
1601 1316 1651 1369 in
1676 1330 1733 1369 se.
1766 1313 1960 1367 factum

384 1414 608 1475 doleret,
641 1420 697 1466 et
725 1411 965 1479 legitimo
988 1408 1227 1463 remedio
1256 1405 1544 1460 subvenire
1576 1405 1803 1475 propriae
1832 1404 1967 1459 scis-

382 1512 467 1557 set
494 1502 731 1569 injuriae,
764 1499 1052 1553 vindictam
1086 1496 1256 1565 magis
1282 1496 1468 1551 debuit
1496 1511 1716 1565 sperare
1749 1510 1966 1564 perpes-

382 1595 481 1659 sis,
506 1607 675 1661 quam
697 1592 909 1644 veniam
932 1591 1271 1659 perpetratis.
1288 1589 1525 1657 Denique
1545 1588 1592 1642 si
1614 1603 1755 1642 nunc
1776 1587 1964 1641 saltem

383 1684 655 1739 communi
685 1682 924 1735 omnium
960 1682 1167 1736 Domini
1195 1679 1535 1733 sacerdotum
1566 1689 1745 1733 utatur
1767 1679 1967 1745 animo,

386 1778 431 1832 si
458 1778 691 1829 imitetur
714 1774 1043 1841 exemplum,
1081 1773 1126 1827 si
1160 1772 1224 1825 ad
1270 1771 1383 1826 hmc
1427 1788 1544 1841 qua:
1581 1771 1965 1825 ecclesiasticae

382 1868 579 1939 quietis
605 1867 1059 1935 contemplatione
1086 1873 1357 1932 utcunque
1387 1863 1558 1931 scpita
1589 1871 1712 1917 sunt
1737 1902 1751 1927 ,
1795 1862 1967 1917 oculis

386 1961 561 2016 cordis
590 1960 857 2025 intendat,
884 1967 939 2013 et
968 1973 1063 2027 pro
1085 1958 1248 2012 t0tius
1280 1956 1533 2011 Ecclesiae
1562 1956 1812 2024 pace.ve|
1838 1956 1963 2021 fide,

382 2070 503 2124 qua:
531 2063 661 2107 sunt
687 2051 1056 2121 multipliciter
1096 2060 1268 2104 errata
1317 2048 1621 2103 consideret
1665 2065 1679 2101 :
1727 2048 1856 2102 nihil
1884 2056 1968 2102 est

380 2145 626 2215 profecto
650 2144 789 2214 quod
820 2158 927 2197 non
951 2143 1109 2197 etiam
1155 2143 1271 2209 ipse
1312 2140 1704 2209 reprehendat,
1755 2150 1808 2193 et
1844 2154 1967 2193 eru-

380 2239 564 2290 besrat
583 2235 690 2289 sibi
714 2233 876 2287 annui
907 2233 1049 2300 quod
1093 2234 1145 2286 in
1174 2232 1346 2285 altero
1385 2232 1723 2285 laudabiliter
1764 2231 1963 2298 impro-

376 2328 539 2384 barit.
571 2327 784 2381 Scimus
814 2326 982 2388 enim,
1028 2333 1082 2377 et
1107 2324 1309 2391 jamdiu
1357 2322 1425 2376 de
1468 2322 1745 2376 memorati
1791 2320 1966 2375 fratris

376 2436 529 2476 COHVi
553 2419 792 2473 rsatione
822 2418 949 2471 nihil
984 2416 1240 2470 habemus
1276 2416 1589 2482 ambiguum
1618 2452 1631 2477 ,
1667 2429 1786 2467 cum
1816 2423 1967 2467 ante-

374 2523 512 2568 actte
537 2514 662 2565 vita:
691 2511 855 2579 ipsius
877 2524 1114 2570 cursum,
1145 2516 1201 2561 ct
1237 2518 1379 2561 tetro
1409 2507 1765 2574 antepositum
1796 2503 1967 2575 [omne

373 2601 721 2673 propositum]
781 2611 964 2655 nostro
1011 2600 1354 2653 revolventes
1399 2597 1607 2663 animo,
1642 2596 1742 2650 hos
1784 2597 1963 2660 illum,

374 2709 513 2763 quos
540 2694 595 2747 in
627 2707 696 2746 eo
714 2692 1007 2761 arguimus,
1040 2689 1331 2743 incurrisse
1354 2688 1722 2756 potius,quam
1748 2687 1962 2752 fecisse,

373 2784 715 2838 aestimamus
741 2795 1019 2835 excessus.
1047 2779 1124 2835 De
1153 2778 1348 2847 quibus
1378 2779 1698 2847 prtesidente
1739 2778 1961 2831 fratrum

373 2888 677 2930 numeroso
702 2872 952 2937 concilio,
982 2880 1037 2926 et
1061 2887 1127 2926 ex
1158 2872 1386 2926 diversis
1416 2869 1711 2941 provinciis
1733 2868 1799 2923 ad
1822 2867 1962 2923 diem

374 2970 574 3026 natalis
631 2972 801 3031 nostri
852 2970 907 3023 in
964 2967 1222 3022 honorem
1254 2965 1393 3021 beati
1434 2965 1577 3019 Petri
1605 2964 1835 3033 apostoli
1865 2978 1962 3033 per

373 3061 477 3117 Dei
499 3060 731 3131 gratiam
769 3067 1122 3128 congregato,
1157 3056 1565 3127 praesidentibus
1612 3056 1864 3111 fratribus
1907 3065 1964 3111 et
1988 3048 2035 3112 C

375 3151 719 3222 cnepiscopis
743 3152 940 3205 nostris
973 3150 1165 3204 Fausto
1193 3160 1242 3204 et
1275 3151 1540 3217 Auxanio,
1570 3155 1727 3218 atque
1750 3146 1960 3217 agenti-

375 3242 483 3299 bus
510 3244 777 3313 plurimis,
809 3256 929 3311 qua:
953 3241 1191 3310 vigorem
1230 3240 1519 3308 respiciunt
1562 3238 1961 3293 auctoritatem-

374 3352 487 3403 que
518 3334 727 3404 judicii,
758 3334 808 3387 id
835 3349 862 3386 ε
898 3334 1050 3387 nobis
1080 3332 1224 3402 pacis
1247 3341 1330 3385 est
1356 3346 1538 3385 amore
1566 3331 1914 3384 constitutum
1946 3368 1961 3394 ,

375 3434 441 3478 ut
466 3426 519 3478 in
550 3424 841 3485 sententia,
872 3439 1028 3492 quam
1057 3423 1157 3476 sub
1178 3421 1492 3476 adversione
1509 3422 1788 3488 utriusque
1818 3419 1965 3487 lega-

376 3515 541 3569 lzouis
573 3514 697 3567 inde
724 3514 962 3576 directzc,
994 3512 1205 3565 Christo
1236 3512 1460 3565 Domino
1484 3522 1668 3564 nostro
1699 3510 1962 3576 inspiran-

377 3616 457 3670 te,
488 3603 833 3675 protulimus,
867 3618 1038 3671 neque
1075 3603 1278 3655 caritas
1320 3601 1641 3666 evangelicae
1682 3599 1963 3666 indulgen-

377 3698 493 3761 tim,
520 3712 694 3765 neque
716 3696 1020 3763 apostolica:
1048 3695 1189 3763 virga
1214 3693 1440 3747 defuerit
1473 3690 1965 3760 tlisciplinze.Nam-

376 3807 483 3859 que
511 3792 562 3845 in
593 3802 762 3844 telum
794 3804 892 3843 nec
924 3789 1195 3843 remittere
1218 3802 1313 3841 nos
1336 3786 1462 3841 fecit
1489 3786 1838 3855 indulgentia,
1864 3797 1963 3838 nec

376 3880 591 3935 affectio
617 3895 889 3935 coercere.

457 3976 496 4027 Ι.
530 3974 589 4027 Εἰ
617 3974 703 4043 qui
737 3988 879 4027 nunc
911 3970 1164 4025 Ecclesiae
1188 3968 1516 4023 Narbonensi
1534 3968 1822 4038 praesidere
1844 3983 1958 4036 pcr-

377 4067 632 4129 lnittitur,
691 4065 1106 4118 ordinandorum
1157 4064 1564 4130 episcoporum,
1598 4059 1666 4112 ob
1690 4061 1803 4112 haec
1842 4074 1961 4126 qua:

377 4173 546 4229 prave
573 4157 709 4211 facta
735 4166 887 4221 sunt,
936 4154 1245 4209 sustulimus
1292 4162 1608 4223 potestatem
1634 4192 1648 4216 ,
1695 4167 1851 4219 quam
1891 4154 1961 4204 ita

376 4255 446 4307 ad
507 4252 723 4305 fratrem
779 4262 832 4304 et
886 4251 1258 4317 coep'scopum
1313 4256 1555 4300 nostrum
1595 4244 1959 4299 Constantium

376 4344 619 4400 Ucetica:
649 4343 899 4396 Ecclesiae
920 4340 1245 4405 antistitem,
1289 4339 1409 4407 quia
1452 4351 1568 4390 aavo
1606 4336 1822 4389 honoris
1854 4335 1962 4403 pri-

2069 418 2238 471 nopo-r
2266 402 2620 469 aboleiimns,
2645 415 2734 457 aut
2764 404 2815 457 in
2846 404 3046 458 similes
3066 447 3081 470 ,
3114 413 3206 457 aut
3244 405 3296 458 in
3339 422 3505 460 novos
3537 422 3640 461 uu-

2067 508 2226 561 quam
2258 493 2473 561 prodiie
2499 492 2667 561 possit
2688 508 2959 547 excessus.
2984 495 3135 560 Quod
3156 495 3335 564 utique
3362 512 3465 549 non
3491 498 3648 551 aliter

2068 586 2263 654 poterit
2292 586 2603 653 praet-avexi,
2637 586 2735 639 nisi
2756 596 2952 640 statuta
3002 589 3433 642 venerandorum
3482 604 3651 643 cano-

2070 692 2194 729 num
2225 677 2277 755 in
2303 677 2559 732 fac-endis
2584 677 2955 742 conventibus,
3006 694 3141 747 quos
3188 682 3445 735 hactenus
3473 684 3649 736 omitti

2069 768 2191 823 fecit
2217 778 2365 823 certa
2390 772 2703 835 necessitas,
2736 785 3133 839 eXsequamur:
3179 771 3233 825 in
3286 773 3475 841 quibus
3523 788 3649 842 pos-

2066 862 2190 925 sint,
2224 876 2321 929 pro
2342 860 2729 929 emergentium
2762 861 3084 916 necessitate
3104 877 3382 916 causarum
3407 904 3422 929 ,
3453 865 3519 918 ad
3556 879 3650 917 ec-

2068 951 2390 1006 clesiastica:
2430 951 2824 1004 observantiam
2860 950 3155 1019 disciplina:
3180 994 3194 1018 ,
3228 962 3284 1007 et
3324 967 3445 1021 quae
3493 968 3651 1009 secus

2066 1042 2205 1097 facta
2241 1042 2459 1108 fuerint,
2488 1043 2709 1111 corrigi,
2739 1054 2793 1097 et
2817 1045 3091 1112 sequenda
3116 1046 3389 1100 constitui.

2136 1136 2199 1189 ll.
2233 1135 2336 1189 Per
2356 1149 2526 1189 annos
2548 1134 2725 1203 itaque
2754 1136 2997 1204 singulos
3017 1177 3029 1199 ,
3058 1152 3123 1192 ex
3150 1135 3437 1205 provinciis
3458 1134 3650 1203 quibus

2068 1230 2321 1299 potuerit.
2346 1230 2680 1298 congregari,
2703 1227 2960 1282 habeatur
2982 1228 3290 1297 episcopale
3317 1228 3603 1282 concilium
3632 1245 3645 1279 :

2068 1322 2143 1375 ita
2173 1331 2232 1376 ut
2256 1322 2569 1390 opportunis
2597 1322 2733 1375 locis
2762 1329 2919 1390 atque
2947 1319 3281 1385 temporibus
3304 1361 3319 1385 9
3353 1320 3646 1373 secundum

2067 1415 2471 1482 dispositionem
2501 1413 2680 1466 fratris
2704 1420 2757 1466 et
2780 1412 3083 1480 coepiscopi
3111 1412 3278 1464 nostri
3312 1410 3539 1475 Leontii,
3564 1411 3649 1464 cui

2067 1504 2482 1561 sollicitudinem
2536 1504 2590 1557 in
2641 1502 3028 1571 congregandis
3078 1502 3329 1555 fratribus
3382 1502 3647 1570 delegavi-

2069 1614 2209 1661 mus,
2232 1595 2655 1665 metropolitanis
2680 1609 2771 1663 per
2799 1594 3004 1646 litteras
3035 1592 3149 1660 ejus
3172 1591 3480 1658 admonitis,
3509 1594 3651 1647 cele-

2003 1681 2048 1739 B
2077 1690 2262 1745 bretur
2299 1706 2311 1740 :
2345 1697 2402 1742 ut
2429 1688 2473 1741 si
2502 1688 2629 1756 quid
2654 1701 2876 1755 usquam
2907 1686 2987 1739 vel
3021 1686 3073 1739 in
3095 1684 3407 1739 ordinandis
3441 1686 3649 1753 episco-

2072 1782 2174 1848 pis,
2206 1780 2285 1833 vel
2317 1779 2660 1849 presbyteris,
2677 1787 2769 1830 aut
2793 1776 3079 1845 cujuslibet
3094 1776 3199 1830 loci
3222 1776 3430 1830 clericis
3448 1776 3646 1830 facien-

2070 1871 2172 1935 dis,
2198 1878 2383 1925 eontra
2410 1882 2672 1938 praecepta
2704 1869 2992 1936 apostolica
3023 1866 3293 1935 reperitur
3313 1868 3603 1920 admissum
3629 1883 3652 1930 ,-

2069 1969 2162 2017 aut
2190 1964 2243 2017 in
2293 1976 2479 2017 eorum
2515 1961 2923 2015 conversatione
2973 1959 3246 2028 quippiam
3307 1960 3642 2025 reprobatnr,

2068 2054 2340 2109 communi
2364 2052 2599 2105 omnium
2631 2052 2947 2105 auctoritate
2994 2062 3283 2105 resecetur.
3325 2051 3380 2104 ln
3420 2065 3480 2103 ea
3511 2067 3647 2118 prte-r

2070 2148 2227 2214 cipue
2247 2145 2561 2199 celebritate
2586 2145 2959 2209 conveniatur,
2991 2160 3111 2212 quae
3143 2145 3463 2211 prtesidente
3492 2145 3649 2199 Chri-

2067 2246 2150 2291 sto
2174 2237 2400 2290 Domino
2428 2245 2634 2301 nostro,
2662 2245 2716 2288 et
2738 2234 3035 2288 veneranda
3057 2234 3126 2287 sit
3148 2234 3367 2299 sanctis,
3391 2246 3444 2288 et
3464 2236 3648 2288 formi-

2070 2327 2244 2381 danda
2274 2328 2560 2393 perversis.
2593 2327 2701 2379 Nec
2732 2328 2976 2394 cuiquam
3008 2326 3189 2379 licebit
3219 2341 3247 2379 a
3279 2327 3478 2393 regulis
3521 2342 3650 2381 eia-

2067 2419 2203 2488 gari,
2228 2432 2360 2485 quas
2382 2417 2480 2471 sibi
2509 2417 2655 2485 juxta
2687 2432 2949 2470 canonum
2978 2417 3321 2471 definitiones
3362 2416 3506 2469 unita
3540 2416 3648 2470 fra-

2070 2512 2291 2563 ternitas
2336 2510 2387 2562 in
2436 2523 2717 2562 commune
2772 2509 3067 2576 prmfixerit
3111 2523 3127 2566 :
3172 2524 3290 2561 cum
3337 2509 3648 2561 imminente

2067 2603 2352 2670 quotannis
2380 2601 2632 2655 examine
2661 2601 2731 2652 ita
2761 2601 2953 2669 singuli
2977 2609 3124 2653 actus
3156 2615 3283 2653 suos
3305 2599 3556 2666 dirigent,
3587 2608 3645 2652 ut

2069 2692 2153 2746 his
2183 2691 2444 2746 discussio
2478 2690 2665 2759 judicii
2696 2692 2870 2759 optari
2908 2691 3075 2759 magis
3110 2689 3337 2755 debeat,
3380 2705 3538 2758 quam
3574 2690 3645 2744 ti-

2067 2784 2223 2839 meri.
2253 2783 2311 2837 ln
2333 2782 2646 2837 dirimendis
2677 2797 2807 2837 sane
2831 2783 3160 2852 gravioribus
3190 2782 3367 2837 causis
3386 2826 3400 2850 ,
3442 2791 3497 2837 et
3522 2798 3646 2850 qua

2066 2875 2173 2930 illic
2204 2889 2310 2929 non
2339 2874 2609 2943 potuerint
2637 2874 2935 2938 terminari,
2987 2872 3298 2942 apostolica:
3342 2872 3485 2929 sedis
3518 2888 3643 2929 sen-

2068 2968 2232 3024 tentia
2257 2965 2585 3020 consulatur.

2138 3059 2225 3113 ΙΙΙ.
2256 3057 2386 3113 lllud
2416 3057 2579 3112 etiam
2597 3071 2703 3111 non
2732 3069 3014 3127 possumus
3046 3055 3341 3124 prmterire,
3369 3053 3512 3125 quod
3527 3054 3647 3110 sol-

2066 3150 2341 3207 licitudiue
2365 3149 2703 3218 diligentiore
2732 3149 3024 3203 curandum
3050 3150 3152 3213 sit,
3184 3164 3252 3202 ne
3291 3159 3484 3216 prater
3521 3162 3639 3203 me-

2069 3242 2510 3311 tropolitanorum
2554 3254 2771 3294 suorum
2818 3239 3025 3295 litteras
3048 3239 3209 3309 aliqui
3238 3239 3304 3293 ad
3351 3239 3642 3309 quamlibet

2067 3333 2391 3403 provinciam
2422 3330 2656 3385 audeant
2696 3332 2958 3400 proficisci
2990 3330 3170 3400 :quod
3216 3330 3375 3384 etiam
3408 3331 3459 3384 in
3492 3331 3638 3385 omni

2066 3442 2264 3496 genere
2280 3425 2442 3481 officii
2469 3424 2734 3479 clericalis
2769 3438 2869 3493 per
2917 3422 3155 3491 singulas
3182 3422 3339 3477 debet
3369 3423 3639 3479 Ecclesias

2066 3517 2343 3571 custodiri.
2368 3516 2570 3580 Quibus
2594 3514 2899 3568 econtrario
2928 3511 3026 3565 hac
3043 3516 3247 3564 ratione
3263 3512 3636 3579 prospicimus,

2069 3620 2122 3661 ut
2151 3607 2197 3659 si
2228 3608 2328 3660 hoc
2356 3608 2642 3672 impetrare
2674 3618 2768 3672 per
2811 3603 3044 3671 aliquam
3087 3618 3191 3655 non
3241 3604 3531 3656 meruerint
3575 3603 3654 3658 si-

2068 3698 2361 3759 multatem,
2391 3709 2512 3748 cum
2541 3694 2750 3748 duobus
2778 3692 3200 3760 metropolitanis
3224 3691 3637 3761 provinciarum,

2066 3804 2184 3859 quae
2214 3803 2463 3857 congruae
2485 3798 2629 3851 sunt,
2652 3787 2982 3842 Arelatensis
3009 3786 3292 3856 episcopus
3313 3796 3502 3841 concta
3530 3787 3640 3841 dis-

2066 3881 2293 3946 cutiens,
2327 3894 2419 3944 pro
2449 3893 2629 3933 causae
2668 3878 2924 3946 qualitate
2951 3877 3282 3933 observanda
3312 3881 3641 3934 constituat:

2068 3987 2167 4025 nec
2213 3972 2265 4025 in
2297 3970 2539 4039 injuriam
2584 3970 2806 4024 alterius
2859 3971 3093 4025 alienum
3144 3972 3397 4025 clericum
3439 3970 3641 4037 suscipi

2067 4070 2261 4131 praeter
2288 4062 2650 4116 testimonium
2683 4060 2884 4129 proprii
2910 4060 3164 4114 antistitis
3216 4060 3508 4114 secundum
3549 4074 3639 4112 ca-

2066 4172 2264 4210 nonum
2292 4162 2489 4209 statuta
2520 4154 2814 4223 praecipiet.
2864 4151 3067 4221 Singuli
3094 4160 3270 4205 autem
3299 4150 3508 4214 fratres,
3526 4149 3640 4203 uni-

2063 4248 2311 4316 versique
2339 4255 2662 4314 cognoscant
2684 4244 2973 4313 parendum
2992 4258 3110 4298 esse
3132 4242 3484 4313 prementibus
3509 4256 3642 4295 con-

2064 4338 2290 4404 stitutis,
2319 4337 2512 4407 quibus
2550 4338 2709 4392 etiam
2752 4336 3099 4391 commonitio
3138 4344 3317 4388 nostra
3357 4334 3643 4389 denuntiat

374 4451 499 4491 mas
525 4449 643 4488 esse
669 4433 881 4495 dicitur,
916 4433 1182 4500 pertinere
1202 4431 1540 4490 censuimus,
1588 4437 1643 4481 ut
1687 4428 1731 4480 si
1770 4441 1959 4491 super-
1984 4422 2039 4482 D
2062 4431 2115 4484 in
2146 4444 2242 4485 eos
2264 4429 2460 4483 Christi
2493 4427 2703 4481 Domini
2727 4428 2893 4480 nostri
2917 4425 3184 4495 judicium
3223 4424 3444 4481 minime
3485 4425 3646 4480 defu-

374 4529 510 4583 stite
569 4526 763 4579 llerme
809 4523 1060 4592 episcopo
1091 4521 1375 4575 defunctus
1422 4518 1619 4583 fuerit,
1652 4519 1800 4572 illum
1849 4518 1964 4573 hmo

374 4632 510 4672 cura
541 4616 811 4682 reSpiciat,
835 4629 991 4682 quem
1017 4615 1278 4681 repererit
1317 4611 1637 4681 episcopalis
1684 4610 1817 4666 ordo
1849 4611 1962 4679 pri-

375 4719 601 4763 matem.
631 4708 825 4760 llerme
854 4714 1030 4759 autem
1061 4705 1313 4772 episcopo
1338 4702 1625 4758 deficiente
1647 4747 1660 4767 ,
1692 4701 1963 4756 faciendo-

375 4816 501 4855 rum
530 4814 646 4853 mns
673 4799 971 4855 antistitum
1002 4797 1335 4852 Narbonensi
1357 4813 1479 4852 mox
1500 4796 1753 4851 reddatur
1782 4798 1962 4851 Eccle-

377 4895 498 4958 siae,
524 4908 684 4960 quem
716 4909 819 4945 non
849 4891 1057 4956 civitas,
1077 4890 1171 4945 sed
1197 4904 1355 4945 causa
1380 4890 1810 4959 praesumptionis
1830 4891 1964 4944 ami-

376 4986 470 5041 sit.
510 4984 659 5041 Uude
677 4991 872 5039 vestras
901 4982 1253 5038 fraternitatis
1281 4984 1332 5037 in
1368 4983 1592 5037 Domino
1637 4982 1843 5035 sincera
1882 4981 1964 5036 di-

375 5075 560 5137 lectio,
592 5073 1009 5128 sollicitudinem
1043 5073 1325 5142 pastoralis
1346 5087 1488 5127 θυι-ξιξ
1528 5072 1578 5125 in
1602 5072 1713 5126 suis
1747 5071 1964 5127 sedibus

375 5167 572 5232 partita
603 5164 900 5229 nobiscum,
933 5165 1337 5217 commissarum
1366 5163 1467 5217 sibi
1498 5162 1853 5216 Ecclesiarum
1878 5162 1961 5216 di-

374 5255 651 5324 ligentiam
685 5257 965 5325 vigilanter
991 5266 1241 5309 exerceat
1265 5296 1279 5317 ,
1323 5264 1377 5308 et
1423 5271 1607 5309 eorum
1639 5255 1816 5308 taliter
1839 5270 1959 5325 qua:

373 5347 430 5400 in
464 5346 799 5400 Narbonensi
825 5346 1098 5414 provincia
1124 5361 1414 5410 emersere,
1437 5349 1761 5411 meminerit,
1785 5356 1843 5401 ut
1863 5349 1958 5403 de-

374 5447 604 5493 testetur
635 5438 828 5492 factum
854 5440 1031 5507 potius
1062 5453 1219 5507 quam
1252 5446 1426 5492 sumat
1447 5440 1772 5506 exemplum.
1802 5438 1954 5506 Quod

374 5532 447 5583 ita
473 5529 730 5599 deinceps
758 5546 878 5584 esse
904 5530 1327 5594 nolumus,sicut
1355 5529 1620 5592 novimus,
1642 5546 1744 5583 non
1767 5530 1951 5584 fuisse.

376 5625 584 5686 Itaque,
605 5623 798 5677 fratres
820 5622 1113 5688 carissimi,
1135 5621 1450 5678 necessariis
1480 5622 1672 5676 studiis
1700 5631 1779 5677 est
1801 5636 1955 5690 agen-

2065 4530 2267 4585 turum,
2295 4518 2386 4589 qui
2408 4517 2727 4573 declinando
2749 4517 2977 4584 superba
3009 4517 3303 4572 rebellione
3321 4528 3645 4585 conventus,

2066 4610 2420 4668 conscientiae
2438 4624 2551 4683 sua:
2592 4610 2899 4664 testimonio
2923 4608 3268 4665 confutantur
3290 4610 3642 4666 sacerdotalis

2065 4702 2387 4758 innocentia:
2410 4701 2654 4756 ﬁduciam
2686 4716 2791 4756 non
2824 4701 3042 4757 habere.

2136 4797 2229 4852 IV.
2254 4796 2517 4852 Praeterea
2549 4796 2792 4866 ejusdem
2824 4796 3002 4852 fratris
3049 4797 3260 4852 libellus
3304 4795 3517 4851 oblatus
3558 4808 3640 4851 est

2067 4888 2241 4951 nobis,
2270 4902 2376 4957 quo
2408 4888 2651 4957 perhibet
2677 4888 2959 4955 parochias
3006 4887 3338 4942 Arelatensis
3387 4888 3638 4941 Ecclesiae

2066 4996 2095 5034 a
2129 4979 2524 5049 praedecessore
2550 4996 2647 5033 suo
2675 4980 2874 5034 llilario
2900 4982 2951 5034 in
2978 4981 3113 5035 alios
3140 4981 3307 5050 (quod
3331 4996 3434 5036 non
3464 4978 3636 5049 licuit)

2065 5072 2235 5127 fuisse
2259 5073 2563 5135 translatas,
2592 5083 2781 5141 petens
2808 5072 2925 5127 illas
2956 5073 3187 5141 pristino
3208 5071 3313 5142 juri
3334 5082 3513 5127 nostra
3544 5087 3637 5124 au-

2064 5165 2313 5218 ctoritate
2336 5162 2562 5217 restitui.
2594 5162 2700 5218 Sed
2731 5164 3111 5219 moderaminis
3133 5164 3407 5232 apostolici
3436 5176 3639 5216 memon

2066 5269 2174 5318 res,
2208 5255 2530 5309 fraternitati
2576 5264 2773 5309 vestra:
2808 5258 3084 5325 querelam
3130 5257 3295 5323 ipsius
3334 5254 3638 5308 remisimus

2062 5344 2385 5399 audiendam
2416 5362 2430 5396 :
2465 5353 2522 5399 ut
2558 5345 2607 5398 in
2631 5355 2809 5400 vestro
2846 5355 3112 5400 conventu
3156 5360 3216 5399 ea
3258 5359 3378 5413 qua:
3410 5358 3439 5397 a
3481 5345 3640 5398 nobis

2063 5443 2275 5503 sperata
2300 5443 2447 5501 sunt,
2487 5434 2805 5504 allegentur,
2837 5446 2891 5491 et
2913 5451 3030 5505 qua:
3067 5435 3446 5491 ecclesiasticis
3482 5450 3640 5505 regu-

2066 5528 2132 5581 lis
2160 5536 2484 5596 congruunt,
2510 5528 2891 5583 decernantur.

2131 5619 2196 5674 V.
2229 5619 2401 5675 Simul
2424 5621 2582 5676 etiam
2613 5636 2774 5690 super
2799 5619 2901 5675 hoc
2922 5620 3225 5677 uniVersam
3250 5621 3641 5677 fraternitatem
