4022 6168
342 196 414 258 97
1730 193 1934 249 ΠΙΙΛΒ

2037 192 2207 249 ΑΡΑΞ
3535 194 3613 250 28'

344 321 590 373 Volumus
618 333 739 374 esse
764 318 1169 383 commonitam,
1212 330 1281 371 ne
1312 314 1509 383 praedia
1532 355 1547 379 ,
1588 330 1710 383 quae
1753 328 1925 382 neque
1954 318 2003 373 Α
2030 312 2317 380 quotannis
2352 311 2578 365 concilia
2603 354 2616 374 ,
2644 327 2870 381 quorum
2903 311 3133 366 maxime
3158 311 3209 394 in
3238 311 3399 366 fratre
3427 320 3481 365 et
3515 328 3605 366 co-

344 410 581 477 descrta,
616 426 788 479 neque
815 410 1070 463 damnosa
1092 416 1236 474 sunt,
1270 416 1325 461 et
1363 405 1429 459 ad
1474 404 1768 459 Ecclesium
1801 421 1923 472 per-

346 501 538 561 tinent.
567 516 630 555 ex
664 517 732 567 qu
758 502 855 555 bus
876 501 1227 569 plurimorum
1256 497 1539 552 consuevit
1581 496 1922 550 necessitati-

348 591 448 645 bus
468 592 764 656 subveniri,
794 592 975 662 aliquo
1005 594 1125 659 jure
1155 592 1206 643 in
1238 590 1465 644 alterum
1506 588 1918 653 transferantur,

344 682 445 735 nisi
472 684 616 749 prius
644 684 782 751 apud
824 684 1105 737 concilium
1150 681 1485 736 alienationis
1539 680 1708 747 ipsius
1759 691 1919 731 causa

344 773 621 839 doceatur,
649 786 703 828 ιιι
734 776 859 844 quid
892 774 1005 829 fieri
1034 774 1246 839 debeat,
1268 772 1537 827 communi
1567 772 1803 825 omnium
1828 770 1924 825 de-

344 864 659 920 liberatione
688 876 963 921 tractetur.
992 868 1131 921 Deus
1157 882 1251 921 vos
1282 867 1572 919 incolumes
1616 865 1877 919 custodiat
1902 904 1921 930 ,

344 954 540 1011 fratres
562 959 848 1012 carissimi.
897 958 1026 1011 Data
1069 975 1122 1011 ιιι
1173 974 1342 1012 nouas
1381 958 1692 1012 Decembris
1735 958 1921 1027 (anno

341 1049 473 1105 Chr.
506 1051 609 1105 470
632 1052 696 1118 ¹),
724 1050 832 1106 CL.
862 1050 921 1105 P.
952 1052 1153 1107 Severo
1180 1052 1421 1120 Augusto
1451 1052 1690 1107 consule.

882 1207 1215 1262 EPISTOLA
1256 1208 1345 1262 IX.

734 1332 913 1371 [I'Lklll
954 1334 1100 1373 ΡΑΡΑΕ
1140 1336 1205 1373 AD
1247 1335 1537 1377 ιεοειτιυιι.

344 1422 424 1476 De
454 1425 701 1499 Mamerto
728 1444 983 1497 episcopo,
1015 1431 1102 1499 qui
1123 1442 1265 1485 extra
1303 1449 1424 1485 suos
1465 1435 1593 1497 lines
1642 1435 1920 1490 Deensibus

412 1498 708 1577 episcopum
749 1500 1011 1552 ordinarat
1042 1541 1056 1564 ,
1114 1512 1168 1554 ut
1217 1504 1354 1557 illius
1383 1520 1590 1558 causam
1630 1508 1683 1559 in
1726 1510 1921 1577 synodo

414 1576 690 1619 examinet.

616 1677 970 1734 Dilectissimo
994 1680 1142 1735 fratri
1169 1683 1392 1740 Leontio
1418 1686 1651 1742 Hilarus.

413 1766 653 1833 Qualiter
675 1779 860 1822 contra
890 1771 1036 1826 sedis
1064 1775 1376 1841 apostolica:
1406 1779 1629 1833 veniens
1660 1782 1919 1835 constitu-

347 1866 433 1922 ta,
485 1859 875 1914 sacerdotalem
928 1865 1245 1920 modestiam
1298 1868 1587 1923 Mamertus
1638 1872 1924 1942 episcopus

347 1948 665 2003 Viennensis
692 1955 1012 2019 excesserit,
1033 1956 1333 2012 dilectionis
1352 1967 1455 2013 tute
1476 1961 1756 2017 debuimus
1788 1967 1928 2019 rela-

347 2040 492 2093 tione
520 2053 865 2108 cognoscere,
890 2052 948 2096 ttt
970 2045 1392 2102 ausibustalilius
1414 2063 1677 2106 maturum
1710 2056 1923 2120 etjuxta

346 2128 832 2185 ecclesiasticarum
864 2134 1107 2189 ordinem
1133 2140 1434 2207 regularum
1466 2157 1760 2213 congruum
1780 2146 1926 2213 judi-

352 2219 493 2272 cium
526 2219 909 2288 proferremus.
939 2227 1203 2291 Quantum
1232 2231 1371 2283 enim
1398 2233 1487 2286 filii
1521 2236 1710 2300 nostri,
1736 2237 1830 2290 viri
1864 2238 1929 2291 il-

348 2308 553 2377 lustris,
579 2312 815 2379 magistri
847 2318 1076 2371 militum
1104 2319 1367 2377 Gunduici
1393 2338 1641 2379 sermone
1670 2340 1751 2381 est
1791 2330 1929 2383 indi-

348 2411 551 2468 catum,
584 2408 868 2473 praedictus
897 2411 1180 2478 episcopus
1209 2413 1386 2467 invitis
1416 2415 1726 2481 Deensibus.
1756 2428 1810 2473 et
1838 2421 1930 2489 qui

348 2493 413 2547 ad
443 2496 789 2551 ecclesiarum
821 2502 937 2568 ejus
961 2519 1267 2571 nmuerum,
1310 2521 1472 2575 quem
1523 2508 1571 2561 ei
1624 2513 1930 2577 apostolica:

349 2586 494 2640 sedis
518 2588 790 2655 deputavit
811 2594 1122 2658 auctoritas,
1155 2595 1296 2649 sicut
1324 2597 1377 2650 in
1399 2598 1609 2653 scriniis
1639 2604 1836 2656 nostris
1859 2603 1933 2657 le-

351 2678 547 2745 gimus,
577 2682 795 2735 minime
827 2684 1186 2753 pertinebant,
1224 2687 1403 2742 hostili
1436 2706 1606 2757 more,
1637 2692 1929 2761 utdicitur,

352 2784 622 2835 occupans
643 2773 939 2837 civitatem,
987 2777 1294 2847 episcopum
1324 2795 1643 2857 consecrare
1675 2798 1936 2850 prmsum-

354 2862 479 2930 psit.
508 2864 559 2915 lu
585 2879 710 2931 quo,
740 2867 903 2920 frater
927 2870 1225 2935 carissime,
1258 2873 1301 2925 si
1333 2873 1403 2926 ita
1424 2885 1527 2938 est,
1557 2890 1713 2943 quam
1748 2880 1934 2931 multi-

359 2953 482 3022 plex
515 2956 669 3021 culpa
702 2957 791 3019 sit.
818 2960 1163 3025 pronuntiare
1188 2964 1477 3030 possimus,
1511 2967 1611 3020 nisi
1648 2967 1835 3036 judicii
1876 2980 1934 3023 ut

2024 404 2279 469 episcopo
2310 412 2496 455 nostro
2537 402 2758 456 Leontio
2786 404 3117 456 Arelatensis
3145 402 3396 457 Ecclesiae
3420 418 3605 457 sacer-

2023 492 2147 547 dote
2183 507 2446 547 summam
2489 494 2688 560 placuit
2732 509 2852 548 esse
2880 535 2896 558 ,
2923 494 3302 559 celebrentur;
3341 508 3439 548 nec
3461 496 3604 547 aliud

2025 584 2138 638 fieri
2184 600 2341 653 posse
2378 586 2661 641 credamus
2687 603 2847 655 quam
2877 587 3016 656 quod
3048 602 3141 655 pro
3169 588 3469 641 communis
3501 589 3605 642 Do-

2024 678 2153 731 mini
2186 678 2347 732 dnmo
2391 690 2569 733 nostra
2610 680 2878 733 ordinatio
2911 679 3064 733 vob?s
3105 680 3359 748 placitura
3406 682 3605 734 conati-

2025 770 2123 822 tuit
2153 785 2168 821 :
2196 780 2370 823 tamen
2402 770 2640 835 repetitis
2675 772 2865 824 litteris
2894 771 3081 824 eadem
3112 786 3253 825 nunc
3271 786 3482 839 quoque
3507 774 3602 824 ob-

2030 861 2291 915 servanda
2354 862 2735 926 decernimus;
2794 866 3060 930 praecipue
3109 877 3229 916 cum
3287 864 3607 930 gravissima

2026 952 2344 1006 Viennensis
2370 953 2602 1006 civitatis
2630 955 2915 1021 cpiscopus
2958 954 3261 1007 involvatur
3280 954 3479 1007 oﬂensa
3498 994 3514 1017 ,
3546 955 3611 1008 in-

2025 1044 2271 1111 iujuriam
2286 1045 2469 1098 fratris
2495 1056 2547 1100 et
2568 1046 2869 1114 eoepiscopi
2894 1048 3059 1099 noswi
3080 1045 3285 1100 Leontii
3309 1048 3601 1100 Deensiltus

2025 1138 2317 1191 antistitem
2345 1137 2733 1191 consecrando.
2756 1137 2831 1191 Dc
2851 1139 3002 1205 cujus
3034 1138 3171 1191 facto
3201 1138 3448 1192 vindicta:
3472 1155 3603 1191 cott-

2023 1240 2169 1294 gruaa
2198 1228 2521 1280 sententiam
2566 1226 2905 1290 differentes,
2938 1228 3183 1281 relationi
3232 1227 3458 1281 fratrum
3484 1245 3612 1298 quae

2028 1317 2240 1368 interim
2270 1316 2477 1369 fuerant
2499 1316 2612 1370 visa
2641 1317 3035 1383 respondimus.
3065 1317 3171 1371 Sed
3196 1319 3445 1384 quoniam
3471 1319 3601 1370 tanti

2023 1421 2277 1461 excessus
2306 1408 2562 1477 majorem
2608 1409 2760 1462 nobis
2790 1409 3165 1463 sollicitudinis
3195 1412 3472 1464 materiam
3502 1409 3603 1463 deo

2026 1502 2295 1564 tulerunt,
2323 1499 2435 1553 haec
2455 1500 2522 1553 ad
2545 1500 2848 1555 universam
2871 1502 3147 1556 caritatem
3192 1502 3349 1556 etiam
3377 1518 3475 1571 per
3498 1504 3611 1555 trav

2025 1601 2162 1646 trem
2186 1601 2241 1646 et
2268 1594 2641 1662 caepiscopum
2674 1602 2912 1647 nostrum
2936 1594 3222 1647 Antonium
3239 1596 3434 1663 scripta
3459 1594 3609 1648 dire-

1956 1689 2002 1747 Β
2032 1684 2203 1735 ximus
2228 1727 2242 1749 ,
2276 1684 2471 1751 quibus
2501 1684 2770 1738 admonita
2801 1686 3097 1739 communis
3126 1686 3361 1739 omnium
3403 1686 3607 1739 sollici-

2027 1774 2154 1827 tudo
2182 1786 2450 1843 procuret,
2483 1791 2551 1830 ne
2577 1777 2857 1846 quisquam
2888 1778 3113 1832 fratrum
3148 1780 3200 1832 in
3231 1779 3449 1833 alterius
3480 1793 3609 1846 pro-

2028 1876 2282 1931 rupturus
2311 1866 2557 1934 injuriam
2590 1909 2605 1931 ,
2636 1869 2978 1922 transcendat
3007 1870 3263 1924 terminos
3288 1885 3317 1921 a
3346 1880 3606 1923 veneran-

2024 1956 2109 2010 dis
2150 1956 2395 2012 Patribus
2435 1960 2776 2012 constitutos.
2810 1959 2964 2014 Unde
3006 1963 3186 2014 omnia
3217 1974 3337 2030 qua:
3376 1975 3405 2013 a
3454 1960 3611 2013 nobis

2026 2059 2149 2101 sunt
2191 2065 2285 2117 per
2322 2048 2513 2104 fratres
2555 2059 2606 2103 ct
2633 2049 2982 2118 coepiscopos
3024 2061 3234 2105 nostros
3273 2050 3523 2105 Faustum
3552 2060 3616 2105 er

2029 2141 2328 2194 Attxanium
2374 2142 2589 2195 definita
2621 2144 2939 2197 roborantcs
2967 2186 2981 2206 ,
3025 2144 3466 2212 congregationes
3506 2159 3609 2196 an-

2028 2248 2160 2285 nuas
2185 2272 2198 2292 ,
2225 2233 2504 2286 ordinante
2533 2232 2695 2287 fratre
2724 2244 2776 2287 et
2804 2236 3119 2301 coepiscOpo
3142 2243 3330 2286 nostro
3359 2232 3605 2294 Leontio.

2029 2324 2319 2377 admonitis
2351 2325 2777 2391 metmpolitanis
2807 2369 2821 2392 ,
2852 2326 2992 2394 quod
3032 2339 3177 2391 saepe
3200 2324 3481 2377 dicendum
3505 2335 3608 2385 est,

2031 2417 2095 2469 ii<
2138 2417 2268 2470 lucis
2306 2417 2579 2471 celebrare
2616 2417 2905 2485 dignemini
2940 2457 2953 2480 ,
2992 2416 3055 2468 ad
3092 2430 3213 2485 qttze
3258 2414 3618 2468 conveniendi

2033 2508 2174 2560 nulla
2219 2509 2288 2560 sit
2316 2510 2561 2577 cuiquam
2593 2508 3002 2561 commeantium
3034 2505 3339 2560 difﬁcultas.
3372 2504 3464 2559 Cui
3493 2504 3614 2557 (ΗΞ-

2032 2601 2226 2669 gentim
2256 2600 2415 2654 etiam
2444 2600 2675 2669 provisio
2704 2601 3003 2654 adhibenda
3034 2610 3136 2663 est,
3168 2610 3226 2653 ut
3248 2599 3617 2667 opportunitas

2032 2690 2478 2759 quemadmodum
2526 2692 2795 2756 locorum,
2827 2692 2895 2744 ita
2925 2693 3278 2746 constituatur
3324 2700 3378 2744 et
3408 2700 3614 2755 tempo-

2034 2798 2153 2836 rum
2187 2800 2198 2834 :
2248 2793 2305 2836 ut
2334 2782 2750 2837 inexcusabilior
2778 2782 3019 2851 quisquis
3043 2793 3146 2835 tam
3172 2782 3530 2835 necessarium
3563 2789 3618 2833 et

2036 2876 2252 2930 salubre
2294 2878 2639 2930 constitutum
2694 2885 2931 2929 nostrum
2970 2874 3340 2943 negligendum
3387 2884 3616 2940 putaret,

2037 2978 2295 3036 appareat
2319 3010 2333 3030 .
2363 2970 2552 3022 fratres
2573 2967 2856 3022 carissimi.
2893 2967 3033 3020 Illius
3055 2976 3235 3021 autem
3258 2967 3618 3020 confirmation

359 3041 616 3112 diximus,
649 3056 704 3101 et
732 3048 1028 3104 moderatio
1054 3052 1208 3106 nobis
1235 3064 1409 3120 esset,
1450 3068 1505 3111 et
1540 3058 1674 3113 ordo
1712 3075 1931 3115 servan—
1957 3059 2002 3121 C
2036 3073 2177 3122 nem,
2219 3074 2374 3128 quem
2410 3059 2725 3113 Viennensis
2762 3058 3042 3126 episcopus
3070 3060 3334 3125 alienum,
3359 3068 3412 3110 et
3439 3057 3503 3110 ad
3547 3071 3611 3109 se

360 3134 483 3188 dus.
509 3140 682 3205 Atque
711 3139 833 3193 ideo
860 3156 1068 3195 memor
1099 3144 1666 3216 sollicitudinis,quam
1694 3152 1936 3207 dilectio-

361 3228 415 3281 ni
448 3236 551 3283 tute
579 3230 685 3283 scis
711 3247 830 3286 esse
858 3237 1223 3301 commissam,
1257 3240 1509 3309 quidquid
1538 3258 1676 3297 nunc
1698 3248 1764 3298 ad
1800 3247 1937 3300 noti-

361 3319 488 3373 tiam
517 3331 752 3376 nostram
783 3324 931 3380 brevi
965 3327 1322 3385 insinuatione
1352 3331 1584 3387 delatum
1610 3344 1713 3401 est,
1733 3336 1785 3390 in
1808 3351 1939 3391 con-

360 3421 521 3465 ventu
552 3415 829 3482 synolali,
858 3417 946 3485 qui
985 3420 1279 3475 secundum
1321 3430 1515 3478 statuta
1553 3438 1733 3481 nostra
1781 3430 1937 3483 annis

361 3506 586 3574 singulis
613 3518 664 3563 te
694 3510 792 3563 sibi
826 3513 1149 3580 prmsidente
1177 3525 1259 3571 est
1288 3520 1713 3589 congregandus,
1761 3522 1937 3577 discu-

363 3605 476 3651 tere
504 3613 621 3667 qua:
651 3610 776 3654 sunt
796 3613 910 3656 acta
939 3604 1190 3671 debebis,
1222 3618 1277 3662 et
1317 3624 1347 3662 a
1391 3611 1642 3676 prmdicto
1673 3614 1934 3667 rationem

362 3686 486 3742 facti
516 3690 598 3743 sui
627 3690 727 3745 sub
749 3695 1000 3748 universo
1030 3706 1170 3750 cmtu
1204 3698 1551 3754 fraternitatis
1593 3702 1840 3771 exigere,
1874 3720 1937 3759 ac

362 3779 558 3834 deinde
587 3784 825 3837 omnium
858 3786 1052 3841 litteris
1078 3801 1277 3843 nostra:
1313 3792 1560 3848 intimare
1596 3798 1798 3851 notitiae
1831 3817 1844 3851 :
1880 3808 1937 3851 ut

363 3871 503 3939 quod
531 3884 717 3925 sancto
740 3872 939 3942 Spiritu
961 3877 1194 3934 dictante
1223 3891 1306 3935 est
1329 3883 1651 3955 faciendum,
1697 3889 1762 3941 ad
1792 3904 1940 3943 com-

363 3963 671 4031 primendos
695 3978 918 4023 conatus
952 3970 1163 4027 illicitos
1187 3975 1521 4031 ordinemus.
1556 3979 1693 4033 Dens
1718 3989 1768 4032 te
1791 3982 1940 4034 inco-

364 4054 563 4110 lumem
593 4059 878 4125 custodiat,
896 4060 1057 4117 frater
1085 4066 1383 4122 carissime.
1411 4070 1538 4122 Data
1558 4086 1610 4124 vi
1639 4070 1756 4123 idus
1779 4071 1939 4125 Octo-

366 4146 474 4199 bris
507 4148 672 4218 (anno
714 4150 841 4205 Chr.
882 4152 1033 4223 463),
1077 4155 1275 4210 Basilio
1312 4159 1426 4213 viro
1471 4159 1772 4216 clarissimo
1812 4177 1939 4218 con-

363 4240 499 4294 sule.

931 4337 1264 4395 EPISTULA
1305 4341 1371 4394 Χ.

366 4457 541 4498 ιιιιΑῐιι
572 4460 718 4500 ΡΑΡίΕ
759 4464 825 4501 Δί)
866 4465 1143 4505 EPISCOPOS
1184 4469 1513 4509 DlVEBSAﬂUM
1554 4471 1939 4513 PlithNClARUM
1977 4431 2023 4488 Ι)

1036 4538 1261 4578 ελιιιε.

368 4602 452 4658 Ne
480 4605 747 4681 quisquam
771 4623 889 4681 suos
913 4613 1150 4681 terminos
1186 4618 1529 4681 transcendat,
1554 4628 1597 4671 et
1635 4630 1687 4671 ut
1723 4623 1942 4676 concilia

505 4678 775 4745 quotannis
798 4677 995 4731 Leontii
1016 4683 1238 4753 episcOpi
1263 4704 1419 4755 opera
1442 4677 1795 4744 conuocantur.

369 4782 739 4866 Dilectissimis
770 4788 1024 4866 fratribus
1052 4794 1320 4863 episcopis
1344 4800 1634 4866 provinciae
1667 4801 1939 4858 Viennen-

437 4857 950 4942 sis-Lugdunensis,
981 4857 1555 4942 Narltoneusis'prima:
1581 4882 1635 4925 ct
1669 4857 1940 4942 secundae,

438 4927 643 4996 Alpium
664 4969 680 4994 ,
715 4929 923 4985 Hilarus
957 4935 1261 5004 episcopus.

442 5038 552 5093 Etsi
580 5041 979 5098 meminerimus
1026 5044 1412 5105 fraternitatem
1454 5062 1683 5108 vestram
1721 5071 1782 5111 ea
1821 5072 1942 5126 quas

369 5137 497 5183 sunt
523 5144 552 5182 a
582 5130 735 5186 nobis
759 5142 953 5197 statuta
985 5137 1245 5204 retinere,
1277 5155 1375 5195 nec
1401 5142 1599 5211 aliquid
1630 5160 1693 5199 ex
1727 5146 1808 5201 his
1836 5149 1946 5201 dis-

369 5219 623 5274 simulare
655 5238 775 5291 qua:
801 5224 1151 5292 scripsimus:
1184 5239 1242 5283 ut
1280 5232 1485 5286 scilicet
1521 5250 1617 5301 pro
1660 5236 1942 5306 disciplina

370 5313 730 5369 ecclesiastica
750 5356 765 5381 ,
791 5326 842 5370 et
867 5332 961 5385 pro
987 5320 1164 5375 causis
1192 5338 1325 5390 quas
1354 5323 1494 5379 inter
1526 5326 1733 5381 Domini
1766 5344 1945 5383 sacer-

370 5404 526 5461 dotes
564 5408 762 5463 oboriri
810 5410 1115 5482 plerumque
1159 5429 1263 5469 non
1302 5416 1521 5472 dubium
1552 5430 1631 5474 cst
1668 5422 1944 5491 synodalia

2039 3153 2260 3206 minime
2294 3151 2647 3217 pertinentem
2670 3190 2686 3215 ,
2715 3150 2949 3220 graviter
2974 3149 3222 3204 ordinare
3251 3149 3618 3218 praesumpsit,

2041 3245 2222 3297 fratris
2251 3252 2305 3296 et
2333 3241 2638 3312 coepiscopi
2669 3242 2836 3296 nostri
2863 3240 3069 3295 Leontii
3091 3240 3403 3310 reliquimus
3429 3239 3621 3291 volun-

2040 3334 2167 3397 tati;
2195 3348 2351 3402 quem
2380 3333 2820 3387 confidimuSnon
2852 3342 3044 3399 printer
3075 3331 3456 3384 humanitatem
3491 3344 3621 3394 pen-

2039 3438 2161 3477 sare
2199 3438 2315 3491 quas
2355 3423 2496 3492 justa
2527 3432 2667 3477 sunt.
2700 3422 2842 3477 Deus
2874 3436 2969 3477 vos
2996 3422 3289 3477 incolumes
3316 3419 3614 3483 custodiat,

2041 3516 2231 3569 fratres
2262 3514 2544 3569 carissimi.

2596 3645 2925 3703 EPISTOLA
2969 3646 3059 3700 Χῖ.

2042 3775 2219 3815 ιιιιλιιι
2255 3777 2401 3815 ΡΔΡΕ
2439 3776 2505 3814 Αἰ)
2537 3775 2811 3814 ενιςιῖοιιοε
2848 3775 2932 3821 QUI
2978 3777 3042 3813 DE
3088 3776 3323 3813 IAIER‘I’I
3360 3776 3522 3817 CAUSA
3568 3777 3621 3816 IN

2549 3844 2744 3883 δηιουο
2777 3845 3110 3884 COCNOBANT.

2045 3923 2368 3988 Prii-ceptum
2400 3921 2577 3975 Hilari
2612 3937 2759 3988 papa:
2787 3922 2851 3974 de
2876 3919 3107 3974 Ecclesia
3140 3922 3354 3986 Deense,
3396 3922 3480 3973 ubi
3511 3924 3618 3991 epi-

2111 4009 2294 4060 scopus
2315 3992 2531 4045 indebite
2548 4008 2579 4044 a
2606 3991 2874 4045 Viennensi
2900 3994 3133 4063 episcopo
3162 3995 3426 4047 ordinatus
3455 4003 3547 4046 est.

2048 4104 2093 4157 1.
2130 4104 2195 4158 Ut
2236 4120 2321 4169 per
2352 4103 2606 4156 Verannm
2637 4104 2924 4172 episcOpttm
2954 4112 3217 4155 moneatur
3258 4103 3533 4156 Mamertus
3566 4113 3623 4157 ut

2113 4178 2175 4228 ab
2206 4174 2611 4227 ordinationibus
2640 4174 2896 4241 indebitis,
2931 4174 3124 4226 ordinis
3145 4174 3228 4227 sui
3255 4185 3303 4229 et
3332 4175 3621 4244 privilegii)-

2114 4262 2230 4316 runt
2256 4245 2505 4316 periculo,
2533 4246 2585 4316 in
2619 4254 2874 4316 pasterum
2901 4244 3169 4297 abstineat.

2045 4314 2131 4370 ΙΙ.
2162 4315 2228 4369 Ut
2257 4313 2343 4383 qui
2372 4314 2646 4368 Oeensibus
2668 4331 2700 4366 a
2726 4314 2978 4367 Mamerto
3002 4323 3322 4367 consecratus
3343 4323 3432 4377 est,
3459 4313 3623 4368 Leon-

2116 4388 2171 4439 tii
2204 4386 2513 4439 Arelatensis
2538 4386 2762 4455 episwpi
2787 4425 2803 4450 ,
2833 4403 2864 4438 a
2883 4401 2981 4454 quo
3006 4386 3287 4438 consecrari
3317 4383 3510 4450 debuit,
3538 4401 3624 4437 ar-

2120 4459 2267 4509 bitrio
2297 4457 2641 4524 conﬁrmetur.

2047 4572 2414 4628 Dilectissimis
2469 4569 2752 4633 fratribus,
2799 4568 3048 4633 Victuro,
3098 4567 3349 4635 lngenuo,
3405 4566 3622 4630 Ydatio,

2118 4642 2364 4697 Eustasio
2387 4683 2401 4705 ,
2454 4641 2676 4694 Fonteio
2699 4681 2713 4703 ,
2760 4639 3000 4692 Viventio
3026 4679 3040 4703 ,
3091 4638 3297 4691 Eulalio
3320 4678 3335 4702 ,
3373 4637 3583 4691 Verann
3611 4678 3623 4697 ,

2054 4718 2059 4721 “
2118 4713 2334 4775 Fausto,
2368 4712 2644 4777 Auxanio,
2678 4710 2905 4763 Proculo
2931 4751 2945 4774 ,
2978 4709 3247 4771 Ausonio,
3276 4708 3474 4770 Paulo,
3508 4708 3621 4759 Μμ

2118 4784 2326 4837 moriali
2347 4822 2363 4847 ,
2397 4782 2677 4847 Ctelestio,
2714 4781 2989 4849 Projecno.
3025 4779 3313 4848 Eutropio,
3344 4778 3591 4831 Avitiano
3612 4817 3625 4839 ,

2120 4853 2276 4920 Urso,
2309 4863 2363 4907 et
2388 4853 2632 4921 Leontio,
2658 4851 2894 4905 Hilarus.

2118 4961 2372 5018 Sollicitis
2401 4961 2686 5015 admodum
2718 4961 2893 5027 nobis,
2922 4970 2976 5015 et
3013 4976 3079 5015 ex
3104 4959 3187 5013 his
3216 4973 3338 5029 quae
3383 4957 3626 5026 proxima

2048 5056 2114 5111 ad
2149 5070 2244 5111 nos
2272 5055 2471 5111 relatio
2503 5065 2646 5109 certa
2690 5054 2990 5119 detulerat,
3030 5053 3193 5106 multa
3229 5052 3629 5121 exspectatione

2048 5148 2324 5218 suspensis
2349 5188 2364 5214 ,
2395 5147 2584 5202 littera:
2616 5146 2913 5201 dilectionis
2928 5154 3120 5199 vestrae
3138 5184 3154 5209 ,
3182 5143 3347 5198 fratre
3369 5154 3421 5197 et
3450 5145 3628 5211 coepi-

2050 5256 2214 5310 scopo
2247 5248 2432 5295 nostro
2461 5237 2693 5293 Antonio
2717 5280 2732 5306 ,
2761 5253 2917 5309 quem
2948 5237 3164 5303 dignum
3194 5245 3333 5287 tanta
3364 5234 3629 5301 legatione

2052 5332 2340 5401 probamus
2368 5330 2711 5398 interpretem
2731 5369 2746 5394 ,
2776 5328 3067 5385 deferente.
3098 5332 3222 5380 sunt
3253 5325 3483 5389 traditio,
3515 5338 3632 5390 qua;

2053 5437 2152 5477 nos
2181 5421 2310 5492 ipsis
2337 5430 2623 5476 contextus
2652 5419 2732 5473 sui
2760 5418 3144 5473 contriStavcre
3172 5417 3466 5488 principiis.
3502 5415 3630 5469 Nam

448 5544 463 5574 ‘
520 5544 675 5627 Anno
704 5543 926 5627 Christi
972 5548 1075 5604 470
1119 5564 1149 5605 c
1189 5549 1320 5606 vivis
1363 5551 1472 5621 jam
1518 5567 1857 5612 excesserant
1907 5564 1961 5613 et
2011 5555 2221 5612 Hilarus
2271 5568 2402 5627 papa
2442 5564 2497 5611 ct
2531 5556 2761 5612 Severus
2810 5552 3114 5622 Augustus,
3159 5550 3248 5622 qui
3297 5548 3479 5607 consul
3539 5544 3633 5598 fuit

370 5624 511 5668 anno
541 5614 736 5669 Christi
769 5615 891 5670 46:2.
