4022 6168
319 244 392 305 ευ
702 234 707 239 ·
1732 235 2059 294 smsroca
2106 236 2196 294 xr.

3522 241 3602 298 30'

326 363 416 434 qui
438 357 781 427 requiescere
799 352 1211 410 sollicitudinem
1227 358 1557 417 nostram,et
1577 365 1821 420 magnam
1842 367 1907 406 ex
1936 356 1981 414 Α
2011 352 2318 423 coepiscopi
2351 352 2517 406 nostri
2538 351 2755 407 Antonii
2787 354 3073 409 insinuatio
3102 357 3359 411 reseravit
3382 398 3395 423 ,
3421 358 3589 415 claret

327 462 477 521 parte
506 448 732 503 relevari
764 447 815 499 iu
856 446 938 498 bis
966 460 1087 513 quae
1116 459 1145 497 a
1188 453 1388 498 sanctae
1418 443 1691 496 memoria:
1718 444 1910 499 deces-

330 559 452 599 sore
479 556 602 595 meo
630 540 701 593 de
722 536 1009 591 Viennensi
1042 536 1297 603 episcOpo
1326 535 1540 602 praefixa
1561 548 1706 600 sunt,
1728 535 1914 589 crede-

331 634 545 695 bamns,
575 626 812 682 evidenti
844 625 1141 679 assertione
1181 624 1529 692 cognovimus
1552 663 1567 687 ,
1592 633 1646 677 et
1673 639 1777 677 non
1798 624 1914 678 sine

332 726 521 778 dolore
570 722 828 774 miramur
850 759 866 785 ,
897 715 1236 769 definitiones
1258 714 1375 768 illas
1407 715 1423 745 ¹
1456 729 1484 765 a
1512 715 1771 769 Mamerto
1798 713 1915 783 epi-

335 832 502 884 scopo
550 827 689 868 nunc
728 809 971 880 potuisse
1001 808 1303 861 transcendi
1331 847 1346 872 ,
1378 822 1473 876 per
1498 822 1631 876 quas
1662 807 1918 861 Ecclesiae

338 905 671 977 privilegium
712 900 967 970 probarat
1004 898 1242 967 acquiri;
1290 912 1409 951 cum
1448 898 1713 967 praecipue
1740 896 1919 952 fratris

336 1007 390 1052 et
419 993 726 1063 ciiepiscopi
752 990 920 1045 nostri
940 988 1150 1043 Leontii
1172 988 1471 1063 moderatio
1496 987 1719 1041 formam
1743 989 1920 1042 conti-

338 1089 542 1144 nentia:
592 1085 831 1156 prtebere
867 1081 1115 1137 debuerit
1155 1080 1456 1135 ambienti:
1504 1089 1597 1135 aut
1642 1082 1687 1135 si
1729 1080 1921 1149 spiritu

339 1177 701 1234 aemulationis
733 1175 979 1237 innatus,
1010 1186 1131 1226 eum
1162 1170 1322 1242 (quod
1353 1186 1460 1225 non
1491 1172 1749 1242 Oportuit)
1776 1172 1922 1225 arbi-

343 1278 511 1324 tratus
534 1276 625 1321 est
647 1263 1050 1335 negligendum;
1077 1262 1380 1317 decessoris
1401 1262 1481 1316 sui
1509 1263 1696 1316 saltem
1728 1262 1925 1317 instru-

343 1367 460 1413 ctus
483 1354 777 1424 exemplo,
812 1352 959 1407 illius
987 1350 1286 1405 imitaretur
1311 1353 1739 1418 temperantiam,
1772 1350 1927 1421 cujus

344 1448 550 1503 honore
606 1444 979 1515 perfungitur,
1025 1455 1125 1497 nec
1174 1440 1616 1510 transgrediendo
1665 1441 1924 1509 violaret,

344 1538 484 1608 quod
514 1537 625 1605 jam
666 1548 809 1589 nunc
834 1575 849 1600 ,
883 1532 983 1586 nisi
1015 1530 1286 1601 patientia:
1319 1530 1679 1586 moderamina
1714 1542 1925 1588 tenere-

347 1644 466 1684 mus
492 1668 509 1689 ,
541 1634 725 1697 posset
748 1626 1013 1678 amittere.
1048 1624 1146 1677 Cui
1173 1638 1403 1693 unquam
1432 1623 1635 1692 profuit
1662 1640 1814 1679 mens
1843 1640 1929 1680 re-

2015 445 2325 514 praadictum
2369 446 2641 514 privilegia
2688 448 2850 501 certis
2881 449 3131 503 conclusa
3183 452 3423 505 terminis
3456 455 3591 507 vel‘e

2015 537 2241 608 perdere
2269 538 2387 606 plus
2413 538 2661 602 volendo,
2688 539 2776 608 qui
2798 539 2996 594 abusus
3025 538 3201 595 fratris
3230 551 3284 596 et
3309 558 3594 599 consacern

2015 628 2155 684 dotis
2179 628 2382 683 Leontii
2413 630 2741 683 moderantis
2765 668 2781 693 ,
2814 628 3113 685 Deensibus
3145 641 3331 686 contra
3365 633 3443 687 fas
3470 636 3589 702 epi-

2017 734 2259 787 scopum,
2284 720 2493 775 etiamsi
2520 730 2602 773 est
2630 720 2852 774 meritus
2872 761 2887 784 ,
2915 734 3019 774 non
3044 720 3221 775 timuit
3248 737 3585 777 consecrare.

2017 811 2075 866 In
2102 826 2211 881 quo
2237 809 2433 863 factum
2480 812 2597 878 ejus
2632 820 2957 866 convenerat
2986 812 3063 865 sic
3091 813 3289 867 resolvi
3314 858 3328 879 ,
3358 821 3417 866 ut
3441 814 3589 879 juxta

2019 917 2205 957 eorum
2232 916 2353 973 quae
2381 912 2678 970 perpetrata
2709 910 2834 955 sunt
2867 902 3200 970 qualitatem,
3230 918 3333 957 non
3373 905 3489 957 sine
3512 905 3594 969 ja-

2020 1004 2170 1046 ctura
2193 992 2391 1060 proprii
2422 990 2645 1054 ordinis,
2677 992 2836 1046 etiam
2868 992 3016 1045 illum
3046 1007 3076 1047 a
3107 994 3426 1048 sacerdotali
3459 1009 3594 1048 con—

2020 1082 2189 1137 sortio
2222 1081 2530 1137 submoveri
2574 1089 2839 1149 cerneret,
2886 1097 3046 1150 quem
3095 1083 3298 1138 creavit
3340 1084 3594 1147 indebite,

2022 1186 2285 1241 quemque
2305 1170 2672 1241 indignissime
2702 1170 2895 1226 fecisse
2918 1173 3270 1239 convincitur,
3288 1184 3597 1243 correptum

2021 1262 2162 1330 justa
2191 1261 2389 1316 ultione
2418 1261 2674 1327 sentiret,
2718 1276 2785 1315 ne
2812 1271 3084 1330 conceptae
3124 1262 3358 1318 audaciae
3383 1265 3599 1319 incasti-

2024 1362 2147 1421 gata
2188 1351 2462 1406 temeritas
2494 1351 2725 1405 licentiae
2759 1366 2818 1405 se
2846 1354 3117 1420 peperisse
3159 1363 3367 1423 putaret
3413 1371 3601 1409 exent—

2029 1442 2196 1510 plum.
2231 1440 2428 1495 Verum
2459 1440 2525 1494 ad
2557 1441 2920 1495 Ecclesiarutn
2958 1442 3194 1511 quietem
3236 1454 3396 1498 tanta:
3425 1456 3597 1499 trans-

2028 1531 2318 1602 gressionis
2356 1531 2576 1585 vulnera
2604 1570 2620 1596 ,
2651 1546 2915 1585 memores
2944 1533 3258 1599 apostolica:
3287 1534 3561 1603 sapientia:
3579 1577 3595 1599 ,

2030 1622 2204 1676 curari
2253 1620 2500 1675 volumus
2542 1629 2668 1674 ante
2718 1620 2989 1687 fomentis,
3041 1631 3098 1676 ut
3140 1628 3381 1693 corporis
3432 1629 3598 1679 nostri

347 1720 534 1774 bellis?
564 1728 657 1771 aut
698 1731 857 1786 quem
888 1715 1151 1786 superbia:
1172 1729 1279 1769 non
1307 1715 1579 1770 inclinavit
1604 1717 1802 1772 elatio?
1826 1717 1920 1771 Αι-
1952 1721 2002 1780 Β
2028 1714 2325 1768 membrum
2357 1712 2494 1766 forte
2519 1712 2810 1766 sanandum
2848 1713 2901 1767 in
2936 1713 3291 1783 integritatem
3325 1717 3601 1784 pristinam

353 1812 453 1866 tior
478 1820 561 1865 est
582 1809 901 1864 humilitatis
929 1806 1097 1877 gratia
1118 1847 1135 1874 ,
1158 1808 1243 1861 cui
1278 1818 1587 1877 paupertate
1616 1808 1833 1876 spiritus
1859 1808 1927 1863 ad

349 1903 629 1973 premium
679 1898 956 1968 promissae
986 1898 1329 1952 beatitudinis
1360 1899 1460 1953 iter
1504 1900 1653 1967 regni
1695 1899 1929 1954 caelestis

354 1993 608 2060 aperitur.
644 1990 752 2046 Nec
783 1988 1203 2058 perfunctorium
1253 1990 1629 2058 praevaricator
1663 1991 1933 2046 existimet

355 2100 470 2140 esse
497 2084 641 2156 quod
688 2083 811 2138 fecit
837 2122 851 2146 ,
875 2082 919 2136 si
950 2080 1188 2137 eruditus
1214 2081 1481 2137 doctrinis
1506 2082 1889 2137 ecclesiasticis
1910 2121 1927 2147 ,

352 2177 476 2248 quid
506 2186 729 2245 uterque
752 2182 1018 2229 mereatur
1034 2172 1303 2242 agnoscit:
1332 2188 1454 2228 cum
1476 2173 1612 2228 alter
1639 2173 1930 2227 secundum

352 2268 717 2340 propheticum
743 2281 926 2321 vocem
968 2265 1021 2318 in
1053 2264 1230 2318 medio
1257 2264 1537 2320 dominic'e
1563 2263 1753 2319 domus
1784 2264 1933 2318 habi-

356 2370 470 2414 tare
520 2357 883 2429 prohibetur;
932 2355 1071 2408 alter
1108 2354 1429 2421 respiciente
1476 2368 1533 2407 se
1574 2352 1683 2408 Deo
1717 2367 1934 2421 semper

351 2452 566 2522 junctus
611 2450 906 2510 asscritnr,
930 2447 1086 2515 cujus
1110 2443 1478 2499 consolatione
1510 2444 1764 2497 salvatur.
1798 2442 1931 2498 Pos-

354 2552 473 2597 sent
494 2539 872 2596 venerabilium
898 2548 1135 2590 veterum
1157 2535 1321 2589 multa
1349 2533 1617 2602 replicari,
1640 2550 1710 2605 qu
1727 2551 1757 2587 e
1781 2534 1932 2602 juxta

353 2633 631 2687 veritatem
650 2630 792 2683 dicta
816 2627 1282 2690 demonstrantur;
1312 2624 1404 2679 sed
1428 2627 1497 2678 ab
1524 2625 1715 2679 eadem
1745 2639 1929 2693 causa,

354 2740 471 2793 qua:
522 2737 582 2777 se
627 2730 681 2775 ut
740 2720 1117 2789 loqueremur,
1173 2717 1417 2786 ingessit,
1467 2716 1763 2771 recentiora
1814 2726 1935 2771 sunt

356 2815 597 2883 exempla
643 2811 921 2867 sumenda.
965 2809 1096 2864 Nam
1140 2807 1453 2878 dignitatem
1482 2807 1800 2863 Viennensis
1835 2809 1936 2863 Ec-

357 2908 532 2961 clesiae
544 2904 835 2959 Mamertus
850 2901 1132 2970 episcopus
1152 2900 1743 2956 Arelatensisantistitis
1768 2917 1937 2971 quon-

358 2998 477 3051 dam
512 2992 937 3066 transgressione
966 2991 1227 3057 crevisse,
1254 2998 1311 3045 et
1339 3005 1435 3059 pro
1465 2991 1796 3059 corrigendis
1816 3006 1937 3062 quae

2033 1822 2128 1876 per
2148 1807 2356 1862 mitiora
2382 1807 2763 1861 medicamenta
2792 1816 3091 1875 revocetur,
3110 1824 3206 1862 nec
3224 1809 3472 1863 credatur
3509 1827 3601 1864 ne-

2031 1899 2153 1967 gligi
2176 1898 2316 1966 quod
2341 1898 2550 1951 interim
2580 1912 2682 1951 non
2706 1907 2950 1951 monetur
2970 1898 3228 1953 abscindi.
3262 1899 3464 1954 Prmvia
3492 1917 3602 1955 tne-

2032 1989 2193 2044 dendi
2247 2002 2458 2057 semper
2505 1988 2834 2042 austeritatis
2885 1997 2967 2042 est
3016 1989 3237 2055 lenitas,
3288 2005 3386 2044 nec
3429 1994 3603 2045 omnis

2034 2079 2176 2134 ferro
2214 2078 2390 2133 statim
2435 2080 2587 2148 culpa
2619 2078 2997 2148 compescitur,
3043 2089 3134 2133 aut
3161 2079 3493 2149 inexplorato
3519 2083 3605 2137 vel

2033 2168 2173 2239 quod
2207 2168 2361 2225 facile
2388 2168 2644 2238 prodesse
2674 2170 2840 2237 possit
2864 2168 3103 2223 offertur.
3132 2169 3283 2225 Nunc
3304 2173 3447 2225 enim
3468 2180 3603 2225 tem-

2035 2261 2180 2330 poris
2205 2261 2598 2329 opportunitas,
2630 2276 2770 2313 nunc
2799 2261 3097 2330 languentis
3120 2264 3430 2330 necessitas,
3464 2280 3604 2317 nunc

2033 2352 2315 2408 medicina:
2345 2352 2510 2422 ipsius
2532 2363 2587 2407 et
2613 2352 2801 2407 modus
2830 2363 2912 2407 est
2932 2355 3253 2423 quaerendus
3274 2364 3327 2410 et
3354 2357 3603 2424 qualitas;

2035 2454 2094 2500 ut
2121 2445 2295 2499 omnis
2332 2460 2428 2515 per
2450 2445 2766 2513 sapientiam
2813 2444 2948 2499 facta
2977 2447 3027 2499 in
3074 2446 3220 2501 vitiis
3253 2447 3605 2517 reprimendis

2035 2535 2337 2591 sollicitudo
2365 2535 2604 2591 curantis
2633 2537 2862 2606 gaudeat
2883 2539 3223 2605 reparatione
3244 2539 3384 2607 quod
3416 2539 3607 2602 salvat,

2036 2641 2135 2682 nec
2164 2636 2343 2681 careat
2373 2626 2741 2680 moderatione
2768 2628 2909 2696 quod
2940 2638 3169 2682 resecat.
3204 2628 3295 2681 llis
3324 2630 3481 2698 igitur
3519 2645 3607 2685 ve.

2035 2725 2146 2771 stra
2170 2716 2475 2771 fraternitas
2495 2717 2723 2786 graviter
2750 2717 3145 2787 prudenterque
3162 2720 3460 2788 perpensis,
3489 2722 3609 2781 talia

2036 2806 2178 2877 apud
2209 2821 2305 2861 nos
2334 2806 2663 2864 dissimulari
2706 2822 2864 2876 posse
2895 2824 2997 2861 non
3026 2808 3274 2873 aestimet,
3306 2810 3359 2863 in
3385 2826 3611 2879 quorum

2036 2913 2103 2956 se
2126 2900 2359 2954 maxime
2386 2899 2891 2968 contumeliam,qui
2917 2915 3021 2953 non
3054 2899 3322 2955 immerito
3351 2902 3610 2968 pulsatur,

2039 2991 2233 3047 erexit.
2278 2990 2451 3046 Fratri
2496 2992 2639 3044 cnim
2669 3000 2853 3045 nostro
2883 2990 3104 3044 Leontio
3125 2991 3257 3046 nihil
3280 2994 3553 3047 constituti
3583 3010 3612 3051 ιι

358 3103 635 3159 perperam
676 3084 1024 3155 gerebantur,
1071 3082 1362 3136 inviolabili
1404 3091 1587 3151 postea
1628 3084 1934 3138 definitione
1963 3087 2008 3150 C
2037 3095 2236 3141 sancta
2257 3084 2530 3139 memoria:
2553 3084 2837 3140 decessore
2854 3100 2974 3140 meo
2994 3085 3127 3151 juris
3154 3087 3325 3155 potuit
3345 3086 3610 3157 abrogari,

361 3177 737 3245 compositum,
770 3189 836 3228 ne
865 3173 1001 3226 alter
1027 3173 1309 3241 inglorius,
1342 3173 1547 3227 alterin
1576 3182 1744 3228 totum
1766 3174 1937 3230 veteri

362 3271 564 3325 honore
611 3282 705 3336 per
737 3266 920 3321 vitium
969 3265 1313 3334 praecessoris
1358 3264 1686 3335 reperiretur
1720 3276 1932 3322 exutus.

360 3363 505 3418 Sicut
530 3374 660 3431 ergo
698 3368 753 3414 et
773 3367 965 3414 vestrae
997 3356 1304 3412 dilectionis
1333 3358 1524 3413 relatio
1548 3398 1565 3426 ,
1592 3368 1647 3414 et
1673 3358 1853 3415 fratris
1881 3369 1938 3416 et

430 3520 444 3549 ¹
489 3517 794 3576 Mamertus,
825 3512 955 3567 a‘ias
982 3513 1298 3579 Mamercus,
1330 3512 1685 3567 sanctissima:
1714 3513 1844 3569 vitae
1875 3522 1932 3569 et

360 3588 652 3642 beatissimi
681 3584 1189 3639 obitusVienneusis
1219 3583 1521 3650 episcopus,
1549 3586 1635 3652 qui
1668 3599 1823 3637 usum
1846 3600 1933 3637 sa-

358 3674 508 3712 erum
538 3657 839 3710 litaniarum
868 3654 1159 3722 antiquitus
1201 3655 1400 3707 editum
1423 3692 1437 3716 ,
1465 3653 1759 3719 disciplinae
1784 3655 1933 3707 solu-

358 3730 522 3791 tione,
537 3727 715 3781 cultus
729 3724 1044 3778 remissione
1064 3724 1362 3792 neglectum
1388 3722 1440 3776 in
1470 3722 1665 3791 Galliis,
1690 3733 1931 3790 tempore

361 3798 717 3852 Valentiniani
758 3794 900 3849 tertii
933 3795 1291 3859 imperatoris,
1325 3807 1467 3846 anno
1490 3793 1690 3847 Christi
1714 3795 1842 3859 452,
1873 3806 1932 3848 ut

359 3868 543 3922 scribit
572 3867 689 3921 Αάο
714 3865 1048 3924 Viennensis.
1073 3866 1339 3924 restituit,
1373 3862 1653 3934 triduoque
1682 3876 1806 3918 ante
1835 3869 1937 3919 As-

361 3940 668 3993 censionem
710 3951 809 3989 suo
844 3935 1093 3995 exemplo
1129 3944 1181 3987 et
1207 3934 1575 4002 experimento
1626 3935 1932 3998 utilissimo,

362 4023 453 4063 eas
478 4024 596 4076 qu;e
638 4007 941 4075 rogationes
968 4005 1247 4073 appellata:
1277 4013 1433 4069 sunt,
1456 4013 1518 4076 et
1540 4020 1679 4059 nunc
1707 4006 1775 4058 ab
1819 4006 1937 4059 uni-

362 4074 515 4133 versa
554 4074 790 4131 Ecclesia
826 4085 1050 4139 recepta:
1074 4116 1089 4139 ,
1120 4076 1431 4129 celebravit.
1481 4074 1587 4127 llas
1615 4090 1643 4127 a
1678 4076 1935 4129 Mamerto

364 4165 470 4204 non
492 4148 717 4215 primum
758 4148 809 4200 in
842 4146 1028 4200 Galliis
1059 4146 1221 4198 fuisse
1260 4145 1556 4206 institutas,
1602 4146 1696 4199 sed
1728 4154 1932 4199 tantmn

366 4214 559 4286 magno
588 4233 707 4270 cum
744 4217 955 4269 fervore
995 4215 1059 4269 ad
1105 4227 1439 4269 terraeinotus
1462 4256 1476 4278 ,
1506 4214 1776 4282 incendii,
1804 4219 1936 4269 alia-

364 4285 587 4356 rumque
608 4288 839 4341 clulium
871 4286 1100 4352 pericula
1132 4286 1417 4339 avertenda
1448 4285 1787 4349 reformatas,
1812 4296 1937 4353 post

364 4360 628 4421 Adoocm,
682 4366 906 4409 testatur
952 4356 1204 4410 Sidonius
1252 4356 1389 4409 lihro
1442 4356 1658 4422 quinto,
1707 4357 1932 4424 epistola

2040 3176 2170 3231 nihil
2198 3175 2394 3241 valuit,
2425 3177 2566 3245 quod
2594 3176 2784 3232 honori
2811 3176 2928 3244 ejus
2948 3175 3194 3241 debetur,
3216 3177 3413 3232 auferri
3439 3197 3451 3231 :
3475 3179 3604 3247 quia

2039 3268 2463 3323 Christianorum
2502 3284 2716 3338 quoque
2741 3268 3039 3338 principum
3074 3270 3189 3340 lege
3211 3269 3483 3325 decretum
3510 3280 3611 3335 est,

2043 3369 2097 3415 ut
2120 3357 2374 3432 quidquid
2388 3360 2644 3416 Ecclesiis
2664 3375 2953 3431 earumque
2974 3362 3291 3427 rectoribus,
3324 3377 3417 3433 pro
3438 3364 3615 3431 quiete

2037 3515 2345 3583 paenitentia:
2385 3514 2697 3569 celebramus
2717 3554 2733 3580 ,
2764 3516 2869 3570 etc.
2909 3515 2976 3569 Et
3004 3516 3145 3569 circa
3187 3515 3342 3570 linem
3375 3533 3389 3570 :
3424 3515 3616 3572 Nullus

2034 3586 2130 3637 sibi
2176 3585 2239 3637 de
2280 3585 2543 3657 Δἰιιίριδιήᾳ
2581 3584 2779 3651 aliquas
2813 3587 3164 3657 occupationes
3184 3586 3430 3657 _inquiral
3457 3629 3473 3651 ,
3524 3607 3615 3657 per

2034 3670 2161 3724 quas
2182 3669 2236 3707 se
2255 3654 2319 3706 de
2347 3653 2854 3725 Ecclesiwrconventu
2882 3656 3143 3709 subducet.
3171 3654 3296 3708 Sine
3317 3658 3468 3708 dubio
3500 3653 3617 3725 pec—

2037 3733 2268 3777 calorum
2281 3740 2499 3796 suorum
2515 3724 2726 3777 vulnera
2739 3725 2905 3796 diligit
2929 3727 3015 3790 qui
3036 3727 3087 3778 in
3116 3726 3225 3778 istis
3250 3728 3410 3778 tribus
3439 3724 3617 3782 diebus

2028 3794 2342 3867 jejunando,
2368 3792 2644 3867 orandoet
2669 3792 2937 3867 psallendo
2962 3796 3330 3850 medicamenta
3352 3798 3443 3849 sibi
3460 3800 3614 3867 spiri-

2041 3864 2202 3918 tiialia
2257 3882 2357 3916 non
2397 3865 2630 3932 inquirit.
2684 3866 2917 3919 Litanias
2961 3882 3089 3920 vero
3139 3877 3192 3920 et
3247 3864 3613 3933 processiones

2045 3935 2372 4005 temporibus
2410 3936 2579 3987 sancti
2611 3934 2850 4003 Gregorii
2899 3936 3278 4005 Thanmaturgi
3322 3946 3375 3991 et
3406 3937 3616 3992 Tertul-

2045 4007 2170 4059 liani
2204 4003 2653 4086 ςεέςιξρέἱξεξψριὲει
2690 4003 3433 4086 Ecclpsiattsyrnatas:fuisse,
3471 4020 3613 4086 pale!

2040 4090 2106 4129 ex
2137 4065 2928 4165 epjstlolaﬁlasilii‘sestegesima'
2942 4066 3099 4165 teritis
3214 4065 3617 4165 'Npegaesa'rien-

2041 4162 2149 4208 ses,
2175 4160 2224 4200 et
2257 4145 2573 4200 Teriultiain'
2597 4145 2992 4199 lili'ro'sec‘undo
3016 4146 3080 4199 ad
3113 4145 3366 4199 Diovem".
3395 4145 3524 4200 Item
3548 4164 3613 4202 ex

2046 4217 2131 4289 iis.
2156 4215 2731 4289 quaejd’ix‘istt‘pra“in
2753 4218 2891 4269 notis
2933 4216 3152 4289 canonis
3180 4215 3371 4289 decimi
3403 4219 3613 4284 septimi

2044 4277 2253 4356 concilii
2283 4277 2593 4356 Céojiicejti‘;
2608 4286 2737 4356 Vide
2760 4292 2877 4355 quin“
2898 4289 2997 4356 hec
3012 4287 3089 4350 de
3112 4285 3401 4356 regpcoliae
3424 4277 3612 4356 scribit

2044 4351 2301 4435 [inﬁnitis
2330 4339 2474 4435 εξιῖῃξι
2500 4339 2920 4435 ὶῖξζιζὴυιῖιςμ
2937 4339 3440 4435 ῗνςς-ξεῇδῖξρὶὶρξυὶξ
3455 4339 3615 4414 etin

366 4413 551 4499 quarta
583 4413 647 4479 ad
683 4431 881 4491 Aprum
916 4426 999 4499 his
1030 4428 1205 4479 verbis
1240 4443 1255 4479 :
1284 4413 1483 4478 Harum
1506 4413 1825 4499 rogntionum
1854 4443 1938 4480 so-
1966 4438 2018 4497 ι)
2045 4427 2184 4499 notis
2213 4413 2912 4499 Martyrologii'QSTAprilis,
2936 4413 3379 4499 vérlio"l.itdni&s.

366 4496 675 4553 lemnitatem
688 4499 883 4562 primus
912 4497 1188 4548 Mamertus
1217 4508 1358 4561 pater
1378 4504 1423 4549 et
1453 4496 1680 4563 pontifex
1707 4513 1932 4550 reveren-

365 4570 579 4622 dissimo
604 4567 853 4631 exemplo,
884 4567 1155 4620 utilissimo
1176 4568 1517 4636 experimento
1541 4567 1743 4619 invexit.
1776 4566 1943 4621 Erant

364 4641 569 4708 quidem
609 4637 749 4705 prius
790 4637 945 4703 (quod
974 4636 1115 4690 salva
1148 4638 1266 4705 ﬁdei
1305 4653 1428 4703 pace
1447 4637 1510 4689 sit
1537 4636 1751 4700 dictum)
1780 4653 1940 4706 ragw,

367 4720 609 4777 tepentes,
627 4708 1081 4776 infrequentesque,
1095 4718 1243 4775 atque
1257 4708 1350 4774 (sic
1366 4708 1577 4774 dixeris)
1600 4708 1944 4761 oscitabundae

366 4779 781 4849 supplicationes,
804 4792 917 4849 θυαε
936 4793 1132 4849 semper
1156 4778 1585 4849 interpellantium
1610 4779 1943 4843 prandiorum

369 4847 592 4902 obicibus
617 4847 977 4900 hebetabantur
996 4863 1014 4899 :
1034 4847 1101 4899 ad
1121 4863 1266 4914 quas,
1295 4858 1345 4900 ut
1373 4847 1735 4914 nihilamplius
1748 4850 1938 4914 dicam,

372 4920 526 4987 [inqu
562 4919 756 4989 pariter
792 4925 840 4970 et
869 4916 1140 4971 hortulano
1170 4933 1271 4970 non
1308 4919 1530 4986 oportuit
1561 4920 1844 4989 conuenire.
1876 4917 1942 4971 In

371 4991 450 5042 his
476 4998 647 5041 autem
665 5028 679 5049 ,
708 5004 832 5056 quas
858 5004 1015 5056 supra
1062 4990 1201 5054 latus
1226 5004 1454 5040 summus
1488 4988 1725 5041 sacerdos
1753 4997 1798 5040 et
1829 5005 1948 5057 pro-

371 5062 485 5111 tulit
512 5059 624 5127 ρατὶ
649 5074 701 5111 er
722 5067 765 5111 ct
786 5059 1023 5124 contulit,
1044 5060 1337 5129 jejunmur,
1370 5067 1570 5123 oratur,
1595 5058 1834 5125 psallitur
1853 5099 1871 5125 ,
1898 5068 1947 5113 et

410 5144 544 5192 etur,
571 5140 677 5181 etc.

371 5132 1016 5266 ﬂellll‘t'iilelﬁatetsanctum
1038 5200 1348 5253 Mamertnm
1372 5199 1679 5267 episcopum
1712 5212 1815 5251 non
1842 5206 1950 5253 tam

372 5271 669 5324 instituisse
695 5285 855 5336 quam
887 5270 1188 5323 restituisse
1200 5284 1383 5324 sacras
1400 5271 1737 5337 rogationes,
1755 5284 1954 5337 easque

372 5342 425 5393 in
452 5340 726 5394 meliorem
751 5340 977 5393 formam
994 5340 1297 5394 reduxisse.
1324 5340 1519 5393 Harum
1549 5339 1691 5392 enim
1724 5342 1959 5409 rogatio-

372 5425 502 5464 num
544 5409 910 5463 triduanarum
947 5420 1072 5465 ante
1120 5409 1505 5464 Ascensionem
1556 5410 1768 5463 Domini
1796 5408 1958 5464 ’cele-

376 5480 520 5533 lirari
548 5481 823 5533 solitarum
856 5492 1069 5533 sanctus
1104 5482 1435 5548 Augustinus
1464 5479 1645 5532 multis
1667 5480 1819 5534 anuis
1848 5481 1957 5534 Ma-

374 5563 552 5603 merto
577 5552 815 5602 anterior
842 5552 1083 5603 tueminit
1112 5566 1361 5604 sermone
1387 5550 1487 5603 175
1511 5590 1525 5611 ,
1560 5550 1626 5602 de
1652 5549 1917 5617 Tempore
1940 5592 1955 5615 ,

373 5626 431 5672 in
462 5620 633 5685 vigilia
670 5623 1010 5674 Ascensionis
1044 5638 1056 5672 :
1088 5620 1230 5673 Scire
1262 5620 1518 5679 debemus,
1552 5620 1743 5688 inquit,
1783 5632 1830 5673 et
1873 5621 1956 5672 in-

376 5692 631 5767 telligere,
661 5695 842 5761 [ratrcs
869 5692 1118 5744 carissimi
1142 5731 1156 5759 ,
1186 5693 1303 5762 quia
1339 5692 1444 5744 dies
1476 5691 1884 5761 compunctionis
1912 5702 1957 5746 et

2120 4498 2272 4550 llunc
2301 4496 2612 4549 Mamertino
2648 4497 2975 4550 Viennenses
3018 4497 3378 4551 anniversaria
3414 4497 3617 4552 festivi-

2048 4576 2156 4620 tate
2184 4567 2366 4620 colunt
2385 4566 2665 4637 undecimo
2687 4567 2830 4637 Maii.
2860 4566 3043 4631 Qualis
3069 4576 3406 4637 quantusque
3433 4568 3615 4635 fuerit,

2047 4637 2255 4692 Sidonii
2290 4636 2629 4704 Apollinaris,
2653 4636 2885 4704 quicum
2909 4638 3073 4700 novit,
3092 4636 3277 4704 eoque
3309 4639 3617 4693 familiaris-

2047 4709 2179 4761 sime
2222 4722 2351 4778 usus
2383 4706 2498 4768 fuit,
2539 4707 2763 4778 epistola
2814 4707 3091 4763 undecima
3138 4709 3230 4763 lib.
3273 4723 3323 4761 tv
3352 4712 3618 4778 et'pt'ima

2048 4778 2141 4831 lib.
2165 4793 2231 4830 vn
2258 4776 2455 4830 indicat
2486 4794 2499 4831 :
2532 4776 2774 4832 Alcimus
2814 4780 2997 4831 Avitus
3017 4820 3032 4845 ,
3062 4778 3330 4832 secundus
3353 4776 3470 4846 post
3496 4796 3616 4832 etim

2048 4847 2367 4901 Viennensis
2388 4846 2693 4917 episcopus,
2726 4848 2774 4900 in
2802 4847 3017 4901 homilia
3048 4864 3204 4916 quam
3238 4849 3304 4917 tle
3332 4850 3622 4917 rogationi-

2048 4918 2147 4975 bus
2173 4917 2384 4982 habuit;
2409 4919 2698 4986 Gregorius
2715 4917 3042 4972 Turooensis
3066 4918 3202 4971 llist.
3220 4916 3434 4984 Franci,
3452 4920 3542 4973 lih.
3560 4935 3619 4979 ιι,

2051 5005 2170 5056 cap.
2202 4988 2290 5053 5/»,
2317 4999 2425 5042 etc.
2457 4989 2607 5054 Quod
2637 4989 2815 5053 itaque
2840 4989 3098 5042 adversus
3130 4990 3270 5042 hunc
3301 4990 3613 5043 Mamertutn

2052 5060 2333 5114 sanctitate
2372 5060 2633 5129 insignem
2688 5059 2899 5112 Hilarus
2948 5060 3179 5126 pontifex
3222 5063 3319 5112 hac
3361 5060 3619 5126 epistola,

2054 5144 2200 5198 quas'
2233 5130 2459 5181 alienam
2485 5129 2912 5198 jurisdictionetn
2944 5130 3125 5183 illicito
3158 5131 3456 5195 nsuroarit,
3488 5131 3621 5180 adeo

2056 5201 2403 5253 vehementer
2431 5200 2748 5265 insurrexit,
2780 5215 2885 5252 non
2914 5209 2995 5253 est
3024 5200 3240 5253 mirutn.
3264 5200 3393 5265 Quis
3422 5209 3624 5252 nesciat

2059 5284 2201 5338 smpe
2223 5270 2465 5324 accidere
2488 5281 2544 5324 ut
2574 5269 2720 5323 falsis
2740 5269 3168 5324 accusationibus
3192 5280 3247 5325 et
3269 5268 3625 5333 subrepiioni-

2058 5340 2159 5394 bus
2187 5354 2345 5393 aures
2368 5341 2673 5408 pontiﬁcum
2702 5341 3235 5409 repleantur,etcum
3258 5347 3441 5402 putant
3463 5354 3625 5409 agere

2060 5410 2199 5481 quod
2227 5410 2428 5477 justum
2462 5420 2736 5478 appareat,
2763 5412 3099 5481 innocentem
3122 5409 3412 5481 exagitent.

2130 5481 2279 5547 Quod
2310 5481 2502 5534 accidit
2531 5481 2695 5536 Leoni
2740 5479 2973 5549 pontifici
3013 5479 3351 5532 sanctissimo
3377 5481 3426 5533 in
3468 5496 3624 5537 causa

2064 5551 2242 5604 Ilitarii
2262 5553 2603 5617 Arelatensis,
2622 5552 2712 5621 qui
2732 5551 2952 5618 epistola
2978 5550 3067 5621 89,
3094 5550 3354 5621 acerrime
3378 5550 3627 5621 inuocem

2063 5632 2168 5675 tem
2202 5623 2531 5688 perstrinxit.
2564 5620 2701 5675 idem
2730 5637 2791 5673 ex
2824 5620 3137 5686 ohreplione
3166 5620 3346 5674 llilaro
3388 5620 3627 5686 pontttiti

2064 5693 2114 5746 in
2142 5706 2300 5747 causa
2332 5692 2571 5749 Mamerti
2600 5692 2711 5747 acci
2737 5692 2858 5746 tisse
2882 5691 3074 5763 potuit.
3102 5691 3231 5749 δεῖν.
3264 5691 3460 5746 Βιδιυδ.
