4022 6168
340 192 406 246 ἴ5
1699 189 1946 247 SIMPLK

2053 191 2254 248 ΡΔΡᾸΞ
3554 193 3622 250 36

340 299 421 371 (a)
460 300 729 371 regionem
775 301 983 358 leniam
1013 299 1095 374 [de
1130 302 1331 373 regione
1361 299 1550 373 prima]
1575 301 1643 355 ad
1678 311 1923 356 sanctum
1954 305 2005 364 Α
2030 304 2347 367 catholicus,
2377 312 2431 358 et
2453 301 2698 369 Aeacius,
2730 303 2993 371 dicentes,
3017 304 3159 374 quod
3182 304 3341 359 etiam
3367 304 3418 358 in
3449 315 3623 360 morte

345 392 707 457 Laurentium,
737 396 1007 464 regionem
1042 393 1265 463 primam
1286 393 1363 447 ad
1401 405 1648 447 sanetum
1675 393 1923 460 Paulum,

342 485 615 553 regionem
645 495 846 540 sextam
884 485 967 539 vel
1004 487 1286 555 septimam
1316 485 1383 539 ad
1413 497 1653 540 sanctum
1686 484 1923 539 Petrum.

338 573 417 644 (b)
447 576 556 631 Sub
584 575 741 645 hujus
768 577 1075 646 episcopatu
1106 577 1257 631 venit
1293 577 1481 632 relatio
1521 577 1587 631 de
1614 576 1821 631 Graecia
1861 577 1927 631 ab

345 668 540 723 Aeaeio
579 670 1176 738 Constantinopolitano
1215 670 1491 739 episeopo,
1538 678 1594 725 et
1640 669 1929 723 affirmavit

342 758 557 813 Petrum
607 759 985 815 Alexandrina:
1026 761 1174 815 urbis
1221 758 1678 829 Eutychiauistam
1713 761 1927 814 haereti-

339 864 491 914 cum,
526 849 663 904 facta
708 851 963 918 petitione
992 850 1060 905 ab
1098 851 1294 905 Acacio
1340 851 1614 920 episcOpo,
1654 850 1931 920 chirogra-

340 939 449 1007 pho
484 940 601 1009 ejus
642 950 969 1011 constructa.
1020 941 1218 996 Eodem
1262 952 1504 1011 tempore
1542 942 1640 995 fuit
1691 941 1926 995 Ecclesia

340 1031 534 1098 prima,
579 1042 606 1070 ι
647 1032 752 1088 hoc
786 1043 890 1101 est,
917 1033 1063 1089 sedis
1087 1035 1398 1103 apostolicae
1427 1036 1751 1090 exsecutrix.
1778 1035 1927 1089 'l‘uno

338 1123 649 1193 Simplicius
699 1126 893 1194 praesul
941 1125 1042 1179 hoc
1095 1126 1339 1193 audiens,
1394 1125 1667 1180 damnavit
1712 1125 1926 1179 Petrum

340 1217 791 1281 Alexandrinum,
831 1216 899 1271 de
945 1232 1048 1286 quo
1084 1216 1310 1270 Aeacius
1362 1214 1771 1270 innumerabilia
1819 1216 1926 1269 cri-

342 1310 483 1363 mina
515 1310 815 1363 affirmabat
849 1327 864 1363 :
896 1309 967 1362 ita
1000 1319 1199 1373 tamen,
1238 1318 1297 1363 ut
1329 1309 1657 1377 paenitentiae
1683 1322 1925 1362 reserva-

341 1407 424 1453 ret
462 1411 690 1467 tempus.
742 1400 945 1453 Eodetn
996 1407 1237 1467 tempore
1289 1399 1566 1468 rescripsit
1611 1398 1927 1452 Timotheus

398 1538 441 1609 I'
470 1529 601 1583 Cod.
631 1530 784 1596 Luc.,
820 1534 912 1583 hoc
941 1540 1013 1583 est
1042 1530 1209 1601 prima
1239 1534 1383 1587 sedes
1410 1533 1699 1603 apostolica
1726 1548 1932 1586 exsecu-

343 1609 464 1652 trix.

2033 394 2239 449 Proteri
2269 394 2517 449 catholici
2574 395 2762 450 Petrus
2807 407 2950 451 esset
2978 398 3293 465 permixtus.
3340 398 3489 451 Tune
3534 413 3623 451 ar-

2031 484 2405 553 chiepiscopus
2452 484 2763 554 Simplicius
2818 486 3183 551 dissimulans,
3237 503 3507 555 nunquam
3534 503 3619 542 tc-

2031 576 2243 644 scripsit
2266 574 2494 640 Acacio;
2548 576 2642 631 sed
2691 576 2963 632 damnavit
3012 578 3261 645 Petrum,
3295 590 3619 645 exSpeetatts

2031 676 2240 735 tempus
2284 666 2633 735 paenitentiae.
2684 667 2779 722 llic
2831 667 2958 723 fecit
2995 670 3047 723 in
3100 670 3329 724 ecclesia
3376 671 3615 725 Romana

2029 760 2290 827 scyphum
2325 772 2568 821 aureum,
2599 768 2911 827 pensantem
2938 758 3104 814 libras
3129 762 3182 825 5,
3217 759 3503 814 cantharos
3531 776 3620 814 ar-

2030 856 2251 917 genteos
2278 847 2343 902 ad
2380 848 2594 903 beatum
2648 849 2863 904 Petrum
2899 850 2985 915 16,
3039 859 3325 919 pensantes
3377 850 3619 920 singulos

2033 940 2127 995 lib.
2158 941 2246 995 12.
2273 940 2369 995 llic
2390 941 2514 995 fecit
2541 941 2907 997 ordinationes
2935 942 2989 996 in
3019 943 3153 996 urbe
3185 943 3349 996 ltoma
3382 954 3487 997 tres
3520 958 3621 1011 per

2031 1047 2269 1087 mensem
2320 1032 2670 1087 Decembrem
2725 1041 2780 1087 et
2831 1031 3182 1088 Februarium
3211 1074 3227 1099 ,
3274 1034 3619 1104 presbyteros

2030 1121 2411 1191 quinquaginta
2439 1132 2583 1187 octo,
2616 1124 2868 1179 diacones
2891 1123 3167 1189 undecim,
3199 1125 3482 1193 episcopos
3522 1137 3620 1191 per

2029 1213 2243 1268 diversa
2269 1214 2384 1268 loca
2406 1228 2631 1269 numero
2659 1212 2687 1253 ι’
2721 1215 2932 1284 triginta
2961 1230 3051 1269 sex
3075 1213 3208 1287 [82].
3250 1214 3345 1269 llic
3374 1214 3623 1283 sepultus

2032 1315 2117 1359 est
2144 1306 2195 1359 in
2229 1305 2446 1361 basilica
2477 1307 2623 1360 Beati
2660 1307 2801 1360 Petri
2847 1307 3109 1375 apostoli,
3140 1322 3189 1360 vt
3212 1320 3384 1360 nouas
3415 1306 3616 1371 Martii,

2033 1403 2090 1450 et
2117 1397 2347 1449 cessavit
2368 1396 2708 1466 episcopatus
2736 1396 2853 1451 dies
2880 1407 2903 1434 ο
2938 1400 2990 1452 6.

2109 1528 2135 1567 δ
2176 1529 2308 1583 Cod.
2338 1531 2492 1594 Luc.,
2524 1546 2740 1585 Lxxvttt.

2113 1611 2135 1638 ο
2175 1599 2305 1654 Cod.
2338 1602 2491 1663 Luc.,
2524 1616 2617 1654 vu.

414 1731 491 1801 (a)
523 1733 597 1786 Ex
620 1742 821 1799 septem
845 1734 1152 1803 regionibus
1183 1733 1360 1797 Urbis,
1386 1732 1534 1787 Eruli
1562 1732 1652 1799 qui
1682 1731 1933 1787 Ecclesia:
1965 1736 2012 1796 Β
2041 1729 2207 1794 fulsit,
2239 1731 2577 1803 quantumvis
2612 1729 2967 1803 Occitlentalis
2994 1732 3140 1785 orbis
3176 1732 3398 1785 Romani
3442 1732 3618 1801 impe-

340 1804 617 1856 catholicae
650 1819 753 1857 non
795 1806 1280 1868 communicabant,
1326 1814 1509 1872 utpote
1550 1803 1690 1872 quod
1739 1805 1922 1856 Ariani

339 1884 542 1939 essent,
575 1883 683 1927 tres
709 1875 1057 1942 occupabant.
1088 1875 1237 1929 Unde
1269 1873 1467 1928 factum
1496 1885 1579 1927 est
1607 1873 1746 1942 quod
1783 1874 1928 1928 Sim-

344 1944 532 2011 plicius
562 1943 798 2011 pontifex
838 1955 1064 2013 quatuor
1092 1957 1292 1997 tan'um
1322 1945 1629 2012 regionibus
1660 1945 1928 2010 pteniten-

347 2013 548 2084 tiarﬁios,
581 2029 779 2082 eosque
816 2015 1254 2068 ltelulomatlarios
1285 2015 1628 2084 presbyteros
1660 2014 1918 2084 posuerit.

264 2098 281 2101 ·
340 2082 415 2137 Ita
440 2081 705 2137 Romana!
730 2084 978 2139 Ecclesia:
1012 2081 1301 2138 auctoritas
1348 2081 1507 2152 atque
1549 2096 1803 2152 majestas
1833 2081 1920 2138 ef-

2040 1812 2246 1854 ratores
2292 1801 2631 1867 defecissent,
2690 1801 3078 1869 barbaruutque
3136 1803 3316 1856 Ariani
3372 1805 3425 1856 in
3474 1804 3619 1858 ltalia

2040 1872 2393 1940 principatum
2438 1873 2757 1924 obtinerent.
2801 1873 2925 1924 Snv.
2961 1873 3157 1925 Btstus.

2109 1943 2184 2009 (b)
2214 1942 2403 2007 Ilarum
2428 1956 2601 1994 rerum
2628 1943 3020 2011 enarrationem
3053 1943 3396 2011 prolixiorem
3417 1942 3535 1999 vide
3566 1945 3617 1998 in

2038 2014 2180 2066 notis
2207 2012 2572 2079 epistularum.
2614 2010 2744 2065 S.-;v.
2778 2011 2979 2067 BINIUS.

1199 2344 1740 2417 EPISTOLHE
1811 2340 2361 2413 SIMPLICII
2418 2340 2750 2413 PAP/E.

918 2591 934 2620 ¹
978 2587 1304 2645 EPISTULA
1345 2587 1383 2643 l.

346 2716 585 2758 smrucu
644 2716 787 2756 raris
847 2715 923 2769 Au
971 2714 1211 2753 zesoxeu
1269 2699 1503 2770 [rectius
1546 2696 1927 2770 HISPALENSEM]

804 2784 1101 2825 SI'ALENSEN
1144 2785 1385 2824 EPlSCOl‘U
1395 2786 1450 2823 Μ.

354 2884 432 2939 De
458 2883 727 2936 commissa
756 2881 833 2934 illi
876 2883 982 2934 uice
1022 2884 1153 2934 sedis
1195 2885 1251 2934 in
1279 2882 1511 2935 omnibus
1555 2881 1927 2951 Hispaniarum

419 2954 678 3007 Ecclesia.
720 2951 1077 3022 Hispalensein
1121 2954 1415 3021 episwpum
1458 2954 1621 3007 virum
1679 2955 1929 3022 Optimum

416 3025 548 3077 sedis
578 3023 869 3090 apostolica)
899 3021 1141 3073 vicarium
1178 3023 1464 3076 constituit.

561 3131 916 3187 Dilectissimo
954 3131 1104 3186 fratri
1143 3132 1344 3187 Zenoni
1381 3133 1708 3205 Simplicius.

420 3244 773 3299 Plurimorum
808 3241 976 3296 relatu
1010 3246 1369 3313 comperimus
1409 3244 1751 3302 dilectionem
1783 3257 1928 3303 tuam

350 3340 555 3394 fervore
590 3340 820 3409 Spiritus
849 3340 1021 3395 sancti
1042 3341 1113 3394 ita
1146 3351 1196 3395 te
1231 3341 1484 3397 Ecclesite
1514 3342 1930 3412 gubernatorem

348 3434 600 3501 existere,
633 3446 691 3489 ut
718 3435 974 3505 naufragii
1001 3434 1343 3502 detrimenta,
1400 3436 1509 3491 Deo
1557 3446 1795 3503 auctore,
1825 3452 1929 3493 non

348 3526 565 3580 sentiat.
595 3525 811 3580 Talibus
840 3526 1036 3583 idcirco
1055 3526 1352 3596 gloriantes
1380 3527 1609 3594 iudieiis,
1632 3544 1931 3600 congruum

348 3618 598 3671 duximus
619 3618 811 3673 vicaria
858 3618 1000 3673 sedis
1027 3630 1222 3673 nosme
1269 3628 1321 3673 te
1364 3620 1680 3676 auctoritate
1730 3620 1929 3687 fulciri,

349 3707 502 3777 cujus
527 3710 709 3779 vigore
735 3710 994 3776 munitus,
1024 3709 1334 3778 apostolicae
1362 3712 1713 3768 institutionis
1741 3713 1929 3769 dcere-

350 3808 434 3862 ta,
480 3800 564 3853 vel
611 3810 915 3854 sanctorum
964 3802 1221 3855 terminos
1276 3802 1533 3869 Patrum,
1572 3804 1721 3858 nullo
1766 3806 1931 3860 modo

351 3892 653 3947 transcendi
683 3892 958 3961 permittas
986 3911 999 3945 :
1025 3894 1274 3963 quoniam
1296 3895 1457 3964 digna
1497 3897 1716 3951 honoris
1742 3913 1924 3952 remu-

355 3982 630 4038 neratione
650 3982 1001 4039 eumulandus
1022 3993 1106 4039 est
1137 4002 1229 4054 per
1256 4002 1413 4055 quem
1443 3986 1498 4041 in
1520 3987 1600 4041 ltis
1622 3988 1932 4057 regionibus

351 4074 558 4130 divinus
585 4088 830 4130 crescere
861 4077 1089 4131 innotuit
1126 4078 1320 4132 cultus.
1354 4079 1494 4134 Deus
1516 4087 1567 4133 te
1609 4078 1932 4137 incolumem

350 4165 633 4231 custodiat,
665 4164 829 4221 frater
858 4168 1156 4221 carissime.

922 4255 1251 4311 EPISTULA
1289 4256 1329 4309 ll
1342 4295 1359 4311 .

351 4362 593 4401 SINPIJCII
642 4364 788 4401 PAPE
829 4364 896 4401 AD
945 4363 1182 4402 JOANNEI
1232 4364 1582 4403 RAVENNATEII
1628 4365 1931 4407 εριεοορυιι.

353 4437 692 4506 Ιίερνειιεηάὶι
720 4436 973 4490 Joannem
999 4441 1133 4508 quod
1174 4437 1472 4509 Gregon'um
1501 4440 1729 4509 adhibita
1749 4442 1797 4494 vi
1823 4444 1931 4505 epi-

2036 2600 2303 2656 nunquam
2329 2582 2623 2656 plectibilcs
2653 2591 3089 2651 perpetraretttur
3114 2598 3363 2637 excessus
3390 2600 3404 2637 :
3442 2600 3473 2638 a
3497 2587 3620 2654 qui-

2033 2682 2133 2736 bus
2158 2679 2203 2734 si
2229 2677 2379 2733 nullo
2406 2685 2458 2731 te
2495 2688 2834 2746 paternarum
2862 2676 3164 2745 regularum
3199 2686 3412 2745 poteras
3447 2678 3619 2731 conti-

2036 2788 2164 2827 nere
2191 2778 2480 2841 przecepto,
2500 2769 2690 2823 saltem
2721 2776 2920 2821 sancta:
2949 2769 3219 2822 memoriae
3249 2769 3614 2838 praedecesso-

2032 2865 2107 2919 ris
2129 2863 2203 2917 tui
2234 2862 2409 2916 fueras
2431 2859 2760 2915 revocandus
2775 2859 3044 2929 exemplo.
3064 2861 3162 2927 Qui
3193 2876 3311 2914 cum
3331 2860 3507 2915 minus
3529 2862 3624 2914 tle-

2028 2956 2275 3024 liquissct
2303 2952 2546 3008 faciendo
2573 2952 2941 3023 presbyterum
2985 2952 3235 3018 iliVllllln,
3272 2962 3517 3007 senserat
3540 2963 3621 3007 ta-

2029 3060 2151 3101 men
2176 3045 2392 3115 dignum
2416 3056 2510 3112 pro
2526 3042 2616 3097 tali
2640 3058 2673 3097 tt
2690 3042 2999 3112 surpatioue
3009 3041 3287 3111 judicium.
3311 3043 3408 3098 Ubi
3426 3045 3524 3098 ista
3540 3044 3622 3098 di-

1955 3146 2003 3209 c
2032 3136 2228 3204 dicisti,
2256 3150 2374 3207 qute
2405 3134 2457 3188 itt
2480 3134 2698 3189 fratrem
2726 3144 2779 3188 et
2813 3135 3188 3203 coepiscopum
3212 3144 3456 3188 nostrum
3489 3134 3622 3190 Gre-

2032 3227 2238 3296 gorium
2264 3241 2371 3280 non
2393 3224 2675 3291 electione,
2691 3224 2786 3279 sed
2826 3223 3026 3279 invidia
3065 3226 3386 3294 perpetrasti
3408 3269 3422 3293 ,
3455 3241 3615 3294 quem

2032 3316 2380 3373 inexcusabili
2409 3316 2661 3371 violentia
2690 3316 2925 3387 pertrahi
2955 3316 3022 3370 ad
3054 3326 3105 3371 te
3127 3330 3315 3385 passus
3343 3332 3431 3382 es,
3459 3326 3621 3386 atque

2033 3409 2302 3475 vexari,ut
2327 3410 2376 3465 ei
2391 3409 2649 3463 honorem
2679 3416 2880 3462 tantum
2904 3423 3007 3462 non
3026 3422 3121 3477 per
3140 3408 3305 3461 animi
3320 3407 3621 3477 tranquilli-

2034 3509 2217 3569 tatem,
2236 3502 2327 3558 sed
2358 3517 2453 3571 per
2471 3502 2760 3556 amentiam
2792 3501 2949 3571 (sicut
2971 3500 3261 3555 dicendum
3288 3501 3390 3572 est)
3416 3501 3617 3570 irroga-

2035 3594 2145 3648 res?
2158 3594 2338 3663 Neque
2354 3594 2495 3647 enim
2512 3593 2633 3647 talia
2656 3592 2955 3661 potuissent
2982 3591 3095 3646 fieri
3127 3592 3357 3645 sanitate
3384 3593 3611 3649 consilii.
3704 3646 3711 3651 ,

2033 3688 2291 3742 Nolumus
2319 3701 2638 3755 exaggerate
2661 3684 2802 3754 quod
2824 3694 2850 3721 κ
2878 3683 3095 3753 dignum
3123 3693 3231 3752 est,
3271 3699 3339 3739 ne
3367 3699 3620 3754 cogamur

2030 3779 2273 3846 judicare
2318 3777 2459 3846 quod
2513 3775 2750 3844 dignum.
2805 3773 2934 3827 Nam
2995 3774 3324 3843 privilegium
3379 3785 3618 3829 meretur

2034 3874 2281 3924 amittere
2321 3868 2411 3935 qui
2453 3865 2709 3935 permissa
2754 3864 2856 3918 sibi
2906 3864 3140 3919 abutitur
3184 3873 3463 3933 potestate.
3508 3864 3616 3919 Sed

2037 3977 2140 4017 una
2169 3976 2267 4015 nos
2304 3961 2437 4014 ratio
2486 3958 2612 4013 facit
2655 3971 2774 4014 esse
2816 3957 3097 4013 sententiae
3142 3957 3419 4024 mollioris,
3454 3972 3616 4026 quam

2036 4053 2320 4107 maluimus
2349 4060 2430 4117 te,
2478 4049 2643 4103 fratre
2684 4058 2736 4103 et
2775 4048 3092 4117 coepiscopo
3137 4058 3321 4103 nostro
3370 4048 3616 4118 Projecto

2038 4145 2334 4204 referente,
2376 4157 2730 4210 cognoscere,
2778 4156 2883 4194 non
2934 4141 3132 4194 nostris
3178 4140 3367 4194 litteris
3398 4149 3615 4208 ρι-οιιῑει-

2036 4236 2381 4307 Opprobriutn
2412 4234 2701 4304 publicare.
2727 4232 2857 4285 Nam
2888 4232 3197 4286 scandalum
3215 4273 3229 4297 ,
3254 4230 3406 4300 cujus
3428 4244 3614 4286 auctor

2036 4329 2402 4398 cognosceris,
2454 4327 2520 4379 ita
2571 4324 2862 4380 moderatio
2910 4335 3093 4378 nostra
3135 4325 3496 4392 compescuit,
3552 4332 3607 4380 ut

2040 4421 2205 4474 frater
2246 4428 2301 4473 et
2343 4417 2694 4487 coepiscopus
2740 4429 2890 4469 meas
2940 4414 3224 4483 Gregorius
3266 4416 3458 4484 (quem
3508 4431 3614 4471 noti

418 4523 628 4581 scopum
649 4510 957 4572 ortlinasset;
988 4507 1079 4581 cui
1112 4519 1167 4561 ut
1223 4507 1560 4564 Mittinensem
1600 4507 1881 4581 Ecclesium
1905 4554 1921 4578 ,
1954 4522 2002 4581 υ
2030 4521 2338 4581 provectum
2368 4520 2579 4565 constat
2608 4523 2750 4573 esse,
2779 4509 2873 4562 sed
2905 4508 3135 4577 pulsum)
3166 4508 3364 4561 nullam
3396 4524 3612 4562 causam

420 4576 627 4658 nullam.
646 4593 853 4629 causam
892 4593 1009 4629 eum
1047 4577 1248 4633 Joanne
1299 4580 1587 4645 habituras,
1643 4576 1924 4652 gubernet,

420 4656 671 4699 maximi.

420 4662 671 4717 prcecrpu.

352 4759 658 4830 Simplicius
716 4760 999 4830 episcopus
1051 4758 1243 4815 Joanui
1300 4762 1554 4831 episcopo
1611 4762 1925 4818 Ravennati.

422 4873 478 4927 Si
506 4874 623 4941 quis
654 4880 797 4927 esset
825 4873 1046 4927 intuitus
1084 4872 1464 4927 ecclesiasticae
1492 4873 1809 4942 disciplinae,
1842 4875 1928 4930 vel

350 4964 397 5018 si
430 4962 555 5032 quid
604 4964 744 5030 apud
800 4972 853 5017 te
908 4962 1256 5018 sacerdotalis
1306 4963 1583 5019 modestiae
1632 4973 1924 5033 teneretur,

421 5082 449 5111 ι
480 5073 612 5127 Cod.
637 5073 790 5139 Luc.,
821 5083 1035 5145 gestum.

423 5189 437 5219 ¹
481 5188 603 5242 Haec
631 5187 852 5256 epistola
891 5203 1136 5258 magnum
1179 5200 1235 5243 et
1272 5190 1733 5259 vigilantissimum
1783 5192 1921 5245 Sitn-

352 5258 492 5325 plicii
538 5274 686 5326 papae
726 5260 957 5312 studium
999 5261 1252 5324 ostendit,
1286 5258 1425 5329 quod
1456 5260 1557 5314 sub
1582 5263 1758 5329 gladio
1791 5262 1920 5315 Erti-

352 5331 521 5381 lorum
552 5333 806 5391 existens,
842 5345 945 5383 non
971 5333 1371 5398 praetermiserit
1401 5332 1811 5386 solltcitudinem
1832 5348 1923 5384 ex-

351 5407 618 5469 ternarum
653 5399 1028 5462 Eeclesiarum,
1056 5416 1174 5467 qua:
1212 5401 1418 5467 longius
1447 5402 1650 5469 positae,
1682 5406 1781 5455 sub
1811 5399 1921 5454 Go-

352 5467 489 5521 tltica
520 5469 774 5523 servitute
814 5472 1114 5537 gemebant.
1163 5467 1563 5524 Observandum
1593 5473 1753 5537 quod,
1786 5472 1924 5525 sicut

353 5542 455 5594 ltoc
495 5538 613 5594 loco
654 5538 921 5595 Zenonem
954 5540 1318 5610 llispalensem
1350 5542 1710 5596 Eeclesiarum
1735 5542 1924 5607 Hispa-

2034 4605 2194 4671 (sicut
2223 4602 2393 4673 petiit)
2420 4611 2595 4657 tecum
2645 4601 2942 4663 habiturus,
2976 4600 3325 4654 Mutinensem
3354 4602 3616 4670 gubernet

2035 4694 2370 4760 Beelesiam,
2420 4704 2475 4749 et
2528 4693 2936 4748 contubernium
2993 4693 3233 4762 Spiritale
3290 4692 3613 4765 [speciale],

2031 4786 2170 4856 quod
2196 4786 2375 4840 sortiri
2401 4800 2506 4839 non
2531 4784 2809 4853 oportebat
2835 4784 3055 4838 invitum
3075 4823 3090 4849 ,
3122 4802 3228 4839 non
3258 4796 3471 4840 recuset
3501 4803 3615 4840 atu-

2033 4874 2213 4946 plecti.
2248 4874 2346 4928 Cui
2384 4875 2430 4928 si
2472 4874 2600 4943 quid
2643 4875 2844 4943 negotii
2891 4875 3112 4928 forsitan
3159 4875 3467 4941 emerserit,
3511 4894 3611 4931 no-

2033 4976 2202 5023 strum
2229 4963 2258 5003 ιι
2284 4980 2349 5019 ex
2382 4963 2487 5036 [ab]
2515 4980 2579 5019 eo
2607 4965 2690 5020 vel
2721 4977 2905 5020 contra
2945 4981 3066 5022 eum
3111 4976 3321 5037 petatur
3361 4983 3609 5026 examen.

2100 5076 2127 5114 δ
2156 5076 2290 5131 Cod.
2318 5076 2473 5141 Luc.,
2501 5078 2562 5130 ab
2596 5094 2673 5131 eo.

2027 5192 2266 5246 nicarum
2291 5192 2545 5245 vicarium
2587 5194 2885 5257 constituit,
2940 5195 3009 5248 ita
3062 5195 3187 5249 alibi
3238 5197 3431 5251 Acacio
3469 5197 3610 5252 Con-

2024 5263 2500 5329 stantinopolitano
2530 5265 2585 5316 in
2601 5262 2963 5317 Orientalibus
2992 5264 3247 5319 Ecclesiis
3270 5270 3611 5323 moderandis

2026 5332 2169 5385 vices
2198 5348 2322 5386 suas
2344 5332 2689 5401 delegaverit.
2716 5333 2877 5399 quue
2908 5334 3103 5389 factum
3128 5336 3247 5390 ideo
3271 5347 3323 5390 ut
3352 5339 3395 5391 is
3417 5340 3501 5392 cui
3533 5351 3611 5391 Io-

2028 5401 2132 5455 tius
2164 5403 2419 5456 Ecclesia:
2448 5419 2574 5457 cura
2605 5419 2634 5456 a
2669 5404 2777 5455 Deo
2803 5406 3088 5459 commissa
3121 5406 3248 5472 fuit,
3284 5408 3427 5464 nulla
3455 5410 3507 5463 in
3550 5425 3609 5464 re

2026 5473 2205 5528 officio
2230 5487 2329 5528 suo
2351 5473 2585 5530 defuisse
2613 5473 2900 5530 videretur.
2932 5475 3059 5531 Ssv.
3100 5476 3297 5534 limus.
