4022 6168
2804 148 2813 173 ἃ

408 227 475 283 57
1856 244 1976 300 EN!

2083 246 2189 302 lLA
2230 248 2317 303 Ν.
3625 262 3696 317 58

408 342 831 399 Necessitatihus
868 350 1058 413 etiam,
1089 366 1223 420 quas
1252 353 1505 423 (faciente
1548 356 1618 427 te)
1661 361 1999 429 compellitur
2024 370 2075 426 Α
2104 362 2342 431 praedicti
2384 363 2563 422 fratris
2603 371 2957 438 compellatur
3002 342 3280 439 instantia,
3334 384 3356 412 ι·
3398 375 3484 429 cui
3527 376 3689 430 etiam

407 436 707 498 sustinere,
757 436 861 493 hac
895 440 1205 497 definitione
1233 453 1259 481 ιι
1298 446 1667 513 consulemus,
1711 458 1768 503 ut
1813 452 1998 507 refuso

406 527 627 594 prmdio,
660 529 806 597 quod
856 541 981 584 ante
1025 547 1222 587 annum
1263 534 1417 590 bsibi
1461 537 1643 593 datum
1700 555 1817 596 esse
1859 558 2000 596 com-

408 627 703 683 memorat,
730 628 894 687 atque
932 621 998 674 ad
1032 622 1327 679 Ecclesium
1362 626 1720 683 Ravennatem
1753 647 1994 699 reverso,

403 709 675 774 posseSsio
698 709 749 762 in
780 710 1107 767 Bononiensi
1134 715 1345 784 triginta
1368 718 1662 774 solidorum
1690 721 1993 777 reddituum

2101 454 2202 508 hoc
2244 456 2552 524 specialiter
2598 460 2935 529 praecipimus
2980 464 3279 534 imminere,
3317 478 3377 521 ut
3421 476 3528 522 tres
3570 468 3691 522 illas

2100 546 2394 611 portiones,
2419 561 2551 615 quas
2588 563 2685 617 per
2728 551 3014 608 triennium
3054 554 3251 610 dicitur
3295 556 3397 611 sibi
3447 567 3685 612 tantum-
3732 566 3737 601 ὲ

2100 634 2259 687 modo
2292 636 2623 705 vindicasse,
2663 641 2927 698 restituat.
2957 644 3086 699 Data
3117 646 3329 702 decimo
3364 648 3523 702 tertio
3550 647 3686 719 (xiv)

2094 727 2445 783 Calendarum
2487 731 2859 789 Decembrium
2906 736 3073 805 (anno
3113 739 3325 795 Domini
3362 741 3514 812 475),
3562 752 3703 811 post'

371 797 644 878 ξξνετιὸηιδ]
676 799 969 855 liberorum
997 803 1115 858 sine
1145 804 1474 862 dubitatione
1499 809 1740 864 tradatur
1770 812 1822 865 in
1852 812 1995 867 diem
2097 821 2434 879 consulatum
2461 823 2657 882 Leonis
2685 797 2930 898 Augusti.

402 890 612 943 scilicet
641 893 761 944 vita:
790 892 929 960 ejus,
962 895 1111 949 salvo
1138 897 1481 965 proprietatis
1509 902 1631 967 jure
1671 901 1993 959 Ravennatis

398 978 687 1044 Ecclesia),
722 980 785 1034 ad
815 997 974 1050 quam
1008 994 1131 1053 post
1157 987 1392 1053 prardicti
1424 988 1631 1043 obitum
1670 1000 1990 1048 revertetur.

396 1072 558 1134 Quod
596 1073 639 1123 si
681 1086 782 1124 non
812 1072 974 1126 fuerit
1006 1076 1207 1129 nostris
1236 1078 1464 1145 paritum
1506 1082 1830 1148 constitutis,
1864 1084 1992 1157 quid

396 1175 520 1229 post
552 1166 1029 1233 transgressionem
1059 1179 1274 1224 maneat
1293 1180 1664 1228 contumacem
1684 1215 1698 1237 ,
1726 1175 1840 1243 ipse
1871 1191 1993 1243 per-

396 1254 611 1321 pendis.
647 1256 1035 1312 Denuntiamus
1067 1268 1244 1315 autem
1265 1302 1280 1327 ,
1310 1263 1451 1330 quod
1481 1264 1526 1317 si
1557 1274 1670 1331 post
1706 1266 1806 1319 hac
1840 1267 1993 1334 quid-

395 1361 552 1412 quam
588 1347 695 1402 tale
725 1352 1154 1419 przesumpseris,
1184 1360 1239 1406 et
1275 1353 1507 1423 aliquem
1536 1371 1631 1410 seu
1675 1358 1985 1427 episcOpum

390 1454 486 1492 seu
522 1442 914 1512 presbyterum,
947 1458 1041 1498 seu
1071 1444 1374 1509 diaconum,
1402 1445 1625 1501 invitum
1653 1448 1829 1504 facere
1852 1452 1987 1505 forte

391 1532 710 1597 credideris,
740 1534 1103 1589 ordinationes
1134 1536 1228 1591 tibi
1259 1537 1584 1593 Ravennatis
1616 1540 1869 1595 Ecclesitn
1899 1543 1985 1597 vel

394 1620 735 1675 .‘Entiliensis
773 1626 984 1677 noveris
1015 1625 1354 1682 aulerendas.
1395 1628 1523 1682 Data
1561 1639 1582 1666 ε
1619 1631 1776 1683 tertio
1805 1631 1986 1685 calen-

2662 941 2989 997 EPlSTOLA
3027 943 3095 999 IV

2478 1043 2723 1084 SIMPLICII
2752 1046 2899 1087 ΡΑΡΒ
2932 1052 2999 1087 AD
3031 1052 3295 1092 ZENONEH.

2095 1136 2260 1219 Rogat
2316 1150 2376 1218 ut
2432 1142 2749 1197 Timotheum
2806 1147 3085 1215 ZElurum,
3144 1153 3229 1219 qui
3275 1151 3677 1205 Alexandrinam

2163 1211 2332 1291 sedem
2362 1212 2545 1291 iterum
2566 1231 2833 1291 occupare,
2860 1228 2911 1291 et
2933 1211 3533 1291 clant’Cénstantiuopoli
3554 1240 3676 1274 suus

2163 1280 2378 1401 zwreses
2408 1280 2738 1339 disseminare
2764 1290 3064 1354 conabatur,
3092 1294 3229 1360 regia
3260 1280 3501 1360 potestate
3530 1295 3673 1347 coiti-

2198 1362 2298 1401 eat.

2198 1362 2298 1405 eat.

2166 1462 2368 1518 Zenoni
2403 1469 2636 1545 Auguito
2667 1467 2935 1545 [Basilisco
2963 1472 3021 1545 _in
3050 1471 3172 1525 cod.
3206 1472 3523 1529 Virdunensi
3546 1474 3586 1545 ¹]

2562 1538 2867 1605 Simplicius
2891 1542 3190 1609 episeopus.

2157 1646 2419 1716 Cuperem
2449 1650 2699 1718 quidem,
2731 1662 2985 1720 quantum
3017 1654 3080 1706 ad
3113 1670 3244 1708 mea:
3274 1665 3477 1722 Spectat
3505 1657 3664 1712 devo-

393 1715 492 1766 das
525 1714 669 1768 Junii
704 1716 867 1783 (anno
897 1716 1104 1771 Domini
1141 1717 1293 1789 482),
1334 1720 1592 1775 Severino
1638 1722 1754 1777 viro
1796 1723 1982 1779 claris-
2011 1744 2058 1802 Β
2088 1714 2251 1789 ιῑυιιίέ
2275 1714 2589 1803 arbitrium,
2623 1714 2723 1809 qua
2749 1714 3022 1812 principes
3058 1714 3389 1801 Christianos
3423 1748 3531 1818 jogi
3572 1765 3663 1804 ve-

394 1819 532 1859 suno
558 1804 804 1861 consule.

932 1898 1262 1955 EPISTULA
1302 1901 1368 1955 111

401 2003 636 2043 ειιηιιιειι
683 2005 830 2043 ΡΔΡιΕ
872 2008 940 2045 ΑΒ
995 2008 1365 2058 ῖιοκΕΝτιωι,
1409 2009 1663 2057 πρυιτιωι
1704 2012 1771 2049 ET
1820 2010 1981 2051 SEVE-

964 2078 1069 2117 RUM
1114 2079 1413 2119 EPISCOPOS.

390 2146 710 2225 Gaudentius
733 2151 1043 2220 Auﬁuiensis
1065 2157 1349 2225 epismpus,
1370 2158 1430 2210 ob
1456 2158 1663 2211 illicitas
1692 2159 1977 2212 ordinatio-

462 2237 550 2273 nes
581 2222 762 2299 factas,
796 2241 1004 2299 uulnere
1027 2222 1336 2281 sacerdotali
1361 2238 1408 2281 et
1443 2228 1632 2297 triplici
1662 2240 1805 2299 parte
1838 2232 1977 2284 redi-

458 2301 603 2343 tuum
625 2294 784 2345 ecclcs
807 2309 853 2347 re
882 2296 1132 2360 privatur.

380 2380 695 2452 Simplicius
726 2385 1030 2456 cpiscopus,
1078 2386 1382 2470 Florentio,
1419 2388 1637 2459 Equitio
1672 2397 1727 2444 et
1774 2389 1977 2446 Severo

1024 2473 1314 2526 episcOpts.

457 2566 673 2621 Relatio
703 2582 800 2622 nos
829 2579 1023 2624 vestra:
1054 2569 1359 2626 dilectionis
1389 2571 1671 2637 instruxit,
1714 2582 1768 2627 et
1802 2583 1979 2641 gesto-

378 2672 503 2710 rum
534 2660 709 2713 series
739 2660 947 2728 plenius
980 2661 1277 2728 intimavit,
1311 2662 1670 2720 Gaudentium
1701 2666 1976 2720 Aufmien-

374 2749 455 2801 sis
481 2749 731 2822 [Burch.,
776 2751 1080 2825 0/}iuieusis]
1108 2754 1366 2809 Ecclesiae
1395 2755 1761 2820 sacerdotem,
1788 2766 1975 2810 contra

376 2849 582 2893 statuta
614 2855 883 2895 canonum
929 2858 991 2898 ac
1036 2853 1217 2898 nostra
1262 2856 1562 2915 praecepta,
1611 2846 1978 2902 ordinationes

378 2934 597 2988 illicitas
636 2947 1007 3005 perpetrasse,
1053 2954 1278 3006 quarum
1310 2941 1385 2995 illi
1432 2951 1595 2995 totam
1631 2943 1844 3012 penitus
1882 2960 1979 2999 au-

378 3024 514 3078 ferri
561 3028 902 3095 praecipimus
957 3040 1301 3098 potestatem.
1346 3031 1671 3101 Scripsimus
1720 3033 1863 3088 enim
1908 3036 1973 3089 ad

2087 1828 2363 1882 nerationc
2404 1830 2666 1898 suscipio,
2712 1832 2892 1887 debita
2939 1836 3117 1902 pietati
3164 1846 3353 1890 vestra:
3397 1839 3665 1893 continua

2085 1920 2256 1971 ollicia
2285 1919 2493 1975 deferre
2523 1924 2821 1991 colloquiis.
2853 1924 2957 1978 Sed
2983 1940 3102 1978 cum
3135 1927 3199 1979 ad
3234 1928 3386 1995 hujus
3419 1930 3664 1983 intentio‘

2082 2010 2167 2063 nis
2193 2023 2541 2081 augmentum
2573 2015 2732 2067 etiam
2767 2031 2930 2070 sacra:
2960 2032 3085 2070 cura
3116 2020 3389 2087 religionis
3413 2021 3660 2085 accedat,

2079 2103 2215 2156 ratio
2257 2104 2384 2158 mihi
2430 2108 2624 2175 negotii
2669 2108 2892 2175 pctioris
2937 2110 3150 2165 incumb
3176 2122 3225 2177 t,
3264 2123 3319 2166 ut
3360 2114 3518 2168 simul
3559 2114 3657 2168 h0-

2078 2196 2465 2251 noriliceutiam
2493 2200 2642 2252 vobis
2673 2215 2839 2269 prona
2865 2216 3043 2256 mente
3073 2205 3405 2271 persolvam,
3445 2214 3500 2259 et
3527 2221 3659 2260 cau-

2077 2301 2165 2341 sas
2212 2288 2441 2344 fideliter
2486 2290 2754 2346 insinuem
2791 2310 2804 2346 :
2846 2295 2970 2362 quia
3016 2311 3101 2349 me
3144 2296 3209 2349 ad
3252 2306 3530 2365 utramque
3574 2300 3659 2352 vel

2077 2379 2247 2432 dicata
2282 2380 2443 2433 trahit
2482 2382 2783 2436 clementia:
2830 2394 3023 2437 vestra:
3056 2399 3268 2455 semper
3307 2388 3546 2453 allectio,
3574 2389 3659 2443 vel

2077 2482 2352 2538 respectus
2380 2473 2581 2524 ordinis
2613 2474 2716 2529 mei
2745 2482 2801 2528 et
2825 2476 3103 2544 apostolici
3135 2478 3521 2534 moderaminis
3549 2482 3657 2536 sol-

2080 2558 2301 2614 licitudo
2328 2563 2621 2629 compellit.

2152 2652 2386 2707 Functus
2432 2655 2610 2723 igitur,
2642 2656 3031 2725 gloriosissime
3056 2672 3116 2712 ac
3142 2658 3556 2716 clementissime
3583 2662 3657 2716 lili

2081 2742 2371 2809 imperator
2409 2746 2668 2814 Anguste,
2704 2762 2926 2802 munere
2964 2750 3257 2816 salutandi,
3295 2767 3413 2820 quas
3457 2755 3507 2806 in
3550 2754 3654 2807 Ec-

2022 2844 2023 2847 ‘
2080 2834 2258 2889 clesiis
2283 2835 2517 2890 Orientis
2565 2853 2658 2905 per
2704 2836 3074 2893 haereticorum
3116 2840 3390 2895 latrocinia
3423 2844 3654 2898 recidiva

2081 2942 2266 2981 rursus
2291 2927 2538 2981 dicuntur
2561 2929 2805 2983 scandala
2836 2932 3121 2995 concitari,
3150 2948 3249 2987 nec
3271 2933 3442 2988 debeo
3470 2934 3653 3001 silere,

2084 3032 2182 3072 nec
2209 3031 2445 3086 possum.
2473 3018 2604 3073 Nam
2626 3023 2763 3074 sicut
2785 3021 2839 3075 in
2871 3037 3042 3077 meam
3072 3025 3311 3079 notitiam
3339 3027 3654 3084 ferrentium

380 3116 640 3170 Severum
694 3117 912 3173 fratrem
953 3130 1008 3174 et
1046 3120 1426 3190 coepiscopum
1477 3132 1753 3190 nostrum,
1802 3135 1857 3178 ut
1906 3126 1971 3194 (si

2083 3125 2176 3178 pro
2206 3109 2310 3165 ﬁde
2335 3111 2594 3165 catholica
2634 3112 2940 3168 detulerunt
2968 3117 3165 3185 scripta
3187 3127 3206 3156 ι
3235 3119 3612 3174 monachorum
3636 3161 3653 3187 ,

378 3223 609 3263 necesse
634 3208 821 3279 fuerit)
851 3210 964 3277 ipse
1006 3215 1056 3264 in
1090 3212 1392 3279 supradicta
1434 3213 1697 3281 Ecclesia,
1727 3216 1976 3270 conside-

380 3300 515 3351 ratis
547 3300 762 3353 Patrum
812 3302 1031 3371 regulis,
1068 3304 1169 3357 hoc
1214 3302 1463 3374 iungatur
1501 3306 1702 3375 ofﬁcio,
1734 3321 1841 3375 quo
1886 3306 1975 3363 ille

382 3398 584 3450 abusus
617 3411 737 3451 esse
770 3397 1047 3451 Convictus
1081 3405 1202 3454 est:
1245 3398 1313 3450 ita
1358 3407 1415 3452 ut
1456 3397 1509 3452 hi
1548 3399 1635 3469 qui
1684 3399 1864 3454 illicite
1906 3400 1974 3454 ab

393 3489 584 3541 eodem
632 3498 756 3542 sunt
804 3489 1081 3557 provecti,
1128 3489 1197 3543 ab
1240 3489 1617 3544 ecclesiasticis
1662 3492 1974 3546 ministeriis

386 3581 497 3630 sint
530 3579 744 3632 remoti.
782 3580 950 3634 Simul
986 3581 1145 3636 etiam
1186 3581 1253 3634 de
1284 3581 1580 3636 redditibus
1609 3582 1861 3637 Ecclesiae
1892 3586 1972 3639 vel

378 3672 666 3727 oblatione
697 3672 934 3729 ﬁdelium
958 3719 973 3744 ,
1004 3674 1133 3741 quid
1171 3675 1357 3731 deceat
1405 3676 1703 3743 nescienti,
1735 3678 1868 3732 nihil
1911 3680 1976 3733 li-

376 3777 513 3817 cere
558 3752 994 3832 permittat,'sed
1023 3766 1135 3821 sola
1168 3766 1217 3821 ei
1246 3781 1310 3821 ex
1342 3766 1427 3821 his
1454 3777 1641 3837 quarta
1677 3768 1823 3841 [una]
1847 3785 1971 3840 por-

378 3853 459 3907 tio
495 3857 818 3909 remittatur.
860 3856 987 3910 Duae
1017 3857 1398 3915 ecclesiasticis
1428 3859 1669 3927 fabricis,
1695 3869 1750 3916 et
1782 3877 1968 3931 eroga-

376 3947 513 4000 tioui
546 3947 948 4017 peregrinorum
978 3958 1034 4005 et
1063 3965 1355 4020 pauperum
1387 3954 1701 4021 profuturae,
1730 3953 1799 4007 ab
1827 3955 1969 4010 Ona-

384 4052 481 4104 gro
511 4038 563 4110 [α
589 4037 850 4109 Bonagro]
883 4039 1198 4111 presbytero
1231 4042 1333 4096 sub
1373 4043 1611 4112 periculo
1641 4043 1725 4099 sui
1764 4043 1969 4098 ordinis

388 4128 792 4195 ministrentur;
824 4126 850 4166 δ
883 4131 1066 4185 ultima
1092 4133 1233 4188 inter
1272 4148 1331 4188 se
1359 4134 1571 4189 clericis
1599 4151 1697 4205 pro
1736 4136 1972 4209 singulo.

384 4233 500 4272 rum
533 4220 738 4275 meritis
779 4220 1067 4278 dividatur.
1112 4227 1184 4279 At
1223 4240 1350 4279 vero
1391 4227 1685 4281 ministeria
1730 4228 1970 4283 ecclesia:

2079 3205 2315 3271 comperi
2372 3202 2712 3259 Timotheum
2769 3206 3120 3273 parricidam,
3175 3209 3265 3278 qui
3321 3210 3654 3281 Egyptiacte

2079 3295 2282 3363 pridem
2314 3305 2551 3350 vastator
2584 3296 2839 3353 Ecclesia:
2878 3299 2928 3352 in
2961 3315 3164 3355 morem
3206 3302 3335 3357 Cain
3366 3303 3449 3373 (ut
3492 3305 3654 3359 lectio

2077 3390 2256 3444 divina
2299 3389 2463 3462 [σου.
2493 3390 2577 3463 tv]
2625 3394 2868 3461 testatur)
2910 3394 3111 3465 ejectus
3140 3410 3169 3449 a
3207 3397 3339 3455 facie
3383 3399 3506 3469 Dei,
3549 3401 3654 3457 hoc

2077 3492 2187 3545 est,
2218 3482 2285 3537 ab
2317 3484 2570 3539 Ecclesia}
2611 3486 2869 3554 dignitate
2903 3489 3162 3555 seclusus,
3190 3500 3244 3545 et
3266 3493 3375 3560 jam
3415 3509 3510 3564 per
3553 3495 3651 3550 de-

2081 3586 2223 3628 serta
2251 3590 2435 3643 vagus,
2461 3575 2737 3630 scelerata:
2765 3578 3106 3633 conscientia:
3125 3580 3217 3634 diu
3244 3589 3504 3637 tormenta
3533 3599 3656 3655 pas-

2082 3680 2269 3729 surus,
2323 3666 2374 3719 in
2431 3666 2677 3719 exsilium
2737 3669 2937 3736 proprii
2981 3670 3181 3723 erroris
3227 3672 3487 3727 abductus
3539 3683 3652 3739 est,

2076 3756 2364 3824 resumptis
2404 3756 2609 3825 pristini
2644 3756 2839 3812 furoris
2878 3757 3139 3815 incendiis
3167 3762 3427 3817 coiiﬂasse
3457 3763 3655 3819 nihilo-

2080 3850 2256 3903 minus
2299 3850 2506 3918 agmina
2560 3850 2925 3918 perditorum,
2972 3858 3028 3905 et
3075 3852 3451 3910 Alexandrinae
3502 3855 3654 3911 urbis

2080 3940 2407 4006 Ecclesium,
2442 3955 2600 4008 quam
2639 3941 2951 3995 sacerdotali
2993 3942 3138 4011 prius
3180 3947 3435 4014 sanguine
3462 3961 3654 4000 cruen-

2082 4034 2241 4096 tavit,
2273 4033 2444 4100 ipsum
2480 4031 2655 4085 demto
2686 4047 2827 4086 nunc
2852 4047 3130 4088 cruentum
3170 4036 3482 4104 depulsione
3522 4038 3654 4108 legi-

2080 4128 2192 4181 timi
2239 4126 2541 4196 pervasisse
2584 4124 2849 4192 pontiticis
2885 4140 2901 4179 :
2945 4134 3001 4178 ut
3041 4127 3127 4180 cui
3178 4127 3266 4180 illa
3312 4128 3654 4197 relegationis

2079 4223 2353 4276 humili‘as
2398 4222 2612 4290 injicere
2642 4220 2885 4274 debuerit
2914 4236 2979 4273 cx
3016 4219 3080 4273 iis
3125 4236 3242 4288 qure
3278 4219 3442 4289 impie
3470 4222 3655 4290 gesse-

383 4326 503 4377 qum
553 4311 782 4367 alienata
830 4317 1220 4384 comperimus,
1275 4331 1527 4387 reparare
1573 4328 1962 4390 praesumptor,
1994 4312 2185 4382 Drat,
2226 4315 2467 4369 aculeum
2515 4311 2833 4383 paenitendi,
2880 4311 3142 4365 nutriendi
3186 4311 3360 4380 potius
3397 4312 3506 4367 otia
3549 4313 3647 4368 tri-

455 4487 642 4569 s-Cod.
685 4490 816 4569 Luc.
852 4492 924 4546 ita
961 4501 1015 4547 et
1050 4492 1218 4569 prima
1249 4510 1439 4562 manu;
1483 4495 1577 4551 sed
1620 4496 1785 4552 altera
1813 4512 1966 4569 aeque

379 4562 599 4626 antiqua
628 4562 874 4616 emendat
904 4581 915 4615 :
949 4565 1283 4622 consulimus.

457 4628 483 4665 ι)
504 4630 638 4683 Cod.
666 4635 818 4700 Luc.,
844 4635 933 4688 ibi.

458 4709 481 4736 τ
509 4700 644 4755 Cod.
677 4701 829 4769 Luc.,
859 4713 1045 4775 quarto
1070 4705 1314 4761 calendas
1338 4705 1508 4762 Junii.

458 4877 474 4906 ¹
509 4875 575 4930 Et
628 4876 909 4952 Basilisco,
948 4893 1052 4952 non
1090 4879 1305 4952 _Zenoni
1334 4881 1589 4951 scriptam
1626 4897 1655 4936 a
1688 4881 1966 4952 Simplicio

388 4947 526 4999 hanc
554 4947 836 5015 epistulam
866 4949 1053 5017 probat
1084 4950 1273 5020 Pagius
1302 4954 1367 5007 ad
1398 4947 1487 5007 an.
1519 4952 1619 5008 Ch.
1648 4953 1778 5022 476,
1807 4947 1865 5007 n.
1898 4954 1962 5008 11

387 5028 440 5071 ει
470 5032 623 5071 seua.

457 5032 633 5140 filii.
670 5086 979 5156 Simplicius
1016 5105 1077 5145 ea
1120 5090 1426 5145 ﬁdelissima
1474 5092 1739 5147 relatione
1781 5108 1969 5147 mona-

382 5158 609 5229 chorum
640 5158 1251 5229 ConstantinOpolitauze
1279 5162 1531 5217 Ecclesiae
1558 5164 1856 5229 accepisset
1885 5166 1967 5217 Τί-

388 5228 661 5282 matheum
689 5228 966 5295 zﬁlurum,
995 5228 1435 5286 scelestissimum
1462 5228 1841 5289 A‘exandrin:e
1868 5233 1968 5288 Ec-

387 5301 570 5352 clesia:
621 5299 956 5365 invasorem,
1003 5317 1108 5355 non
1164 5305 1335 5356 solum
1380 5304 1448 5356 ab
1494 5304 1688 5358 exsilio
1733 5307 1965 5357 solutum

388 5370 575 5443 tuisse,
603 5370 696 5424 sed
725 5372 884 5424 etiam
917 5374 1081 5427 libere
1110 5372 1570 5443 Constantinopoli
1602 5377 1830 5439 morari,
1866 5375 1965 5428 thi-

387 5454 491 5514 que
520 5440 661 5514 vires
699 5454 889 5514 omnes
932 5459 1029 5514 pro
1067 5442 1258 5497 haeresi
1292 5440 1627 5514 propaganda
1671 5448 1962 5511 insumere,

390 5509 529 5584 hanc
568 5511 853 5584 epistolam
880 5513 946 5565 ad
996 5512 1265 5567 Zenonem
1292 5509 1635 5583 'Augu'stum.
1673 5518 1826 5583 cujus
1870 5509 1967 5584 pa-

390 5580 619 5634 trucinio
668 5582 780 5655 ipse
799 5582 1056 5655 pclanculo
1087 5580 1415 5646 fovebaturf
1436 5586 1689 5653 scripsit:
1724 5580 1967 5655 adjungit

393 5661 660 5719 patentem
688 5653 755 5706 ad
783 5654 1035 5709 Acacium
1066 5658 1373 5726 episcopum
1408 5658 1660 5727 sei-iptam
1690 5653 1967 5713 liac'de‘rc

2143 4492 2168 4531 δ
2201 4493 2331 4549 Cod.
2360 4493 2509 4555 Luc.,
2537 4490 2773 4545 ultimam
2803 4491 3041 4545 clerici...
3072 4492 3323 4546 dividant.

2149 4575 2173 4603 ⁶
2208 4567 2389 4619 Manus
2417 4576 2567 4625 atque
2593 4564 2806 4629 antiqua
2839 4562 2890 4614 in
2919 4562 3158 4630 margine
3184 4564 3328 4615 addit
3354 4563 3467 4618 haec
3488 4566 3651 4621 Verba

2072 4636 2359 4691 intextum
2389 4633 2454 4686 ad
2496 4633 2667 4685 locum
2699 4647 2728 4684 a
2772 4648 2855 4684 me
2901 4632 3163 4700 signatum
3215 4635 3515 4690 revocanda
3550 4654 3562 4689 :
3605 4646 3654 4691 et

2072 4722 2188 4778 qua:
2216 4703 2422 4759 abstulit
2446 4703 2706 4757 restituere
2726 4712 2958 4771 cogatur,
2981 4703 3061 4756 cui
3076 4744 3093 4770 ,
3114 4713 3221 4758 etc.

2071 4879 2378 4950 epistolam,
2407 4878 2581 4934 eidem
2611 4877 2813 4933 Zenoni
2841 4874 3167 4950 oll‘erendam
3192 4917 3207 4939 ,
3229 4892 3290 4931 ea
3322 4878 3532 4947 quidem
3566 4879 3648 4933 in-

2074 4947 2342 5013 tentione,
2388 4965 2455 5005 ue
2500 4950 2555 5003 in
2608 4960 2970 5003 transversum
3017 4947 3084 5001 ab
3132 4949 3395 5002 lizereticis
3445 4950 3653 5018 penitus

2073 5030 2344 5091 ageretur.
2374 5021 2439 5074 Et
2476 5034 2781 5088 quanquam
2822 5018 2913 5072 uni
2958 5018 3269 5091 imperatori
3312 5022 3484 5073 omnis
3527 5023 3653 5077 mali

2071 5089 2417 5163 origo_tribui
2440 5091 2660 5163 deberet
2681 5098 2909 5163 ,_t_ttpote
2949 5104 3036 5163 qui
3078 5089 3394 5157 sacrilegqu
3441 5091 3655 5145 invaso-

2072 5159 2186 5217 ren'i
2221 5161 2473 5215 Ecclesiae
2502 5162 2568 5215 ab
2598 5161 2788 5215 exsilio
2816 5174 2936 5213 cum
2962 5159 3167 5213 honore
3208 5169 3539 5225 revocasset,
3574 5170 3656 5216 ta.

2073 5250 2196 5288 men
2222 5232 2322 5299 ipsi
2350 5233 2558 5298 culpam
2588 5231 2859 5302 ascribere
2886 5229 3298 5299 prudentissime
3324 5229 3646 5302 dissimulat,

2076 5314 2133 5357 ut
2162 5303 2227 5357 ad
2260 5302 2624 5373 pmniteutiam
2654 5300 2914 5369 agendam
2956 5310 3315 5367 commotum,
3357 5299 3518 5355 faciat
3554 5299 3654 5373 pa'.

2074 5375 2197 5428 trati
2220 5373 2437 5428 sceleris
2457 5372 2867 5426 chtructorem.

2148 5446 2202 5499 In
2234 5446 2574 5498 consularem
2601 5451 2780 5496 notam
2808 5440 3059 5495 mendum
3091 5438 3302 5506 irrepsit
3328 5454 3344 5493 :
3376 5455 3499 5495 nam
3536 5442 3655 5498 loco

2074 5515 2299 5577 Armati,
2327 5514 2415 5582 qui
2450 5514 2551 5566 hoc
2579 5527 2740 5576 anno,
2776 5521 2928 5579 prout
2968 5510 3364 5582 emendatiores
3404 5510 3524 5567 fasti
3568 5524 3650 5568 te-

2072 5594 2303 5651 stantur,
2340 5581 2459 5639 cum
2504 5584 2755 5653 Basilisco
2796 5581 3129 5653 consulatum
3170 5584 3391 5653 agebat,
3422 5584 3653 5652 positum

2075 5667 2158 5711 est
2185 5671 2380 5713 nomen
2405 5652 2649 5725 Augusti.
2677 5653 2804 5708 Ssv.
2834 5652 3034 5707 Btatus.
