  <div class='ocr_page' id='page_1' title='image "/cluster/home/n/w/nwhite01/storage/ocr_20150623/58/hvd.32044073505109/025.png"; bbox 0 0 4022 6168; ppageno 0'>
   <div class='ocr_carea' id='block_1_1' title="bbox 321 207 1912 276">
    <p class='ocr_par' dir='ltr' id='par_1_1' title="bbox 321 209 1912 276">
     <span class='ocr_line' id='line_1_1' title="bbox 321 209 1912 276; baseline -0.008 0"><span class='ocrx_word' id='word_1_1' title='bbox 321 216 396 276; x_wconf 68' lang='lat'><strong>39</strong></span> <span class='ocrx_word' id='word_1_2' title='bbox 1664 209 1912 268; x_wconf 76' lang='lat' dir='ltr'><strong>SlMPLll</strong></span> 
     </span>
    </p>
   </div>
   <div class='ocr_carea' id='block_1_2' title="bbox 2020 207 3611 276">
    <p class='ocr_par' dir='ltr' id='par_1_2' title="bbox 2054 207 3611 272">
     <span class='ocr_line' id='line_1_2' title="bbox 2054 207 3611 272; baseline 0.006 -9"><span class='ocrx_word' id='word_1_3' title='bbox 2054 207 2135 263; x_wconf 75' lang='lat' dir='ltr'><strong>PA</strong></span> <span class='ocrx_word' id='word_1_4' title='bbox 2148 208 2258 263; x_wconf 67' lang='lat' dir='ltr'><strong>WE</strong></span> <span class='ocrx_word' id='word_1_5' title='bbox 3539 217 3611 272; x_wconf 63' lang='lat'><strong>10</strong></span> 
     </span>
    </p>
   </div>
   <div class='ocr_carea' id='block_1_3' title="bbox 327 309 3610 396">
    <p class='ocr_par' dir='ltr' id='par_1_3' title="bbox 327 309 3610 396">
     <span class='ocr_line' id='line_1_3' title="bbox 327 309 3610 396; baseline -0.001 -10"><span class='ocrx_word' id='word_1_6' title='bbox 327 331 507 386; x_wconf 46' lang='lat' dir='ltr'><strong>bnivse</strong></span> <span class='ocrx_word' id='word_1_7' title='bbox 535 328 775 384; x_wconf 77' lang='lat' dir='ltr'><strong>videnlur</strong></span> <span class='ocrx_word' id='word_1_8' title='bbox 800 325 1080 381; x_wconf 81' lang='lat' dir='ltr'><strong>atrocioris</strong></span> <span class='ocrx_word' id='word_1_9' title='bbox 1111 323 1369 378; x_wconf 67' lang='lat' dir='ltr'><strong>insanias:</strong></span> <span class='ocrx_word' id='word_1_10' title='bbox 1403 337 1507 392; x_wconf 93' lang='lat' dir='ltr'><strong>quo</strong></span> <span class='ocrx_word' id='word_1_11' title='bbox 1536 309 1719 392; x_wconf 73' lang='lat' dir='ltr'><strong>procul</strong></span> <span class='ocrx_word' id='word_1_12' title='bbox 1745 322 1911 377; x_wconf 87' lang='lat' dir='ltr'><strong>dubio</strong></span> <span class='ocrx_word' id='word_1_13' title='bbox 1942 337 1992 396; x_wconf 68' lang='grc' dir='ltr'>Α</span> <span class='ocrx_word' id='word_1_14' title='bbox 2090 320 2249 377; x_wconf 89' lang='lat' dir='ltr'><strong>Certe</strong></span> <span class='ocrx_word' id='word_1_15' title='bbox 2278 330 2336 375; x_wconf 91' lang='lat' dir='ltr'><strong>ut</strong></span> <span class='ocrx_word' id='word_1_16' title='bbox 2375 321 2542 377; x_wconf 78' lang='lat' dir='ltr'><strong>facilis</strong></span> <span class='ocrx_word' id='word_1_17' title='bbox 2572 323 2727 378; x_wconf 83' lang='lat' dir='ltr'><strong>vobis</strong></span> <span class='ocrx_word' id='word_1_18' title='bbox 2755 326 3054 380; x_wconf 86' lang='lat' dir='ltr'><strong>necessaria</strong></span> <span class='ocrx_word' id='word_1_19' title='bbox 3088 316 3192 379; x_wconf 85' lang='lat' dir='ltr'><strong>non</strong></span> <span class='ocrx_word' id='word_1_20' title='bbox 3229 326 3367 381; x_wconf 89' lang='lat' dir='ltr'><strong>desit</strong></span> <span class='ocrx_word' id='word_1_21' title='bbox 3411 328 3610 383; x_wconf 72' lang='lat' dir='ltr'><strong>instru~</strong></span> 
     </span>
    </p>
   </div>
   <div class='ocr_carea' id='block_1_4' title="bbox 325 414 1915 491">
    <p class='ocr_par' dir='ltr' id='par_1_4' title="bbox 325 414 1915 491">
     <span class='ocr_line' id='line_1_4' title="bbox 325 414 1915 491; baseline -0.002 -21"><span class='ocrx_word' id='word_1_22' title='bbox 325 418 455 476; x_wconf 73' lang='lat' dir='ltr'><strong>Cain</strong></span> <span class='ocrx_word' id='word_1_23' title='bbox 493 425 607 491; x_wconf 89' lang='lat' dir='ltr'><strong>ipso</strong></span> <span class='ocrx_word' id='word_1_24' title='bbox 637 422 792 491; x_wconf 84' lang='lat' dir='ltr'><strong>longe</strong></span> <span class='ocrx_word' id='word_1_25' title='bbox 826 417 1193 474; x_wconf 69' lang='lat' dir='ltr'><strong>detestabilior</strong></span> <span class='ocrx_word' id='word_1_26' title='bbox 1233 414 1574 484; x_wconf 77' lang='lat' dir='ltr'><strong>approbatur.</strong></span> <span class='ocrx_word' id='word_1_27' title='bbox 1612 414 1707 468; x_wconf 84' lang='lat' dir='ltr'><strong>Ille</strong></span> <span class='ocrx_word' id='word_1_28' title='bbox 1747 414 1915 482; x_wconf 83' lang='lat' dir='ltr'><strong>siqui-</strong></span> 
     </span>
    </p>
   </div>
   <div class='ocr_carea' id='block_1_5' title="bbox 326 507 1911 581">
    <p class='ocr_par' dir='ltr' id='par_1_5' title="bbox 326 507 1911 581">
     <span class='ocr_line' id='line_1_5' title="bbox 326 507 1911 581; baseline -0.004 -17"><span class='ocrx_word' id='word_1_29' title='bbox 326 512 447 566; x_wconf 88' lang='lat' dir='ltr'><strong>dem</strong></span> <span class='ocrx_word' id='word_1_30' title='bbox 471 529 497 565; x_wconf 89' lang='lat' dir='ltr'><strong>a</strong></span> <span class='ocrx_word' id='word_1_31' title='bbox 532 520 835 581; x_wconf 89' lang='lat' dir='ltr'><strong>perpetrato</strong></span> <span class='ocrx_word' id='word_1_32' title='bbox 856 512 1021 565; x_wconf 87' lang='lat' dir='ltr'><strong>semel</strong></span> <span class='ocrx_word' id='word_1_33' title='bbox 1054 509 1289 562; x_wconf 84' lang='lat' dir='ltr'><strong>facinore</strong></span> <span class='ocrx_word' id='word_1_34' title='bbox 1318 507 1604 561; x_wconf 86' lang='lat' dir='ltr'><strong>damnatus</strong></span> <span class='ocrx_word' id='word_1_35' title='bbox 1629 507 1911 569; x_wconf 86' lang='lat' dir='ltr'><strong>abstinuit,</strong></span> 
     </span>
    </p>
   </div>
   <div class='ocr_carea' id='block_1_6' title="bbox 329 600 1658 673">
    <p class='ocr_par' dir='ltr' id='par_1_6' title="bbox 329 600 1658 673">
     <span class='ocr_line' id='line_1_6' title="bbox 329 600 1658 673; baseline -0.002 -17"><span class='ocrx_word' id='word_1_36' title='bbox 329 605 415 657; x_wconf 89' lang='lat' dir='ltr'><strong>hic</strong></span> <span class='ocrx_word' id='word_1_37' title='bbox 444 605 666 673; x_wconf 89' lang='lat' dir='ltr'><strong>profecit</strong></span> <span class='ocrx_word' id='word_1_38' title='bbox 690 604 757 657; x_wconf 85' lang='lat' dir='ltr'><strong>ad</strong></span> <span class='ocrx_word' id='word_1_39' title='bbox 786 604 1008 657; x_wconf 84' lang='lat' dir='ltr'><strong>crimina</strong></span> <span class='ocrx_word' id='word_1_40' title='bbox 1042 600 1243 670; x_wconf 78' lang='lat' dir='ltr'><strong>majora</strong></span> <span class='ocrx_word' id='word_1_41' title='bbox 1273 610 1391 670; x_wconf 87' lang='lat' dir='ltr'><strong>post</strong></span> <span class='ocrx_word' id='word_1_42' title='bbox 1424 615 1658 669; x_wconf 69' lang='lat' dir='ltr'><strong>poenam.</strong></span> 
     </span>
    </p>
   </div>
   <div class='ocr_carea' id='block_1_7' title="bbox 397 710 1915 777">
    <p class='ocr_par' dir='ltr' id='par_1_7' title="bbox 397 710 1915 777">
     <span class='ocr_line' id='line_1_7' title="bbox 397 710 1915 777; baseline -0.002 -8"><span class='ocrx_word' id='word_1_43' title='bbox 397 716 502 770; x_wconf 83' lang='lat' dir='ltr'><strong>Nec</strong></span> <span class='ocrx_word' id='word_1_44' title='bbox 530 731 595 769; x_wconf 90' lang='lat' dir='ltr'><strong>eo</strong></span> <span class='ocrx_word' id='word_1_45' title='bbox 634 724 816 769; x_wconf 90' lang='lat' dir='ltr'><strong>tamen</strong></span> <span class='ocrx_word' id='word_1_46' title='bbox 853 713 1115 768; x_wconf 88' lang='lat' dir='ltr'><strong>scelerum</strong></span> <span class='ocrx_word' id='word_1_47' title='bbox 1155 713 1260 767; x_wconf 89' lang='lat' dir='ltr'><strong>fine</strong></span> <span class='ocrx_word' id='word_1_48' title='bbox 1299 721 1615 777; x_wconf 91' lang='lat' dir='ltr'><strong>contentus,</strong></span> <span class='ocrx_word' id='word_1_49' title='bbox 1651 710 1915 766; x_wconf 87' lang='lat' dir='ltr'><strong>Constan-</strong></span> 
     </span>
    </p>
   </div>
   <div class='ocr_carea' id='block_1_8' title="bbox 326 804 1915 877">
    <p class='ocr_par' dir='ltr' id='par_1_8' title="bbox 326 804 1915 877">
     <span class='ocr_line' id='line_1_8' title="bbox 326 804 1915 877; baseline -0.003 -15"><span class='ocrx_word' id='word_1_50' title='bbox 326 808 729 877; x_wconf 75' lang='lat' dir='ltr'><strong>tinopolitanam</strong></span> <span class='ocrx_word' id='word_1_51' title='bbox 756 806 974 874; x_wconf 73' lang='lat' dir='ltr'><strong>insuper</strong></span> <span class='ocrx_word' id='word_1_52' title='bbox 1003 804 1187 858; x_wconf 91' lang='lat' dir='ltr'><strong>urbem</strong></span> <span class='ocrx_word' id='word_1_53' title='bbox 1206 846 1219 866; x_wconf 86' lang='lat'><strong>,</strong></span> <span class='ocrx_word' id='word_1_54' title='bbox 1250 805 1382 858; x_wconf 91' lang='lat' dir='ltr'><strong>recti</strong></span> <span class='ocrx_word' id='word_1_55' title='bbox 1410 818 1627 873; x_wconf 87' lang='lat' dir='ltr'><strong>semper</strong></span> <span class='ocrx_word' id='word_1_56' title='bbox 1648 804 1915 873; x_wconf 77' lang='lat' dir='ltr'><strong>degmatis</strong></span> 
     </span>
    </p>
   </div>
   <div class='ocr_carea' id='block_1_9' title="bbox 325 896 1916 968">
    <p class='ocr_par' dir='ltr' id='par_1_9' title="bbox 325 896 1916 968">
     <span class='ocr_line' id='line_1_9' title="bbox 325 896 1916 968; baseline -0.001 -15"><span class='ocrx_word' id='word_1_57' title='bbox 325 917 507 953; x_wconf 87' lang='lat' dir='ltr'><strong>amore</strong></span> <span class='ocrx_word' id='word_1_58' title='bbox 556 900 864 968; x_wconf 80' lang='lat' dir='ltr'><strong>flagrantem</strong></span> <span class='ocrx_word' id='word_1_59' title='bbox 899 899 993 966; x_wconf 89' lang='lat' dir='ltr'><strong>(ne</strong></span> <span class='ocrx_word' id='word_1_60' title='bbox 1031 897 1156 965; x_wconf 88' lang='lat' dir='ltr'><strong>quid</strong></span> <span class='ocrx_word' id='word_1_61' title='bbox 1204 898 1579 951; x_wconf 87' lang='lat' dir='ltr'><strong>intemeratum</strong></span> <span class='ocrx_word' id='word_1_62' title='bbox 1631 896 1916 966; x_wconf 83' lang='lat' dir='ltr'><strong>populator</strong></span> 
     </span>
    </p>
   </div>
   <div class='ocr_carea' id='block_1_10' title="bbox 328 987 1912 1058">
    <p class='ocr_par' dir='ltr' id='par_1_10' title="bbox 328 987 1912 1058">
     <span class='ocr_line' id='line_1_10' title="bbox 328 987 1912 1058; baseline -0.003 -13"><span class='ocrx_word' id='word_1_63' title='bbox 328 999 574 1045; x_wconf 86' lang='lat' dir='ltr'><strong>humanae</strong></span> <span class='ocrx_word' id='word_1_64' title='bbox 604 991 791 1043; x_wconf 88' lang='lat' dir='ltr'><strong>salutis</strong></span> <span class='ocrx_word' id='word_1_65' title='bbox 816 990 1109 1058; x_wconf 90' lang='lat' dir='ltr'><strong>omitteret)</strong></span> <span class='ocrx_word' id='word_1_66' title='bbox 1141 988 1311 1042; x_wconf 83' lang='lat' dir='ltr'><strong>fertur</strong></span> <span class='ocrx_word' id='word_1_67' title='bbox 1334 987 1590 1043; x_wconf 72' lang='lat' dir='ltr'><strong>audacter</strong></span> <span class='ocrx_word' id='word_1_68' title='bbox 1618 988 1912 1058; x_wconf 81' lang='lat' dir='ltr'><strong>ingre-sus,</strong></span> 
     </span>
    </p>
   </div>
   <div class='ocr_carea' id='block_1_11' title="bbox 326 1079 1914 1150">
    <p class='ocr_par' dir='ltr' id='par_1_11' title="bbox 326 1079 1914 1150">
     <span class='ocr_line' id='line_1_11' title="bbox 326 1079 1914 1150; baseline -0.002 -14"><span class='ocrx_word' id='word_1_69' title='bbox 326 1094 380 1137; x_wconf 91' lang='lat' dir='ltr'><strong>ct</strong></span> <span class='ocrx_word' id='word_1_70' title='bbox 409 1100 437 1136; x_wconf 93' lang='lat' dir='ltr'><strong>a</strong></span> <span class='ocrx_word' id='word_1_71' title='bbox 469 1099 577 1136; x_wconf 72' lang='lat' dir='ltr'><strong>sua:</strong></span> <span class='ocrx_word' id='word_1_72' title='bbox 608 1081 949 1135; x_wconf 86' lang='lat' dir='ltr'><strong>consortibus</strong></span> <span class='ocrx_word' id='word_1_73' title='bbox 992 1079 1267 1150; x_wconf 80' lang='lat' dir='ltr'><strong>pravitatis</strong></span> <span class='ocrx_word' id='word_1_74' title='bbox 1302 1080 1531 1136; x_wconf 89' lang='lat' dir='ltr'><strong>libenter</strong></span> <span class='ocrx_word' id='word_1_75' title='bbox 1567 1080 1782 1136; x_wconf 85' lang='lat' dir='ltr'><strong>audisse</strong></span> <span class='ocrx_word' id='word_1_76' title='bbox 1813 1080 1914 1139; x_wconf 90' lang='lat' dir='ltr'><strong>soli</strong></span> 
     </span>
    </p>
   </div>
   <div class='ocr_carea' id='block_1_12' title="bbox 324 1171 1916 1241">
    <p class='ocr_par' dir='ltr' id='par_1_12' title="bbox 324 1171 1916 1241">
     <span class='ocr_line' id='line_1_12' title="bbox 324 1171 1916 1241; baseline -0.001 -13"><span class='ocrx_word' id='word_1_77' title='bbox 324 1174 538 1228; x_wconf 86' lang='lat' dir='ltr'><strong>Christo</strong></span> <span class='ocrx_word' id='word_1_78' title='bbox 574 1173 808 1227; x_wconf 82' lang='lat' dir='ltr'><strong>debitam</strong></span> <span class='ocrx_word' id='word_1_79' title='bbox 836 1188 1051 1237; x_wconf 89' lang='lat' dir='ltr'><strong>vocem,</strong></span> <span class='ocrx_word' id='word_1_80' title='bbox 1089 1187 1193 1241; x_wconf 91' lang='lat' dir='ltr'><strong>qua</strong></span> <span class='ocrx_word' id='word_1_81' title='bbox 1240 1173 1398 1240; x_wconf 85' lang='lat' dir='ltr'><strong>plane</strong></span> <span class='ocrx_word' id='word_1_82' title='bbox 1437 1187 1544 1226; x_wconf 91' lang='lat' dir='ltr'><strong>non</strong></span> <span class='ocrx_word' id='word_1_83' title='bbox 1594 1171 1651 1225; x_wconf 88' lang='lat' dir='ltr'><strong>in</strong></span> <span class='ocrx_word' id='word_1_84' title='bbox 1696 1172 1916 1226; x_wconf 87' lang='lat' dir='ltr'><strong>nomine</strong></span> 
     </span>
    </p>
   </div>
   <div class='ocr_carea' id='block_1_13' title="bbox 328 1262 1915 1326">
    <p class='ocr_par' dir='ltr' id='par_1_13' title="bbox 328 1262 1915 1326">
     <span class='ocr_line' id='line_1_13' title="bbox 328 1262 1915 1326; baseline -0.001 -8"><span class='ocrx_word' id='word_1_85' title='bbox 328 1264 541 1318; x_wconf 86' lang='lat' dir='ltr'><strong>Domini</strong></span> <span class='ocrx_word' id='word_1_86' title='bbox 576 1263 759 1317; x_wconf 90' lang='lat' dir='ltr'><strong>venire</strong></span> <span class='ocrx_word' id='word_1_87' title='bbox 788 1262 1124 1326; x_wconf 88' lang='lat' dir='ltr'><strong>benedictus,</strong></span> <span class='ocrx_word' id='word_1_88' title='bbox 1151 1263 1244 1317; x_wconf 89' lang='lat' dir='ltr'><strong>sed</strong></span> <span class='ocrx_word' id='word_1_89' title='bbox 1273 1262 1441 1317; x_wconf 82' lang='lat' dir='ltr'><strong>divini</strong></span> <span class='ocrx_word' id='word_1_90' title='bbox 1469 1262 1721 1317; x_wconf 87' lang='lat' dir='ltr'><strong>culminis</strong></span> <span class='ocrx_word' id='word_1_91' title='bbox 1754 1278 1915 1317; x_wconf 89' lang='lat' dir='ltr'><strong>usur-</strong></span> 
     </span>
    </p>
   </div>
   <div class='ocr_carea' id='block_1_14' title="bbox 326 1356 1915 1426">
    <p class='ocr_par' dir='ltr' id='par_1_14' title="bbox 326 1356 1915 1426">
     <span class='ocr_line' id='line_1_14' title="bbox 326 1356 1915 1426; baseline -0.001 -15"><span class='ocrx_word' id='word_1_92' title='bbox 326 1366 481 1426; x_wconf 89' lang='lat' dir='ltr'><strong>pator</strong></span> <span class='ocrx_word' id='word_1_93' title='bbox 528 1356 805 1410; x_wconf 88' lang='lat' dir='ltr'><strong>evidenter</strong></span> <span class='ocrx_word' id='word_1_94' title='bbox 855 1365 939 1410; x_wconf 91' lang='lat' dir='ltr'><strong>est</strong></span> <span class='ocrx_word' id='word_1_95' title='bbox 993 1364 1321 1409; x_wconf 82' lang='lat' dir='ltr'><strong>monstratus</strong></span> <span class='ocrx_word' id='word_1_96' title='bbox 1360 1356 1724 1411; x_wconf 82' lang='lat' dir='ltr'><strong>Antichristus</strong></span> <span class='ocrx_word' id='word_1_97' title='bbox 1763 1372 1776 1408; x_wconf 91' lang='lat'><strong>:</strong></span> <span class='ocrx_word' id='word_1_98' title='bbox 1825 1358 1915 1424; x_wconf 91' lang='lat' dir='ltr'><strong>qui</strong></span> 
     </span>
    </p>
   </div>
   <div class='ocr_carea' id='block_1_15' title="bbox 324 1446 1919 1504">
    <p class='ocr_par' dir='ltr' id='par_1_15' title="bbox 324 1446 1919 1504">
     <span class='ocr_line' id='line_1_15' title="bbox 324 1446 1919 1504; baseline -0.001 0"><span class='ocrx_word' id='word_1_99' title='bbox 324 1466 444 1504; x_wconf 90' lang='lat' dir='ltr'><strong>cum</strong></span> <span class='ocrx_word' id='word_1_100' title='bbox 469 1449 628 1503; x_wconf 87' lang='lat' dir='ltr'><strong>etiam</strong></span> <span class='ocrx_word' id='word_1_101' title='bbox 662 1464 688 1500; x_wconf 90' lang='lat' dir='ltr'><strong>a</strong></span> <span class='ocrx_word' id='word_1_102' title='bbox 719 1447 1098 1502; x_wconf 90' lang='lat' dir='ltr'><strong>communione</strong></span> <span class='ocrx_word' id='word_1_103' title='bbox 1126 1446 1387 1502; x_wconf 89' lang='lat' dir='ltr'><strong>catholica</strong></span> <span class='ocrx_word' id='word_1_104' title='bbox 1429 1455 1537 1501; x_wconf 90' lang='lat' dir='ltr'><strong>tam</strong></span> <span class='ocrx_word' id='word_1_105' title='bbox 1577 1446 1919 1502; x_wconf 82' lang='lat' dir='ltr'><strong>laudabiliter</strong></span> 
     </span>
    </p>
   </div>
   <div class='ocr_carea' id='block_1_16' title="bbox 324 1541 1919 1610">
    <p class='ocr_par' dir='ltr' id='par_1_16' title="bbox 324 1541 1919 1610">
     <span class='ocr_line' id='line_1_16' title="bbox 324 1541 1919 1610; baseline -0.001 -13"><span class='ocrx_word' id='word_1_106' title='bbox 324 1554 464 1597; x_wconf 87' lang='lat' dir='ltr'><strong>esset</strong></span> <span class='ocrx_word' id='word_1_107' title='bbox 495 1543 767 1606; x_wconf 81' lang='lat' dir='ltr'><strong>exclusus,</strong></span> <span class='ocrx_word' id='word_1_108' title='bbox 802 1557 896 1610; x_wconf 91' lang='lat' dir='ltr'><strong>per</strong></span> <span class='ocrx_word' id='word_1_109' title='bbox 926 1541 1280 1609; x_wconf 84' lang='lat' dir='ltr'><strong>querumdam</strong></span> <span class='ocrx_word' id='word_1_110' title='bbox 1329 1542 1562 1609; x_wconf 82' lang='lat' dir='ltr'><strong>privatas</strong></span> <span class='ocrx_word' id='word_1_111' title='bbox 1592 1541 1799 1607; x_wconf 79' lang='lat' dir='ltr'><strong>domos,</strong></span> <span class='ocrx_word' id='word_1_112' title='bbox 1834 1557 1919 1596; x_wconf 88' lang='lat' dir='ltr'><strong>re-</strong></span> 
     </span>
    </p>
   </div>
   <div class='ocr_carea' id='block_1_17' title="bbox 323 1631 1920 1702">
    <p class='ocr_par' dir='ltr' id='par_1_17' title="bbox 323 1631 1920 1702">
     <span class='ocr_line' id='line_1_17' title="bbox 323 1631 1920 1702; baseline -0.001 -15"><span class='ocrx_word' id='word_1_113' title='bbox 323 1633 522 1702; x_wconf 86' lang='lat' dir='ltr'><strong>spersis</strong></span> <span class='ocrx_word' id='word_1_114' title='bbox 551 1634 783 1686; x_wconf 89' lang='lat' dir='ltr'><strong>humano</strong></span> <span class='ocrx_word' id='word_1_115' title='bbox 809 1633 1071 1700; x_wconf 82' lang='lat' dir='ltr'><strong>sanguine</strong></span> <span class='ocrx_word' id='word_1_116' title='bbox 1098 1633 1366 1695; x_wconf 89' lang='lat' dir='ltr'><strong>manibus,</strong></span> <span class='ocrx_word' id='word_1_117' title='bbox 1402 1647 1505 1685; x_wconf 92' lang='lat' dir='ltr'><strong>non</strong></span> <span class='ocrx_word' id='word_1_118' title='bbox 1537 1631 1717 1685; x_wconf 89' lang='lat' dir='ltr'><strong>divina</strong></span> <span class='ocrx_word' id='word_1_119' title='bbox 1749 1632 1920 1686; x_wconf 75' lang='grc' dir='ltr'><strong>ειςνί-</strong></span> 
     </span>
    </p>
   </div>
   <div class='ocr_carea' id='block_1_18' title="bbox 2019 413 3610 485">
    <p class='ocr_par' dir='ltr' id='par_1_18' title="bbox 2019 413 3610 485">
     <span class='ocr_line' id='line_1_18' title="bbox 2019 413 3610 485; baseline 0.007 -21"><span class='ocrx_word' id='word_1_120' title='bbox 2019 413 2147 475; x_wconf 87' lang='lat' dir='ltr'><strong>ctio,</strong></span> <span class='ocrx_word' id='word_1_121' title='bbox 2178 413 2486 468; x_wconf 87' lang='lat' dir='ltr'><strong>earumdem</strong></span> <span class='ocrx_word' id='word_1_122' title='bbox 2518 415 2841 485; x_wconf 81' lang='lat' dir='ltr'><strong>exemplaria</strong></span> <span class='ocrx_word' id='word_1_123' title='bbox 2882 416 3176 472; x_wconf 83' lang='lat' dir='ltr'><strong>litterarum</strong></span> <span class='ocrx_word' id='word_1_124' title='bbox 3205 417 3269 470; x_wconf 88' lang='lat' dir='ltr'><strong>ad</strong></span> <span class='ocrx_word' id='word_1_125' title='bbox 3309 418 3528 473; x_wconf 76' lang='lat' dir='ltr'><strong>fratrem</strong></span> <span class='ocrx_word' id='word_1_126' title='bbox 3557 431 3610 475; x_wconf 89' lang='lat' dir='ltr'><strong>ct</strong></span> 
     </span>
    </p>
   </div>
   <div class='ocr_carea' id='block_1_19' title="bbox 2018 507 3607 573">
    <p class='ocr_par' dir='ltr' id='par_1_19' title="bbox 2018 507 3607 573">
     <span class='ocr_line' id='line_1_19' title="bbox 2018 507 3607 573; baseline 0.004 -16"><span class='ocrx_word' id='word_1_127' title='bbox 2018 507 2395 571; x_wconf 51' lang='lat' dir='ltr'><strong>coitpESCnpum</strong></span> <span class='ocrx_word' id='word_1_128' title='bbox 2420 514 2662 558; x_wconf 71' lang='lat' dir='ltr'><strong>tto~trtttn</strong></span> <span class='ocrx_word' id='word_1_129' title='bbox 2690 507 2942 560; x_wconf 75' lang='lat' dir='ltr'><strong>Acacium</strong></span> <span class='ocrx_word' id='word_1_130' title='bbox 2968 508 3087 561; x_wconf 88' lang='lat' dir='ltr'><strong>misi</strong></span> <span class='ocrx_word' id='word_1_131' title='bbox 3116 510 3309 562; x_wconf 59' lang='lat' dir='ltr'><strong>vestris</strong></span> <span class='ocrx_word' id='word_1_132' title='bbox 3338 511 3607 573; x_wconf 56' lang='lat' dir='ltr'><strong>sensibus,</strong></span> 
     </span>
    </p>
   </div>
   <div class='ocr_carea' id='block_1_20' title="bbox 2019 596 3610 672">
    <p class='ocr_par' dir='ltr' id='par_1_20' title="bbox 2019 596 3610 672">
     <span class='ocr_line' id='line_1_20' title="bbox 2019 596 3610 672; baseline 0.006 -22"><span class='ocrx_word' id='word_1_133' title='bbox 2019 596 2313 653; x_wconf 83' lang='lat' dir='ltr'><strong>oﬂ‘ereuda.</strong></span> <span class='ocrx_word' id='word_1_134' title='bbox 2354 597 2478 652; x_wconf 66' lang='lat' dir='ltr'><strong>Haac</strong></span> <span class='ocrx_word' id='word_1_135' title='bbox 2509 597 2668 667; x_wconf 75' lang='lat' dir='ltr'><strong>igitur</strong></span> <span class='ocrx_word' id='word_1_136' title='bbox 2707 599 2876 669; x_wconf 85' lang='lat' dir='ltr'><strong>pietas</strong></span> <span class='ocrx_word' id='word_1_137' title='bbox 2908 610 2996 653; x_wconf 88' lang='lat' dir='ltr'><strong>tua</strong></span> <span class='ocrx_word' id='word_1_138' title='bbox 3027 601 3068 655; x_wconf 83' lang='lat' dir='ltr'><strong>si</strong></span> <span class='ocrx_word' id='word_1_139' title='bbox 3096 616 3387 657; x_wconf 76' lang='lat' dir='ltr'><strong>recensere</strong></span> <span class='ocrx_word' id='word_1_140' title='bbox 3424 604 3610 672; x_wconf 55' lang='lat' dir='ltr'><strong>digne.</strong></span> 
     </span>
    </p>
   </div>
   <div class='ocr_carea' id='block_1_21' title="bbox 2021 689 3609 763">
    <p class='ocr_par' dir='ltr' id='par_1_21' title="bbox 2021 689 3609 763">
     <span class='ocr_line' id='line_1_21' title="bbox 2021 689 3609 763; baseline 0.006 -24"><span class='ocrx_word' id='word_1_141' title='bbox 2021 695 2122 752; x_wconf 89' lang='lat' dir='ltr'><strong>tur,</strong></span> <span class='ocrx_word' id='word_1_142' title='bbox 2158 689 2238 741; x_wconf 89' lang='lat' dir='ltr'><strong>vel</strong></span> <span class='ocrx_word' id='word_1_143' title='bbox 2274 704 2393 756; x_wconf 75' lang='lat' dir='ltr'><strong>qutn</strong></span> <span class='ocrx_word' id='word_1_144' title='bbox 2426 689 2592 743; x_wconf 83' lang='lat' dir='ltr'><strong>tetius</strong></span> <span class='ocrx_word' id='word_1_145' title='bbox 2620 690 2856 745; x_wconf 81' lang='lat' dir='ltr'><strong>Orientis</strong></span> <span class='ocrx_word' id='word_1_146' title='bbox 2885 692 3121 761; x_wconf 78' lang='lat' dir='ltr'><strong>episcopi</strong></span> <span class='ocrx_word' id='word_1_147' title='bbox 3165 697 3234 748; x_wconf 89' lang='lat' dir='ltr'><strong>de</strong></span> <span class='ocrx_word' id='word_1_148' title='bbox 3274 693 3431 762; x_wconf 80' lang='lat' dir='ltr'><strong>hujus</strong></span> <span class='ocrx_word' id='word_1_149' title='bbox 3476 710 3609 763; x_wconf 53' lang='lat' dir='ltr'><strong>prce.</strong></span> 
     </span>
    </p>
   </div>
   <div class='ocr_carea' id='block_1_22' title="bbox 2019 781 3610 856">
    <p class='ocr_par' dir='ltr' id='par_1_22' title="bbox 2019 781 3610 856">
     <span class='ocr_line' id='line_1_22' title="bbox 2019 781 3610 856; baseline 0.004 -20"><span class='ocrx_word' id='word_1_150' title='bbox 2019 781 2301 836; x_wconf 72' lang='lat' dir='ltr'><strong>d‘t&#39;cationis</strong></span> <span class='ocrx_word' id='word_1_151' title='bbox 2348 783 2706 838; x_wconf 84' lang='lat' dir='ltr'><strong>consensione</strong></span> <span class='ocrx_word' id='word_1_152' title='bbox 2751 787 3161 856; x_wconf 86' lang='lat' dir='ltr'><strong>rescripserint,</strong></span> <span class='ocrx_word' id='word_1_153' title='bbox 3214 790 3438 855; x_wconf 70' lang='lat' dir='ltr'><strong>:tspit&#39;icl</strong></span> <span class='ocrx_word' id='word_1_154' title='bbox 3484 806 3610 856; x_wconf 72' lang='lat' dir='ltr'><strong>tro-</strong></span> 
     </span>
    </p>
   </div>
   <div class='ocr_carea' id='block_1_23' title="bbox 2020 873 3611 950">
    <p class='ocr_par' dir='ltr' id='par_1_23' title="bbox 2020 873 3611 950">
     <span class='ocr_line' id='line_1_23' title="bbox 2020 873 3611 950; baseline 0.004 -22"><span class='ocrx_word' id='word_1_155' title='bbox 2020 873 2164 928; x_wconf 68' lang='lat' dir='ltr'><strong>fecto</strong></span> <span class='ocrx_word' id='word_1_156' title='bbox 2192 875 2490 929; x_wconf 72' lang='lat' dir='ltr'><strong>examinata</strong></span> <span class='ocrx_word' id='word_1_157' title='bbox 2528 874 2833 946; x_wconf 80' lang='lat' dir='ltr'><strong>diligenter,</strong></span> <span class='ocrx_word' id='word_1_158' title='bbox 2871 885 2926 931; x_wconf 88' lang='lat' dir='ltr'><strong>et</strong></span> <span class='ocrx_word' id='word_1_159' title='bbox 2961 879 3224 932; x_wconf 76' lang='lat' dir='ltr'><strong>veraciter</strong></span> <span class='ocrx_word' id='word_1_160' title='bbox 3252 881 3611 950; x_wconf 83' lang='lat' dir='ltr'><strong>promulgata,</strong></span> 
     </span>
    </p>
   </div>
   <div class='ocr_carea' id='block_1_24' title="bbox 2018 966 3611 1040">
    <p class='ocr_par' dir='ltr' id='par_1_24' title="bbox 2018 966 3611 1040">
     <span class='ocr_line' id='line_1_24' title="bbox 2018 966 3611 1040; baseline 0.006 -23"><span class='ocrx_word' id='word_1_161' title='bbox 2018 972 2180 1035; x_wconf 84' lang='lat' dir='ltr'><strong>atque</strong></span> <span class='ocrx_word' id='word_1_162' title='bbox 2203 966 2324 1020; x_wconf 84' lang='lat' dir='ltr'><strong>ideo</strong></span> <span class='ocrx_word' id='word_1_163' title='bbox 2352 966 2619 1034; x_wconf 64' lang='lat' dir='ltr'><strong>pestiferas</strong></span> <span class='ocrx_word' id='word_1_164' title='bbox 2653 967 2903 1022; x_wconf 78' lang='lat' dir='ltr'><strong>falsitatis</strong></span> <span class='ocrx_word' id='word_1_165' title='bbox 2928 970 3242 1035; x_wconf 76' lang='lat' dir='ltr'><strong>ambagibus</strong></span> <span class='ocrx_word' id='word_1_166' title='bbox 3274 986 3611 1040; x_wconf 70' lang='lat' dir='ltr'><strong>nt‘qUuqitam</strong></span> 
     </span>
    </p>
   </div>
   <div class='ocr_carea' id='block_1_25' title="bbox 2018 1057 3612 1132">
    <p class='ocr_par' dir='ltr' id='par_1_25' title="bbox 2018 1057 3612 1132">
     <span class='ocr_line' id='line_1_25' title="bbox 2018 1057 3612 1132; baseline 0.004 -21"><span class='ocrx_word' id='word_1_167' title='bbox 2018 1057 2215 1113; x_wconf 82' lang='lat' dir='ltr'><strong>debere</strong></span> <span class='ocrx_word' id='word_1_168' title='bbox 2260 1059 2481 1127; x_wconf 87' lang='lat' dir='ltr'><strong>pulsari.</strong></span> <span class='ocrx_word' id='word_1_169' title='bbox 2523 1059 2657 1126; x_wconf 87' lang='lat' dir='ltr'><strong>Quia</strong></span> <span class='ocrx_word' id='word_1_170' title='bbox 2701 1074 2883 1115; x_wconf 80' lang='lat' dir='ltr'><strong>revera</strong></span> <span class='ocrx_word' id='word_1_171' title='bbox 2927 1076 3044 1130; x_wconf 82' lang='lat' dir='ltr'><strong>quae</strong></span> <span class='ocrx_word' id='word_1_172' title='bbox 3091 1062 3161 1116; x_wconf 87' lang='lat' dir='ltr'><strong>de</strong></span> <span class='ocrx_word' id='word_1_173' title='bbox 3211 1062 3612 1132; x_wconf 86' lang='lat' dir='ltr'><strong>Scripturarum</strong></span> 
     </span>
    </p>
   </div>
   <div class='ocr_carea' id='block_1_26' title="bbox 2020 1150 3615 1223">
    <p class='ocr_par' dir='ltr' id='par_1_26' title="bbox 2020 1150 3615 1223">
     <span class='ocr_line' id='line_1_26' title="bbox 2020 1150 3615 1223; baseline 0.004 -20"><span class='ocrx_word' id='word_1_174' title='bbox 2020 1150 2165 1204; x_wconf 88' lang='lat' dir='ltr'><strong>fonte</strong></span> <span class='ocrx_word' id='word_1_175' title='bbox 2189 1151 2481 1218; x_wconf 86' lang='lat' dir='ltr'><strong>purissimo</strong></span> <span class='ocrx_word' id='word_1_176' title='bbox 2502 1152 2710 1206; x_wconf 79' lang='lat' dir='ltr'><strong>sincera</strong></span> <span class='ocrx_word' id='word_1_177' title='bbox 2743 1155 3129 1223; x_wconf 82' lang='lat' dir='ltr'><strong>perspicuaque</strong></span> <span class='ocrx_word' id='word_1_178' title='bbox 3160 1165 3468 1219; x_wconf 87' lang='lat' dir='ltr'><strong>manarunt,</strong></span> <span class='ocrx_word' id='word_1_179' title='bbox 3494 1157 3615 1210; x_wconf 84' lang='lat' dir='ltr'><strong>nul-</strong></span> 
     </span>
    </p>
   </div>
   <div class='ocr_carea' id='block_1_27' title="bbox 2020 1242 3616 1327">
    <p class='ocr_par' dir='ltr' id='par_1_27' title="bbox 2020 1242 3616 1327">
     <span class='ocr_line' id='line_1_27' title="bbox 2020 1242 3616 1327; baseline 0.006 -32"><span class='ocrx_word' id='word_1_180' title='bbox 2020 1242 2085 1296; x_wconf 79' lang='lat' dir='ltr'><strong>lis</strong></span> <span class='ocrx_word' id='word_1_181' title='bbox 2125 1242 2315 1311; x_wconf 83' lang='lat' dir='ltr'><strong>agitari</strong></span> <span class='ocrx_word' id='word_1_182' title='bbox 2356 1242 2631 1327; x_wconf 40' lang='lat' dir='ltr'><strong>nebulosa:</strong></span> <span class='ocrx_word' id='word_1_183' title='bbox 2672 1247 2922 1298; x_wconf 72' lang='lat' dir='ltr'><strong>Versutize</strong></span> <span class='ocrx_word' id='word_1_184' title='bbox 2966 1257 3215 1316; x_wconf 78' lang='lat' dir='ltr'><strong>poterunt</strong></span> <span class='ocrx_word' id='word_1_185' title='bbox 3258 1252 3616 1318; x_wconf 71' lang='lat' dir='ltr'><strong>argumentis.</strong></span> 
     </span>
    </p>
   </div>
   <div class='ocr_carea' id='block_1_28' title="bbox 2020 1331 3618 1395">
    <p class='ocr_par' dir='ltr' id='par_1_28' title="bbox 2020 1331 3618 1395">
     <span class='ocr_line' id='line_1_28' title="bbox 2020 1331 3618 1395; baseline 0.006 -9"><span class='ocrx_word' id='word_1_186' title='bbox 2020 1331 2233 1387; x_wconf 86' lang='lat' dir='ltr'><strong>Perstat</strong></span> <span class='ocrx_word' id='word_1_187' title='bbox 2272 1338 2414 1388; x_wconf 90' lang='lat' dir='ltr'><strong>enim</strong></span> <span class='ocrx_word' id='word_1_188' title='bbox 2464 1334 2516 1389; x_wconf 90' lang='lat' dir='ltr'><strong>in</strong></span> <span class='ocrx_word' id='word_1_189' title='bbox 2565 1338 2968 1390; x_wconf 69' lang='lat' dir='ltr'><strong>successoribus</strong></span> <span class='ocrx_word' id='word_1_190' title='bbox 3012 1339 3124 1391; x_wconf 77' lang='lat' dir='ltr'><strong>suis</strong></span> <span class='ocrx_word' id='word_1_191' title='bbox 3170 1340 3283 1394; x_wconf 66' lang='lat' dir='ltr'><strong>hac</strong></span> <span class='ocrx_word' id='word_1_192' title='bbox 3325 1353 3378 1395; x_wconf 89' lang='lat' dir='ltr'><strong>et</strong></span> <span class='ocrx_word' id='word_1_193' title='bbox 3424 1341 3618 1395; x_wconf 81' lang='lat' dir='ltr'><strong>eadem</strong></span> 
     </span>
    </p>
   </div>
   <div class='ocr_carea' id='block_1_29' title="bbox 2020 1425 3619 1492">
    <p class='ocr_par' dir='ltr' id='par_1_29' title="bbox 2020 1425 3619 1492">
     <span class='ocr_line' id='line_1_29' title="bbox 2020 1425 3619 1492; baseline 0.006 -15"><span class='ocrx_word' id='word_1_194' title='bbox 2020 1425 2331 1492; x_wconf 69' lang='lat' dir='ltr'><strong>apostolica:</strong></span> <span class='ocrx_word' id='word_1_195' title='bbox 2363 1441 2547 1480; x_wconf 85' lang='lat' dir='ltr'><strong>norma</strong></span> <span class='ocrx_word' id='word_1_196' title='bbox 2579 1426 2861 1492; x_wconf 70' lang='lat' dir='ltr'><strong>doctrinm,</strong></span> <span class='ocrx_word' id='word_1_197' title='bbox 2892 1433 2977 1483; x_wconf 93' lang='lat' dir='ltr'><strong>cui</strong></span> <span class='ocrx_word' id='word_1_198' title='bbox 3026 1429 3289 1484; x_wconf 79' lang='lat' dir='ltr'><strong>Dominus</strong></span> <span class='ocrx_word' id='word_1_199' title='bbox 3329 1434 3491 1486; x_wconf 82' lang='lat' dir='ltr'><strong>totius</strong></span> <span class='ocrx_word' id='word_1_200' title='bbox 3520 1447 3619 1487; x_wconf 87' lang='lat' dir='ltr'><strong>cn-</strong></span> 
     </span>
    </p>
   </div>
   <div class='ocr_carea' id='block_1_30' title="bbox 2022 1519 3617 1591">
    <p class='ocr_par' dir='ltr' id='par_1_30' title="bbox 2022 1519 3617 1591">
     <span class='ocr_line' id='line_1_30' title="bbox 2022 1519 3617 1591; baseline 0.006 -19"><span class='ocrx_word' id='word_1_201' title='bbox 2022 1533 2136 1572; x_wconf 79' lang='lat' dir='ltr'><strong>ram</strong></span> <span class='ocrx_word' id='word_1_202' title='bbox 2169 1519 2323 1573; x_wconf 86' lang='lat' dir='ltr'><strong>ovilis</strong></span> <span class='ocrx_word' id='word_1_203' title='bbox 2365 1520 2624 1587; x_wconf 83' lang='lat' dir='ltr'><strong>iujuuxit,</strong></span> <span class='ocrx_word' id='word_1_204' title='bbox 2664 1522 2749 1574; x_wconf 86' lang='lat' dir='ltr'><strong>cui</strong></span> <span class='ocrx_word' id='word_1_205' title='bbox 2788 1536 2847 1577; x_wconf 87' lang='lat' dir='ltr'><strong>se</strong></span> <span class='ocrx_word' id='word_1_206' title='bbox 2898 1538 3067 1591; x_wconf 88' lang='lat' dir='ltr'><strong>usque</strong></span> <span class='ocrx_word' id='word_1_207' title='bbox 3112 1526 3176 1576; x_wconf 87' lang='lat' dir='ltr'><strong>ad</strong></span> <span class='ocrx_word' id='word_1_208' title='bbox 3228 1524 3389 1578; x_wconf 85' lang='lat' dir='ltr'><strong>finem</strong></span> <span class='ocrx_word' id='word_1_209' title='bbox 3428 1528 3617 1582; x_wconf 59' lang='lat' dir='ltr'><strong>surculi</strong></span> 
     </span>
    </p>
   </div>
   <div class='ocr_carea' id='block_1_31' title="bbox 2022 1609 3618 1685">
    <p class='ocr_par' dir='ltr' id='par_1_31' title="bbox 2022 1609 3618 1685">
     <span class='ocr_line' id='line_1_31' title="bbox 2022 1609 3618 1685; baseline 0.004 -22"><span class='ocrx_word' id='word_1_210' title='bbox 2022 1609 2243 1665; x_wconf 89' lang='lat' dir='ltr'><strong>minime</strong></span> <span class='ocrx_word' id='word_1_211' title='bbox 2268 1610 2606 1675; x_wconf 82' lang='lat' dir='ltr'><strong>defuturum,</strong></span> <span class='ocrx_word' id='word_1_212' title='bbox 2641 1613 2722 1666; x_wconf 89' lang='lat' dir='ltr'><strong>cui</strong></span> <span class='ocrx_word' id='word_1_213' title='bbox 2768 1621 2948 1681; x_wconf 85' lang='lat' dir='ltr'><strong>portas</strong></span> <span class='ocrx_word' id='word_1_214' title='bbox 2989 1614 3144 1668; x_wconf 82' lang='lat' dir='ltr'><strong>inferi</strong></span> <span class='ocrx_word' id='word_1_215' title='bbox 3176 1632 3443 1684; x_wconf 76' lang='lat' dir='ltr'><strong>nunquam</strong></span> <span class='ocrx_word' id='word_1_216' title='bbox 3486 1632 3618 1685; x_wconf 74' lang='lat' dir='ltr'><strong>pra:-</strong></span> 
     </span>
    </p>
   </div>
   <div class='ocr_carea' id='block_1_32' title="bbox 324 1702 3617 1798">
    <p class='ocr_par' dir='ltr' id='par_1_32' title="bbox 324 1702 3617 1798">
     <span class='ocr_line' id='line_1_32' title="bbox 324 1702 3617 1798; baseline 0 -18"><span class='ocrx_word' id='word_1_217' title='bbox 324 1729 462 1792; x_wconf 87' lang='lat' dir='ltr'><strong>licia,</strong></span> <span class='ocrx_word' id='word_1_218' title='bbox 512 1726 604 1780; x_wconf 89' lang='lat' dir='ltr'><strong>sed</strong></span> <span class='ocrx_word' id='word_1_219' title='bbox 652 1727 929 1795; x_wconf 86' lang='lat' dir='ltr'><strong>sacrilegia</strong></span> <span class='ocrx_word' id='word_1_220' title='bbox 969 1725 1272 1780; x_wconf 87' lang='lat' dir='ltr'><strong>celebrasse</strong></span> <span class='ocrx_word' id='word_1_221' title='bbox 1307 1738 1665 1791; x_wconf 84' lang='lat' dir='ltr'><strong>memoratur,</strong></span> <span class='ocrx_word' id='word_1_222' title='bbox 1714 1726 1767 1778; x_wconf 90' lang='lat' dir='ltr'><strong>in</strong></span> <span class='ocrx_word' id='word_1_223' title='bbox 1810 1741 1916 1794; x_wconf 91' lang='lat' dir='ltr'><strong>quo</strong></span> <span class='ocrx_word' id='word_1_224' title='bbox 1947 1737 1994 1798; x_wconf 77' lang='grc' dir='ltr'><strong><em>Β</em></strong></span> <span class='ocrx_word' id='word_1_225' title='bbox 2022 1702 2276 1798; x_wconf 41' lang='lat' dir='ltr'><strong>“munis</strong></span> <span class='ocrx_word' id='word_1_226' title='bbox 2318 1718 2440 1798; x_wconf 44' lang='lat' dir='ltr'><strong>ess?</strong></span> <span class='ocrx_word' id='word_1_227' title='bbox 2483 1705 2760 1798; x_wconf 60' lang='grc' dir='ltr'><strong>Ρνθφίδίίῖ</strong></span> <span class='ocrx_word' id='word_1_228' title='bbox 2805 1708 2959 1773; x_wconf 65' lang='grc' dir='ltr'><strong>⁰¹¹Ῑ¹¹⁸</strong></span> <span class='ocrx_word' id='word_1_229' title='bbox 3005 1708 3267 1762; x_wconf 70' lang='grc' dir='ltr'><strong>δθηῑοηιίθ</strong></span> <span class='ocrx_word' id='word_1_230' title='bbox 3312 1726 3427 1778; x_wconf 63' lang='grc' dir='ltr'>ίιιιειξ</span> <span class='ocrx_word' id='word_1_231' title='bbox 3475 1710 3617 1780; x_wconf 63' lang='lat' dir='ltr'><strong>&quot;Si&quot;</strong></span> 
     </span>
    </p>
   </div>
   <div class='ocr_carea' id='block_1_33' title="bbox 324 1816 1913 1888">
    <p class='ocr_par' dir='ltr' id='par_1_33' title="bbox 324 1816 1913 1888">
     <span class='ocr_line' id='line_1_33' title="bbox 324 1816 1913 1888; baseline -0.002 -17"><span class='ocrx_word' id='word_1_232' title='bbox 324 1821 503 1888; x_wconf 76' lang='lat' dir='ltr'><strong>utique</strong></span> <span class='ocrx_word' id='word_1_233' title='bbox 531 1835 635 1872; x_wconf 90' lang='lat' dir='ltr'><strong>non</strong></span> <span class='ocrx_word' id='word_1_234' title='bbox 658 1828 737 1872; x_wconf 89' lang='lat' dir='ltr'><strong>est</strong></span> <span class='ocrx_word' id='word_1_235' title='bbox 764 1818 877 1887; x_wconf 81' lang='lat' dir='ltr'><strong>ejus</strong></span> <span class='ocrx_word' id='word_1_236' title='bbox 900 1818 1106 1871; x_wconf 69' lang='lat' dir='ltr'><strong>firmata</strong></span> <span class='ocrx_word' id='word_1_237' title='bbox 1133 1816 1423 1886; x_wconf 87' lang='lat' dir='ltr'><strong>susceptio,</strong></span> <span class='ocrx_word' id='word_1_238' title='bbox 1455 1818 1546 1869; x_wconf 88' lang='lat' dir='ltr'><strong>sed</strong></span> <span class='ocrx_word' id='word_1_239' title='bbox 1574 1819 1913 1870; x_wconf 90' lang='lat' dir='ltr'><strong>consciorum</strong></span> 
     </span>
    </p>
   </div>
   <div class='ocr_carea' id='block_1_34' title="bbox 316 1907 1916 1981">
    <p class='ocr_par' dir='ltr' id='par_1_34' title="bbox 316 1907 1916 1981">
     <span class='ocr_line' id='line_1_34' title="bbox 316 1907 1916 1981; baseline -0.003 -16"><span class='ocrx_word' id='word_1_240' title='bbox 316 1912 587 1981; x_wconf 78' lang='lat' dir='ltr'><strong>divuigata</strong></span> <span class='ocrx_word' id='word_1_241' title='bbox 641 1911 904 1980; x_wconf 86' lang='lat' dir='ltr'><strong>proditio,</strong></span> <span class='ocrx_word' id='word_1_242' title='bbox 952 1924 1073 1965; x_wconf 92' lang='lat' dir='ltr'><strong>cum</strong></span> <span class='ocrx_word' id='word_1_243' title='bbox 1125 1908 1314 1963; x_wconf 88' lang='lat' dir='ltr'><strong>eodem</strong></span> <span class='ocrx_word' id='word_1_244' title='bbox 1369 1908 1436 1962; x_wconf 91' lang='lat' dir='ltr'><strong>de</strong></span> <span class='ocrx_word' id='word_1_245' title='bbox 1487 1909 1572 1962; x_wconf 89' lang='lat' dir='ltr'><strong>illa</strong></span> <span class='ocrx_word' id='word_1_246' title='bbox 1624 1907 1916 1977; x_wconf 88' lang='lat' dir='ltr'><strong>iniquitatis</strong></span> 
     </span>
    </p>
   </div>
   <div class='ocr_carea' id='block_1_35' title="bbox 322 2000 1917 2073">
    <p class='ocr_par' dir='ltr' id='par_1_35' title="bbox 322 2000 1917 2073">
     <span class='ocr_line' id='line_1_35' title="bbox 322 2000 1917 2073; baseline -0.003 -13"><span class='ocrx_word' id='word_1_247' title='bbox 322 2006 474 2071; x_wconf 89' lang='lat' dir='ltr'><strong>sedc,</strong></span> <span class='ocrx_word' id='word_1_248' title='bbox 511 2007 610 2059; x_wconf 89' lang='lat' dir='ltr'><strong>nisi</strong></span> <span class='ocrx_word' id='word_1_249' title='bbox 641 2004 983 2073; x_wconf 88' lang='lat' dir='ltr'><strong>resipiscant,</strong></span> <span class='ocrx_word' id='word_1_250' title='bbox 1018 2004 1327 2059; x_wconf 83' lang='lat' dir='ltr'><strong>omnimodo</strong></span> <span class='ocrx_word' id='word_1_251' title='bbox 1356 2018 1597 2067; x_wconf 84' lang='lat' dir='ltr'><strong>casuros,</strong></span> <span class='ocrx_word' id='word_1_252' title='bbox 1629 2017 1788 2071; x_wconf 92' lang='lat' dir='ltr'><strong>quam</strong></span> <span class='ocrx_word' id='word_1_253' title='bbox 1812 2000 1917 2056; x_wconf 74' lang='lat' dir='ltr'><strong>sic-</strong></span> 
     </span>
    </p>
   </div>
   <div class='ocr_carea' id='block_1_36' title="bbox 240 2094 1912 2166">
    <p class='ocr_par' dir='ltr' id='par_1_36' title="bbox 240 2094 1912 2166">
     <span class='ocr_line' id='line_1_36' title="bbox 240 2094 1912 2166; baseline -0.004 -14"><span class='ocrx_word' id='word_1_254' title='bbox 240 2152 250 2161; x_wconf 72' lang='lat'><strong>,</strong></span> <span class='ocrx_word' id='word_1_255' title='bbox 325 2108 382 2152; x_wconf 91' lang='lat' dir='ltr'><strong>ut</strong></span> <span class='ocrx_word' id='word_1_256' title='bbox 418 2098 662 2153; x_wconf 81' lang='lat' dir='ltr'><strong>diabolus</strong></span> <span class='ocrx_word' id='word_1_257' title='bbox 700 2106 851 2166; x_wconf 90' lang='lat' dir='ltr'><strong>pater</strong></span> <span class='ocrx_word' id='word_1_258' title='bbox 873 2097 1010 2165; x_wconf 89' lang='lat' dir='ltr'><strong>ejus,</strong></span> <span class='ocrx_word' id='word_1_259' title='bbox 1040 2096 1318 2152; x_wconf 84' lang='lat' dir='ltr'><strong>Altissimo</strong></span> <span class='ocrx_word' id='word_1_260' title='bbox 1343 2096 1575 2150; x_wconf 89' lang='lat' dir='ltr'><strong>similem</strong></span> <span class='ocrx_word' id='word_1_261' title='bbox 1599 2111 1656 2150; x_wconf 91' lang='lat' dir='ltr'><strong>se</strong></span> <span class='ocrx_word' id='word_1_262' title='bbox 1685 2094 1912 2157; x_wconf 75' lang='lat' dir='ltr'><strong>faciens,</strong></span> 
     </span>
    </p>
   </div>
   <div class='ocr_carea' id='block_1_37' title="bbox 322 2186 1916 2261">
    <p class='ocr_par' dir='ltr' id='par_1_37' title="bbox 322 2186 1916 2261">
     <span class='ocr_line' id='line_1_37' title="bbox 322 2186 1916 2261; baseline -0.004 -16"><span class='ocrx_word' id='word_1_263' title='bbox 322 2199 586 2245; x_wconf 75' lang='lat' dir='ltr'><strong>telernum</strong></span> <span class='ocrx_word' id='word_1_264' title='bbox 630 2189 737 2244; x_wconf 88' lang='lat' dir='ltr'><strong>sibi</strong></span> <span class='ocrx_word' id='word_1_265' title='bbox 790 2188 1026 2261; x_wconf 82' lang='lat' dir='ltr'><strong>perfidus</strong></span> <span class='ocrx_word' id='word_1_266' title='bbox 1078 2199 1397 2244; x_wconf 87' lang='lat' dir='ltr'><strong>construere</strong></span> <span class='ocrx_word' id='word_1_267' title='bbox 1450 2204 1561 2243; x_wconf 87' lang='lat' dir='ltr'><strong>non</strong></span> <span class='ocrx_word' id='word_1_268' title='bbox 1610 2186 1807 2242; x_wconf 89' lang='lat' dir='ltr'><strong>desinit</strong></span> <span class='ocrx_word' id='word_1_269' title='bbox 1848 2186 1916 2240; x_wconf 85' lang='lat' dir='ltr'><strong>ad</strong></span> 
     </span>
    </p>
   </div>
   <div class='ocr_carea' id='block_1_38' title="bbox 322 2262 640 2337">
    <p class='ocr_par' dir='ltr' id='par_1_38' title="bbox 322 2262 640 2337">
     <span class='ocr_line' id='line_1_38' title="bbox 322 2262 640 2337; baseline 0.006 -2"><span class='ocrx_word' id='word_1_270' title='bbox 322 2284 551 2337; x_wconf 84' lang='lat' dir='ltr'><strong>ru&#39;nam.</strong></span> <span class='ocrx_word' id='word_1_271' title='bbox 632 2262 640 2273; x_wconf 65' lang='grc'><em>’</em></span> 
     </span>
    </p>
   </div>
   <div class='ocr_carea' id='block_1_39' title="bbox 393 2370 1917 2442">
    <p class='ocr_par' dir='ltr' id='par_1_39' title="bbox 393 2370 1917 2442">
     <span class='ocr_line' id='line_1_39' title="bbox 393 2370 1917 2442; baseline -0.001 -15"><span class='ocrx_word' id='word_1_272' title='bbox 393 2371 877 2439; x_wconf 83' lang='lat' dir='ltr'><strong>ll:ec,venerabilis</strong></span> <span class='ocrx_word' id='word_1_273' title='bbox 921 2372 1237 2442; x_wconf 83' lang='lat' dir='ltr'><strong>imperator.</strong></span> <span class='ocrx_word' id='word_1_274' title='bbox 1278 2386 1398 2426; x_wconf 92' lang='lat' dir='ltr'><strong>cum</strong></span> <span class='ocrx_word' id='word_1_275' title='bbox 1446 2371 1664 2426; x_wconf 88' lang='lat' dir='ltr'><strong>horreat</strong></span> <span class='ocrx_word' id='word_1_276' title='bbox 1708 2370 1917 2426; x_wconf 79' lang='lat' dir='ltr'><strong>animus</strong></span> 
     </span>
    </p>
   </div>
   <div class='ocr_carea' id='block_1_40' title="bbox 318 2464 1914 2535">
    <p class='ocr_par' dir='ltr' id='par_1_40' title="bbox 318 2464 1914 2535">
     <span class='ocr_line' id='line_1_40' title="bbox 318 2464 1914 2535; baseline -0.001 -18"><span class='ocrx_word' id='word_1_277' title='bbox 318 2464 409 2521; x_wconf 81' lang='lat' dir='ltr'><strong>vel</strong></span> <span class='ocrx_word' id='word_1_278' title='bbox 440 2480 470 2519; x_wconf 90' lang='lat' dir='ltr'><strong>a</strong></span> <span class='ocrx_word' id='word_1_279' title='bbox 500 2474 648 2519; x_wconf 90' lang='lat' dir='ltr'><strong>tanto</strong></span> <span class='ocrx_word' id='word_1_280' title='bbox 677 2465 971 2535; x_wconf 77' lang='lat' dir='ltr'><strong>gladiatore</strong></span> <span class='ocrx_word' id='word_1_281' title='bbox 1009 2466 1174 2520; x_wconf 82' lang='lat' dir='ltr'><strong>fuisse</strong></span> <span class='ocrx_word' id='word_1_282' title='bbox 1205 2474 1403 2520; x_wconf 88' lang='lat' dir='ltr'><strong>tentata</strong></span> <span class='ocrx_word' id='word_1_283' title='bbox 1424 2510 1437 2532; x_wconf 86' lang='lat'><strong>,</strong></span> <span class='ocrx_word' id='word_1_284' title='bbox 1469 2467 1707 2519; x_wconf 85' lang='lat' dir='ltr'><strong>maximo</strong></span> <span class='ocrx_word' id='word_1_285' title='bbox 1738 2474 1914 2518; x_wconf 88' lang='lat' dir='ltr'><strong>tamen</strong></span> 
     </span>
    </p>
   </div>
   <div class='ocr_carea' id='block_1_41' title="bbox 316 2555 1919 2631">
    <p class='ocr_par' dir='ltr' id='par_1_41' title="bbox 316 2555 1919 2631">
     <span class='ocr_line' id='line_1_41' title="bbox 316 2555 1919 2631; baseline -0.001 -21"><span class='ocrx_word' id='word_1_286' title='bbox 316 2555 546 2631; x_wconf 73' lang='lat' dir='ltr'><strong>(fateor)</strong></span> <span class='ocrx_word' id='word_1_287' title='bbox 576 2565 798 2626; x_wconf 85' lang='lat' dir='ltr'><strong>stupore</strong></span> <span class='ocrx_word' id='word_1_288' title='bbox 840 2556 1106 2625; x_wconf 78' lang='lat' dir='ltr'><strong>detineor,</strong></span> <span class='ocrx_word' id='word_1_289' title='bbox 1136 2558 1237 2610; x_wconf 91' lang='lat' dir='ltr'><strong>sub</strong></span> <span class='ocrx_word' id='word_1_290' title='bbox 1274 2566 1467 2611; x_wconf 58' lang='lat' dir='ltr'><strong>vestrae</strong></span> <span class='ocrx_word' id='word_1_291' title='bbox 1508 2555 1724 2626; x_wconf 90' lang='lat' dir='ltr'><strong>pietatis</strong></span> <span class='ocrx_word' id='word_1_292' title='bbox 1762 2569 1919 2626; x_wconf 85' lang='lat' dir='ltr'><strong>aspc-</strong></span> 
     </span>
    </p>
   </div>
   <div class='ocr_carea' id='block_1_42' title="bbox 315 2648 1919 2717">
    <p class='ocr_par' dir='ltr' id='par_1_42' title="bbox 315 2648 1919 2717">
     <span class='ocr_line' id='line_1_42' title="bbox 315 2648 1919 2717; baseline -0.001 -13"><span class='ocrx_word' id='word_1_293' title='bbox 315 2650 495 2704; x_wconf 84' lang='lat' dir='ltr'><strong>ctibus</strong></span> <span class='ocrx_word' id='word_1_294' title='bbox 528 2655 765 2717; x_wconf 75' lang='lat' dir='ltr'><strong>potu’sse</strong></span> <span class='ocrx_word' id='word_1_295' title='bbox 786 2651 1070 2704; x_wconf 74' lang='lat' dir='ltr'><strong>committi.</strong></span> <span class='ocrx_word' id='word_1_296' title='bbox 1094 2648 1226 2714; x_wconf 85' lang='lat' dir='ltr'><strong>Quis</strong></span> <span class='ocrx_word' id='word_1_297' title='bbox 1252 2648 1395 2703; x_wconf 88' lang='lat' dir='ltr'><strong>enim</strong></span> <span class='ocrx_word' id='word_1_298' title='bbox 1423 2648 1671 2703; x_wconf 88' lang='lat' dir='ltr'><strong>devotam</strong></span> <span class='ocrx_word' id='word_1_299' title='bbox 1703 2661 1919 2716; x_wconf 88' lang='lat' dir='ltr'><strong>semper</strong></span> 
     </span>
    </p>
   </div>
   <div class='ocr_carea' id='block_1_43' title="bbox 327 2741 1920 2807">
    <p class='ocr_par' dir='ltr' id='par_1_43' title="bbox 327 2741 1920 2807">
     <span class='ocr_line' id='line_1_43' title="bbox 327 2741 1920 2807; baseline 0 -12"><span class='ocrx_word' id='word_1_300' title='bbox 327 2743 436 2798; x_wconf 90' lang='lat' dir='ltr'><strong>Deo</strong></span> <span class='ocrx_word' id='word_1_301' title='bbox 462 2743 764 2798; x_wconf 74' lang='lat' dir='ltr'><strong>clementia:</strong></span> <span class='ocrx_word' id='word_1_302' title='bbox 794 2753 987 2798; x_wconf 69' lang='lat' dir='ltr'><strong>vestra:</strong></span> <span class='ocrx_word' id='word_1_303' title='bbox 1029 2753 1299 2807; x_wconf 84' lang='lat' dir='ltr'><strong>mentem,</strong></span> <span class='ocrx_word' id='word_1_304' title='bbox 1341 2750 1396 2796; x_wconf 90' lang='lat' dir='ltr'><strong>et</strong></span> <span class='ocrx_word' id='word_1_305' title='bbox 1423 2741 1739 2796; x_wconf 79' lang='lat' dir='ltr'><strong>orthodoxis</strong></span> <span class='ocrx_word' id='word_1_306' title='bbox 1767 2741 1920 2795; x_wconf 88' lang='lat' dir='ltr'><strong>dedi-</strong></span> 
     </span>
    </p>
   </div>
   <div class='ocr_carea' id='block_1_44' title="bbox 318 2832 1917 2904">
    <p class='ocr_par' dir='ltr' id='par_1_44' title="bbox 318 2832 1917 2904">
     <span class='ocr_line' id='line_1_44' title="bbox 318 2832 1917 2904; baseline -0.003 -15"><span class='ocrx_word' id='word_1_307' title='bbox 318 2846 430 2889; x_wconf 85' lang='lat' dir='ltr'><strong>tam</strong></span> <span class='ocrx_word' id='word_1_308' title='bbox 462 2836 681 2901; x_wconf 62' lang='lat' dir='ltr'><strong>regulis,</strong></span> <span class='ocrx_word' id='word_1_309' title='bbox 721 2846 810 2889; x_wconf 91' lang='lat' dir='ltr'><strong>aut</strong></span> <span class='ocrx_word' id='word_1_310' title='bbox 860 2836 1102 2904; x_wconf 79' lang='lat' dir='ltr'><strong>ignoret,</strong></span> <span class='ocrx_word' id='word_1_311' title='bbox 1144 2844 1235 2889; x_wconf 90' lang='lat' dir='ltr'><strong>aut</strong></span> <span class='ocrx_word' id='word_1_312' title='bbox 1277 2834 1548 2897; x_wconf 68' lang='lat' dir='ltr'><strong>ambigat?</strong></span> <span class='ocrx_word' id='word_1_313' title='bbox 1591 2835 1789 2902; x_wconf 89' lang='lat' dir='ltr'><strong>quippe</strong></span> <span class='ocrx_word' id='word_1_314' title='bbox 1826 2832 1917 2901; x_wconf 91' lang='lat' dir='ltr'><strong>qui</strong></span> 
     </span>
    </p>
   </div>
   <div class='ocr_carea' id='block_1_45' title="bbox 320 2924 1918 2995">
    <p class='ocr_par' dir='ltr' id='par_1_45' title="bbox 320 2924 1918 2995">
     <span class='ocr_line' id='line_1_45' title="bbox 320 2924 1918 2995; baseline -0.003 -14"><span class='ocrx_word' id='word_1_315' title='bbox 320 2942 569 2995; x_wconf 71' lang='lat' dir='ltr'><strong>Supernae</strong></span> <span class='ocrx_word' id='word_1_316' title='bbox 603 2927 952 2994; x_wconf 61' lang='lat' dir='ltr'><strong>dispesitioue</strong></span> <span class='ocrx_word' id='word_1_317' title='bbox 994 2927 1369 2994; x_wconf 79' lang='lat' dir='ltr'><strong>providentiae,</strong></span> <span class='ocrx_word' id='word_1_318' title='bbox 1401 2926 1537 2978; x_wconf 88' lang='lat' dir='ltr'><strong>sicut</strong></span> <span class='ocrx_word' id='word_1_319' title='bbox 1565 2939 1662 2993; x_wconf 90' lang='lat' dir='ltr'><strong>pro</strong></span> <span class='ocrx_word' id='word_1_320' title='bbox 1692 2924 1918 2977; x_wconf 88' lang='lat' dir='ltr'><strong>utilitate</strong></span> 
     </span>
    </p>
   </div>
   <div class='ocr_carea' id='block_1_46' title="bbox 325 3016 1918 3088">
    <p class='ocr_par' dir='ltr' id='par_1_46' title="bbox 325 3016 1918 3088">
     <span class='ocr_line' id='line_1_46' title="bbox 325 3016 1918 3088; baseline -0.003 -16"><span class='ocrx_word' id='word_1_321' title='bbox 325 3019 534 3086; x_wconf 86' lang='lat' dir='ltr'><strong>publica</strong></span> <span class='ocrx_word' id='word_1_322' title='bbox 564 3028 802 3088; x_wconf 70' lang='lat' dir='ltr'><strong>augustae</strong></span> <span class='ocrx_word' id='word_1_323' title='bbox 834 3019 1107 3072; x_wconf 81' lang='lat' dir='ltr'><strong>memoriae</strong></span> <span class='ocrx_word' id='word_1_324' title='bbox 1136 3018 1388 3071; x_wconf 78' lang='lat' dir='ltr'><strong>Marciani</strong></span> <span class='ocrx_word' id='word_1_325' title='bbox 1423 3017 1621 3086; x_wconf 81' lang='lat' dir='ltr'><strong>pariter</strong></span> <span class='ocrx_word' id='word_1_326' title='bbox 1642 3026 1695 3072; x_wconf 90' lang='lat' dir='ltr'><strong>et</strong></span> <span class='ocrx_word' id='word_1_327' title='bbox 1723 3016 1918 3071; x_wconf 82' lang='lat' dir='ltr'><strong>Leonis</strong></span> 
     </span>
    </p>
   </div>
   <div class='ocr_carea' id='block_1_47' title="bbox 2024 1796 3615 1871">
    <p class='ocr_par' dir='ltr' id='par_1_47' title="bbox 2024 1796 3615 1871">
     <span class='ocr_line' id='line_1_47' title="bbox 2024 1796 3615 1871; baseline 0.009 -24"><span class='ocrx_word' id='word_1_328' title='bbox 2024 1804 2209 1849; x_wconf 83' lang='lat' dir='ltr'><strong>rentur</strong></span> <span class='ocrx_word' id='word_1_329' title='bbox 2239 1796 2288 1848; x_wconf 92' lang='lat' dir='ltr'><strong>iu</strong></span> <span class='ocrx_word' id='word_1_330' title='bbox 2320 1796 2494 1859; x_wconf 67' lang='lat' dir='ltr'><strong>terris,</strong></span> <span class='ocrx_word' id='word_1_331' title='bbox 2538 1796 2674 1849; x_wconf 81' lang='lat' dir='ltr'><strong>solvi</strong></span> <span class='ocrx_word' id='word_1_332' title='bbox 2721 1807 2946 1852; x_wconf 78' lang='lat' dir='ltr'><strong>testatus</strong></span> <span class='ocrx_word' id='word_1_333' title='bbox 2976 1808 3059 1853; x_wconf 85' lang='lat' dir='ltr'><strong>est</strong></span> <span class='ocrx_word' id='word_1_334' title='bbox 3090 1818 3193 1855; x_wconf 87' lang='lat' dir='ltr'><strong>non</strong></span> <span class='ocrx_word' id='word_1_335' title='bbox 3228 1816 3380 1871; x_wconf 63' lang='lat' dir='ltr'><strong>posse</strong></span> <span class='ocrx_word' id='word_1_336' title='bbox 3417 1819 3517 1859; x_wconf 88' lang='lat' dir='ltr'><strong>nec</strong></span> <span class='ocrx_word' id='word_1_337' title='bbox 3560 1820 3615 1861; x_wconf 79' lang='lat' dir='ltr'><strong>In</strong></span> 
     </span>
    </p>
   </div>
   <div class='ocr_carea' id='block_1_48' title="bbox 2022 1886 2567 1955">
    <p class='ocr_par' dir='ltr' id='par_1_48' title="bbox 2022 1886 2567 1955">
     <span class='ocr_line' id='line_1_48' title="bbox 2022 1886 2567 1955; baseline -0.002 -15"><span class='ocrx_word' id='word_1_338' title='bbox 2022 1889 2159 1940; x_wconf 65' lang='lat' dir='ltr'><strong>caelo</strong></span> <span class='ocrx_word' id='word_1_339' title='bbox 2192 1886 2408 1947; x_wconf 79' lang='lat' dir='ltr'><strong>(Mulih.</strong></span> <span class='ocrx_word' id='word_1_340' title='bbox 2438 1888 2567 1955; x_wconf 72' lang='lat' dir='ltr'><strong>M‘t).</strong></span> 
     </span>
    </p>
   </div>
   <div class='ocr_carea' id='block_1_49' title="bbox 2099 1982 3617 2049">
    <p class='ocr_par' dir='ltr' id='par_1_49' title="bbox 2099 1982 3617 2049">
     <span class='ocr_line' id='line_1_49' title="bbox 2099 1982 3617 2049; baseline 0.011 -17"><span class='ocrx_word' id='word_1_341' title='bbox 2099 1982 2438 2049; x_wconf 86' lang='lat' dir='ltr'><strong>Quapropter</strong></span> <span class='ocrx_word' id='word_1_342' title='bbox 2482 1984 2825 2037; x_wconf 88' lang='lat' dir='ltr'><strong>clementiam</strong></span> <span class='ocrx_word' id='word_1_343' title='bbox 2878 1997 3147 2049; x_wconf 77' lang='lat' dir='ltr'><strong>vestram,</strong></span> <span class='ocrx_word' id='word_1_344' title='bbox 3196 1990 3277 2040; x_wconf 87' lang='lat' dir='ltr'><strong>cui</strong></span> <span class='ocrx_word' id='word_1_345' title='bbox 3328 2005 3443 2045; x_wconf 66' lang='lat' dir='ltr'><strong>utea</strong></span> <span class='ocrx_word' id='word_1_346' title='bbox 3495 1991 3617 2048; x_wconf 66' lang='lat' dir='ltr'><strong>vice</strong></span> 
     </span>
    </p>
   </div>
   <div class='ocr_carea' id='block_1_50' title="bbox 2021 2076 3615 2149">
    <p class='ocr_par' dir='ltr' id='par_1_50' title="bbox 2021 2076 3615 2149">
     <span class='ocr_line' id='line_1_50' title="bbox 2021 2076 3615 2149; baseline 0.003 -22"><span class='ocrx_word' id='word_1_347' title='bbox 2021 2076 2341 2145; x_wconf 87' lang='lat' dir='ltr'><strong>propensius</strong></span> <span class='ocrx_word' id='word_1_348' title='bbox 2373 2076 2537 2131; x_wconf 89' lang='lat' dir='ltr'><strong>frater</strong></span> <span class='ocrx_word' id='word_1_349' title='bbox 2569 2084 2623 2130; x_wconf 85' lang='lat' dir='ltr'><strong>et</strong></span> <span class='ocrx_word' id='word_1_350' title='bbox 2650 2077 3001 2145; x_wconf 54' lang='lat' dir='ltr'><strong>coepisc0pue</strong></span> <span class='ocrx_word' id='word_1_351' title='bbox 3035 2094 3186 2133; x_wconf 81' lang='lat' dir='ltr'><strong>meus</strong></span> <span class='ocrx_word' id='word_1_352' title='bbox 3218 2081 3446 2136; x_wconf 86' lang='lat' dir='ltr'><strong>Aeacius</strong></span> <span class='ocrx_word' id='word_1_353' title='bbox 3486 2099 3615 2149; x_wconf 61' lang='lat' dir='ltr'><strong>sup.</strong></span> 
     </span>
    </p>
   </div>
   <div class='ocr_carea' id='block_1_51' title="bbox 2021 2170 3616 2240">
    <p class='ocr_par' dir='ltr' id='par_1_51' title="bbox 2021 2170 3616 2240">
     <span class='ocr_line' id='line_1_51' title="bbox 2021 2170 3616 2240; baseline 0.007 -18"><span class='ocrx_word' id='word_1_354' title='bbox 2021 2170 2266 2240; x_wconf 83' lang='lat' dir='ltr'><strong>plicabit,</strong></span> <span class='ocrx_word' id='word_1_355' title='bbox 2304 2184 2494 2238; x_wconf 88' lang='lat' dir='ltr'><strong>precor</strong></span> <span class='ocrx_word' id='word_1_356' title='bbox 2537 2179 2697 2239; x_wconf 86' lang='lat' dir='ltr'><strong>atque</strong></span> <span class='ocrx_word' id='word_1_357' title='bbox 2748 2175 2995 2237; x_wconf 76' lang='lat' dir='ltr'><strong>obsecro,</strong></span> <span class='ocrx_word' id='word_1_358' title='bbox 3042 2182 3103 2226; x_wconf 86' lang='lat' dir='ltr'><strong>ut</strong></span> <span class='ocrx_word' id='word_1_359' title='bbox 3150 2175 3444 2229; x_wconf 86' lang='lat' dir='ltr'><strong>imitatores</strong></span> <span class='ocrx_word' id='word_1_360' title='bbox 3491 2177 3616 2233; x_wconf 86' lang='lat' dir='ltr'><strong>facti</strong></span> 
     </span>
    </p>
   </div>
   <div class='ocr_carea' id='block_1_52' title="bbox 2016 2261 3616 2338">
    <p class='ocr_par' dir='ltr' id='par_1_52' title="bbox 2016 2261 3616 2338">
     <span class='ocr_line' id='line_1_52' title="bbox 2016 2261 3616 2338; baseline 0.005 -23"><span class='ocrx_word' id='word_1_361' title='bbox 2016 2270 2285 2315; x_wconf 83' lang='lat' dir='ltr'><strong>tantorum</strong></span> <span class='ocrx_word' id='word_1_362' title='bbox 2320 2272 2372 2316; x_wconf 87' lang='lat' dir='ltr'><strong>et</strong></span> <span class='ocrx_word' id='word_1_363' title='bbox 2418 2261 2600 2315; x_wconf 89' lang='lat' dir='ltr'><strong>talium</strong></span> <span class='ocrx_word' id='word_1_364' title='bbox 2650 2263 3138 2335; x_wconf 72' lang='lat' dir='ltr'><strong>praedecessorum,</strong></span> <span class='ocrx_word' id='word_1_365' title='bbox 3172 2266 3420 2323; x_wconf 66' lang='lat' dir='ltr'><strong>nefanda;</strong></span> <span class='ocrx_word' id='word_1_366' title='bbox 3464 2283 3616 2338; x_wconf 83' lang='lat' dir='ltr'><strong>pra:-</strong></span> 
     </span>
    </p>
   </div>
   <div class='ocr_carea' id='block_1_53' title="bbox 2020 2355 3615 2429">
    <p class='ocr_par' dir='ltr' id='par_1_53' title="bbox 2020 2355 3615 2429">
     <span class='ocr_line' id='line_1_53' title="bbox 2020 2355 3615 2429; baseline 0.006 -21"><span class='ocrx_word' id='word_1_367' title='bbox 2020 2355 2347 2423; x_wconf 84' lang='lat' dir='ltr'><strong>sumptionis</strong></span> <span class='ocrx_word' id='word_1_368' title='bbox 2379 2356 2656 2423; x_wconf 87' lang='lat' dir='ltr'><strong>operarios</strong></span> <span class='ocrx_word' id='word_1_369' title='bbox 2700 2357 2968 2411; x_wconf 81' lang='lat' dir='ltr'><strong>catholico</strong></span> <span class='ocrx_word' id='word_1_370' title='bbox 3011 2366 3230 2427; x_wconf 79' lang='lat' dir='ltr'><strong>pectore</strong></span> <span class='ocrx_word' id='word_1_371' title='bbox 3272 2375 3615 2429; x_wconf 77' lang='lat' dir='ltr'><strong>respuentes,</strong></span> 
     </span>
    </p>
   </div>
   <div class='ocr_carea' id='block_1_54' title="bbox 2020 2449 3616 2523">
    <p class='ocr_par' dir='ltr' id='par_1_54' title="bbox 2020 2449 3616 2523">
     <span class='ocr_line' id='line_1_54' title="bbox 2020 2449 3616 2523; baseline 0.003 -19"><span class='ocrx_word' id='word_1_372' title='bbox 2020 2452 2161 2519; x_wconf 72' lang='lat' dir='ltr'><strong>regia</strong></span> <span class='ocrx_word' id='word_1_373' title='bbox 2189 2449 2454 2503; x_wconf 89' lang='lat' dir='ltr'><strong>censeatis</strong></span> <span class='ocrx_word' id='word_1_374' title='bbox 2482 2456 2747 2516; x_wconf 88' lang='lat' dir='ltr'><strong>potestate</strong></span> <span class='ocrx_word' id='word_1_375' title='bbox 2763 2449 3031 2504; x_wconf 82' lang='lat' dir='ltr'><strong>cohiberi.</strong></span> <span class='ocrx_word' id='word_1_376' title='bbox 3053 2450 3293 2521; x_wconf 76' lang='lat' dir='ltr'><strong>Quisquis</strong></span> <span class='ocrx_word' id='word_1_377' title='bbox 3315 2452 3459 2507; x_wconf 81' lang='lat' dir='ltr'><strong>aliud</strong></span> <span class='ocrx_word' id='word_1_378' title='bbox 3489 2454 3616 2523; x_wconf 88' lang='lat' dir='ltr'><strong>(sic-</strong></span> 
     </span>
    </p>
   </div>
   <div class='ocr_carea' id='block_1_55' title="bbox 2021 2538 3614 2613">
    <p class='ocr_par' dir='ltr' id='par_1_55' title="bbox 2021 2538 3614 2613">
     <span class='ocr_line' id='line_1_55' title="bbox 2021 2538 3614 2613; baseline 0.002 -17"><span class='ocrx_word' id='word_1_379' title='bbox 2021 2550 2081 2596; x_wconf 83' lang='lat' dir='ltr'><strong>ut</strong></span> <span class='ocrx_word' id='word_1_380' title='bbox 2123 2539 2370 2610; x_wconf 68' lang='lat' dir='ltr'><strong>praedixit</strong></span> <span class='ocrx_word' id='word_1_381' title='bbox 2409 2538 2724 2610; x_wconf 81' lang='lat' dir='ltr'><strong>Apostolus)</strong></span> <span class='ocrx_word' id='word_1_382' title='bbox 2753 2550 3090 2610; x_wconf 70' lang='lat' dir='ltr'><strong>praierquam</strong></span> <span class='ocrx_word' id='word_1_383' title='bbox 3130 2543 3269 2612; x_wconf 81' lang='lat' dir='ltr'><strong>quod</strong></span> <span class='ocrx_word' id='word_1_384' title='bbox 3304 2546 3614 2613; x_wconf 77' lang='lat' dir='ltr'><strong>accepimus.</strong></span> 
     </span>
    </p>
   </div>
   <div class='ocr_carea' id='block_1_56' title="bbox 2020 2632 3616 2706">
    <p class='ocr_par' dir='ltr' id='par_1_56' title="bbox 2020 2632 3616 2706">
     <span class='ocr_line' id='line_1_56' title="bbox 2020 2632 3616 2706; baseline 0.003 -17"><span class='ocrx_word' id='word_1_385' title='bbox 2020 2636 2270 2689; x_wconf 77' lang='lat' dir='ltr'><strong>seminare</strong></span> <span class='ocrx_word' id='word_1_386' title='bbox 2297 2633 2535 2700; x_wconf 75' lang='lat' dir='ltr'><strong>molitur,</strong></span> <span class='ocrx_word' id='word_1_387' title='bbox 2574 2632 2848 2689; x_wconf 76' lang='lat' dir='ltr'><strong>anathema</strong></span> <span class='ocrx_word' id='word_1_388' title='bbox 2874 2636 2938 2689; x_wconf 77' lang='lat' dir='ltr'><strong>sit</strong></span> <span class='ocrx_word' id='word_1_389' title='bbox 2964 2635 2982 2703; x_wconf 93' lang='lat'>(</span> <span class='ocrx_word' id='word_1_390' title='bbox 3003 2633 3177 2690; x_wconf 79' lang='lat' dir='ltr'><strong>Galat.</strong></span> <span class='ocrx_word' id='word_1_391' title='bbox 3206 2634 3276 2706; x_wconf 91' lang='lat' dir='ltr'><strong>I).</strong></span> <span class='ocrx_word' id='word_1_392' title='bbox 3326 2635 3519 2694; x_wconf 70' lang='lat' dir='ltr'><strong>Nullus</strong></span> <span class='ocrx_word' id='word_1_393' title='bbox 3548 2638 3616 2694; x_wconf 86' lang='lat' dir='ltr'><strong>ad</strong></span> 
     </span>
    </p>
   </div>
   <div class='ocr_carea' id='block_1_57' title="bbox 2022 2728 3614 2803">
    <p class='ocr_par' dir='ltr' id='par_1_57' title="bbox 2022 2728 3614 2803">
     <span class='ocr_line' id='line_1_57' title="bbox 2022 2728 3614 2803; baseline 0.003 -21"><span class='ocrx_word' id='word_1_394' title='bbox 2022 2744 2182 2782; x_wconf 81' lang='lat' dir='ltr'><strong>aures</strong></span> <span class='ocrx_word' id='word_1_395' title='bbox 2211 2738 2421 2783; x_wconf 80' lang='lat' dir='ltr'><strong>vestras</strong></span> <span class='ocrx_word' id='word_1_396' title='bbox 2451 2728 2771 2797; x_wconf 83' lang='lat' dir='ltr'><strong>perniciosis</strong></span> <span class='ocrx_word' id='word_1_397' title='bbox 2816 2728 3086 2784; x_wconf 88' lang='lat' dir='ltr'><strong>mentibus</strong></span> <span class='ocrx_word' id='word_1_398' title='bbox 3132 2730 3457 2799; x_wconf 88' lang='lat' dir='ltr'><strong>subrependi</strong></span> <span class='ocrx_word' id='word_1_399' title='bbox 3502 2731 3614 2803; x_wconf 74' lang='lat' dir='ltr'><strong>(Al.</strong></span> 
     </span>
    </p>
   </div>
   <div class='ocr_carea' id='block_1_58' title="bbox 2023 2821 3609 2890">
    <p class='ocr_par' dir='ltr' id='par_1_58' title="bbox 2023 2821 3609 2890">
     <span class='ocr_line' id='line_1_58' title="bbox 2023 2821 3609 2890; baseline 0.004 -15"><span class='ocrx_word' id='word_1_400' title='bbox 2023 2823 2376 2889; x_wconf 79' lang='lat' dir='ltr'><strong>subripiendi)</strong></span> <span class='ocrx_word' id='word_1_401' title='bbox 2425 2821 2689 2890; x_wconf 80' lang='lat' dir='ltr'><strong>pandatur</strong></span> <span class='ocrx_word' id='word_1_402' title='bbox 2738 2836 2988 2876; x_wconf 69' lang='lat' dir='ltr'><strong>acceSsus</strong></span> <span class='ocrx_word' id='word_1_403' title='bbox 3029 2841 3041 2875; x_wconf 94' lang='lat'><strong>:</strong></span> <span class='ocrx_word' id='word_1_404' title='bbox 3096 2824 3238 2878; x_wconf 88' lang='lat' dir='ltr'><strong>nulla</strong></span> <span class='ocrx_word' id='word_1_405' title='bbox 3286 2826 3609 2881; x_wconf 86' lang='lat' dir='ltr'><strong>retractandi</strong></span> 
     </span>
    </p>
   </div>
   <div class='ocr_carea' id='block_1_59' title="bbox 2026 2913 3614 2982">
    <p class='ocr_par' dir='ltr' id='par_1_59' title="bbox 2026 2913 3614 2982">
     <span class='ocr_line' id='line_1_59' title="bbox 2026 2913 3614 2982; baseline 0.004 -17"><span class='ocrx_word' id='word_1_406' title='bbox 2026 2914 2150 2982; x_wconf 87' lang='lat' dir='ltr'><strong>quid</strong></span> <span class='ocrx_word' id='word_1_407' title='bbox 2162 2914 2299 2981; x_wconf 84' lang='lat' dir='ltr'><strong>piam</strong></span> <span class='ocrx_word' id='word_1_408' title='bbox 2324 2914 2390 2967; x_wconf 89' lang='lat' dir='ltr'><strong>de</strong></span> <span class='ocrx_word' id='word_1_409' title='bbox 2413 2913 2687 2967; x_wconf 60' lang='lat' dir='ltr'><strong>veteribus</strong></span> <span class='ocrx_word' id='word_1_410' title='bbox 2713 2914 3018 2969; x_wconf 83' lang='lat' dir='ltr'><strong>constitutis</strong></span> <span class='ocrx_word' id='word_1_411' title='bbox 3052 2914 3242 2970; x_wconf 82' lang='lat' dir='ltr'><strong>fiducia</strong></span> <span class='ocrx_word' id='word_1_412' title='bbox 3267 2917 3614 2973; x_wconf 69' lang='lat' dir='ltr'><strong>concedatur.</strong></span> 
     </span>
    </p>
   </div>
   <div class='ocr_carea' id='block_1_60' title="bbox 2021 3004 3615 3076">
    <p class='ocr_par' dir='ltr' id='par_1_60' title="bbox 2021 3004 3615 3076">
     <span class='ocr_line' id='line_1_60' title="bbox 2021 3004 3615 3076; baseline 0.003 -16"><span class='ocrx_word' id='word_1_413' title='bbox 2021 3008 2157 3072; x_wconf 79' lang='lat' dir='ltr'><strong>Quia</strong></span> <span class='ocrx_word' id='word_1_414' title='bbox 2191 3005 2350 3075; x_wconf 86' lang='lat' dir='ltr'><strong>(sicut</strong></span> <span class='ocrx_word' id='word_1_415' title='bbox 2382 3005 2580 3072; x_wconf 72' lang='lat' dir='ltr'><strong>smpius</strong></span> <span class='ocrx_word' id='word_1_416' title='bbox 2629 3004 2931 3058; x_wconf 87' lang='lat' dir='ltr'><strong>iterandum</strong></span> <span class='ocrx_word' id='word_1_417' title='bbox 2965 3008 3079 3076; x_wconf 91' lang='lat' dir='ltr'><strong>est)</strong></span> <span class='ocrx_word' id='word_1_418' title='bbox 3120 3006 3260 3074; x_wconf 68' lang='lat' dir='ltr'><strong>quod</strong></span> <span class='ocrx_word' id='word_1_419' title='bbox 3306 3008 3615 3076; x_wconf 79' lang='lat' dir='ltr'><strong>apostolicis</strong></span> 
     </span>
    </p>
   </div>
   <div class='ocr_carea' id='block_1_61' title="bbox 323 3098 3614 3183">
    <p class='ocr_par' dir='ltr' id='par_1_61' title="bbox 323 3098 3614 3183">
     <span class='ocr_line' id='line_1_61' title="bbox 323 3098 3614 3183; baseline -0.003 -20"><span class='ocrx_word' id='word_1_420' title='bbox 323 3110 521 3164; x_wconf 86' lang='lat' dir='ltr'><strong>eruditi</strong></span> <span class='ocrx_word' id='word_1_421' title='bbox 551 3110 857 3175; x_wconf 85' lang='lat' dir='ltr'><strong>virtutibus,</strong></span> <span class='ocrx_word' id='word_1_422' title='bbox 899 3109 977 3163; x_wconf 90' lang='lat' dir='ltr'><strong>sic</strong></span> <span class='ocrx_word' id='word_1_423' title='bbox 1013 3124 1199 3164; x_wconf 80' lang='lat' dir='ltr'><strong>eorum</strong></span> <span class='ocrx_word' id='word_1_424' title='bbox 1236 3110 1352 3163; x_wconf 81' lang='lat' dir='ltr'><strong>sitis</strong></span> <span class='ocrx_word' id='word_1_425' title='bbox 1392 3109 1551 3163; x_wconf 90' lang='lat' dir='ltr'><strong>etiam</strong></span> <span class='ocrx_word' id='word_1_426' title='bbox 1591 3107 1654 3161; x_wconf 89' lang='lat' dir='ltr'><strong>ad</strong></span> <span class='ocrx_word' id='word_1_427' title='bbox 1692 3109 1918 3162; x_wconf 77' lang='lat' dir='ltr'><strong>cathot-</strong></span> <span class='ocrx_word' id='word_1_428' title='bbox 1945 3121 1990 3183; x_wconf 69' lang='grc' dir='ltr'><strong>ρ</strong></span> <span class='ocrx_word' id='word_1_429' title='bbox 2023 3099 2270 3153; x_wconf 74' lang='lat' dir='ltr'><strong>manilius</strong></span> <span class='ocrx_word' id='word_1_430' title='bbox 2297 3113 2417 3152; x_wconf 88' lang='lat' dir='ltr'><strong>cum</strong></span> <span class='ocrx_word' id='word_1_431' title='bbox 2455 3098 2705 3151; x_wconf 55' lang='lat' dir='ltr'><strong>Ecclesiae</strong></span> <span class='ocrx_word' id='word_1_432' title='bbox 2740 3098 3061 3151; x_wconf 85' lang='lat' dir='ltr'><strong>universalis</strong></span> <span class='ocrx_word' id='word_1_433' title='bbox 3096 3114 3318 3153; x_wconf 84' lang='lat' dir='ltr'><strong>assensu</strong></span> <span class='ocrx_word' id='word_1_434' title='bbox 3352 3100 3467 3154; x_wconf 82' lang='lat' dir='ltr'><strong>acie</strong></span> <span class='ocrx_word' id='word_1_435' title='bbox 3498 3118 3614 3156; x_wconf 79' lang='lat' dir='ltr'><strong>me-</strong></span> 
     </span>
    </p>
   </div>
   <div class='ocr_carea' id='block_1_62' title="bbox 325 3199 1923 3268">
    <p class='ocr_par' dir='ltr' id='par_1_62' title="bbox 325 3199 1923 3268">
     <span class='ocr_line' id='line_1_62' title="bbox 325 3199 1923 3268; baseline -0.002 -14"><span class='ocrx_word' id='word_1_436' title='bbox 325 3215 441 3254; x_wconf 84' lang='lat' dir='ltr'><strong>cam</strong></span> <span class='ocrx_word' id='word_1_437' title='bbox 475 3200 753 3254; x_wconf 90' lang='lat' dir='ltr'><strong>veritatem</strong></span> <span class='ocrx_word' id='word_1_438' title='bbox 797 3199 1043 3253; x_wconf 85' lang='lat' dir='ltr'><strong>sensibus</strong></span> <span class='ocrx_word' id='word_1_439' title='bbox 1075 3200 1342 3253; x_wconf 89' lang='lat' dir='ltr'><strong>instituti:</strong></span> <span class='ocrx_word' id='word_1_440' title='bbox 1377 3213 1474 3253; x_wconf 90' lang='lat' dir='ltr'><strong>nec</strong></span> <span class='ocrx_word' id='word_1_441' title='bbox 1517 3200 1763 3268; x_wconf 89' lang='lat' dir='ltr'><strong>cuiquam</strong></span> <span class='ocrx_word' id='word_1_442' title='bbox 1808 3215 1923 3251; x_wconf 88' lang='lat' dir='ltr'><strong>om-</strong></span> 
     </span>
    </p>
   </div>
   <div class='ocr_carea' id='block_1_63' title="bbox 324 3290 1921 3359">
    <p class='ocr_par' dir='ltr' id='par_1_63' title="bbox 324 3290 1921 3359">
     <span class='ocr_line' id='line_1_63' title="bbox 324 3290 1921 3359; baseline -0.001 -13"><span class='ocrx_word' id='word_1_443' title='bbox 324 3294 457 3346; x_wconf 88' lang='lat' dir='ltr'><strong>nino</strong></span> <span class='ocrx_word' id='word_1_444' title='bbox 497 3291 567 3346; x_wconf 89' lang='lat' dir='ltr'><strong>sit</strong></span> <span class='ocrx_word' id='word_1_445' title='bbox 608 3290 863 3355; x_wconf 79' lang='lat' dir='ltr'><strong>dobium,</strong></span> <span class='ocrx_word' id='word_1_446' title='bbox 900 3291 1149 3359; x_wconf 86' lang='lat' dir='ltr'><strong>pietatem</strong></span> <span class='ocrx_word' id='word_1_447' title='bbox 1193 3299 1336 3344; x_wconf 87' lang='lat' dir='ltr'><strong>tuam</strong></span> <span class='ocrx_word' id='word_1_448' title='bbox 1381 3291 1590 3344; x_wconf 90' lang='lat' dir='ltr'><strong>illorum</strong></span> <span class='ocrx_word' id='word_1_449' title='bbox 1636 3306 1758 3346; x_wconf 89' lang='lat' dir='ltr'><strong>esse</strong></span> <span class='ocrx_word' id='word_1_450' title='bbox 1802 3292 1921 3345; x_wconf 76' lang='lat' dir='ltr'><strong>ﬁdei</strong></span> 
     </span>
    </p>
   </div>
   <div class='ocr_carea' id='block_1_64' title="bbox 323 3383 1920 3453">
    <p class='ocr_par' dir='ltr' id='par_1_64' title="bbox 323 3383 1920 3453">
     <span class='ocr_line' id='line_1_64' title="bbox 323 3383 1920 3453; baseline 0 -16"><span class='ocrx_word' id='word_1_451' title='bbox 323 3398 628 3453; x_wconf 84' lang='lat' dir='ltr'><strong>sequacem,</strong></span> <span class='ocrx_word' id='word_1_452' title='bbox 662 3398 890 3451; x_wconf 91' lang='lat' dir='ltr'><strong>quorum</strong></span> <span class='ocrx_word' id='word_1_453' title='bbox 935 3397 993 3435; x_wconf 91' lang='lat' dir='ltr'><strong>es</strong></span> <span class='ocrx_word' id='word_1_454' title='bbox 1033 3398 1314 3437; x_wconf 88' lang='lat' dir='ltr'><strong>successor</strong></span> <span class='ocrx_word' id='word_1_455' title='bbox 1360 3383 1590 3451; x_wconf 89' lang='lat' dir='ltr'><strong>imperii.</strong></span> <span class='ocrx_word' id='word_1_456' title='bbox 1632 3383 1762 3450; x_wconf 67' lang='lat' dir='ltr'><strong>Quae</strong></span> <span class='ocrx_word' id='word_1_457' title='bbox 1800 3397 1920 3437; x_wconf 92' lang='lat' dir='ltr'><strong>cum</strong></span> 
     </span>
    </p>
   </div>
   <div class='ocr_carea' id='block_1_65' title="bbox 323 3475 1921 3546">
    <p class='ocr_par' dir='ltr' id='par_1_65' title="bbox 323 3475 1921 3546">
     <span class='ocr_line' id='line_1_65' title="bbox 323 3475 1921 3546; baseline -0.001 -17"><span class='ocrx_word' id='word_1_458' title='bbox 323 3476 390 3529; x_wconf 90' lang='lat' dir='ltr'><strong>de</strong></span> <span class='ocrx_word' id='word_1_459' title='bbox 437 3486 634 3530; x_wconf 64' lang='lat' dir='ltr'><strong>vestra:</strong></span> <span class='ocrx_word' id='word_1_460' title='bbox 682 3476 1085 3546; x_wconf 86' lang='lat' dir='ltr'><strong>tranquillitatis</strong></span> <span class='ocrx_word' id='word_1_461' title='bbox 1133 3476 1315 3529; x_wconf 91' lang='lat' dir='ltr'><strong>animo</strong></span> <span class='ocrx_word' id='word_1_462' title='bbox 1360 3485 1507 3529; x_wconf 76' lang='lat' dir='ltr'><strong>certa</strong></span> <span class='ocrx_word' id='word_1_463' title='bbox 1548 3475 1617 3528; x_wconf 90' lang='lat' dir='ltr'><strong>ab</strong></span> <span class='ocrx_word' id='word_1_464' title='bbox 1670 3475 1921 3528; x_wconf 88' lang='lat' dir='ltr'><strong>omnibus</strong></span> 
     </span>
    </p>
   </div>
   <div class='ocr_carea' id='block_1_66' title="bbox 322 3568 1919 3637">
    <p class='ocr_par' dir='ltr' id='par_1_66' title="bbox 322 3568 1919 3637">
     <span class='ocr_line' id='line_1_66' title="bbox 322 3568 1919 3637; baseline 0.001 -17"><span class='ocrx_word' id='word_1_465' title='bbox 322 3576 604 3621; x_wconf 84' lang='lat' dir='ltr'><strong>teneantur</strong></span> <span class='ocrx_word' id='word_1_466' title='bbox 650 3580 705 3623; x_wconf 87' lang='lat' dir='ltr'><strong>et</strong></span> <span class='ocrx_word' id='word_1_467' title='bbox 750 3569 886 3633; x_wconf 80' lang='lat' dir='ltr'><strong>fixa,</strong></span> <span class='ocrx_word' id='word_1_468' title='bbox 928 3568 1069 3622; x_wconf 87' lang='lat' dir='ltr'><strong>absit</strong></span> <span class='ocrx_word' id='word_1_469' title='bbox 1117 3579 1173 3621; x_wconf 79' lang='grc' dir='ltr'><strong>ιιι</strong></span> <span class='ocrx_word' id='word_1_470' title='bbox 1225 3568 1555 3637; x_wconf 87' lang='lat' dir='ltr'><strong>temporibus</strong></span> <span class='ocrx_word' id='word_1_471' title='bbox 1601 3568 1794 3623; x_wconf 83' lang='lat' dir='ltr'><strong>vestris</strong></span> <span class='ocrx_word' id='word_1_472' title='bbox 1838 3568 1919 3621; x_wconf 83' lang='lat' dir='ltr'><strong>di-</strong></span> 
     </span>
    </p>
   </div>
   <div class='ocr_carea' id='block_1_67' title="bbox 324 3660 1919 3731">
    <p class='ocr_par' dir='ltr' id='par_1_67' title="bbox 324 3660 1919 3731">
     <span class='ocr_line' id='line_1_67' title="bbox 324 3660 1919 3731; baseline 0.003 -20"><span class='ocrx_word' id='word_1_473' title='bbox 324 3661 427 3712; x_wconf 87' lang='lat' dir='ltr'><strong>vini</strong></span> <span class='ocrx_word' id='word_1_474' title='bbox 456 3660 629 3714; x_wconf 91' lang='lat' dir='ltr'><strong>cultus</strong></span> <span class='ocrx_word' id='word_1_475' title='bbox 653 3660 952 3729; x_wconf 77' lang='lat' dir='ltr'><strong>integritas,</strong></span> <span class='ocrx_word' id='word_1_476' title='bbox 986 3671 1041 3715; x_wconf 90' lang='lat' dir='ltr'><strong>et</strong></span> <span class='ocrx_word' id='word_1_477' title='bbox 1074 3660 1373 3731; x_wconf 65' lang='lat' dir='ltr'><strong>antiquitus</strong></span> <span class='ocrx_word' id='word_1_478' title='bbox 1403 3663 1653 3716; x_wconf 88' lang='lat' dir='ltr'><strong>roborata</strong></span> <span class='ocrx_word' id='word_1_479' title='bbox 1678 3662 1796 3716; x_wconf 83' lang='lat' dir='ltr'><strong>ﬁdei</strong></span> <span class='ocrx_word' id='word_1_480' title='bbox 1832 3678 1919 3717; x_wconf 87' lang='lat' dir='ltr'><strong>ea-</strong></span> 
     </span>
    </p>
   </div>
   <div class='ocr_carea' id='block_1_68' title="bbox 323 3750 1512 3820">
    <p class='ocr_par' dir='ltr' id='par_1_68' title="bbox 323 3750 1512 3820">
     <span class='ocr_line' id='line_1_68' title="bbox 323 3750 1512 3820; baseline 0.003 -17"><span class='ocrx_word' id='word_1_481' title='bbox 323 3750 532 3805; x_wconf 70' lang='lat' dir='ltr'><strong>tholicae</strong></span> <span class='ocrx_word' id='word_1_482' title='bbox 564 3760 772 3818; x_wconf 83' lang='lat' dir='ltr'><strong>putetur</strong></span> <span class='ocrx_word' id='word_1_483' title='bbox 798 3753 1183 3820; x_wconf 87' lang='lat' dir='ltr'><strong>interpellanda</strong></span> <span class='ocrx_word' id='word_1_484' title='bbox 1208 3752 1512 3807; x_wconf 90' lang='lat' dir='ltr'><strong>sinceritas.</strong></span> 
     </span>
    </p>
   </div>
   <div class='ocr_carea' id='block_1_69' title="bbox 393 3844 1918 3916">
    <p class='ocr_par' dir='ltr' id='par_1_69' title="bbox 393 3844 1918 3916">
     <span class='ocr_line' id='line_1_69' title="bbox 393 3844 1918 3916; baseline 0.003 -19"><span class='ocrx_word' id='word_1_485' title='bbox 393 3845 681 3914; x_wconf 79' lang='lat' dir='ltr'><strong>Respicite,</strong></span> <span class='ocrx_word' id='word_1_486' title='bbox 710 3862 917 3915; x_wconf 74' lang='lat' dir='ltr'><strong>quznso,</strong></span> <span class='ocrx_word' id='word_1_487' title='bbox 948 3844 1013 3898; x_wconf 90' lang='lat' dir='ltr'><strong>ad</strong></span> <span class='ocrx_word' id='word_1_488' title='bbox 1045 3845 1222 3899; x_wconf 88' lang='lat' dir='ltr'><strong>divina</strong></span> <span class='ocrx_word' id='word_1_489' title='bbox 1252 3845 1543 3911; x_wconf 78' lang='lat' dir='ltr'><strong>beneficia;</strong></span> <span class='ocrx_word' id='word_1_490' title='bbox 1574 3854 1630 3900; x_wconf 89' lang='lat' dir='ltr'><strong>et</strong></span> <span class='ocrx_word' id='word_1_491' title='bbox 1659 3862 1780 3916; x_wconf 68' lang='lat' dir='ltr'><strong>qum</strong></span> <span class='ocrx_word' id='word_1_492' title='bbox 1809 3846 1918 3901; x_wconf 88' lang='lat' dir='ltr'><strong>sint</strong></span> 
     </span>
    </p>
   </div>
   <div class='ocr_carea' id='block_1_70' title="bbox 323 3937 1914 4008">
    <p class='ocr_par' dir='ltr' id='par_1_70' title="bbox 323 3937 1914 4008">
     <span class='ocr_line' id='line_1_70' title="bbox 323 3937 1914 4008; baseline 0.003 -20"><span class='ocrx_word' id='word_1_493' title='bbox 323 3937 472 3990; x_wconf 80' lang='lat' dir='ltr'><strong>vobis</strong></span> <span class='ocrx_word' id='word_1_494' title='bbox 520 3937 716 3991; x_wconf 86' lang='lat' dir='ltr'><strong>collata</strong></span> <span class='ocrx_word' id='word_1_495' title='bbox 773 3937 1120 4006; x_wconf 83' lang='lat' dir='ltr'><strong>perpendite;</strong></span> <span class='ocrx_word' id='word_1_496' title='bbox 1170 3949 1331 4008; x_wconf 88' lang='lat' dir='ltr'><strong>atque</strong></span> <span class='ocrx_word' id='word_1_497' title='bbox 1374 3948 1432 3993; x_wconf 90' lang='lat' dir='ltr'><strong>ut</strong></span> <span class='ocrx_word' id='word_1_498' title='bbox 1484 3940 1601 3994; x_wconf 63' lang='lat' dir='ltr'><strong>haec</strong></span> <span class='ocrx_word' id='word_1_499' title='bbox 1657 3954 1914 4007; x_wconf 88' lang='lat' dir='ltr'><strong>prospera</strong></span> 
     </span>
    </p>
   </div>
   <div class='ocr_carea' id='block_1_71' title="bbox 322 4028 1917 4098">
    <p class='ocr_par' dir='ltr' id='par_1_71' title="bbox 322 4028 1917 4098">
     <span class='ocr_line' id='line_1_71' title="bbox 322 4028 1917 4098; baseline -0.001 -17"><span class='ocrx_word' id='word_1_500' title='bbox 322 4028 533 4083; x_wconf 71' lang='lat' dir='ltr'><strong>Valeant</strong></span> <span class='ocrx_word' id='word_1_501' title='bbox 582 4044 918 4097; x_wconf 88' lang='lat' dir='ltr'><strong>permanere,</strong></span> <span class='ocrx_word' id='word_1_502' title='bbox 956 4030 1351 4098; x_wconf 89' lang='lat' dir='ltr'><strong>propitiandum</strong></span> <span class='ocrx_word' id='word_1_503' title='bbox 1395 4044 1516 4085; x_wconf 91' lang='lat' dir='ltr'><strong>esse</strong></span> <span class='ocrx_word' id='word_1_504' title='bbox 1562 4038 1784 4083; x_wconf 88' lang='lat' dir='ltr'><strong>censete</strong></span> <span class='ocrx_word' id='word_1_505' title='bbox 1822 4044 1917 4080; x_wconf 87' lang='lat' dir='ltr'><strong>au-</strong></span> 
     </span>
    </p>
   </div>
   <div class='ocr_carea' id='block_1_72' title="bbox 318 4119 1912 4187">
    <p class='ocr_par' dir='ltr' id='par_1_72' title="bbox 318 4119 1912 4187">
     <span class='ocr_line' id='line_1_72' title="bbox 318 4119 1912 4187; baseline -0.001 -13"><span class='ocrx_word' id='word_1_506' title='bbox 318 4130 522 4175; x_wconf 82' lang='lat' dir='ltr'><strong>etnrem</strong></span> <span class='ocrx_word' id='word_1_507' title='bbox 548 4120 805 4183; x_wconf 87' lang='lat' dir='ltr'><strong>muneris,</strong></span> <span class='ocrx_word' id='word_1_508' title='bbox 832 4136 934 4174; x_wconf 91' lang='lat' dir='ltr'><strong>non</strong></span> <span class='ocrx_word' id='word_1_509' title='bbox 959 4120 1282 4175; x_wconf 69' lang='lat' dir='ltr'><strong>laedendum.</strong></span> <span class='ocrx_word' id='word_1_510' title='bbox 1313 4121 1458 4174; x_wconf 84' lang='lat' dir='ltr'><strong>inter</strong></span> <span class='ocrx_word' id='word_1_511' title='bbox 1478 4119 1745 4187; x_wconf 88' lang='lat' dir='ltr'><strong>quaslibet</strong></span> <span class='ocrx_word' id='word_1_512' title='bbox 1768 4119 1912 4172; x_wconf 89' lang='lat' dir='ltr'><strong>enim</strong></span> 
     </span>
    </p>
   </div>
   <div class='ocr_carea' id='block_1_73' title="bbox 320 4208 1913 4280">
    <p class='ocr_par' dir='ltr' id='par_1_73' title="bbox 320 4208 1913 4280">
     <span class='ocr_line' id='line_1_73' title="bbox 320 4208 1913 4280; baseline -0.003 -17"><span class='ocrx_word' id='word_1_513' title='bbox 320 4210 700 4279; x_wconf 84' lang='lat' dir='ltr'><strong>occupationes</strong></span> <span class='ocrx_word' id='word_1_514' title='bbox 744 4212 981 4280; x_wconf 90' lang='lat' dir='ltr'><strong>publicas</strong></span> <span class='ocrx_word' id='word_1_515' title='bbox 1026 4226 1055 4264; x_wconf 90' lang='lat' dir='ltr'><strong>a</strong></span> <span class='ocrx_word' id='word_1_516' title='bbox 1100 4210 1353 4279; x_wconf 82' lang='lat' dir='ltr'><strong>religioso</strong></span> <span class='ocrx_word' id='word_1_517' title='bbox 1398 4208 1641 4277; x_wconf 84' lang='lat' dir='ltr'><strong>principe</strong></span> <span class='ocrx_word' id='word_1_518' title='bbox 1686 4223 1913 4277; x_wconf 76' lang='lat' dir='ltr'><strong>magno-</strong></span> 
     </span>
    </p>
   </div>
   <div class='ocr_carea' id='block_1_74' title="bbox 318 4300 1913 4372">
    <p class='ocr_par' dir='ltr' id='par_1_74' title="bbox 318 4300 1913 4372">
     <span class='ocr_line' id='line_1_74' title="bbox 318 4300 1913 4372; baseline -0.003 -14"><span class='ocrx_word' id='word_1_519' title='bbox 318 4317 448 4372; x_wconf 89' lang='lat' dir='ltr'><strong>pere</strong></span> <span class='ocrx_word' id='word_1_520' title='bbox 485 4302 875 4372; x_wconf 91' lang='lat' dir='ltr'><strong>procurandum</strong></span> <span class='ocrx_word' id='word_1_521' title='bbox 907 4310 1016 4365; x_wconf 90' lang='lat' dir='ltr'><strong>est,</strong></span> <span class='ocrx_word' id='word_1_522' title='bbox 1054 4300 1195 4369; x_wconf 89' lang='lat' dir='ltr'><strong>quod</strong></span> <span class='ocrx_word' id='word_1_523' title='bbox 1227 4300 1343 4369; x_wconf 80' lang='lat' dir='ltr'><strong>ejus</strong></span> <span class='ocrx_word' id='word_1_524' title='bbox 1384 4300 1615 4370; x_wconf 82' lang='lat' dir='ltr'><strong>protegit</strong></span> <span class='ocrx_word' id='word_1_525' title='bbox 1644 4301 1913 4369; x_wconf 89' lang='lat' dir='ltr'><strong>principa-</strong></span> 
     </span>
    </p>
   </div>
   <div class='ocr_carea' id='block_1_75' title="bbox 226 4393 1910 4462">
    <p class='ocr_par' dir='ltr' id='par_1_75' title="bbox 226 4393 1910 4462">
     <span class='ocr_line' id='line_1_75' title="bbox 226 4393 1910 4462; baseline -0.002 -14"><span class='ocrx_word' id='word_1_526' title='bbox 226 4438 239 4455; x_wconf 84' lang='grc'><strong>.</strong></span> <span class='ocrx_word' id='word_1_527' title='bbox 314 4404 466 4448; x_wconf 89' lang='lat' dir='ltr'><strong>tum:</strong></span> <span class='ocrx_word' id='word_1_528' title='bbox 498 4403 552 4446; x_wconf 84' lang='lat' dir='ltr'><strong>et</strong></span> <span class='ocrx_word' id='word_1_529' title='bbox 594 4393 923 4462; x_wconf 69' lang='lat' dir='ltr'><strong>pra-ferenda</strong></span> <span class='ocrx_word' id='word_1_530' title='bbox 956 4397 1163 4448; x_wconf 88' lang='lat' dir='ltr'><strong>cunctis</strong></span> <span class='ocrx_word' id='word_1_531' title='bbox 1209 4394 1370 4447; x_wconf 88' lang='lat' dir='ltr'><strong>rebus</strong></span> <span class='ocrx_word' id='word_1_532' title='bbox 1409 4402 1493 4448; x_wconf 82' lang='lat' dir='ltr'><strong>est</strong></span> <span class='ocrx_word' id='word_1_533' title='bbox 1539 4393 1776 4447; x_wconf 62' lang='lat' dir='ltr'><strong>cmlestis</strong></span> <span class='ocrx_word' id='word_1_534' title='bbox 1814 4394 1910 4446; x_wconf 88' lang='lat' dir='ltr'><strong>oh-</strong></span> 
     </span>
    </p>
   </div>
   <div class='ocr_carea' id='block_1_76' title="bbox 2028 3188 3614 3259">
    <p class='ocr_par' dir='ltr' id='par_1_76' title="bbox 2028 3188 3614 3259">
     <span class='ocr_line' id='line_1_76' title="bbox 2028 3188 3614 3259; baseline 0.003 -15"><span class='ocrx_word' id='word_1_535' title='bbox 2028 3191 2135 3245; x_wconf 89' lang='lat' dir='ltr'><strong>ruit</strong></span> <span class='ocrx_word' id='word_1_536' title='bbox 2158 3190 2497 3259; x_wconf 76' lang='lat' dir='ltr'><strong>evangelistze</strong></span> <span class='ocrx_word' id='word_1_537' title='bbox 2526 3188 2676 3243; x_wconf 82' lang='lat' dir='ltr'><strong>fa’cis</strong></span> <span class='ocrx_word' id='word_1_538' title='bbox 2699 3190 2939 3243; x_wconf 78' lang='lat' dir='ltr'><strong>altscintli</strong></span> <span class='ocrx_word' id='word_1_539' title='bbox 2962 3232 2975 3251; x_wconf 85' lang='lat'><strong>,</strong></span> <span class='ocrx_word' id='word_1_540' title='bbox 3002 3192 3236 3259; x_wconf 80' lang='lat' dir='ltr'><strong>vigorem</strong></span> <span class='ocrx_word' id='word_1_541' title='bbox 3268 3207 3480 3248; x_wconf 86' lang='lat' dir='ltr'><strong>sumere</strong></span> <span class='ocrx_word' id='word_1_542' title='bbox 3509 3211 3614 3250; x_wconf 77' lang='lat' dir='ltr'><strong>non</strong></span> 
     </span>
    </p>
   </div>
   <div class='ocr_carea' id='block_1_77' title="bbox 2028 3282 3609 3354">
    <p class='ocr_par' dir='ltr' id='par_1_77' title="bbox 2028 3282 3609 3354">
     <span class='ocr_line' id='line_1_77' title="bbox 2028 3282 3609 3354; baseline 0.003 -17"><span class='ocrx_word' id='word_1_543' title='bbox 2028 3294 2199 3354; x_wconf 80' lang='lat' dir='ltr'><strong>potcSt</strong></span> <span class='ocrx_word' id='word_1_544' title='bbox 2230 3283 2547 3337; x_wconf 61' lang='lat' dir='ltr'><strong>renascendi</strong></span> <span class='ocrx_word' id='word_1_545' title='bbox 2575 3298 2590 3335; x_wconf 89' lang='lat'><strong>:</strong></span> <span class='ocrx_word' id='word_1_546' title='bbox 2625 3297 2719 3335; x_wconf 92' lang='lat' dir='ltr'><strong>nec</strong></span> <span class='ocrx_word' id='word_1_547' title='bbox 2757 3282 2809 3335; x_wconf 91' lang='lat' dir='ltr'><strong>iu</strong></span> <span class='ocrx_word' id='word_1_548' title='bbox 2840 3283 3121 3337; x_wconf 66' lang='lat' dir='ltr'><strong>dominicae</strong></span> <span class='ocrx_word' id='word_1_549' title='bbox 3168 3284 3293 3338; x_wconf 79' lang='lat' dir='ltr'><strong>vitis</strong></span> <span class='ocrx_word' id='word_1_550' title='bbox 3327 3284 3609 3341; x_wconf 74' lang='lat' dir='ltr'><strong>fiuctivam</strong></span> 
     </span>
    </p>
   </div>
   <div class='ocr_carea' id='block_1_78' title="bbox 2025 3371 3615 3447">
    <p class='ocr_par' dir='ltr' id='par_1_78' title="bbox 2025 3371 3615 3447">
     <span class='ocr_line' id='line_1_78' title="bbox 2025 3371 3615 3447; baseline 0.004 -20"><span class='ocrx_word' id='word_1_551' title='bbox 2025 3376 2390 3447; x_wconf 66' lang='lat' dir='ltr'><strong>(fructiferom)</strong></span> <span class='ocrx_word' id='word_1_552' title='bbox 2417 3372 2555 3426; x_wconf 81' lang='lat' dir='ltr'><strong>Valet</strong></span> <span class='ocrx_word' id='word_1_553' title='bbox 2593 3371 2771 3427; x_wconf 88' lang='lat' dir='ltr'><strong>redire</strong></span> <span class='ocrx_word' id='word_1_554' title='bbox 2800 3375 3148 3444; x_wconf 80' lang='lat' dir='ltr'><strong>propaginem</strong></span> <span class='ocrx_word' id='word_1_555' title='bbox 3169 3416 3183 3440; x_wconf 95' lang='lat'><strong>,</strong></span> <span class='ocrx_word' id='word_1_556' title='bbox 3214 3376 3356 3445; x_wconf 86' lang='lat' dir='ltr'><strong>quod</strong></span> <span class='ocrx_word' id='word_1_557' title='bbox 3384 3378 3489 3447; x_wconf 82' lang='lat' dir='ltr'><strong>igni</strong></span> <span class='ocrx_word' id='word_1_558' title='bbox 3521 3379 3615 3435; x_wconf 81' lang='lat' dir='ltr'><strong>de-</strong></span> 
     </span>
    </p>
   </div>
   <div class='ocr_carea' id='block_1_79' title="bbox 2025 3472 2758 3537">
    <p class='ocr_par' dir='ltr' id='par_1_79' title="bbox 2025 3472 2758 3537">
     <span class='ocr_line' id='line_1_79' title="bbox 2025 3472 2758 3537; baseline 0 -19"><span class='ocrx_word' id='word_1_559' title='bbox 2025 3475 2267 3537; x_wconf 85' lang='lat' dir='ltr'><strong>putatum</strong></span> <span class='ocrx_word' id='word_1_560' title='bbox 2297 3475 2503 3520; x_wconf 80' lang='lat' dir='ltr'><strong>constat</strong></span> <span class='ocrx_word' id='word_1_561' title='bbox 2533 3472 2758 3518; x_wconf 62' lang='lat' dir='ltr'><strong>alterno.</strong></span> 
     </span>
    </p>
   </div>
   <div class='ocr_carea' id='block_1_80' title="bbox 2099 3558 3614 3630">
    <p class='ocr_par' dir='ltr' id='par_1_80' title="bbox 2099 3558 3614 3630">
     <span class='ocr_line' id='line_1_80' title="bbox 2099 3558 3614 3630; baseline 0.002 -14"><span class='ocrx_word' id='word_1_562' title='bbox 2099 3561 2155 3617; x_wconf 92' lang='lat' dir='ltr'><strong>Si</strong></span> <span class='ocrx_word' id='word_1_563' title='bbox 2212 3560 2765 3630; x_wconf 72' lang='lat' dir='ltr'><strong>haeresum.dcnique</strong></span> <span class='ocrx_word' id='word_1_564' title='bbox 2815 3558 3246 3615; x_wconf 85' lang='lat' dir='ltr'><strong>machinamenta</strong></span> <span class='ocrx_word' id='word_1_565' title='bbox 3300 3571 3614 3619; x_wconf 72' lang='lat' dir='ltr'><strong>cunctarum</strong></span> 
     </span>
    </p>
   </div>
   <div class='ocr_carea' id='block_1_81' title="bbox 2024 3652 3615 3723">
    <p class='ocr_par' dir='ltr' id='par_1_81' title="bbox 2024 3652 3615 3723">
     <span class='ocr_line' id='line_1_81' title="bbox 2024 3652 3615 3723; baseline 0.001 -13"><span class='ocrx_word' id='word_1_566' title='bbox 2024 3654 2407 3710; x_wconf 74' lang='lat' dir='ltr'><strong>ecclesiasticis</strong></span> <span class='ocrx_word' id='word_1_567' title='bbox 2450 3664 2719 3721; x_wconf 85' lang='lat' dir='ltr'><strong>prostrata</strong></span> <span class='ocrx_word' id='word_1_568' title='bbox 2768 3652 3000 3708; x_wconf 85' lang='lat' dir='ltr'><strong>decretis</strong></span> <span class='ocrx_word' id='word_1_569' title='bbox 3041 3669 3312 3723; x_wconf 87' lang='lat' dir='ltr'><strong>nunquam</strong></span> <span class='ocrx_word' id='word_1_570' title='bbox 3365 3659 3615 3712; x_wconf 83' lang='lat' dir='ltr'><strong>sinuntur</strong></span> 
     </span>
    </p>
   </div>
   <div class='ocr_carea' id='block_1_82' title="bbox 2020 3747 3610 3818">
    <p class='ocr_par' dir='ltr' id='par_1_82' title="bbox 2020 3747 3610 3818">
     <span class='ocr_line' id='line_1_82' title="bbox 2020 3747 3610 3818; baseline -0.001 -15"><span class='ocrx_word' id='word_1_571' title='bbox 2020 3747 2417 3818; x_wconf 72' lang='lat' dir='ltr'><strong>Oppugnatione</strong></span> <span class='ocrx_word' id='word_1_572' title='bbox 2457 3747 2587 3801; x_wconf 67' lang='lat' dir='ltr'><strong>elisa</strong></span> <span class='ocrx_word' id='word_1_573' title='bbox 2634 3747 2867 3815; x_wconf 80' lang='lat' dir='ltr'><strong>reparari</strong></span> <span class='ocrx_word' id='word_1_574' title='bbox 2901 3747 3236 3802; x_wconf 88' lang='lat' dir='ltr'><strong>certamina:</strong></span> <span class='ocrx_word' id='word_1_575' title='bbox 3267 3758 3393 3803; x_wconf 86' lang='lat' dir='ltr'><strong>ante</strong></span> <span class='ocrx_word' id='word_1_576' title='bbox 3432 3750 3610 3802; x_wconf 87' lang='lat' dir='ltr'><strong>omnia</strong></span> 
     </span>
    </p>
   </div>
   <div class='ocr_carea' id='block_1_83' title="bbox 2021 3836 3610 3906">
    <p class='ocr_par' dir='ltr' id='par_1_83' title="bbox 2021 3836 3610 3906">
     <span class='ocr_line' id='line_1_83' title="bbox 2021 3836 3610 3906; baseline 0.001 -14"><span class='ocrx_word' id='word_1_577' title='bbox 2021 3848 2200 3892; x_wconf 89' lang='lat' dir='ltr'><strong>autem</strong></span> <span class='ocrx_word' id='word_1_578' title='bbox 2254 3852 2471 3906; x_wconf 72' lang='lat' dir='ltr'><strong>qumsu,</strong></span> <span class='ocrx_word' id='word_1_579' title='bbox 2530 3846 2588 3890; x_wconf 90' lang='lat' dir='ltr'><strong>ut</strong></span> <span class='ocrx_word' id='word_1_580' title='bbox 2644 3836 2786 3890; x_wconf 86' lang='lat' dir='ltr'><strong>beati</strong></span> <span class='ocrx_word' id='word_1_581' title='bbox 2845 3838 3004 3891; x_wconf 84' lang='lat' dir='ltr'><strong>Marci</strong></span> <span class='ocrx_word' id='word_1_582' title='bbox 3056 3839 3396 3905; x_wconf 65' lang='lat' dir='ltr'><strong>evangelista:</strong></span> <span class='ocrx_word' id='word_1_583' title='bbox 3451 3838 3610 3894; x_wconf 79' lang='lat' dir='ltr'><strong>Sedes</strong></span> 
     </span>
    </p>
   </div>
   <div class='ocr_carea' id='block_1_84' title="bbox 2022 3928 3611 4002">
    <p class='ocr_par' dir='ltr' id='par_1_84' title="bbox 2022 3928 3611 4002">
     <span class='ocr_line' id='line_1_84' title="bbox 2022 3928 3611 4002; baseline 0.003 -19"><span class='ocrx_word' id='word_1_584' title='bbox 2022 3929 2465 3999; x_wconf 74' lang='lat' dir='ltr'><strong>(Alexanlrinam</strong></span> <span class='ocrx_word' id='word_1_585' title='bbox 2490 3928 2679 3996; x_wconf 87' lang='lat' dir='ltr'><strong>loquor</strong></span> <span class='ocrx_word' id='word_1_586' title='bbox 2703 3928 3023 3999; x_wconf 86' lang='lat' dir='ltr'><strong>Ecclesiam)</strong></span> <span class='ocrx_word' id='word_1_587' title='bbox 3043 3944 3073 3983; x_wconf 88' lang='lat' dir='ltr'><strong>a</strong></span> <span class='ocrx_word' id='word_1_588' title='bbox 3095 3931 3453 3985; x_wconf 88' lang='lat' dir='ltr'><strong>cruentissimi</strong></span> <span class='ocrx_word' id='word_1_589' title='bbox 3477 3947 3611 4002; x_wconf 72' lang='lat' dir='ltr'><strong>prte-</strong></span> 
     </span>
    </p>
   </div>
   <div class='ocr_carea' id='block_1_85' title="bbox 2018 4022 3614 4088">
    <p class='ocr_par' dir='ltr' id='par_1_85' title="bbox 2018 4022 3614 4088">
     <span class='ocr_line' id='line_1_85' title="bbox 2018 4022 3614 4088; baseline 0.004 -12"><span class='ocrx_word' id='word_1_590' title='bbox 2018 4022 2175 4076; x_wconf 81' lang='lat' dir='ltr'><strong>donis</strong></span> <span class='ocrx_word' id='word_1_591' title='bbox 2208 4022 2551 4076; x_wconf 87' lang='lat' dir='ltr'><strong>incnbatione</strong></span> <span class='ocrx_word' id='word_1_592' title='bbox 2583 4023 2834 4088; x_wconf 83' lang='lat' dir='ltr'><strong>liberata,</strong></span> <span class='ocrx_word' id='word_1_593' title='bbox 2869 4024 3136 4079; x_wconf 86' lang='lat' dir='ltr'><strong>catholico</strong></span> <span class='ocrx_word' id='word_1_594' title='bbox 3162 4024 3486 4081; x_wconf 87' lang='lat' dir='ltr'><strong>reformetur</strong></span> <span class='ocrx_word' id='word_1_595' title='bbox 3516 4042 3614 4082; x_wconf 88' lang='lat' dir='ltr'><strong>an-</strong></span> 
     </span>
    </p>
   </div>
   <div class='ocr_carea' id='block_1_86' title="bbox 2017 4115 3613 4189">
    <p class='ocr_par' dir='ltr' id='par_1_86' title="bbox 2017 4115 3613 4189">
     <span class='ocr_line' id='line_1_86' title="bbox 2017 4115 3613 4189; baseline 0.005 -22"><span class='ocrx_word' id='word_1_596' title='bbox 2017 4115 2202 4177; x_wconf 73' lang='lat' dir='ltr'><strong>ti~titi,</strong></span> <span class='ocrx_word' id='word_1_597' title='bbox 2238 4115 2646 4183; x_wconf 85' lang='lat' dir='ltr'><strong>libertatemque</strong></span> <span class='ocrx_word' id='word_1_598' title='bbox 2682 4129 2833 4168; x_wconf 88' lang='lat' dir='ltr'><strong>suam</strong></span> <span class='ocrx_word' id='word_1_599' title='bbox 2868 4116 3068 4182; x_wconf 81' lang='lat' dir='ltr'><strong>pariter</strong></span> <span class='ocrx_word' id='word_1_600' title='bbox 3092 4120 3334 4187; x_wconf 79' lang='lat' dir='ltr'><strong>recipiat</strong></span> <span class='ocrx_word' id='word_1_601' title='bbox 3364 4130 3417 4173; x_wconf 87' lang='lat' dir='ltr'><strong>et</strong></span> <span class='ocrx_word' id='word_1_602' title='bbox 3456 4121 3613 4189; x_wconf 86' lang='lat' dir='ltr'><strong>quie-</strong></span> 
     </span>
    </p>
   </div>
   <div class='ocr_carea' id='block_1_87' title="bbox 2019 4207 3611 4279">
    <p class='ocr_par' dir='ltr' id='par_1_87' title="bbox 2019 4207 3611 4279">
     <span class='ocr_line' id='line_1_87' title="bbox 2019 4207 3611 4279; baseline 0.005 -19"><span class='ocrx_word' id='word_1_603' title='bbox 2019 4214 2147 4263; x_wconf 90' lang='lat' dir='ltr'><strong>tem.</strong></span> <span class='ocrx_word' id='word_1_604' title='bbox 2175 4209 2244 4262; x_wconf 87' lang='lat' dir='ltr'><strong>At</strong></span> <span class='ocrx_word' id='word_1_605' title='bbox 2274 4223 2401 4260; x_wconf 76' lang='lat' dir='ltr'><strong>vero</strong></span> <span class='ocrx_word' id='word_1_606' title='bbox 2432 4207 2625 4277; x_wconf 75' lang='lat' dir='ltr'><strong>impius</strong></span> <span class='ocrx_word' id='word_1_607' title='bbox 2659 4209 2821 4272; x_wconf 74' lang='lat' dir='ltr'><strong>partit</strong></span> <span class='ocrx_word' id='word_1_608' title='bbox 2840 4208 2957 4274; x_wconf 89' lang='lat' dir='ltr'><strong>ida,</strong></span> <span class='ocrx_word' id='word_1_609' title='bbox 2990 4210 3079 4279; x_wconf 91' lang='lat' dir='ltr'><strong>qui</strong></span> <span class='ocrx_word' id='word_1_610' title='bbox 3115 4209 3309 4264; x_wconf 88' lang='lat' dir='ltr'><strong>divinis</strong></span> <span class='ocrx_word' id='word_1_611' title='bbox 3332 4212 3489 4265; x_wconf 86' lang='lat' dir='ltr'><strong>simul</strong></span> <span class='ocrx_word' id='word_1_612' title='bbox 3529 4221 3611 4268; x_wconf 65' lang='lat' dir='ltr'><strong>est</strong></span> 
     </span>
    </p>
   </div>
   <div class='ocr_carea' id='block_1_88' title="bbox 2016 4298 3610 4373">
    <p class='ocr_par' dir='ltr' id='par_1_88' title="bbox 2016 4298 3610 4373">
     <span class='ocr_line' id='line_1_88' title="bbox 2016 4298 3610 4373; baseline 0.003 -21"><span class='ocrx_word' id='word_1_613' title='bbox 2016 4313 2142 4352; x_wconf 88' lang='lat' dir='ltr'><strong>reus</strong></span> <span class='ocrx_word' id='word_1_614' title='bbox 2182 4298 2385 4368; x_wconf 74' lang='lat' dir='ltr'><strong>legibus</strong></span> <span class='ocrx_word' id='word_1_615' title='bbox 2413 4309 2469 4353; x_wconf 85' lang='lat' dir='ltr'><strong>et</strong></span> <span class='ocrx_word' id='word_1_616' title='bbox 2510 4300 2779 4363; x_wconf 87' lang='lat' dir='ltr'><strong>humanis,</strong></span> <span class='ocrx_word' id='word_1_617' title='bbox 2825 4300 3078 4354; x_wconf 85' lang='lat' dir='ltr'><strong>reductus</strong></span> <span class='ocrx_word' id='word_1_618' title='bbox 3117 4301 3308 4355; x_wconf 84' lang='lat' dir='ltr'><strong>eodem</strong></span> <span class='ocrx_word' id='word_1_619' title='bbox 3346 4316 3453 4370; x_wconf 79' lang='lat' dir='ltr'><strong>quo</strong></span> <span class='ocrx_word' id='word_1_620' title='bbox 3486 4302 3610 4373; x_wconf 82' lang='lat' dir='ltr'><strong>jure</strong></span> 
     </span>
    </p>
   </div>
   <div class='ocr_carea' id='block_1_89' title="bbox 2015 4390 3609 4455">
    <p class='ocr_par' dir='ltr' id='par_1_89' title="bbox 2015 4390 3609 4455">
     <span class='ocr_line' id='line_1_89' title="bbox 2015 4390 3609 4455; baseline 0.004 -10"><span class='ocrx_word' id='word_1_621' title='bbox 2015 4390 2190 4445; x_wconf 79' lang='lat' dir='ltr'><strong>fuerat</strong></span> <span class='ocrx_word' id='word_1_622' title='bbox 2221 4401 2345 4446; x_wconf 85' lang='lat' dir='ltr'><strong>ante</strong></span> <span class='ocrx_word' id='word_1_623' title='bbox 2376 4392 2646 4455; x_wconf 86' lang='lat' dir='ltr'><strong>detrusus,</strong></span> <span class='ocrx_word' id='word_1_624' title='bbox 2679 4393 2746 4445; x_wconf 92' lang='lat' dir='ltr'><strong>ab</strong></span> <span class='ocrx_word' id='word_1_625' title='bbox 2789 4393 3155 4448; x_wconf 80' lang='lat' dir='ltr'><strong>innocentium</strong></span> <span class='ocrx_word' id='word_1_626' title='bbox 3199 4410 3332 4451; x_wconf 74' lang='lat' dir='ltr'><strong>nece</strong></span> <span class='ocrx_word' id='word_1_627' title='bbox 3372 4400 3609 4452; x_wconf 87' lang='lat' dir='ltr'><strong>retraha-</strong></span> 
     </span>
    </p>
   </div>
   <div class='ocr_carea' id='block_1_90' title="bbox 316 4486 3609 4567">
    <p class='ocr_par' dir='ltr' id='par_1_90' title="bbox 316 4486 3609 4567">
     <span class='ocr_line' id='line_1_90' title="bbox 316 4486 3609 4567; baseline 0.001 -24"><span class='ocrx_word' id='word_1_628' title='bbox 316 4486 599 4543; x_wconf 76' lang='lat' dir='ltr'><strong>scrvantia:</strong></span> <span class='ocrx_word' id='word_1_629' title='bbox 632 4487 915 4554; x_wconf 76' lang='lat' dir='ltr'><strong>rectitude,</strong></span> <span class='ocrx_word' id='word_1_630' title='bbox 946 4488 1061 4541; x_wconf 88' lang='lat' dir='ltr'><strong>sine</strong></span> <span class='ocrx_word' id='word_1_631' title='bbox 1091 4501 1194 4556; x_wconf 89' lang='lat' dir='ltr'><strong>qua</strong></span> <span class='ocrx_word' id='word_1_632' title='bbox 1235 4497 1379 4541; x_wconf 86' lang='lat' dir='ltr'><strong>recte</strong></span> <span class='ocrx_word' id='word_1_633' title='bbox 1410 4487 1553 4541; x_wconf 65' lang='lat' dir='ltr'><strong>nulia</strong></span> <span class='ocrx_word' id='word_1_634' title='bbox 1583 4488 1903 4541; x_wconf 89' lang='lat' dir='ltr'><strong>consistunt.</strong></span> <span class='ocrx_word' id='word_1_635' title='bbox 1937 4506 1987 4567; x_wconf 73' lang='grc' dir='ltr'><strong>υ</strong></span> <span class='ocrx_word' id='word_1_636' title='bbox 2016 4493 2102 4539; x_wconf 87' lang='grc' dir='ltr'>ιιιι·</span> <span class='ocrx_word' id='word_1_637' title='bbox 2126 4487 2456 4551; x_wconf 86' lang='lat' dir='ltr'><strong>animarum;</strong></span> <span class='ocrx_word' id='word_1_638' title='bbox 2487 4487 2720 4555; x_wconf 88' lang='lat' dir='ltr'><strong>procula</strong></span> <span class='ocrx_word' id='word_1_639' title='bbox 2753 4503 2919 4556; x_wconf 81' lang='lat' dir='ltr'><strong>regno</strong></span> <span class='ocrx_word' id='word_1_640' title='bbox 2948 4488 3157 4556; x_wconf 89' lang='lat' dir='ltr'><strong>pietatis</strong></span> <span class='ocrx_word' id='word_1_641' title='bbox 3189 4499 3380 4544; x_wconf 70' lang='lat' dir='ltr'><strong>vestite</strong></span> <span class='ocrx_word' id='word_1_642' title='bbox 3414 4489 3609 4546; x_wconf 88' lang='lat' dir='ltr'><strong>funesti</strong></span> 
     </span>
    </p>
   </div>
   <div class='ocr_carea' id='block_1_91' title="bbox 315 4573 1905 4649">
    <p class='ocr_par' dir='ltr' id='par_1_91' title="bbox 315 4573 1905 4649">
     <span class='ocr_line' id='line_1_91' title="bbox 315 4573 1905 4649; baseline -0.004 -15"><span class='ocrx_word' id='word_1_643' title='bbox 315 4580 618 4648; x_wconf 87' lang='lat' dir='ltr'><strong>Suppetunt</strong></span> <span class='ocrx_word' id='word_1_644' title='bbox 656 4577 857 4631; x_wconf 76' lang='lat' dir='ltr'><strong>alfatim</strong></span> <span class='ocrx_word' id='word_1_645' title='bbox 902 4578 1202 4633; x_wconf 75' lang='lat' dir='ltr'><strong>clementia:</strong></span> <span class='ocrx_word' id='word_1_646' title='bbox 1245 4589 1349 4633; x_wconf 67' lang='lat' dir='ltr'><strong>tua:</strong></span> <span class='ocrx_word' id='word_1_647' title='bbox 1392 4580 1458 4649; x_wconf 91' lang='lat' dir='ltr'><strong>(si</strong></span> <span class='ocrx_word' id='word_1_648' title='bbox 1511 4580 1563 4632; x_wconf 87' lang='lat' dir='ltr'><strong>in</strong></span> <span class='ocrx_word' id='word_1_649' title='bbox 1606 4578 1784 4647; x_wconf 85' lang='lat' dir='ltr'><strong>palatii</strong></span> <span class='ocrx_word' id='word_1_650' title='bbox 1824 4573 1905 4633; x_wconf 87' lang='lat' dir='ltr'><strong>sui</strong></span> 
     </span>
    </p>
   </div>
   <div class='ocr_carea' id='block_1_92' title="bbox 313 4666 1903 4736">
    <p class='ocr_par' dir='ltr' id='par_1_92' title="bbox 313 4666 1903 4736">
     <span class='ocr_line' id='line_1_92' title="bbox 313 4666 1903 4736; baseline -0.001 -13"><span class='ocrx_word' id='word_1_651' title='bbox 313 4668 510 4732; x_wconf 83' lang='lat' dir='ltr'><strong>reptiri</strong></span> <span class='ocrx_word' id='word_1_652' title='bbox 560 4667 775 4722; x_wconf 78' lang='lat' dir='ltr'><strong>mandet</strong></span> <span class='ocrx_word' id='word_1_653' title='bbox 816 4666 1081 4736; x_wconf 88' lang='lat' dir='ltr'><strong>archivis)</strong></span> <span class='ocrx_word' id='word_1_654' title='bbox 1130 4682 1250 4721; x_wconf 88' lang='lat' dir='ltr'><strong>cum</strong></span> <span class='ocrx_word' id='word_1_655' title='bbox 1304 4678 1609 4723; x_wconf 87' lang='lat' dir='ltr'><strong>nostrorum</strong></span> <span class='ocrx_word' id='word_1_656' title='bbox 1658 4670 1903 4725; x_wconf 87' lang='lat' dir='ltr'><strong>coeuntia</strong></span> 
     </span>
    </p>
   </div>
   <div class='ocr_carea' id='block_1_93' title="bbox 312 4757 1903 4830">
    <p class='ocr_par' dir='ltr' id='par_1_93' title="bbox 312 4757 1903 4830">
     <span class='ocr_line' id='line_1_93' title="bbox 312 4757 1903 4830; baseline 0.002 -19"><span class='ocrx_word' id='word_1_657' title='bbox 312 4760 621 4814; x_wconf 79' lang='lat' dir='ltr'><strong>iteiinitione</strong></span> <span class='ocrx_word' id='word_1_658' title='bbox 649 4757 909 4828; x_wconf 89' lang='lat' dir='ltr'><strong>majorum</strong></span> <span class='ocrx_word' id='word_1_659' title='bbox 933 4758 1254 4813; x_wconf 89' lang='lat' dir='ltr'><strong>documenta</strong></span> <span class='ocrx_word' id='word_1_660' title='bbox 1278 4760 1517 4827; x_wconf 88' lang='lat' dir='ltr'><strong>copiosa.</strong></span> <span class='ocrx_word' id='word_1_661' title='bbox 1548 4758 1731 4830; x_wconf 78' lang='lat' dir='ltr'><strong>Neque</strong></span> <span class='ocrx_word' id='word_1_662' title='bbox 1759 4761 1903 4815; x_wconf 88' lang='lat' dir='ltr'><strong>enim</strong></span> 
     </span>
    </p>
   </div>
   <div class='ocr_carea' id='block_1_94' title="bbox 310 4851 1904 4921">
    <p class='ocr_par' dir='ltr' id='par_1_94' title="bbox 310 4851 1904 4921">
     <span class='ocr_line' id='line_1_94' title="bbox 310 4851 1904 4921; baseline 0.001 -17"><span class='ocrx_word' id='word_1_663' title='bbox 310 4853 693 4907; x_wconf 71' lang='lat' dir='ltr'><strong>conscientiam</strong></span> <span class='ocrx_word' id='word_1_664' title='bbox 742 4861 973 4908; x_wconf 88' lang='lat' dir='ltr'><strong>vestram</strong></span> <span class='ocrx_word' id='word_1_665' title='bbox 1024 4852 1190 4906; x_wconf 88' lang='lat' dir='ltr'><strong>latere</strong></span> <span class='ocrx_word' id='word_1_666' title='bbox 1243 4851 1572 4906; x_wconf 88' lang='lat' dir='ltr'><strong>credendum</strong></span> <span class='ocrx_word' id='word_1_667' title='bbox 1616 4862 1733 4918; x_wconf 87' lang='lat' dir='ltr'><strong>est,</strong></span> <span class='ocrx_word' id='word_1_668' title='bbox 1786 4868 1904 4921; x_wconf 64' lang='lat' dir='ltr'><strong>quae</strong></span> 
     </span>
    </p>
   </div>
   <div class='ocr_carea' id='block_1_95' title="bbox 312 4941 1902 5013">
    <p class='ocr_par' dir='ltr' id='par_1_95' title="bbox 312 4941 1902 5013">
     <span class='ocr_line' id='line_1_95' title="bbox 312 4941 1902 5013; baseline 0.001 -17"><span class='ocrx_word' id='word_1_669' title='bbox 312 4960 406 5013; x_wconf 86' lang='lat' dir='ltr'><strong>per</strong></span> <span class='ocrx_word' id='word_1_670' title='bbox 433 4953 653 4997; x_wconf 90' lang='lat' dir='ltr'><strong>cunctas</strong></span> <span class='ocrx_word' id='word_1_671' title='bbox 675 4943 973 5011; x_wconf 81' lang='lat' dir='ltr'><strong>provincias</strong></span> <span class='ocrx_word' id='word_1_672' title='bbox 993 4941 1229 4997; x_wconf 83' lang='lat' dir='ltr'><strong>Orientis</strong></span> <span class='ocrx_word' id='word_1_673' title='bbox 1254 4959 1317 5001; x_wconf 77' lang='lat' dir='ltr'><strong>ex</strong></span> <span class='ocrx_word' id='word_1_674' title='bbox 1350 4942 1560 5010; x_wconf 89' lang='lat' dir='ltr'><strong>imperii</strong></span> <span class='ocrx_word' id='word_1_675' title='bbox 1586 4945 1746 4998; x_wconf 87' lang='lat' dir='ltr'><strong>vestri</strong></span> <span class='ocrx_word' id='word_1_676' title='bbox 1778 4961 1902 4998; x_wconf 84' lang='lat' dir='ltr'><strong>arce</strong></span> 
     </span>
    </p>
   </div>
   <div class='ocr_carea' id='block_1_96' title="bbox 310 5033 1902 5102">
    <p class='ocr_par' dir='ltr' id='par_1_96' title="bbox 310 5033 1902 5102">
     <span class='ocr_line' id='line_1_96' title="bbox 310 5033 1902 5102; baseline 0.001 -15"><span class='ocrx_word' id='word_1_677' title='bbox 310 5036 501 5089; x_wconf 71' lang='lat' dir='ltr'><strong>diﬂusa</strong></span> <span class='ocrx_word' id='word_1_678' title='bbox 543 5047 704 5088; x_wconf 89' lang='lat' dir='ltr'><strong>sunt:</strong></span> <span class='ocrx_word' id='word_1_679' title='bbox 739 5035 826 5088; x_wconf 91' lang='lat' dir='ltr'><strong>illa</strong></span> <span class='ocrx_word' id='word_1_680' title='bbox 863 5034 1067 5088; x_wconf 90' lang='lat' dir='ltr'><strong>scilicet</strong></span> <span class='ocrx_word' id='word_1_681' title='bbox 1105 5048 1225 5102; x_wconf 67' lang='lat' dir='ltr'><strong>qua:</strong></span> <span class='ocrx_word' id='word_1_682' title='bbox 1265 5034 1347 5087; x_wconf 92' lang='lat' dir='ltr'><strong>vel</strong></span> <span class='ocrx_word' id='word_1_683' title='bbox 1392 5033 1459 5088; x_wconf 90' lang='lat' dir='ltr'><strong>ad</strong></span> <span class='ocrx_word' id='word_1_684' title='bbox 1502 5049 1744 5102; x_wconf 68' lang='lat' dir='ltr'><strong>augusue</strong></span> <span class='ocrx_word' id='word_1_685' title='bbox 1789 5051 1902 5089; x_wconf 88' lang='lat' dir='ltr'><strong>me-</strong></span> 
     </span>
    </p>
   </div>
   <div class='ocr_carea' id='block_1_97' title="bbox 309 5125 1903 5193">
    <p class='ocr_par' dir='ltr' id='par_1_97' title="bbox 309 5125 1903 5193">
     <span class='ocr_line' id='line_1_97' title="bbox 309 5125 1903 5193; baseline -0.001 -13"><span class='ocrx_word' id='word_1_686' title='bbox 309 5128 493 5181; x_wconf 67' lang='lat' dir='ltr'><strong>moria:</strong></span> <span class='ocrx_word' id='word_1_687' title='bbox 522 5125 794 5189; x_wconf 82' lang='lat' dir='ltr'><strong>Marciani,</strong></span> <span class='ocrx_word' id='word_1_688' title='bbox 826 5126 1175 5179; x_wconf 86' lang='lat' dir='ltr'><strong>nihilominus</strong></span> <span class='ocrx_word' id='word_1_689' title='bbox 1203 5136 1257 5179; x_wconf 89' lang='lat' dir='ltr'><strong>et</strong></span> <span class='ocrx_word' id='word_1_690' title='bbox 1292 5125 1507 5193; x_wconf 83' lang='lat' dir='ltr'><strong>Leonis,</strong></span> <span class='ocrx_word' id='word_1_691' title='bbox 1540 5127 1623 5179; x_wconf 89' lang='lat' dir='ltr'><strong>vel</strong></span> <span class='ocrx_word' id='word_1_692' title='bbox 1654 5127 1718 5178; x_wconf 91' lang='lat' dir='ltr'><strong>ad</strong></span> <span class='ocrx_word' id='word_1_693' title='bbox 1745 5127 1903 5180; x_wconf 77' lang='lat' dir='ltr'><strong>Chal-</strong></span> 
     </span>
    </p>
   </div>
   <div class='ocr_carea' id='block_1_98' title="bbox 309 5218 1900 5287">
    <p class='ocr_par' dir='ltr' id='par_1_98' title="bbox 309 5218 1900 5287">
     <span class='ocr_line' id='line_1_98' title="bbox 309 5218 1900 5287; baseline -0.001 -14"><span class='ocrx_word' id='word_1_694' title='bbox 309 5220 625 5274; x_wconf 86' lang='lat' dir='ltr'><strong>cedonensis</strong></span> <span class='ocrx_word' id='word_1_695' title='bbox 654 5218 865 5273; x_wconf 82' lang='lat' dir='ltr'><strong>concilii</strong></span> <span class='ocrx_word' id='word_1_696' title='bbox 903 5218 1072 5271; x_wconf 62' lang='lat' dir='ltr'><strong>beatae</strong></span> <span class='ocrx_word' id='word_1_697' title='bbox 1104 5218 1495 5271; x_wconf 88' lang='lat' dir='ltr'><strong>recordationis</strong></span> <span class='ocrx_word' id='word_1_698' title='bbox 1530 5218 1900 5287; x_wconf 62' lang='lat' dir='ltr'><strong>praedecessor</strong></span> 
     </span>
    </p>
   </div>
   <div class='ocr_carea' id='block_1_99' title="bbox 308 5308 1898 5378">
    <p class='ocr_par' dir='ltr' id='par_1_99' title="bbox 308 5308 1898 5378">
     <span class='ocr_line' id='line_1_99' title="bbox 308 5308 1898 5378; baseline 0.001 -14"><span class='ocrx_word' id='word_1_699' title='bbox 308 5327 460 5365; x_wconf 89' lang='lat' dir='ltr'><strong>mens</strong></span> <span class='ocrx_word' id='word_1_700' title='bbox 499 5312 605 5366; x_wconf 87' lang='lat' dir='ltr'><strong>Leo</strong></span> <span class='ocrx_word' id='word_1_701' title='bbox 644 5312 885 5366; x_wconf 87' lang='lat' dir='ltr'><strong>consulta</strong></span> <span class='ocrx_word' id='word_1_702' title='bbox 916 5308 1147 5363; x_wconf 78' lang='lat' dir='ltr'><strong>direxit:</strong></span> <span class='ocrx_word' id='word_1_703' title='bbox 1180 5310 1373 5378; x_wconf 85' lang='lat' dir='ltr'><strong>quibus</strong></span> <span class='ocrx_word' id='word_1_704' title='bbox 1421 5310 1491 5364; x_wconf 87' lang='lat' dir='ltr'><strong>ita</strong></span> <span class='ocrx_word' id='word_1_705' title='bbox 1543 5311 1699 5377; x_wconf 88' lang='lat' dir='ltr'><strong>plene</strong></span> <span class='ocrx_word' id='word_1_706' title='bbox 1739 5321 1898 5377; x_wconf 68' lang='lat' dir='ltr'><strong>atque</strong></span> 
     </span>
    </p>
   </div>
   <div class='ocr_carea' id='block_1_100' title="bbox 308 5400 1897 5471">
    <p class='ocr_par' dir='ltr' id='par_1_100' title="bbox 308 5400 1897 5471">
     <span class='ocr_line' id='line_1_100' title="bbox 308 5400 1897 5471; baseline -0.003 -14"><span class='ocrx_word' id='word_1_707' title='bbox 308 5402 537 5457; x_wconf 87' lang='lat' dir='ltr'><strong>dilucide</strong></span> <span class='ocrx_word' id='word_1_708' title='bbox 564 5410 956 5458; x_wconf 70' lang='lat' dir='ltr'><strong>sacramentum</strong></span> <span class='ocrx_word' id='word_1_709' title='bbox 988 5400 1272 5455; x_wconf 67' lang='lat' dir='ltr'><strong>dominicae</strong></span> <span class='ocrx_word' id='word_1_710' title='bbox 1304 5402 1697 5455; x_wconf 90' lang='lat' dir='ltr'><strong>incarnationis</strong></span> <span class='ocrx_word' id='word_1_711' title='bbox 1732 5419 1897 5471; x_wconf 73' lang='lat' dir='ltr'><strong>expu-</strong></span> 
     </span>
    </p>
   </div>
   <div class='ocr_carea' id='block_1_101' title="bbox 306 5495 1891 5571">
    <p class='ocr_par' dir='ltr' id='par_1_101' title="bbox 306 5495 1891 5571">
     <span class='ocr_line' id='line_1_101' title="bbox 306 5495 1891 5571; baseline -0.003 -13"><span class='ocrx_word' id='word_1_712' title='bbox 306 5504 441 5571; x_wconf 81' lang='lat' dir='ltr'><strong>suit,</strong></span> <span class='ocrx_word' id='word_1_713' title='bbox 477 5509 670 5555; x_wconf 89' lang='lat' dir='ltr'><strong>utnon</strong></span> <span class='ocrx_word' id='word_1_714' title='bbox 712 5501 871 5552; x_wconf 91' lang='lat' dir='ltr'><strong>modo</strong></span> <span class='ocrx_word' id='word_1_715' title='bbox 913 5495 1240 5563; x_wconf 53' lang='lat' dir='ltr'><strong>catholicus,</strong></span> <span class='ocrx_word' id='word_1_716' title='bbox 1295 5495 1389 5550; x_wconf 90' lang='lat' dir='ltr'><strong>sed</strong></span> <span class='ocrx_word' id='word_1_717' title='bbox 1436 5511 1502 5551; x_wconf 90' lang='lat' dir='ltr'><strong>ne</strong></span> <span class='ocrx_word' id='word_1_718' title='bbox 1549 5495 1891 5553; x_wconf 79' lang='lat' dir='ltr'><strong>ChriStianns</strong></span> 
     </span>
    </p>
   </div>
   <div class='ocr_carea' id='block_1_102' title="bbox 306 5587 1891 5664">
    <p class='ocr_par' dir='ltr' id='par_1_102' title="bbox 306 5587 1891 5664">
     <span class='ocr_line' id='line_1_102' title="bbox 306 5587 1891 5664; baseline -0.002 -17"><span class='ocrx_word' id='word_1_719' title='bbox 306 5593 519 5664; x_wconf 64' lang='lat' dir='ltr'><strong>quidem</strong></span> <span class='ocrx_word' id='word_1_720' title='bbox 545 5592 713 5644; x_wconf 87' lang='lat' dir='ltr'><strong>va‘eat</strong></span> <span class='ocrx_word' id='word_1_721' title='bbox 743 5589 1057 5657; x_wconf 87' lang='lat' dir='ltr'><strong>nuncupari,</strong></span> <span class='ocrx_word' id='word_1_722' title='bbox 1081 5587 1320 5657; x_wconf 89' lang='lat' dir='ltr'><strong>quisquis</strong></span> <span class='ocrx_word' id='word_1_723' title='bbox 1352 5587 1461 5642; x_wconf 89' lang='lat' dir='ltr'><strong>illic</strong></span> <span class='ocrx_word' id='word_1_724' title='bbox 1482 5597 1537 5644; x_wconf 88' lang='lat' dir='ltr'><strong>ct</strong></span> <span class='ocrx_word' id='word_1_725' title='bbox 1561 5590 1891 5659; x_wconf 58' lang='lat' dir='ltr'><strong>redemptio-</strong></span> 
     </span>
    </p>
   </div>
   <div class='ocr_carea' id='block_1_103' title="bbox 308 5680 1478 5750">
    <p class='ocr_par' dir='ltr' id='par_1_103' title="bbox 308 5680 1478 5750">
     <span class='ocr_line' id='line_1_103' title="bbox 308 5680 1478 5750; baseline -0.006 -8"><span class='ocrx_word' id='word_1_726' title='bbox 308 5690 389 5742; x_wconf 73' lang='lat' dir='ltr'><strong>nis</strong></span> <span class='ocrx_word' id='word_1_727' title='bbox 414 5700 522 5740; x_wconf 66' lang='lat' dir='ltr'><strong>sua:</strong></span> <span class='ocrx_word' id='word_1_728' title='bbox 545 5694 735 5739; x_wconf 79' lang='lat' dir='ltr'><strong>caus-as</strong></span> <span class='ocrx_word' id='word_1_729' title='bbox 764 5696 873 5736; x_wconf 90' lang='lat' dir='ltr'><strong>non</strong></span> <span class='ocrx_word' id='word_1_730' title='bbox 905 5680 1120 5733; x_wconf 83' lang='lat' dir='ltr'><strong>evident</strong></span> <span class='ocrx_word' id='word_1_731' title='bbox 1143 5697 1182 5734; x_wconf 86' lang='lat' dir='ltr'><strong>-r</strong></span> <span class='ocrx_word' id='word_1_732' title='bbox 1206 5690 1478 5750; x_wconf 83' lang='lat' dir='ltr'><strong>agnoscat.</strong></span> 
     </span>
    </p>
   </div>
   <div class='ocr_carea' id='block_1_104' title="bbox 2012 4578 3606 4648">
    <p class='ocr_par' dir='ltr' id='par_1_104' title="bbox 2012 4578 3606 4648">
     <span class='ocr_line' id='line_1_104' title="bbox 2012 4578 3606 4648; baseline 0.001 -14"><span class='ocrx_word' id='word_1_733' title='bbox 2012 4579 2206 4648; x_wconf 88' lang='lat' dir='ltr'><strong>capitis</strong></span> <span class='ocrx_word' id='word_1_734' title='bbox 2252 4594 2456 4634; x_wconf 81' lang='lat' dir='ltr'><strong>venena</strong></span> <span class='ocrx_word' id='word_1_735' title='bbox 2504 4578 2784 4633; x_wconf 88' lang='lat' dir='ltr'><strong>discedant</strong></span> <span class='ocrx_word' id='word_1_736' title='bbox 2819 4596 2831 4631; x_wconf 94' lang='lat'>:</span> <span class='ocrx_word' id='word_1_737' title='bbox 2881 4595 2999 4647; x_wconf 69' lang='lat' dir='ltr'><strong>qua:</strong></span> <span class='ocrx_word' id='word_1_738' title='bbox 3026 4580 3278 4647; x_wconf 90' lang='lat' dir='ltr'><strong>quoniam</strong></span> <span class='ocrx_word' id='word_1_739' title='bbox 3317 4583 3606 4636; x_wconf 74' lang='lat' dir='ltr'><strong>salutifera:</strong></span> 
     </span>
    </p>
   </div>
   <div class='ocr_carea' id='block_1_105' title="bbox 2014 4672 3607 4741">
    <p class='ocr_par' dir='ltr' id='par_1_105' title="bbox 2014 4672 3607 4741">
     <span class='ocr_line' id='line_1_105' title="bbox 2014 4672 3607 4741; baseline 0.002 -15"><span class='ocrx_word' id='word_1_740' title='bbox 2014 4672 2411 4741; x_wconf 61' lang='lat' dir='ltr'><strong>praedicationis</strong></span> <span class='ocrx_word' id='word_1_741' title='bbox 2462 4672 2683 4727; x_wconf 87' lang='lat' dir='ltr'><strong>auribus</strong></span> <span class='ocrx_word' id='word_1_742' title='bbox 2731 4673 3028 4737; x_wconf 83' lang='lat' dir='ltr'><strong>obturatis,</strong></span> <span class='ocrx_word' id='word_1_743' title='bbox 3080 4673 3397 4728; x_wconf 75' lang='lat' dir='ltr'><strong>tnedicantia</strong></span> <span class='ocrx_word' id='word_1_744' title='bbox 3446 4676 3607 4729; x_wconf 78' lang='lat' dir='ltr'><strong>\erba</strong></span> 
     </span>
    </p>
   </div>
   <div class='ocr_carea' id='block_1_106' title="bbox 2010 4765 3605 4835">
    <p class='ocr_par' dir='ltr' id='par_1_106' title="bbox 2010 4765 3605 4835">
     <span class='ocr_line' id='line_1_106' title="bbox 2010 4765 3605 4835; baseline -0.003 -15"><span class='ocrx_word' id='word_1_745' title='bbox 2010 4781 2204 4835; x_wconf 68' lang='lat' dir='ltr'><strong>capere</strong></span> <span class='ocrx_word' id='word_1_746' title='bbox 2242 4765 2629 4832; x_wconf 86' lang='lat' dir='ltr'><strong>nequiverunt,</strong></span> <span class='ocrx_word' id='word_1_747' title='bbox 2663 4765 2731 4817; x_wconf 91' lang='lat' dir='ltr'><strong>ab</strong></span> <span class='ocrx_word' id='word_1_748' title='bbox 2777 4766 2990 4818; x_wconf 85' lang='lat' dir='ltr'><strong>humani</strong></span> <span class='ocrx_word' id='word_1_749' title='bbox 3036 4778 3332 4819; x_wconf 60' lang='lat' dir='ltr'><strong>conventum</strong></span> <span class='ocrx_word' id='word_1_750' title='bbox 3377 4766 3605 4820; x_wconf 70' lang='lat' dir='ltr'><strong>abducta</strong></span> 
     </span>
    </p>
   </div>
   <div class='ocr_carea' id='block_1_107' title="bbox 2012 4854 3606 4926">
    <p class='ocr_par' dir='ltr' id='par_1_107' title="bbox 2012 4854 3606 4926">
     <span class='ocr_line' id='line_1_107' title="bbox 2012 4854 3606 4926; baseline -0.001 -15"><span class='ocrx_word' id='word_1_751' title='bbox 2012 4856 2269 4926; x_wconf 85' lang='lat' dir='ltr'><strong>pernicie,</strong></span> <span class='ocrx_word' id='word_1_752' title='bbox 2300 4856 2353 4909; x_wconf 90' lang='lat' dir='ltr'><strong>in</strong></span> <span class='ocrx_word' id='word_1_753' title='bbox 2380 4854 2682 4909; x_wconf 78' lang='lat' dir='ltr'><strong>viru&#39;entiae</strong></span> <span class='ocrx_word' id='word_1_754' title='bbox 2719 4871 2831 4909; x_wconf 72' lang='lat' dir='ltr'><strong>suae</strong></span> <span class='ocrx_word' id='word_1_755' title='bbox 2873 4872 3106 4926; x_wconf 80' lang='lat' dir='ltr'><strong>congrua</strong></span> <span class='ocrx_word' id='word_1_756' title='bbox 3155 4859 3440 4911; x_wconf 71' lang='lat' dir='ltr'><strong>soiitudine</strong></span> <span class='ocrx_word' id='word_1_757' title='bbox 3476 4873 3606 4910; x_wconf 85' lang='lat' dir='ltr'><strong>con-</strong></span> 
     </span>
    </p>
   </div>
   <div class='ocr_carea' id='block_1_108' title="bbox 2013 4949 3605 5019">
    <p class='ocr_par' dir='ltr' id='par_1_108' title="bbox 2013 4949 3605 5019">
     <span class='ocr_line' id='line_1_108' title="bbox 2013 4949 3605 5019; baseline 0 -16"><span class='ocrx_word' id='word_1_758' title='bbox 2013 4951 2286 5005; x_wconf 87' lang='lat' dir='ltr'><strong>tabescant</strong></span> <span class='ocrx_word' id='word_1_759' title='bbox 2313 4965 2326 5001; x_wconf 90' lang='lat'><strong>:</strong></span> <span class='ocrx_word' id='word_1_760' title='bbox 2359 4964 2465 5018; x_wconf 91' lang='lat' dir='ltr'><strong>quo</strong></span> <span class='ocrx_word' id='word_1_761' title='bbox 2493 4949 2661 5017; x_wconf 80' lang='lat' dir='ltr'><strong>magis</strong></span> <span class='ocrx_word' id='word_1_762' title='bbox 2696 4950 2755 5003; x_wconf 86' lang='grc' dir='ltr'><strong>Β.</strong></span> <span class='ocrx_word' id='word_1_763' title='bbox 2786 4950 2927 5005; x_wconf 86' lang='lat' dir='ltr'><strong>Petri</strong></span> <span class='ocrx_word' id='word_1_764' title='bbox 2958 4952 3184 5019; x_wconf 78' lang='lat' dir='ltr'><strong>aposmli</strong></span> <span class='ocrx_word' id='word_1_765' title='bbox 3218 4968 3370 5014; x_wconf 65' lang='lat' dir='ltr'><strong>vote,</strong></span> <span class='ocrx_word' id='word_1_766' title='bbox 3405 4953 3605 5019; x_wconf 84' lang='lat' dir='ltr'><strong>qualis-</strong></span> 
     </span>
    </p>
   </div>
   <div class='ocr_carea' id='block_1_109' title="bbox 2006 5040 3603 5109">
    <p class='ocr_par' dir='ltr' id='par_1_109' title="bbox 2006 5040 3603 5109">
     <span class='ocr_line' id='line_1_109' title="bbox 2006 5040 3603 5109; baseline 0.001 -16"><span class='ocrx_word' id='word_1_767' title='bbox 2006 5055 2215 5109; x_wconf 72' lang='lat' dir='ltr'><strong>cunque</strong></span> <span class='ocrx_word' id='word_1_768' title='bbox 2253 5040 2395 5094; x_wconf 89' lang='lat' dir='ltr'><strong>sedis</strong></span> <span class='ocrx_word' id='word_1_769' title='bbox 2444 5040 2562 5106; x_wconf 84' lang='lat' dir='ltr'><strong>ejus</strong></span> <span class='ocrx_word' id='word_1_770' title='bbox 2620 5040 2893 5104; x_wconf 86' lang='lat' dir='ltr'><strong>minister,</strong></span> <span class='ocrx_word' id='word_1_771' title='bbox 2937 5042 3206 5102; x_wconf 82' lang='lat' dir='ltr'><strong>obtestor,</strong></span> <span class='ocrx_word' id='word_1_772' title='bbox 3252 5052 3304 5093; x_wconf 92' lang='lat' dir='ltr'><strong>ut</strong></span> <span class='ocrx_word' id='word_1_773' title='bbox 3358 5042 3603 5095; x_wconf 77' lang='lat' dir='ltr'><strong>inimicos</strong></span> 
     </span>
    </p>
   </div>
   <div class='ocr_carea' id='block_1_110' title="bbox 2004 5130 3597 5201">
    <p class='ocr_par' dir='ltr' id='par_1_110' title="bbox 2004 5130 3597 5201">
     <span class='ocr_line' id='line_1_110' title="bbox 2004 5130 3597 5201; baseline 0.001 -15"><span class='ocrx_word' id='word_1_774' title='bbox 2004 5133 2234 5199; x_wconf 70' lang='lat' dir='ltr'><strong>antiqua:</strong></span> <span class='ocrx_word' id='word_1_775' title='bbox 2266 5130 2388 5185; x_wconf 89' lang='lat' dir='ltr'><strong>fidei</strong></span> <span class='ocrx_word' id='word_1_776' title='bbox 2417 5148 2521 5184; x_wconf 88' lang='lat' dir='ltr'><strong>non</strong></span> <span class='ocrx_word' id='word_1_777' title='bbox 2549 5130 2693 5184; x_wconf 78' lang='lat' dir='ltr'><strong>sinas</strong></span> <span class='ocrx_word' id='word_1_778' title='bbox 2724 5133 2939 5198; x_wconf 85' lang='lat' dir='ltr'><strong>impune</strong></span> <span class='ocrx_word' id='word_1_779' title='bbox 2966 5131 3195 5197; x_wconf 62' lang='lat' dir='ltr'><strong>grassari</strong></span> <span class='ocrx_word' id='word_1_780' title='bbox 3215 5171 3230 5197; x_wconf 93' lang='lat'><strong>,</strong></span> <span class='ocrx_word' id='word_1_781' title='bbox 3263 5133 3349 5201; x_wconf 86' lang='lat' dir='ltr'><strong>qui</strong></span> <span class='ocrx_word' id='word_1_782' title='bbox 3387 5144 3597 5188; x_wconf 39' lang='lat' dir='ltr'><strong>vt&#39;stros</strong></span> 
     </span>
    </p>
   </div>
   <div class='ocr_carea' id='block_1_111' title="bbox 2004 5222 3600 5294">
    <p class='ocr_par' dir='ltr' id='par_1_111' title="bbox 2004 5222 3600 5294">
     <span class='ocr_line' id='line_1_111' title="bbox 2004 5222 3600 5294; baseline 0.003 -16"><span class='ocrx_word' id='word_1_783' title='bbox 2004 5225 2201 5292; x_wconf 78' lang='lat' dir='ltr'><strong>aptatis</strong></span> <span class='ocrx_word' id='word_1_784' title='bbox 2236 5223 2431 5277; x_wconf 90' lang='lat' dir='ltr'><strong>habere</strong></span> <span class='ocrx_word' id='word_1_785' title='bbox 2460 5223 2763 5290; x_wconf 70' lang='lat' dir='ltr'><strong>subjectos;</strong></span> <span class='ocrx_word' id='word_1_786' title='bbox 2791 5233 2846 5275; x_wconf 92' lang='lat' dir='ltr'><strong>ut</strong></span> <span class='ocrx_word' id='word_1_787' title='bbox 2873 5239 3011 5276; x_wconf 73' lang='lat' dir='ltr'><strong>verae</strong></span> <span class='ocrx_word' id='word_1_788' title='bbox 3033 5222 3389 5277; x_wconf 78' lang='lat' dir='ltr'><strong>confessionis</strong></span> <span class='ocrx_word' id='word_1_789' title='bbox 3416 5241 3600 5294; x_wconf 65' lang='lat' dir='ltr'><strong>pacem</strong></span> 
     </span>
    </p>
   </div>
   <div class='ocr_carea' id='block_1_112' title="bbox 2008 5316 3604 5390">
    <p class='ocr_par' dir='ltr' id='par_1_112' title="bbox 2008 5316 3604 5390">
     <span class='ocr_line' id='line_1_112' title="bbox 2008 5316 3604 5390; baseline 0.005 -22"><span class='ocrx_word' id='word_1_790' title='bbox 2008 5326 2229 5371; x_wconf 75' lang='lat' dir='ltr'><strong>cunctas</strong></span> <span class='ocrx_word' id='word_1_791' title='bbox 2261 5317 2468 5370; x_wconf 84' lang='lat' dir='ltr'><strong>Domini</strong></span> <span class='ocrx_word' id='word_1_792' title='bbox 2498 5333 2717 5372; x_wconf 87' lang='lat' dir='ltr'><strong>servare</strong></span> <span class='ocrx_word' id='word_1_793' title='bbox 2746 5316 3049 5370; x_wconf 87' lang='lat' dir='ltr'><strong>decernatis</strong></span> <span class='ocrx_word' id='word_1_794' title='bbox 3084 5317 3376 5383; x_wconf 81' lang='lat' dir='ltr'><strong>Ecclesias,</strong></span> <span class='ocrx_word' id='word_1_795' title='bbox 3401 5321 3488 5390; x_wconf 89' lang='lat' dir='ltr'><strong>qui</strong></span> <span class='ocrx_word' id='word_1_796' title='bbox 3521 5338 3604 5376; x_wconf 83' lang='lat' dir='ltr'><strong>or-</strong></span> 
     </span>
    </p>
   </div>
   <div class='ocr_carea' id='block_1_113' title="bbox 2008 5408 3603 5480">
    <p class='ocr_par' dir='ltr' id='par_1_113' title="bbox 2008 5408 3603 5480">
     <span class='ocr_line' id='line_1_113' title="bbox 2008 5408 3603 5480; baseline 0.003 -16"><span class='ocrx_word' id='word_1_797' title='bbox 2008 5409 2126 5464; x_wconf 90' lang='lat' dir='ltr'><strong>bem</strong></span> <span class='ocrx_word' id='word_1_798' title='bbox 2169 5411 2335 5462; x_wconf 77' lang='lat' dir='ltr'><strong>vestri</strong></span> <span class='ocrx_word' id='word_1_799' title='bbox 2379 5408 2591 5477; x_wconf 75' lang='lat' dir='ltr'><strong>imperii</strong></span> <span class='ocrx_word' id='word_1_800' title='bbox 2637 5409 2957 5464; x_wconf 86' lang='lat' dir='ltr'><strong>desideratis</strong></span> <span class='ocrx_word' id='word_1_801' title='bbox 3005 5420 3193 5464; x_wconf 84' lang='lat' dir='ltr'><strong>tenere</strong></span> <span class='ocrx_word' id='word_1_802' title='bbox 3241 5427 3513 5480; x_wconf 73' lang='lat' dir='ltr'><strong>pacatum;</strong></span> <span class='ocrx_word' id='word_1_803' title='bbox 3549 5424 3603 5468; x_wconf 79' lang='lat' dir='ltr'><strong>et</strong></span> 
     </span>
    </p>
   </div>
   <div class='ocr_carea' id='block_1_114' title="bbox 2005 5500 3596 5570">
    <p class='ocr_par' dir='ltr' id='par_1_114' title="bbox 2005 5500 3596 5570">
     <span class='ocr_line' id='line_1_114' title="bbox 2005 5500 3596 5570; baseline 0.004 -17"><span class='ocrx_word' id='word_1_804' title='bbox 2005 5500 2215 5553; x_wconf 87' lang='lat' dir='ltr'><strong>unicam</strong></span> <span class='ocrx_word' id='word_1_805' title='bbox 2244 5516 2394 5566; x_wconf 82' lang='lat' dir='ltr'><strong>spem</strong></span> <span class='ocrx_word' id='word_1_806' title='bbox 2425 5503 2632 5566; x_wconf 86' lang='lat' dir='ltr'><strong>salutis,</strong></span> <span class='ocrx_word' id='word_1_807' title='bbox 2661 5517 2778 5568; x_wconf 64' lang='lat' dir='ltr'><strong>quae</strong></span> <span class='ocrx_word' id='word_1_808' title='bbox 2814 5515 2982 5570; x_wconf 83' lang='lat' dir='ltr'><strong>genus</strong></span> <span class='ocrx_word' id='word_1_809' title='bbox 3014 5501 3294 5559; x_wconf 88' lang='lat' dir='ltr'><strong>hominum</strong></span> <span class='ocrx_word' id='word_1_810' title='bbox 3328 5506 3391 5557; x_wconf 85' lang='lat' dir='ltr'><strong>ad</strong></span> <span class='ocrx_word' id='word_1_811' title='bbox 3437 5520 3596 5570; x_wconf 63' lang='lat' dir='ltr'><strong>regna</strong></span> 
     </span>
    </p>
   </div>
   <div class='ocr_carea' id='block_1_115' title="bbox 2002 5593 3591 5666">
    <p class='ocr_par' dir='ltr' id='par_1_115' title="bbox 2002 5593 3591 5666">
     <span class='ocr_line' id='line_1_115' title="bbox 2002 5593 3591 5666; baseline 0.003 -20"><span class='ocrx_word' id='word_1_812' title='bbox 2002 5593 2241 5647; x_wconf 74' lang='lat' dir='ltr'><strong>cmiesua</strong></span> <span class='ocrx_word' id='word_1_813' title='bbox 2266 5596 2534 5663; x_wconf 75' lang='lat' dir='ltr'><strong>vitamque</strong></span> <span class='ocrx_word' id='word_1_814' title='bbox 2559 5593 2798 5663; x_wconf 74' lang='lat' dir='ltr'><strong>perducit</strong></span> <span class='ocrx_word' id='word_1_815' title='bbox 2821 5604 3079 5650; x_wconf 78' lang='lat' dir='ltr'><strong>:cteruam</strong></span> <span class='ocrx_word' id='word_1_816' title='bbox 3098 5634 3113 5660; x_wconf 90' lang='lat'><strong>,</strong></span> <span class='ocrx_word' id='word_1_817' title='bbox 3140 5597 3285 5650; x_wconf 90' lang='lat' dir='ltr'><strong>nulla</strong></span> <span class='ocrx_word' id='word_1_818' title='bbox 3317 5598 3591 5666; x_wconf 86' lang='lat' dir='ltr'><strong>patiamini</strong></span> 
     </span>
    </p>
   </div>
   <div class='ocr_carea' id='block_1_116' title="bbox 2002 5685 3590 5757">
    <p class='ocr_par' dir='ltr' id='par_1_116' title="bbox 2002 5685 3590 5757">
     <span class='ocr_line' id='line_1_116' title="bbox 2002 5685 3590 5757; baseline 0.005 -23"><span class='ocrx_word' id='word_1_819' title='bbox 2002 5694 2151 5754; x_wconf 85' lang='lat' dir='ltr'><strong>parte</strong></span> <span class='ocrx_word' id='word_1_820' title='bbox 2188 5685 2403 5752; x_wconf 83' lang='lat' dir='ltr'><strong>violari,</strong></span> <span class='ocrx_word' id='word_1_821' title='bbox 2436 5686 2523 5755; x_wconf 86' lang='lat' dir='ltr'><strong>qui</strong></span> <span class='ocrx_word' id='word_1_822' title='bbox 2558 5687 2819 5755; x_wconf 87' lang='lat' dir='ltr'><strong>placatum</strong></span> <span class='ocrx_word' id='word_1_823' title='bbox 2868 5688 3035 5742; x_wconf 87' lang='lat' dir='ltr'><strong>Deum</strong></span> <span class='ocrx_word' id='word_1_824' title='bbox 3067 5688 3149 5742; x_wconf 85' lang='lat' dir='ltr'><strong>vel</strong></span> <span class='ocrx_word' id='word_1_825' title='bbox 3202 5703 3367 5757; x_wconf 82' lang='lat' dir='ltr'><strong>regno</strong></span> <span class='ocrx_word' id='word_1_826' title='bbox 3408 5698 3590 5742; x_wconf 60' lang='lat' dir='ltr'><strong>vestro</strong></span> 
     </span>
    </p>
   </div>
  </div>
