4022 6168
279 343 333 396 ct
1652 336 1981 395 EPISTULA
2025 338 2108 392 Vl.
3414 346 3482 398 ω

278 453 457 521 cupitis,
508 448 584 503 vel
626 446 799 501 saluti.
865 447 997 499 Data
1050 456 1243 516 quarto
1291 448 1411 503 idus
1460 451 1473 479 ¹
1528 450 1808 505 Januarias
1834 457 1881 513 Α
1982 450 2113 505 Nota
2155 464 2382 520 namque
2424 460 2473 505 ct
2521 454 2768 506 omnibus
2811 453 2915 507 illic
2960 456 3307 521 potestatibus
3335 459 3479 509 cele-

277 550 420 618 (anno
456 541 575 597 Chr.
615 539 775 609 476),
819 539 1074 595 Basilisco
1111 542 1349 610 Augusto
1375 540 1618 613 [Armate
1642 542 1800 615 σπι]

274 634 479 691 consule.

770 765 790 794 ³
832 763 1164 819 EPISTULA
1203 764 1263 817 V.

596 870 838 910 SIMI'LICII
876 871 1022 909 ΡΛΡΕ
1061 871 1127 910 Δί)
1167 870 1415 909 ACACIUM.

262 954 427 1009 Scribit
464 952 664 1012 Acacio,
695 959 750 1001 ut
791 950 929 1001 omni
971 958 1154 1001 conatu
1195 948 1402 1000 obsistat
1436 946 1697 1001 Timotheo
1741 964 1803 1001 ne

323 1023 569 1076 concilium
602 1018 913 1083 universale,
962 1020 1095 1087 quod
1138 1018 1224 1072 ille
1265 1019 1403 1088 apud
1444 1019 1801 1089 imperatorem

321 1096 502 1165 agebat,
532 1092 783 1143 habeatur.

337 1204 616 1273 Simplicius
645 1216 777 1272 papa
808 1199 1007 1323 Aracilo
1036 1200 1293 1270 episcopo
1322 1202 1709 1256 Constantino-

890 1286 956 1323 no
984 1282 1146 1323 uano.

890 1282 1049 1338 potita
1060 1286 1146 1323 no.

313 1364 552 1429 Quant=m
582 1362 1017 1432 presbyterorum
1061 1369 1117 1414 et
1156 1374 1219 1414 ex
1266 1359 1495 1415 diversis
1526 1370 1797 1416 monaste-

251 1457 331 1511 riis
350 1455 559 1509 Domino
581 1453 933 1508 servientium
958 1451 1340 1508 monachorum
1365 1452 1626 1506 relatione
1654 1461 1801 1521 pate-

244 1548 412 1600 factum
441 1555 535 1607 est,
570 1545 841 1599 Ecclesias
868 1542 1075 1596 Domini
1109 1556 1296 1596 rursus
1327 1542 1572 1596 diabolus
1602 1542 1799 1611 inquie-

249 1646 336 1701 tat;
368 1637 431 1690 ita
460 1646 514 1689 ut
536 1636 757 1691 excluso
779 1634 1140 1689 Alexandrino
1163 1634 1463 1701 sacerdote,
1491 1634 1795 1700 hmrcticus,

242 1736 381 1798 atque
421 1730 485 1782 ab
510 1731 858 1782 uniw-rsitate
892 1730 1209 1791 damnatus,
1243 1725 1488 1779 eumdem
1526 1728 1697 1779 lotum
1730 1728 1798 1781 de

1907 544 2052 597 brata
2073 588 2086 605 ,
2119 558 2237 613 quae
2268 550 2465 596 sancta:
2504 546 2773 597 memorite
2805 546 3167 613 prmdt-tessor
3197 564 3346 603 mens
3376 549 3480 603 Lco

1904 635 1968 687 ad
1991 634 2434 689 consultationem
2462 646 2698 703 auguste
2729 637 3111 691 recordationis
3134 637 3327 692 Leuitis
3347 641 3476 693 scri-

1905 727 2100 794 pserit,
2144 734 2199 779 et
2236 740 2390 792 quam
2424 736 2740 780 veneranter
2780 738 2993 795 aerepta
3036 730 3174 794 sint,
3219 746 3480 797 recogno-

1903 827 2055 870 scant
2088 834 2101 869 :
2137 827 2391 885 appareat
2432 818 2508 870 sic
2551 820 2636 887 (ut
2681 819 3035 889 conﬁdimus)
3085 821 3199 889 ejus
3246 822 3482 875 imitator

1906 906 2063 970 fidei,
2096 907 2279 975 cujus,
2314 908 2634 977 propi:iante
2674 910 2809 975 Deo,
2844 910 3053 980 dignior
3092 921 3172 965 est
3202 927 3480 968 successor

1904 995 2111 1062 imperii
2138 1011 2151 1053 :
2184 996 2391 1065 sibique
2414 998 2668 1065 scriptum
2698 1000 2955 1063 restituet,
2990 1001 3239 1069 quidquid
3270 1012 3392 1055 ante
3421 1018 3481 1056 se

1904 1086 2231 1155 principibus
2256 1087 2338 1153 pia
2362 1098 2444 1142 est
2467 1088 2717 1141 traditum
2750 1090 2997 1144 lectione.
3030 1093 3118 1145 Illa
3144 1103 3224 1147 est
3252 1110 3479 1163 namque

1902 1178 2241 1244 perennitas,
2277 1180 2530 1249 regnique
2568 1196 2659 1248 per
2687 1184 2877 1235 seriem
2928 1184 3265 1253 propaganda
3299 1198 3480 1254 poste-

1900 1266 2052 1328 ritas,
2082 1267 2127 1320 si
2152 1269 2199 1321 in
2230 1284 2540 1323 successore
2564 1272 2849 1338 reperimr,
2874 1274 3011 1342 quod
3032 1290 3058 1326 a
3084 1276 3480 1343 praedecessore

1900 1354 2198 1411 descendit.

1974 1446 2116 1500 Hart:
2142 1462 2168 1500 r
2205 1462 2363 1516 ergo,
2395 1448 2557 1503 frater
2587 1449 2893 1515 carissime,
2927 1460 2983 1505 ut
3020 1453 3190 1507 modis
3234 1456 3478 1511 omnibus

1902 1540 2156 1594 fatiendtn
2197 1542 2385 1612 synodi
2434 1558 2806 1612 perversurum
2852 1547 3126 1599 conatibus
3167 1550 3476 1617 resistatur;

1900 1650 2016 1701 qua:
2059 1649 2160 1688 non
2191 1636 2323 1688 alias
2364 1651 2576 1703 semper
2610 1636 2803 1691 indicta
2839 1652 2952 1701 eSt,
2992 1641 3087 1693 ni~i
3120 1657 3239 1694 rum
3280 1644 3477 1713 aliquid

1901 1723 1951 1777 in
1986 1728 2160 1792 pravis
2189 1726 2436 1780 sensibus
2467 1743 2659 1781 novum
2682 1772 2695 1797 ,
2732 1739 2822 1782 aut
2852 1729 2901 1783 in
2934 1732 3231 1787 assertione
3260 1734 3478 1804 dogma-

240 1834 331 1885 quu
359 1821 435 1886 pul
468 1835 527 1870 us
562 1818 742 1871 fuetat
784 1830 1077 1883 occupasse
1121 1816 1357 1881 dicatur;
1403 1816 1639 1883 insuper,
1674 1817 1793 1885 qni-
1830 1826 1875 1884 Β
1903 1825 2009 1869 tum
2035 1817 2253 1871 emersit
2277 1819 2579 1887 ambiguum
2608 1837 2619 1870 :
2646 1819 2774 1873 tttiu
2795 1835 3077 1877 commune
3103 1828 3477 1892 tractantibus,

237 1908 434 1962 busdtm
467 1909 624 1962 [aven
656 1910 800 1972 ibus,
838 1908 1100 1961 Constant
1124 1907 1357 1974 nOpolim
1398 1922 1585 1960 ausum
1631 1906 1794 1962 fuisse

235 1998 551 2064 contendere,
583 2009 644 2051 ut
672 1999 858 2052 civitas
881 1996 1305 2050 Christianorum
1332 1997 1626 2066 principum
1653 2000 1792 2051 circa

233 2091 337 2146 ﬁdei
381 2092 655 2146 catholicae
696 2092 972 2145 veritatem
1020 2089 1305 2143 devotione
1353 2089 1697 2158 ptinet-licus,
1741 2098 1797 2144 et

233 2186 507 2239 Christiana
558 2186 716 2255 plebs
766 2184 817 2237 in
867 2182 1179 2238 defensione
1232 2182 1506 2250 l‘tligionis
1561 2191 1791 2247 attenta,

226 2278 575 2332 hereticorum
609 2278 906 2347 pravitate,
953 2291 1071 2345 quae
1095 2275 1202 2343 jam
1244 2274 1417 2329 fuerat
1446 2278 1645 2343 Sopita,
1678 2284 1791 2326 lur-

230 2368 382 2423 betur.
411 2369 511 2423 Sed
541 2367 915 2424 misericordia
942 2364 1053 2431 Dei,
1086 2365 1238 2434 cujus
1260 2376 1542 2430 estcausa,
1567 2382 1670 2419 non
1699 2365 1793 2419 de-

227 2459 333 2525 fuit,
364 2471 417 2514 ut
443 2462 783 2525 Timotheus,
817 2461 903 2529 qui
934 2458 1001 2512 ab
1032 2457 1321 2511 universali
1355 2456 1588 2511 Eerlesia
1614 2472 1793 2511 sacer-

227 2551 472 2606 dotalibus
499 2550 791 2607 sententiis
825 2559 878 2604 οι
914 2548 1283 2618 imperialibus
1318 2551 1623 2607 constitutis
1649 2549 1792 2617 jnste

220 2641 375 2695 fuerat
397 2654 714 2711 segregatus
744 2640 850 2712 [AL
873 2642 992 2711 jure
1020 2648 1093 2694 est
1123 2639 1445 2710 segregatus]
1466 2680 1480 2703 ,
1514 2639 1576 2691 ad
1612 2639 1793 2692 Eccle-

220 2731 340 2787 siam
359 2742 456 2785 tuae
479 2732 809 2799 dilectionis,
833 2732 915 2785 vel
940 2731 1004 2784 ad
1033 2730 1271 2783 ﬁdelium
1296 2728 1576 2783 domorum
1608 2730 1788 2782 limina

218 2838 310 2877 non
345 2826 753 2893 permitteretur
788 2824 1062 2877 accedete.
1099 2822 1266 2886 Quem
1297 2832 1593 2873 conventus
1625 2835 1789 2873 novos

219 2928 306 2981 pro
344 2929 400 2969 se
438 2916 732 2970 didicimus
769 2913 1115 2976 comminari,
1150 2912 1343 2966 resolvi
1395 2912 1788 2965 exiStitnantt-m

214 3005 342 3073 quod
372 3006 439 3060 de
458 3022 517 3061 se
546 3005 869 3060 universalis
896 3003 1132 3059 decrevit
1162 3001 1470 3056 auctoritas.
1501 3000 1649 3055 Unde
1669 3002 1791 3081 quia

215 3109 398 3151 sancta:
425 3101 707 3153 memoria:
737 3097 1194 3166 prmdcccssorum
1222 3103 1527 3148 nostrorum
1551 3104 1791 3148 exstante

1896 1908 1940 1962 si
1972 1924 2089 1975 quze
2129 1920 2270 1963 e~set
2308 1912 2637 1978 oiscuritas,
2682 1914 3031 1968 sacerdotalis
3077 1916 3477 1975 deliberationis

1898 2000 2221 2055 illuminarct
2252 2002 2567 2061 aurtoritas:
2600 2006 2735 2058 sicut
2769 2008 2993 2070 primum
3025 2008 3158 2073 Arii,
3189 2025 3251 2064 ac
3276 2011 3478 2066 deinde

1898 2091 2157 2156 Nestorii,
2200 2100 2528 2161 postremum
2563 2096 2797 2149 Dioscuri
2830 2106 2989 2164 atque
3026 2098 3334 2169 Eutychetis
3364 2103 3475 2156 ﬁeri

1896 2182 2065 2251 coegit
2106 2183 2366 2250 impietas.
2410 2184 2469 2237 Et
2520 2184 2691 2254 (quod
2732 2188 3096 2242 mis-rirortlia
3139 2190 3334 2246 Christi
3378 2194 3475 2249 Dei

1896 2271 2063 2326 nostri
2095 2272 2379 2327 salvatoris
2408 2285 2613 2329 avettat
2634 2273 2671 2343 ι)
2706 2276 3055 2333 intimandum
3082 2290 3172 2336 est
3198 2283 3476 2338 abomina—

1894 2363 2001 2419 bile
2030 2380 2149 2420 esse.
2178 2376 2361 2420 contra
2390 2369 2680 2425 sententias
2708 2373 2869 2425 totius
2893 2374 3038 2427 orbis
3065 2374 3121 2427 ηε
3145 2378 3273 2429 [ητιιί
3298 2394 3475 2433 sacen-

1894 2456 2076 2510 dotum
2110 2468 2163 2511 et
2194 2460 2487 2529 principum
2529 2462 2803 2528 utrinstpte
2846 2476 3149 2531 rectormn,
3195 2469 3474 2523 damnatos

1894 2563 2016 2602 reos
2054 2552 2363 2617 restituere,
2412 2555 2591 2609 reduci
2634 2556 2880 2622 chttle<,
2927 2559 3188 2627 relegatos
3221 2561 3272 2614 in
3315 2577 3474 2617 causa

1894 2641 2108 2694 nefaria:
2140 2643 2522 2710 eonju'ationis
2547 2644 2771 2699 absolvi.
2805 2646 2983 2715 itaque
3013 2648 3174 2717 (qttnd
3215 2665 3356 2718 turpe
3388 2669 3473 2706 te-

1894 2733 2178 2800 petentium
2225 2732 2342 2802 cst)
2396 2734 2507 2788 lucc
2556 2737 2733 2788 omnia
2782 2737 3215 2793 clementissimis
3259 2741 3474 2796 auribus

1892 2821 2207 2888 suppliciter
2238 2822 2501 2877 intimato.
2534 2823 2719 2878 Veniet
2746 2827 2927 2894 ptocul
2957 2827 3117 2881 dubio
3140 2829 3279 2883 Deus
3302 2832 3354 2885 in
3382 2833 3474 2885 atl-

1888 2910 2143 2978 jutorinm
2173 2922 2404 2965 vestrum
2430 2956 2443 2981 ,
2478 2914 2527 2966 iu
2560 2914 2712 2983 cujus
2743 2931 2901 2969 manu
2931 2933 3025 2972 cor
3056 2921 3194 2988 regis
3229 2936 3350 2977 esse
3388 2939 3474 2978 re-

1893 3001 2066 3055 tinens
2089 3005 2438 3057 constitutum
2471 3006 2750 3073 potestatis
2780 3023 2890 3061 sum
2918 3010 3120 3064 nesciat
3146 3010 3253 3083 [AL
3282 3014 3474 3087 nescit]

1890 3093 2103 3147 aliunde
2132 3095 2472 3167 principium.
2506 3098 2635 3152 Data
2666 3101 2853 3169 quinto
2880 3100 2997 3156 idus
3020 3102 3259 3161 Januarii
3291 3106 3397 3180 ῘΑΙ.
3419 3124 3475 3164 vx

210 3187 473 3257 doctrina,
503 3200 697 3244 contra
724 3203 879 3257 quam
921 3186 1070 3241 nefas
1106 3196 1187 3241 est
1215 3185 1515 3253 disputare,
1548 3186 1787 3254 quisquis
1814 3185 1859 3248 C
1892 3183 1994 3237 cal.
2027 3181 2381 3257 Februarias].

212 3292 345 3334 recte
376 3294 574 3351 sapere
600 3280 825 3345 videtur,
862 3283 1016 3333 noxis
1040 3278 1425 3331 assertionibus
1455 3293 1559 3330 non
1590 3278 1789 3347 indiget

206 3368 433 3435 edoceri,
465 3373 565 3427 sed
601 3373 754 3440 plana
788 3384 945 3440 atque
977 3368 1207 3437 perfecta
1238 3378 1359 3421 sunt
1390 3368 1564 3421 omnia
1597 3369 1789 3437 quibus

208 3474 379 3529 potest
410 3466 491 3519 vel
519 3465 782 3531 deceptus
809 3464 875 3516 ab
905 3460 1173 3516 haereticis
1197 3459 1422 3522 eruditi,
1451 3459 1530 3512 vel
1558 3461 1606 3512 in
1633 3460 1787 3514 vinea

210 3554 407 3611 Domini
448 3557 775 3626 plantandus
807 3555 1044 3620 institui,
1090 3553 1368 3622 implorata
1418 3552 1521 3605 ﬁde
1551 3552 1788 3607 elemen-

212 3648 388 3701 tissimi
429 3646 695 3717 principis
724 3660 906 3699 vocem
950 3644 1204 3699 faciendae
1246 3643 1433 3715 synodi
1464 3642 1547 3697 fac
1578 3643 1786 3712 respui,

216 3750 307 3792 nec
333 3743 398 3793 sit
431 3739 580 3809 apud
614 3754 769 3791 aures
802 3737 1141 3806 imperatoris
1166 3734 1452 3791 Christiani
1485 3737 1629 3804 pigra
1669 3751 1791 3806 sug-

213 3827 397 3894 gestio;
442 3833 570 3899 quia
609 3828 752 3882 salus
789 3828 904 3896 ejus
942 3837 995 3881 et
1034 3829 1179 3896 regni
1222 3825 1388 3895 ipsius
1426 3824 1665 3881 Christus
1708 3836 1792 3881 est

206 3917 484 3975 fortitudo.
1050 3914 1053 3915 ν

278 4011 427 4080 Ergo
457 4027 579 4066 cum
618 4010 885 4081 praedictis
930 4009 1209 4081 presbyter
1232 4023 1258 4063 s
1296 4024 1357 4063 ac
1385 4008 1660 4063 monachis
1686 4023 1789 4078 0p-

202 4108 444 4168 portune
478 4102 657 4170 pietati
686 4102 800 4171 ejus
829 4111 1012 4156 nostro
1037 4116 1246 4170 quoque
1277 4101 1491 4156 nomine
1519 4100 1788 4170 supplica,

195 4200 253 4246 et
301 4194 631 4263 legationem
689 4194 823 4249 hanc
880 4210 976 4261 pro
1025 4195 1176 4249 nobis
1221 4209 1433 4264 quoque
1493 4194 1791 4249 clementiae

198 4283 397 4352 ipsius,
432 4300 505 4340 ne
525 4285 648 4355 quid
679 4286 997 4353 subrepatur
1023 4284 1131 4356 [AL
1156 4283 1509 4355 subripiatur],
1539 4285 1746 4340 insinua
1774 4302 1788 4339 :

190 4376 445 4429 omnium
483 4378 679 4444 pariter
709 4378 954 4446 precibus
987 4384 1299 4442 instruatur,
1332 4393 1400 4432 ne
1431 4393 1525 4448 per
1564 4392 1792 4447 occupa-

192 4463 376 4519 tiones
412 4467 654 4535 publicas
692 4467 851 4535 quit-ti
881 4469 1260 4524 ecclesiastica:
1295 4469 1505 4538 aliquas
1543 4469 1790 4525 inimicus

2423 3321 2443 3351 ³
2482 3322 2815 3379 EPISTULA
2861 3326 2943 3380 Vl.

2272 3425 2515 3465 SIMPLICII
2555 3428 2702 3467 PAP£
2742 3430 2808 3468 AD
2848 3430 3092 3471 ACACIUM.

1891 3520 2224 3574 Cuntmrudat
2265 3522 2508 3575 Acacium
2538 3525 2675 3591 quod
2707 3524 2967 3580 Timotheo
2997 3526 3189 3583 Ᾱίιωο
3219 3530 3361 3584 nulla
3391 3549 3474 3587 cc-

1960 3591 2112 3668 clesia
2140 3592 2577 3662 Constantinoymli
2607 3598 3213 3668 patueritjihortaturque
3234 3605 3472 3656 eumdem

1961 3670 2014 3713 ut
2061 3662 2415 3730 imperatorem
2462 3674 2660 3716 moueat
2704 3681 2764 3719 ne
2805 3662 3232 3725 Chalcedonensis
3271 3675 3474 3729 concitii

1959 3740 2151 3783 statuta
2176 3732 2357 3784 uiolari
2388 3738 2666 3801 permittat.

1886 3843 2194 3911 Simplicius
2219 3846 2505 3916 ClliSi‘OpUS
2532 3847 2728 3925 Acacio
2750 3848 3001 3919 episc0po
3024 3848 3475 3925 Constantinopo-

2589 3917 2775 3972 litano.

1961 4006 2093 4061 Cum
2126 4006 2217 4061 lilii
2262 4008 2427 4061 nostri
2467 4007 2684 4061 illustris
2726 4011 2808 4063 vir
2848 4010 3068 4066 Latinus
3126 4013 3377 4082 patricius
3419 4021 3475 4069 et

1891 4098 2200 4168 spectabilis
2231 4098 2495 4153 Maduaius
2525 4115 2624 4169 pro
2656 4100 2921 4169 legatione
2950 4103 3160 4171 publica
3192 4105 3474 4160 mitteren-

1895 4198 2003 4256 tur,
2034 4192 2302 4260 negligere
2348 4207 2449 4245 nou
2486 4192 2755 4261 potuimus
2813 4194 2953 4261 quod
2987 4196 3131 4250 omni
3178 4196 3472 4254 intentione

1892 4297 2160 4337 curamus.
2200 4284 2449 4338 Proxime
2497 4299 2727 4354 namque
2764 4300 2887 4339 cum
2937 4287 3368 4357 presbyterorum
3418 4299 3472 4346 et

1893 4374 2275 4429 monachorum
2318 4374 2386 4430 de
2428 4375 2710 4429 Timotheo
2747 4376 2874 4430 olim
2921 4377 2989 4430 ah
3030 4378 3316 4435 universali
3369 4381 3472 4436 Ec-

1894 4466 2053 4521 clesia
2085 4474 2331 4534 separato
2356 4466 2568 4533 querela
2593 4467 2844 4528 venisset,
2881 4475 2985 4520 tam
3016 4466 3472 4527 Christianissimo

184 4559 461 4612 moliatur
492 4559 706 4612 insidias
728 4576 740 4613 :
766 4559 1053 4630 integritati
1070 4577 1179 4615 sua:
1201 4561 1614 4616 Alexandrinam
1639 4562 1787 4617 reddi

1899 4557 2117 4627 principi
2157 4571 2314 4625 quam
2362 4555 2632 4609 dilectioni
2674 4564 2775 4609 tuae
2815 4556 3157 4625 scripsimus,
3204 4570 3257 4613 ut
3299 4561 3472 4617 modis

180 4655 425 4715 prmstet
473 4648 795 4713 Ecclesiant,
832 4663 890 4704 et
933 4650 1071 4704 beati
1104 4650 1259 4705 Marci
1292 4652 1629 4720 evangelista
1660 4653 1785 4707 sede

182 4741 410 4796 hostem
447 4740 874 4810 parricidamque
910 4743 1202 4811 propellat;
1243 4751 1299 4798 et
1338 4744 1567 4814 qualiter
1595 4743 1782 4798 catho-

174 4834 305 4889 lica:
341 4834 479 4888 ﬁdei
524 4844 765 4889 tenea'ur
800 4835 1112 4905 integritas,
1155 4837 1205 4889 in
1250 4836 1609 4904 penetralibus
1646 4836 1783 4890 aulae

175 4942 295 4982 suae
327 4925 628 4996 dignanter
655 4926 926 4993 inquirat:
960 4942 1080 4995 qua:
1119 4942 1184 4981 nc
1212 4927 1385 4996 aliqua
1410 4926 1635 4982 forsitan
1661 4927 1782 4982 ﬁdei

177 5017 521 5071 remotorum
571 5014 754 5069 fraude
800 5015 1077 5081 vitientur,
1129 5016 1253 5071 licet
1294 5017 1346 5070 in
1393 5017 1632 5072 ecclesia:
1680 5026 1784 5071 tua:

172 5106 405 5176 possint
434 5103 649 5159 scriniis
680 5104 931 5172 inveniri,
964 5115 1138 5161 tamen
1168 5107 1487 5175 exemplaria
1519 5107 1782 5172 misimus,

172 5214 298 5265 quae
325 5194 530 5267 pietati
560 5196 725 5265 ipsius
752 5196 1081 5265 praeparabis
1110 5197 1217 5269 [AL
1244 5198 1555 5269 properabis]
1579 5198 1779 5253 offerri.

242 5336 258 5366 ³
299 5333 627 5401 Legendum
655 5348 668 5384 :
695 5345 750 5386 tv
776 5346 939 5384 nonas
960 5329 1110 5395 lum,
1145 5331 1281 5401 sicut
1301 5341 1352 5386 et
1371 5333 1421 5385 in
1444 5332 1687 5399 sequenti
1711 5350 1722 5384 :
1747 5349 1776 5384 v

166 5406 291 5458 idus
324 5400 501 5469 lum,
535 5412 589 5455 et
610 5403 663 5455 in
682 5401 907 5470 septima
937 5418 948 5451 :
983 5416 1038 5453 ill
1069 5402 1122 5454 id
1146 5400 1298 5466 Jun.,
1331 5410 1385 5455 ut
1411 5405 1777 5471 suspicabatur

164 5472 580 5543 Bollandusiad
603 5471 800 5543 diem?
826 5472 1023 5543 mensis
1044 5472 1237 5543 illartii,
1264 5472 1352 5543 ubi
1384 5473 1450 5525 de
1476 5473 1531 5526 S.
1562 5472 1776 5543 Simpli-

162 5547 250 5598 cio
283 5545 437 5612 agit.
473 5541 843 5612 V’iderlhgium
868 5540 931 5595 ad
964 5540 1174 5612 an.Ch.
1199 5541 1323 5606 476,
1349 5558 1402 5595 n.
1430 5542 1517 5596 Μ.

236 5617 258 5645 ²
301 5611 454 5667 Haec
491 5620 575 5665 est
612 5611 698 5663 illa
735 5612 957 5676 epistola
1005 5611 1070 5665 ad
1108 5615 1355 5667 Acacium
1395 5612 1589 5679 scripta
1618 5628 1775 5681 quam

158 5686 439 5754 pontifex
476 5688 741 5754 patentem
768 5692 824 5754 et
863 5683 1099 5754 nondum
1126 5682 1455 5750 obsignatam
1487 5698 1606 5754 cum
1646 5700 1779 5752 pra:-

160 5751 430 5811 ccdenle
462 5751 682 5817 epistola
714 5752 855 5804 misit
878 5753 940 5805 ad
968 5754 1339 5822 imperatorem
1368 5754 1457 5809 illo
1488 5753 1589 5809 ﬁne
1618 5751 1670 5810 et
1692 5770 1781 5810 ar-

488 5847 755 5906 PATBOL.
820 5845 1033 5906 LVIII.

1888 4648 2135 4704 omnibus
2155 4647 2319 4701 resist
2335 4656 2372 4698 tl
2397 4660 2463 4699 ne
2485 4644 2609 4715 quid
2635 4645 3007 4701 ha'reticorum
3029 4660 3215 4703 contra
3241 4649 3469 4706 Chalce-

1888 4739 2131 4794 donense
2159 4736 2443 4792 Concilium
2488 4737 2736 4791 moliatur
2781 4738 3038 4805 audacia,
3081 4741 3248 4793 frater
3293 4742 3466 4796 caris-

1890 4832 2056 4896 sime;
2087 4840 2141 4885 et
2174 4828 2475 4883 dilectionis
2503 4837 2604 4882 tuae
2636 4829 2900 4884 laudando
2923 4830 3300 4895 constantiam,
3332 4834 3467 4887 mul-

1892 4930 2003 4976 tum
2036 4920 2223 4983 nobis,
2255 4920 2362 4973 imo
2394 4917 2494 4988 ip-i
2532 4920 2754 4972 Domino
2782 4922 2989 4988 placere
3027 4924 3465 4991 memoravimus,

1888 5011 2030 5082 quod
2058 5011 2366 5066 damnatum
2396 5010 2666 5065 hominem
2698 5026 2801 5064 non
2827 5012 2999 5066 solum
3024 5013 3164 5077 ﬁdei,
3188 5016 3278 5069 sed
3300 5018 3463 5072 etiam

1892 5102 2164 5173 parricidii
2208 5117 2397 5171 causa,
2446 5104 2640 5157 nul-lam
2678 5103 3139 5173 Constantinopoli
3183 5108 3464 5163 ecclesiam

1893 5197 2116 5252 introire
2140 5196 2469 5265 permiseris.
2494 5195 2644 5260 Quod
2670 5210 2812 5249 nunc
2835 5198 3026 5249 iterum
3051 5211 3460 5253 commonemus
3508 5200 3513 5205 ”

1884 5340 2138 5402 gumento
2165 5344 2271 5402 quo
2296 5343 2453 5402 supra
2485 5327 2618 5402 disi.
2643 5327 2768 5381 Sev.
2800 5327 2977 5402 Bittius

1952 5402 1972 5432 ³
2014 5401 2159 5455 lianc
2186 5396 2469 5467 epistolam
2501 5398 2739 5467 aliastpte
2769 5398 3053 5450 nonnullas
3092 5396 3336 5464 ejusdetn
3373 5413 3463 5453 ar-

1881 5462 2154 5539 gumenti,
2186 5462 2471 5523 occasione
2511 5462 2736 5535 publica:
2783 5467 3060 5539 legationis
3095 5462 3266 5539 gnam
3320 5470 3465 5525 misit

1881 5535 2123 5597 Ddoacer
2151 5539 2216 5593 ad
2254 5540 2556 5603 Zenonem,
2592 5541 2786 5593 Aracio
2827 5536 3058 5602 scripsit.
3095 5535 3171 5589 Ex
3208 5536 3463 5594 Vaticano

1880 5612 2063 5668 codice
2087 5619 2384 5675 acceptam,
2408 5612 2743 5679 primumque
2764 5615 2906 5679 tonio
2933 5608 2948 5659 ι
2974 5606 3326 5674 Epistolarum
3357 5612 3463 5664 lto-

1883 5698 2162 5739 manorutn
2186 5682 2493 5749 pontiﬁcum
2517 5677 2792 5740 excusam,
2827 5677 2930 5731 huc
2955 5679 3320 5735 transtulimus
3340 5697 3461 5735 cum

1883 5753 2244 5823 sequentibus.
2279 5754 2403 5808 Ssv.
2438 5750 2635 5806 BBMUS.

2985 5840 3024 5898 2
