4022 6168
374 318 444 371 45
1722 304 1957 360 EPISTU

2096 302 2201 356 νιιι
3557 302 3626 356 48

370 438 427 481 et
450 427 592 493 justa
621 428 780 483 sunt,
811 418 1004 474 nostris
1044 431 1255 486 quoque
1297 414 1625 485 temporibus
1654 416 1826 484 eloqui
1863 430 1953 482 po-
1980 421 2029 478 Α
2061 428 2171 466 ram
2199 412 2354 481 longe
2384 413 2588 481 potiora
2617 429 2774 483 quant
2802 415 2958 483 cupio
2993 434 3005 466 :
3035 416 3127 471 sed
3162 418 3261 471 ntei
3283 433 3486 471 meumr
3512 418 3629 472 ofﬁ-

374 516 572 571 teutias
597 512 810 566 Domini
842 512 923 563 vix
955 511 1206 579 quaelibet
1236 509 1465 562 humana
1497 509 1674 577 lingua
1702 509 1948 562 Sufﬁciet.

372 609 505 673 Quis
551 604 749 659 etenim
800 602 973 656 valeat
1018 603 1103 655 vet
1144 601 1463 670 cogitatione
1507 603 1819 669 coutpfecti,
1870 601 1953 656 vel

370 715 505 753 voce
535 698 877 766 depromere,
906 691 1047 761 quod
1076 694 1126 745 in
1156 693 1271 761 ipso
1297 693 1571 762 utriusque
1600 693 1676 746 rei
1709 692 1955 747 laboran-

371 793 445 846 tis
472 790 701 844 articulo
729 795 783 842 et
808 786 945 840 votis
989 784 1214 853 publicis
1242 784 1511 853 religionis
1541 795 1738 839 sanctas
1778 784 1957 838 reddi-

370 883 457 937 dit
480 895 576 935 vos
608 876 807 949 quieti,
847 876 947 930 nisi
978 875 1118 945 quod
1170 875 1298 929 tanti
1338 876 1766 929 consideratione
1794 876 1955 929 mira-

372 974 481 1028 culi
513 970 851 1027 clamandum
874 978 959 1022 est
987 982 1107 1021 cum
1140 968 1399 1037 pr0pheta
1428 984 1440 1019 :
1475 966 1603 1020 Ilwc
1632 978 1702 1021 est
1744 970 1955 1021 mutatio

372 1067 600 1117 dextera:
628 1061 813 1129 excelsi
846 1058 1015 1127 (Psal.
1048 1056 1256 1126 LXXVI),
1289 1073 1407 1126 qua:
1432 1058 1729 1112 exultantes
1759 1072 1955 1114 semet-

346 1156 526 1223 .ipsos
557 1162 802 1223 potenter
829 1149 1090 1213 liumiliat,
1123 1159 1177 1202 et
1209 1147 1551 1202 hutniliantes
1582 1164 1637 1201 se
1662 1150 1956 1206 clementer

372 1245 621 1301 exaltat?
662 1242 719 1297 ln
763 1243 951 1312 quibus
988 1241 1146 1294 etiam
1182 1240 1227 1294 si
1263 1241 1673 1307 dispensationis
1711 1257 1957 1308 superna:

376 1338 623 1408 Sagacins
651 1349 903 1389 mensura
942 1334 1184 1397 libretur,
1228 1332 1465 1400 profecto
1495 1332 1769 1388 evidenter
1798 1349 1959 1402 appa-

376 1440 495 1495 ret,
539 1428 662 1483 ideo
693 1426 1014 1497 perfidorum
1063 1424 1342 1491 irrepsisse
1388 1424 1673 1491 perniciem
1695 1466 1708 1490 ,
1740 1434 1798 1479 ut
1829 1426 1959 1481 [idus

369 1498 676 1576 clementia:
738 1529 843 1570 true
904 1516 1062 1569 etiam
1126 1516 1265 1567 inter
1328 1513 1551 1567 adversa
1610 1514 1954 1582 probaretur;

367 1621 692 1681 quantoque
738 1610 905 1676 magis
952 1605 1109 1659 rebus
1154 1605 1326 1673 urgeri
1373 1603 1680 1657 crederetur
1718 1603 1955 1670 infestis,

368 1714 522 1758 tanta
558 1703 751 1755 clarius
777 1710 949 1753 vestra
979 1697 1385 1765 magnanimitas
1414 1695 1717 1749 immineret
1755 1711 1768 1747 :
1802 1705 1959 1763 atque

2058 506 2145 569 cii,
2183 507 2232 560 in
2259 506 2394 562 hanc
2425 516 2626 577 partem
2657 508 2991 563 clementiam
3021 520 3162 563 tuam
3193 509 3312 564 ideo
3342 510 3627 579 prolixiora

2058 596 2243 650 hortor
2288 596 2544 665 alloquio,
2598 600 2718 667 quia
2761 599 2968 666 imperii
3000 601 3070 652 tui
3122 600 3322 669 pariter
3351 610 3406 655 et
3443 600 3630 657 salutis

2054 687 2270 750 atiectu,
2296 688 2402 743 ill-is
2444 700 2493 742 te
2529 690 2702 742 cattsi‘
2734 689 2996 744 inhaerere
3026 706 3237 760 semper
3263 705 3479 760 exopto,
3510 694 3631 761 qui-

2057 779 2154 832 bus
2193 780 2324 833 solis
2353 790 2406 833 et
2427 781 2714 848 .prmsentis
2748 782 2891 849 regni
2925 783 3185 835 stabilitas
3210 784 3546 839 custoditur.
3579 794 3632 837 et

2059 869 2243 924 κιθῑηί
2266 870 2434 939 gloria
2466 880 2824 940 comparatur.
2861 870 3011 925 Unde
3052 882 3175 926 ante
3206 874 3384 927 omnia
3418 888 3625 941 precor,

2060 968 2117 1013 ut
2158 960 2569 1015 A-lexandrinam
2621 963 2914 1016 Ecclesium
2975 980 3079 1016 non
3122 965 3296 1018 minus
3346 980 3375 1017 a
3425 964 3632 1020 funesto

2058 1064 2218 1119 quam
2262 1051 2331 1106 ab
2363 1052 2612 1106 haeretica
2643 1068 2927 1121 pervasore
2957 1056 3254 1108 clementia:
3294 1065 3487 1110 vestra:
3526 1056 3633 1110 dis-

2063 1146 2416 1214 positionibus
2448 1148 2761 1215 liberatam,
2793 1149 3059 1202 catholico
3098 1164 3159 1203 ac
3203 1150 3438 1219 legitimo
3481 1151 3633 1204 resti-

2060 1235 2134 1288 tui
2164 1236 2429 1290 censeatis
2454 1238 2713 1301 autistiti;
2758 1241 2941 1307 eisque
2982 1240 3142 1292 etiam
3173 1256 3305 1308 quos
3333 1240 3633 1296 temeritate

2060 1326 2321 1380 diabolica
2350 1328 2577 1382 ditersis
2616 1329 2857 1382 αρσια-διεδ
2880 1329 3155 1383 ordinasse
3186 1330 3493 1397 perhibetur
3523 1331 3636 1397 eje-

2059 1418 2179 1480 ctis,
2214 1433 2372 1472 reeta:
2404 1419 2520 1473 lidei
2548 1420 2823 1488 subrogari
2852 1421 3187 1473 constituatis
3222 1421 3502 1488 episeopos
3533 1437 3546 1474 :
3578 1432 3634 1474 ut

2060 1511 2197 1563 sicut
2228 1510 2608 1578 rempublicam
2641 1520 2871 1565 vestram
2900 1526 2928 1565 a
2960 1512 3237 1583 tyrannica
3269 1510 3634 1565 dominatione

2064 1602 2355 1669 purgastis,
2391 1602 2459 1654 ita
2486 1602 2680 1671 ubique
2714 1602 3007 1656 Ecclesiam
3041 1602 3132 1656 Dei
3165 1602 3232 1655 ab
3262 1601 3633 1657 ha-reticorum

2063 1692 2356 1746 latrociniis
2414 1702 2571 1760 atque
2617 1693 2875 1762 contagiis
2928 1696 3165 1756 eruatis;
3214 1708 3315 1747 nec
3366 1695 3415 1746 id
3462 1695 3635 1762 potius

367 1795 444 1848 ob
496 1797 598 1847 hoc
647 1788 1068 1845 mansuetudinis
1129 1798 1317 1840 vestr-.1.-
1362 1786 1429 1840 de
1472 1787 1951 1854 Constantinopoli-
1988 1786 2035 1845 Β
2064 1783 2358 1849 przevalere
2407 1784 2698 1851 patiamini,
2741 1783 2883 1852 quod
2930 1784 3179 1851 iniquitas
3228 1790 3549 1851 temporum,
3581 1794 3635 1836 et

371 1892 503 1935 tana
531 1881 661 1934 urbe
684 1881 992 1948 provenisse
1018 1878 1330 1940 discessum,
1356 1887 1411 1927 ιιι
1434 1876 1795 1929 universorum
1817 1878 1956 1931 desi-

365 1973 544 2027 deriis
574 1970 827 2040 expetiti,
873 1970 1036 2038 gloria
1078 1968 1277 2034 majore
1311 1966 1589 2030 rediretis;
1640 1976 1695 2020 ut
1725 1982 1785 2021 ex
1827 1983 1957 2021 con-

368 2063 658 2117 trariorum
682 2061 955 2131 periculzs,
981 2058 1118 2128 quod
1160 2058 1211 2111 in
1247 2058 1394 2111 vobis
1424 2068 1567 2112 esset
1595 2058 1800 2111 eunztis
1827 2059 1956 2114 utile

369 2161 706 2208 misceretur.
744 2150 1007 2204 Davidicm
1048 2148 1296 2201 nimirum
1340 2146 1483 2200 illius
1517 2147 1727 2201 virtutis
1764 2162 1953 2202 exem-

368 2246 487 2316 plo,
532 2258 632 2314 qua
657 2243 910 2313 singulari
945 2240 1194 2310 pat’eutia
1226 2240 1423 2293 crdens
1453 2240 1722 2307 paululum
1764 2239 1957 2294 furori-

368 2337 477 2390 bus
511 2334 809 2404 particidte,
841 2334 1094 2387 continuo
1123 2331 1398 2385 victoriam
1441 2330 1752 2399 populorum
1788 2332 1957 2399 prec?—

368 2429 473 2482 bus
509 2426 817 2495 imploratos
852 2424 1221 2492 prmstantiore
1254 2423 1462 2491 faStigio
1492 2432 1574 2476 Cal
1623 2439 1868 2477 reversus
1903 2427 1953 2477 in

369 2535 621 2589 regnum.
672 2517 876 2570 La‘tare
920 2517 1096 2583 igitur,
1140 2514 1458 2567 venerabilis
1507 2516 1816 2579 imperator,
1863 2530 1956 2569 eos

371 2610 544 2664 fuisse
574 2620 689 2663 tuos
714 2608 897 2662 hostes
927 2609 1015 2677 qui
1040 2606 1360 2661 exstiterunt
1395 2605 1693 2659 Divinitatis
1724 2606 1952 2674 inimici;

370 2710 537 2770 atque
583 2699 752 2770 gaude
782 2714 899 2752 cum
950 2698 1187 2751 Ecclesia
1232 2697 1523 2761 laborasse,
1578 2707 1630 2750 et
1670 2712 1788 2749 cunt
1834 2698 1953 2751 (ἰςῐεί

370 2791 657 2847 Catholica:
681 2792 921 2844 libertate
950 2789 1231 2857 imperium
1262 2789 1587 2850 resututum,
1622 2796 1779 2856 atque
1821 2799 1871 2841 ut
1905 2789 1956 2841 in

372 2882 627 2937 omnibus
655 2881 849 2935 doceas
888 2894 1098 2932 causam
1132 2878 1223 2931 tibi
1253 2892 1371 2932 cum
1408 2878 1515 2931 Deo
1556 2893 1675 2932 e-sc
1714 2894 1957 2934 commu-

372 2988 528 3038 nem,
560 2975 709 3039 cu,’us
740 2987 839 3038 ope
870 2970 1093 3023 viriliter
1124 2969 1291 3022 fretus
1319 2970 1540 3030 insiste;
1592 2980 1642 3021 ut
1674 2986 1769 3038 per
1797 2987 1954 3038 quem

373 3068 622 3136 publicos
647 3066 987 3119 incubatores
1012 3063 1238 3133 subegit,
1266 3062 1749 3135 Ecclesiieqnoque
1775 3063 1957 3132 depel-

2059 1890 2152 1929 eos
2182 1890 2315 1943 quos
2339 1891 2442 1930 noa
2473 1876 2642 1929 solum
2680 1888 2858 1930 vestro
2889 1879 3134 1944 imperio,
3177 1876 3270 1930 sed
3299 1887 3352 1930 et
3385 1876 3435 1929 in
3466 1876 3635 1930 Deum

2056 1981 2270 2035 quoque
2308 1968 2520 2023 rebellis
2562 1968 2781 2036 spiritus
2823 1970 3142 2031 concitavit;
3187 1984 3342 2037 quam
3374 1970 3513 2037 quod
3558 1978 3635 2021 tot

2060 2060 2299 2128 tantique
2342 2060 2639 2128 pontifices,
2692 2071 2745 2114 et
2788 2075 2907 2114 cum
2951 2063 3180 2130 egregiis
3218 2062 3636 2125 ortliodoxisme

2060 2150 2400 2216 pontiﬁcibus
2437 2151 2753 2204 universalis
2800 2151 3052 2205 Ecclesia:
3083 2152 3316 2206 decrevit
3359 2168 3633 2207 assensus.

2056 2239 2505 2296 Chalcedonensis
2531 2242 2720 2311 synodi
2759 2245 3070 2307 constituta,
3103 2244 3184 2297 vel
3223 2258 3285 2296 ea
3314 2259 3432 2313 qua:
3466 2245 3635 2298 beata:

2059 2331 2331 2385 memoria:
2375 2332 2738 2400 prmdecessor
2785 2349 2933 2388 mens
2976 2334 3083 2388 Leo
3128 2337 3417 2404 apostolica
3451 2335 3637 2389 erudi-

2060 2423 2202 2476 tione
2247 2424 2542 2489 perdocuit,
2602 2425 2916 2479 intemerata
2975 2427 3153 2493 vigere
3199 2428 3464 2494 jubeatis;
3515 2429 3636 2496 quia

2060 2528 2155 2568 nec
2181 2516 2289 2569 ullo
2320 2517 2479 2569 modo
2508 2518 2785 2571 retractari
2818 2526 2993 2586 potest
3022 2519 3162 2588 quod
3195 2519 3409 2573 illorum
3444 2520 3635 2573 deﬁni-

2058 2606 2202 2660 tione
2242 2606 2470 2674 s0pitum
2508 2617 2613 2672 est,
2655 2624 2752 2663 nec
2784 2609 3046 2663 ullatenus
3080 2611 3244 2678 recipi
3293 2610 3488 2665 totiens
3532 2625 3637 2664 uno

2060 2695 2295 2765 undique
2336 2712 2430 2751 ore
2468 2698 2771 2752 damnatus.
2807 2700 2922 2767 Ipsa
2968 2709 3050 2754 est
3097 2702 3313 2769 quippe,
3364 2702 3499 2755 sicut
3531 2718 3637 2755 ex-

2058 2786 2194 2854 perti
2242 2788 2392 2851 estis,
2447 2788 2712 2841 catholica
2760 2788 2909 2855 ﬁdes,
2960 2805 3078 2859 qua:
3122 2802 3368 2860 potentes
3405 2793 3472 2847 de
3509 2794 3637 2849 sede

2059 2875 2186 2930 laesa
2217 2876 2488 2946 deposuit,
2515 2889 2567 2933 ct
2601 2879 2916 2934 exaltaudos
2955 2880 3184 2936 humiles
3223 2898 3285 2937 cu
3320 2883 3482 2938 todita
3522 2900 3639 2938 ser-

2060 2969 2223 3021 vavit.
2257 2969 2440 3035 Quare
2482 2971 2613 3025 satis
2651 2972 2911 3040 agendum
2956 2984 3038 3027 est
3079 2976 3259 3043 pietati
3310 2985 3433 3042 tute,
3465 2979 3637 3046 utqui

2062 3058 2220 3126 hujus
2249 3059 2341 3113 tibi
2367 3072 2554 3115 auctor
2582 3070 2663 3116 est
2686 3062 2832 3128 doni,
2872 3064 2943 3117 sit
2972 3062 3087 3131 ipse
3113 3066 3271 3118 etiam
3300 3075 3637 3135 propagator.

372 3165 452 3217 lat
485 3172 760 3231 tyrannos.
794 3159 944 3213 Sicut
972 3158 1112 3211 enim
1149 3155 1317 3223 pietas
1353 3164 1526 3207 vestra
1564 3156 1751 3209 nn-rito
1777 3166 1953 3211 recte-
1983 3158 2029 3220 C
2063 3149 2189 3204 Data
2223 3161 2413 3205 octavo
2459 3153 2549 3223 [31.
2583 3152 2820 3224 septimo]
2873 3156 2993 3209 idus
3033 3155 3281 3210 Octobris
3312 3158 3473 3229 (anno
3508 3157 3635 3214 Chr.

375 3268 485 3322 que
515 3251 748 3316 conlidit,
788 3251 879 3303 illo
910 3265 1005 3304 nos
1037 3257 1275 3314 tempore
1318 3246 1444 3299 nihil
1478 3247 1617 3299 aliud
1663 3247 1828 3301 Deum
1863 3266 1960 3302 no-

374 3356 551 3400 strum
579 3343 889 3411 suppliciter
916 3341 1249 3408 implorasse,
1283 3352 1437 3406 quam
1472 3347 1527 3390 ut
1550 3338 1702 3390 nobis
1734 3336 1956 3392 Romani

378 3434 591 3504 imperii
637 3433 893 3502 prmsules
933 3432 1117 3501 quales
1165 3446 1302 3482 nunc
1336 3430 1621 3496 loquimur,
1664 3431 1955 3485 redderen-

379 3539 503 3591 tur;
546 3526 613 3579 ita
659 3524 954 3593 exspectari
999 3523 1198 3589 cernis,
1245 3531 1301 3575 ut
1352 3520 1654 3589 hujusmodi
1711 3537 1805 3576 vos
1840 3538 1959 3579 esse

380 3625 622 3690 ipsorum
678 3631 889 3673 actuum
947 3617 1205 3688 qualitate
1266 3618 1595 3671 monstretis.
1656 3616 1955 3683 ltespicite,

378 3714 587 3782 qua-so,
639 3721 876 3781 august-.2
932 3709 1203 3764 memoriae
1259 3710 1509 3765 Marciani
1559 3718 1717 3777 atque
1768 3709 1960 3763 Leonis

380 3808 533 3858 omni
578 3804 774 3856 mundo
822 3802 1162 3869 conspicuam
1212 3801 1469 3854 catholica
1510 3801 1792 3855 devotione
1833 3814 1960 3853 con-

374 3896 633 3951 stantiam
660 3912 673 3958 ;
696 3905 747 3948 et
777 3893 975 3947 salubri
1008 3892 1438 3947 consideratione
1472 3892 1802 3961 perpendite,
1835 3907 1955 3945 cum

382 3989 438 4041 in
470 3987 659 4040 eodem
689 3986 805 4038 loco
836 3992 979 4038 stare
1001 3983 1337 4052 nequiverint
1367 3982 1455 4051 qui
1488 3984 1553 4034 ab
1589 3998 1770 4035 eorum
1806 3982 1961 4036 recti-

387 4079 574 4132 tudine
596 4078 895 4138 deviarunt,
936 4088 1298 4127 successorem
1341 4073 1498 4141 regiae
1528 4072 1804 4140 potestatis
1830 4071 1961 4141 lt-gi-

380 4172 601 4230 timum,
628 4182 687 4221 ac
714 4168 971 4221 divinitus
1005 4165 1313 4219 attributum
1345 4181 1466 4218 eum
1493 4164 1605 4218 iure
1637 4164 1751 4218 sine
1776 4165 1957 4234 dubio,

386 4266 477 4329 qui
511 4262 720 4315 illorum
751 4259 870 4314 tidei
908 4258 1203 4326 perstiterit
1242 4257 1496 4309 imitator.
1530 4257 1722 4320 Debes,
1764 4257 1961 4326 glorio-

392 4343 599 4407 sisSimc
622 4360 674 4405 et
702 4349 1114 4405 clementissime
1147 4348 1218 4401 iiii
1251 4350 1557 4416 imperator,
1588 4358 1825 4416 augustae
1852 4364 1961 4401 me-

390 4446 575 4499 morize
603 4451 867 4498 tantorum
891 4440 1122 4494 virorum
1152 4440 1439 4508 taliumque
1461 4439 1836 4505 reverentiam,
1869 4439 1963 4492 de-

2061 3243 2189 3311 477)
2222 3252 2340 3311 post
2369 3245 2701 3299 consulatum
2735 3247 2975 3302 Basilisei
3005 3256 3057 3301 et
3091 3247 3318 3302 Armati.

2681 3380 3006 3436 EPISTOLA

2419 3510 2589 3549 ACACII
2619 3513 2685 3550 AD
2721 3511 3013 3552 δωριτοιωι
3046 3514 3212 3551 ΡΑΡΛΜ
3234 3508 3279 3551 ⁸.

2064 3605 2387 3675 Simplicium
2427 3608 2489 3659 de
2529 3609 2892 3661 Alexandrina
2920 3607 3166 3663 Ecclesia:
3207 3621 3341 3663 statu
3378 3614 3637 3667 certiorem

2136 3677 2280 3747 facit,
2314 3679 2534 3730 scribens
2578 3679 2638 3730 ob
2677 3678 2929 3730 Timothei
2958 3678 3180 3733 haeretici
3232 3694 3462 3747 mortem,
3496 3683 3641 3739 Petri

2135 3745 2318 3823 Mat;in
2340 3749 2568 3823 ejusdem
2622 3747 2862 3823 Ecclesia:
2911 3750 3275 3823 perlurjatoris
3309 3745 3504 3823 fugam,
3549 3771 3641 3822 pa-

2133 3833 2238 3868 cem
2272 3816 2517 3871 Ecclesia:
2543 3819 2793 3871 rcdditam
2819 3834 3033 3885 esse,'ac
3068 3816 3385 3875 Timotheum
3404 3816 3511 3877 sua}
3533 3816 3642 3878 sedi

2133 3887 2435 3939 restitutum.

2067 3998 2293 4053 Domino
2324 4000 2643 4077 beatissimo
2676 4003 3036 4077 sanc‘toypatri
3079 4003 3480 4077 archiepiscopo
3522 4006 3638 4077 [pa-

2308 4070 2543 4123 triarcltw
2564 4071 2820 4142 episcopo]
2848 4073 3126 4140 Simplicio
3153 4077 3395 4129 Aeacius.

2137 4161 2560 4217 Sollicitudinem
2612 4164 2850 4217 omnium
2902 4164 3295 4231 Ecclesiarum,
3344 4166 3636 4222 secundum

2065 4254 2380 4322 Apostolum
2413 4253 2497 4325 (ΙΙ
2533 4253 2651 4311 Cor.
2686 4258 2783 4325 ιι).
2819 4256 3279 4323 circumferentes,
3318 4273 3414 4312 nos
3443 4259 3640 4315 indesi-

2068 4355 2255 4399 nenter
2287 4344 2594 4410 hortamini,
2624 4347 2867 4415 quamvis
2896 4357 3086 4416 sponte
3115 4348 3393 4417 vigilantes
3421 4365 3481 4404 ac
3504 4367 3638 4419 prae-

2068 4448 2345 4491 currentes
2380 4455 2391 4489 :
2423 4439 2518 4491 sed
2547 4452 2639 4491 vos
2659 4438 2895 4492 divinum
2928 4439 3097 4493 zelum
3130 4440 3286 4493 solito
3316 4440 3509 4513 [divino
3530 4442 3638 4497 zelo

390 4540 489 4593 bes
514 4538 656 4591 vices
693 4534 1001 4589 muneribus
1033 4531 1147 4585 Dei.
1187 4531 1279 4584 llle
1311 4539 1363 4586 te
1407 4531 1471 4583 ad
1505 4531 1726 4585 istorum
1756 4531 1965 4585 reduxit
1994 4540 2042 4599 ι)
2069 4528 2333 4599 sollicitos]
2376 4530 2779 4594 demonstratis,
2810 4540 3003 4584 statum
3041 4532 3414 4588 Alexandriam
3455 4534 3639 4589 Eccle-

392 4629 712 4700 itnperium:
746 4636 797 4678 tu
848 4625 955 4677 Deo
985 4622 1099 4677 istis
1145 4623 1371 4677 similem
1418 4622 1581 4675 redde
1627 4621 1957 4676 famulatum.

386 4724 456 4776 Et
488 4720 607 4789 quia
640 4718 752 4771 haec
781 4719 934 4770 beato
969 4715 1221 4782 Apostolo
1258 4712 1481 4767 docente
1511 4728 1607 4765 nos
1646 4712 1803 4766 Petro
1844 4727 1961 4767 mea

394 4827 565 4881 nuper
594 4808 892 4862 humilitate
933 4804 1276 4875 prmdicante,
1320 4803 1546 4857 rel'utata
1575 4812 1717 4864 sunt,
1750 4818 1779 4855 a
1809 4818 1965 4856 casu-

393 4905 488 4967 ris,
526 4902 635 4954 Deo
664 4898 886 4959 fautore,
921 4894 1197 4963 proﬁciant
1243 4894 1293 4946 in
1327 4894 1475 4960 regni
1519 4893 1783 4948 soliditate
1812 4910 1962 4948 mau-

391 4996 555 5049 suris.
587 4990 839 5061 Equidem
882 4987 1074 5042 litteris
1104 5002 1235 5055 quas
1265 4994 1442 5040 vestra
1481 4987 1759 5039 clementia
1800 4986 1961 5040 desti-

392 5086 566 5149 navit,
624 5087 810 5153 pignus
864 5082 1179 5136 immensum
1230 5080 1548 5135 veneranda:
1600 5081 1961 5150 religiositatis

390 5178 680 5243 accipiens,
708 5183 762 5227 et
792 5172 990 5242 ingenti
1020 5171 1370 5240 gratulatione
1399 5172 1626 5239 reSpiro,
1660 5181 1713 5224 (ι
1741 5173 1962 5225 omnino

390 5282 499 5319 non
528 5263 737 5333 ambigo
763 5272 996 5316 mentem
1029 5270 1255 5315 vestram
1288 5259 1339 5313 in
1374 5262 1531 5314 rebus
1562 5261 1756 5315 divinis
1780 5275 1960 5330 gestu-

463 5430 490 5456 ιι
522 5420 577 5472 In
610 5416 730 5473 cod.
766 5414 1036 5469 vetustiss.
1064 5412 1385 5480 Frisingeusi
1425 5427 1581 5475 δίει,
1618 5421 1672 5464 ut
1707 5412 1828 5465 alibi
1859 5428 1955 5466 an-

389 5490 605 5549 notavi.
666 5503 788 5548 vtn,
840 5486 954 5538 haec
1009 5484 1230 5552 epistola
1282 5488 1352 5536 ita
1404 5484 1949 5549 enuntiaturzlncip.

387 5560 680 5630 exemplum
709 5555 930 5628 epistolae
953 5570 1100 5625 quem
1125 5552 1246 5625 (sic)
1278 5553 1410 5605 misit
1437 5552 1652 5605 Aeacius
1672 5555 1739 5604 ad
1768 5564 1954 5606 sancti:

390 5682 631 5728 veranter
656 5688 824 5733 orans,
854 5671 917 5723 ab
947 5670 1170 5722 humana
1200 5667 1299 5720 vita
1339 5666 1520 5719 hausto
1546 5662 1738 5719 'veneno
1767 5667 1966 5720 solutus

389 5755 491 5803 at.
518 5743 593 5797 Ita
616 5744 666 5798 iu
695 5742 1037 5811 semetipsum
1056 5740 1202 5809 justo
1230 5738 1321 5794 Dei
1347 5735 1549 5807 judicio
1578 5736 1772 5793 vindex
1798 5739 1965 5793 scele-

2068 4619 2162 4673 sire
2193 4620 2391 4675 certius
2434 4620 2798 4687 requirentes;
2833 4631 2889 4674 ut
2933 4636 3028 4689 pro
3072 4624 3305 4690 p..teruis
3346 4627 3639 4679 canonibus

2069 4710 2372 4776 suscipiatis
2418 4710 2678 4775 laborem,
2725 4712 2965 4780 piissimo
3003 4714 3264 4769 stillantes
3307 4716 3501 4771 sudore
3544 4733 3639 4786 pro

2070 4801 2170 4865 liis,
2205 4802 2341 4854 sient
2368 4816 2579 4869 semper
2609 4812 2691 4856 est
2730 4805 3103 4870 approbatum.
3138 4805 3244 4860 Sed
3275 4806 3513 4861 Christus
3538 4809 3641 4862 Do.

2071 4895 2246 4947 minus
2270 4904 2469 4961 noster,
2501 4896 2588 4961 qui
2619 4896 2961 4963 diligentibus
2988 4911 3046 4950 se
3077 4898 3128 4950 in
3167 4898 3361 4951 bonum
3384 4914 3641 4969 coopera-

2070 4996 2154 5041 tnr
2190 4988 2366 5059 (Rom.
2419 4991 2551 5058 vin),
2598 4991 2794 5045 nostris
2833 4993 3239 5061 cogitationibus
3292 4997 3548 5061 insidens,
3584 5006 3641 5052 et

2071 5094 2230 5132 uuam
2257 5081 2406 5135 nubit
2441 5083 2489 5134 in
2519 5082 2600 5136 his
2628 5093 2859 5137 mentem
2888 5094 3043 5151 atque
3073 5087 3314 5141 eamdem
3344 5104 3437 5157 pro
3465 5089 3635 5159 gloria

2068 5187 2161 5226 Stta
2193 5188 2313 5229 esse
2340 5189 2689 5243 cognoscens,
2715 5192 2929 5230 onmem
2956 5179 3230 5233 victoriam
3254 5180 3367 5248 ipse
3392 5180 3632 5249 perfecit,

2068 5274 2347 5319 consortes
2381 5280 2478 5319 nos
2505 5282 2623 5321 cum
2658 5267 3096 5337 tranquillissime
3129 5271 3368 5340 principe
3402 5269 3635 5335 faciens,

2062 5419 2317 5471 memoria:
2346 5418 2667 5494 Sinip_licium
2697 5439 2886 5494 papam
2914 5425 3156 5478 Romam:
3182 5428 3338 5494 urbis,
3370 5427 3453 5481 ubi
3486 5429 3635 5484 domo

2062 5497 2242 5540 natum
2277 5491 2447 5543 retulit
2474 5489 3138 5548 Petrum—Alexandrinum.

2073 5682 2191 5720 rum
2213 5680 2429 5722 suorum
2461 5667 2769 5734 insurrexit,
2801 5666 2886 5720 cui
2913 5667 3259 5733 imperatores
3288 5669 3374 5737 qui
3407 5683 3637 5736 princes-

2074 5744 2260 5794 scrunt
2283 5738 2462 5808 inique
2495 5738 2779 5794 admodum
2812 5738 3142 5805 iguoverant.
3172 5739 3296 5795 Ssv.
3333 5741 3533 5796 Bittius.
3630 5766 3633 5767 ν
