4022 6168
394 325 459 379 Π
1738 315 1959 369 Silll‘Ll

2087 314 2287 371 ΡΛΡᾹΞ
3576 314 3643 365 ις

391 444 446 488 ct
489 429 822 486 Timotheum
852 428 1065 496 quidem
1102 425 1463 490 decessorem,
1513 424 1806 493 spirantem
1842 442 1963 492 pro-
1994 433 2040 490 Α
2072 426 2170 489 dit,
2216 440 2335 494 quze
2387 439 2483 479 nos
2512 425 2706 479 liberos
2758 438 2853 493 pro
2899 423 3108 492 populis
3151 421 3465 478 Christianis
3504 431 3643 490 aput

389 526 573 585 cellas,
609 533 665 577 et
690 521 1106 576 ecclesiasticam
1143 519 1581 587 tranquiltitatem
1616 517 1777 586 (sicut
1803 534 1963 586 appa-

388 616 517 684 ruit)
556 613 984 673 conturbantem,
1028 611 1148 663 vita:
1176 609 1430 664 subduxit
1468 609 1734 673 humanas,
1782 610 1965 664 dicens

388 711 433 761 ei
459 723 475 759 :
501 706 633 759 Tace
657 715 703 758 et
726 705 1008 757 obmutesce
1025 701 1219 770 (Marc.
1252 701 1347 771 tv).
1384 702 1594 755 l’etrum
1620 717 1850 771 quoque,
1876 704 1964 772 qui

387 798 453 849 ah
484 794 808 849 Alexandria
842 806 991 846 more
1025 792 1272 845 similiter
1302 790 1529 862 [similis]
1562 791 1807 860 procellze
1845 806 1966 844 sor-

389 895 624 949 rexerat,
650 882 952 949 dissipavit,
996 892 1156 948 atque
1186 882 1236 941 in
1267 892 1518 934 aeternam
1552 882 1724 949 fugam
1755 882 1965 949 (sancto

387 977 589 1046 Spiritu
622 976 803 1043 ﬁante)
833 974 1121 1032 convertit.
1162 988 1324 1026 unum
1368 984 1424 1027 et
1457 976 1625 1043 ipsum
1664 974 1732 1027 de
1765 976 1846 1028 his
1874 975 1962 1043 qui

386 1071 511 1120 olnn
554 1069 763 1121 fuerant
786 1066 1040 1119 damnati.
1078 1065 1220 1119 Sicut
1247 1065 1389 1119 enim
1424 1067 1474 1119 in
1505 1068 1701 1121 nostris
1731 1067 1963 1121 archivis

389 1156 661 1229 [conciliis]
697 1158 969 1210 inventum
1001 1164 1102 1222 est,
1150 1153 1299 1208 etde
1348 1155 1543 1209 vestris
1581 1156 1791 1210 scrin-iis
1819 1156 1963 1227 [stre-

388 1247 552 1318 nue],
603 1248 647 1301 si
697 1246 987 1315 dignamini
1033 1246 1327 1314 requirere,
1384 1246 1625 1313 poteritis
1673 1262 1965 1316 agnoscere

386 1355 505 1406 qua:
535 1340 587 1393 in
631 1346 872 1405 tempore
922 1336 989 1391 de
1039 1336 1227 1390 eodem
1271 1336 1576 1401 subsecu'a,
1625 1336 1691 1390 ab
1734 1338 1964 1391 Alexan-

387 1431 544 1483 drino
582 1428 833 1497 episcopo
883 1426 1106 1480 Romam
1152 1426 1218 1479 ad
1267 1425 1585 1480 alterutrum
1630 1428 1737 1479 sint
1778 1427 1960 1481 relata.

386 1520 486 1587 Qui
515 1520 704 1574 Petrus
733 1519 905 1573 noctis
936 1515 1173 1571 existens
1213 1515 1373 1579 ﬁlius,
1407 1523 1461 1571 et
1497 1530 1715 1585 operum
1742 1518 1844 1572 diei
1876 1517 1963 1571 lu-

389 1613 625 1668 centium
649 1613 856 1665 alienus
876 1624 1161 1679 apparens,
1188 1612 1408 1664 omnino
1434 1612 1679 1665 tenebras
1707 1612 1772 1665 ad
1804 1612 1964 1665 latro-

387 1705 587 1758 cinium
644 1700 1007 1772 peragendum
1061 1715 1357 1769 congruas,
1410 1716 1594 1755 earum
1646 1713 1965 1770 coaperator

388 1794 669 1849 inveniens
691 1791 865 1847 media
896 1799 1075 1855 nocte,
1107 1789 1283 1844 adhuc
1299 1790 1514 1859 jaccnte
1537 1790 1793 1845 cadavere
1823 1792 1964 1846 illius
1995 1808 2042 1868 Β

387 1886 473 1954 qui
503 1892 756 1953 paternos
784 1896 1020 1935 canones
1045 1880 1406 1944 subverterat,
1452 1881 1740 1949 insepulto,
1778 1882 1965 1937 subre-

388 1976 492 2046 psit
523 1978 571 2029 in
613 1974 793 2029 sedem
827 1973 1098 2045 [surripuit
1133 1970 1346 2043 sedem],
1373 1971 1505 2026 sicut
1537 1972 1652 2040 ipse
1678 1973 1964 2026 arbitratus

387 2077 494 2133 est,
536 2080 645 2121 uno
674 2074 728 2119 et
758 2064 875 2120 solo
917 2073 1203 2135 prteseutc,
1255 2073 1309 2118 et
1338 2079 1403 2117 eo
1447 2065 1534 2129 qui
1565 2077 1786 2118 consors
1824 2064 1966 2118 illius

395 2158 677 2213 insistebat
697 2156 938 2222 insaniae,
969 2156 1038 2210 ita
1070 2150 1131 2209 ut
1152 2165 1373 2225 propter
1402 2155 1502 2209 hoc
1525 2155 1817 2224 majoribus
1840 2169 1966 2224 sup-

388 2252 561 2319 pliciis
585 2250 909 2305 subderetur
942 2267 953 2300 :
985 2264 1085 2303 nec
1116 2249 1253 2316 quod
1296 2249 1543 2317 sperabat
1576 2249 1825 2302 effectum
1857 2254 1959 2302 est.

389 2343 492 2399 Sed
524 2342 613 2396 ille
634 2340 845 2411 quidem
871 2339 937 2394 de
967 2354 1025 2393 se
1055 2354 1119 2393 ex
1153 2348 1301 2408 parte
1332 2340 1411 2393 vel
1448 2339 1667 2392 minima
1694 2338 1960 2408 judicans,

388 2448 645 2501 nusquam
678 2432 889 2501 penitus
913 2430 1132 2483 omnino
1172 2430 1489 2497 comparuit.
1530 2431 1841 2482 Timotheus
1872 2443 1963 2481 au-

388 2544 492 2584 tem
517 2540 856 2599 paternorum
880 2542 1141 2581 canonum
1172 2534 1373 2591 custos,
1407 2526 1495 2595 qui
1526 2525 1791 2579 Davidica:
1813 2540 1963 2577 man-

386 2619 679 2674 suetudinis
703 2616 950 2686 exemplo
988 2616 1256 2680 subditur,
1289 2624 1340 2669 et
1376 2631 1545 2683 usque
1585 2615 1637 2668 itt
1686 2615 1842 2667 ﬁnem
1873 2629 1962 2682 pa-

398 2711 555 2775 tiens,
599 2718 758 2777 atque
789 2706 1037 2776 potestati
1067 2706 1296 2776 propria:
1341 2706 1618 2760 restitutus
1648 2720 1678 2758 a
1727 2705 1960 2772 Christo,

386 2802 615 2873 propria:
641 2800 784 2855 sedis
818 2802 1019 2854 honore
1053 2800 1261 2853 [tutatur
1289 2816 1301 2850 :
1336 2808 1390 2852 et
1428 2799 1786 2867 spirivualium
1830 2797 1965 2849 lilio-

388 2911 503 2947 rttm
539 2907 699 2947 voces
739 2892 1028 2959 accipiens,
1078 2891 1301 2959 gratiam
1354 2891 1644 2941 ('ttrali0:tis
1689 2901 1965 2957 ex~pectat

388 2984 737 3053 multiplicato
766 2982 818 3036 itt
840 2997 897 3037 se
922 2982 1125 3036 h0nore
1155 2998 1182 3034 a
1206 2980 1419 3035 Christo
1448 2982 1684 3049 principe
1711 2981 1963 3034 sacerdo-

387 3089 495 3130 tum
530 3094 541 3129 :
578 3082 799 3144 praptcr
825 3088 982 3142 quem
1029 3085 1081 3127 ct
1111 3074 1411 3128 tolerantim
1452 3087 1704 3126 coronam
1753 3074 1962 3126 sibimet

2068 516 2510 584 omnipotentiam
2561 516 2838 570 cmleStem
2877 521 3094 583 praestat
3122 513 3462 582 interpretes.
3495 513 3646 567 Sicut

2067 626 2195 682 ergo
2236 612 2287 665 in
2320 609 2492 663 reditu
2527 606 2707 661 fratris
2739 619 2786 661 et
2824 604 3125 675 coep'scopi
3176 605 3345 658 nostri
3375 604 3643 660 Timothei

2068 703 2422 774 gratulamur,
2465 702 2534 753 ita
2559 716 2677 753 eum
2704 709 3082 752 cotntnOnente
3122 696 3407 751 dilectione
3437 706 3523 751 tua
3550 714 3645 749 cu-

2067 795 2240 863 pimus
2292 789 2815 860 irrcprehensibiletn
2867 787 3090 856 reperiri
3129 806 3140 839 :
3174 787 3299 856 quia
3351 787 3642 841 meministi

2068 883 2190 948 hoc,
2223 897 2342 936 eum
2385 880 2696 950 jamdudum
2739 880 2909 934 ﬁdelis
2947 880 3189 947 prtesulis
3237 894 3340 933 non
3389 878 3643 933 habuisse

2066 972 2445 1037 constantiam,
2476 972 2690 1042 quando
2718 972 2787 1035 ei,
2826 981 2884 1024 ut
2913 971 3145 1024 damnati
3181 969 3415 1024 Dioscori
3448 984 3639 1022 nomen

2068 1067 2208 1121 inter
2252 1065 2437 1119 altaria
2479 1066 2816 1129 recitaretur,
2863 1071 3130 1117 extortum
3168 1071 3271 1116 est.
3315 1061 3443 1115 Data
3483 1061 3641 1114 tertio

2067 1159 2187 1213 idus
2239 1157 2413 1212 Martii
2464 1157 2621 1227 (anno
2666 1154 2787 1211 Chr.
2834 1155 2986 1223 478),
3037 1156 3132 1209 Illo
3175 1154 3292 1209 viro
3340 1153 3642 1209 clarissimo

2065 1251 2303 1305 consule.

2628 1340 2955 1395 EPISTOLA
2989 1341 3030 1394 Χ
3046 1379 3061 1394 .

2235 1448 2475 1489 εικριιοιι
2506 1449 2652 1487 ΡΑΡᾸΕ
2692 1450 2757 1486 ΑΙ)
2799 1447 3038 1485 ZENONEH
3076 1446 3465 1487 ιλιιιεηλτοιιειι.

2066 1542 2273 1597 Cratias
2303 1547 2408 1613 agit
2454 1541 2775 1595 Timotheum
2806 1542 3166 1613 Alemandrinae
3207 1541 3445 1613 Ecclesite
3486 1543 3636 1595 resti-

2140 1612 2581 1684 tutumpeumque
2625 1624 2768 1684 roget
2799 1623 2851 1664 ut
2892 1612 3094 1663 Parrum
3133 1613 3359 1684 ejusdem
3394 1612 3639 1666 Ecclesia:

2138 1683 2534 1753 perturbatorem
2566 1682 2753 1754 expelli
2766 1684 2965 1754 jubeat.

2277 1796 2582 1865 Simplicius
2608 1797 2892 1864 episcopus
2923 1794 3122 1848 Zenoni
3154 1786 3413 1864 Augusto.

2141 1891 2241 1944 Per
2271 1890 2485 1944 Petrum
2516 1891 2683 1943 virum
2726 1888 3069 1957 spectabilem
3110 1887 3358 1942 comitem
3392 1884 3639 1941 P'ac'dite

2067 1981 2414 2035 nobilissimae
2464 1979 2675 2033 feminae
2728 1977 2857 2031 olim
2911 1976 3214 2030 divinorum
3279 1976 3639 2030 exsultatione

2067 2089 2367 2137 munerum,
2395 2071 2730 2141 triumphalis
2764 2071 2813 2123 in
2851 2070 3078 2122 Domino
3107 2068 3256 2138 regni
3287 2068 3448 2123 vestri
3472 2068 3640 2138 gloria

2065 2164 2335 2231 dilatatur,
2387 2180 2508 2216 cum
2556 2162 2875 2216 universalis
2925 2161 3176 2215 Ecclesia:
3216 2159 3408 2229 gaudio
3439 2160 3641 2213 medio-

2065 2256 2266 2310 critatis
2293 2272 2422 2308 mea!
2454 2254 2661 2309 litteras
2692 2254 2950 2307 obtulisse
2976 2250 3344 2315 meminerim;
3376 2266 3474 2305 nec
3506 2251 3592 2302 int-
3614 2264 3641 2303 r

2065 2348 2344 2401 ttniver~ns
2394 2346 2671 2399 catholica!
2722 2343 2841 2397 ﬁdl‘i
2877 2343 3183 2396 sarcrdotes
3224 2357 3384 2409 oprra
3431 2341 3641 2394 Domini

2066 2438 2231 2490 nostzi
2260 2437 2341 2490 vel
2388 2437 2533 2489 solus
2575 2436 2721 2504 potui
2752 2446 2950 2497 tacere,
2997 2434 3078 2487 vel
3122 2432 3322 2501 primus
3355 2447 3368 2484 :
3409 2430 3528 2500 quia
3556 2445 3641 2484 sc-

2065 2528 2296 2582 cundunt
2330 2527 2542 2581 beatum
2577 2526 2794 2579 Paulum
2823 2524 3119 2594 apostolum
3146 2521 3231 2593 (II
3256 2522 3376 2575 Cor.
3402 2524 3520 2589 xu),
3543 2522 3641 2575 Ec-

2066 2621 2348 2677 clesiarum
2380 2620 2614 2673 omnium
2642 2634 2825 2672 curam
2876 2618 3167 2683 sustinens,
3212 2618 3340 2670 mihi
3372 2630 3635 2670 summam

2065 2712 2241 2781 gaud-i
2270 2711 2334 2765 de
2360 2711 2563 2766 reddita
2590 2725 2685 2780 pro
2714 2712 2885 2764 cletne
2914 2710 3001 2762 .tia
3037 2719 3210 2763 watra
3238 2724 3420 2761 carum
3463 2706 3639 2774 quiete

2067 2803 2371 2871 specialiter
2418 2800 2704 2865 vindic.tvi,
2755 2804 2895 2869 quad
2946 2815 3041 2852 vos
3083 2798 3382 2852 Divinitatis
3420 2797 3640 2863 auxilio,

2066 2895 2286 2958 deget-tis
2342 2894 2613 2962 religionis
2665 2902 2717 2944 et
2759 2893 2903 2960 regni
2964 2892 3225 2958 hostibus,
3287 2889 3642 2943 meruerimus

2068 2984 2263 3037 habere
2320 2984 2566 3045 victores,
2622 2991 2675 3035 et
2732 2981 2784 3035 in
2844 2996 2949 3033 uno
3006 2980 3302 3048 eodemque
3355 2988 3639 3047 proventu,

2069 3077 2285 3130 Christo
2316 3078 2365 3130 in
2404 3076 2555 3129 nobis
2588 3075 2784 3144 ubique
2816 3073 3080 3138 vincente,
3122 3081 3175 3125 ιιι
3204 3072 3380 3124 cultus
3413 3085 3551 3124 verte
3583 3072 3641 3121 li-

382 3171 653 3239 religavit.
712 3168 984 3222 Attentius
1030 3166 1191 3236 igitur
1231 3174 1349 3219 oret
1392 3175 1565 3220 vestra
1617 3166 1884 3219 heatitudo
1912 3174 1965 3219 et
1995 3171 2037 3235 C
2069 3171 2173 3229 dei.
2216 3179 2269 3223 et
2301 3177 2471 3221 status
2500 3176 2583 3222 est
2613 3177 2886 3235 reparatus
2915 3165 3121 3233 imperii
3148 3180 3162 3216 :
3196 3163 3333 3232 quod
3360 3170 3641 3229 utrumque

386 3276 483 3330 pro
518 3259 977 3313 Clttistianissimo
1027 3255 1370 3325 imperatore,
1422 3267 1473 3310 et
1514 3272 1611 3326 pro
1656 3256 1960 3324 nobisipsis.

386 3352 527 3406 Nihil
555 3351 698 3406 enim
728 3348 1145 3419 przntermittitur
1175 3362 1359 3402 eorum
1390 3363 1509 3416 quin
1551 3347 1616 3401 ad
1666 3348 1960 3400 cuStodiam

387 3442 765 3498 ecclesiastica:
812 3440 1103 3509 reSpiciunt
1139 3439 1457 3509 disciplina.
1501 3438 1816 3492 Universum
1859 3439 1965 3491 fra-

389 3534 692 3588 ternitatem
725 3548 843 3601 qua:
885 3530 1155 3583 vobiscum
1208 3539 1290 3583 est
1324 3533 1375 3582 in
1405 3528 1644 3591 Christo,
1698 3540 1749 3582 et
1782 3544 1879 3597 ego
1911 3537 1962 3581 et

382 3626 474 3695 qui
516 3639 722 3679 mecum
768 3630 911 3687 sunt,
954 3621 1271 3674 salutamus.
1309 3619 1372 3672 Et
1404 3621 1507 3673 alia
1549 3636 1722 3673 manu.
1776 3619 1829 3671 In
1863 3618 1965 3671 Do-

388 3715 530 3769 mino
566 3713 920 3779 conserveris,
973 3713 1310 3766 sanctissime
1356 3722 1409 3766 et
1453 3712 1761 3766 bentissimc
1811 3721 1964 3780 pater

389 3805 499 3876 [ora
521 3820 613 3874 pro
640 3804 803 3865 nobis,
833 3803 1115 3869 justissime
1137 3800 1323 3870 pater].

958 3933 1288 3987 EPISTULA
1324 3933 1413 3987 ιχ.

772 4038 1013 4078 ειυιιωοιι
1040 4040 1186 4078 ΡΑΡΕ
1224 4042 1292 4077 At)
1324 4041 1569 4079 ACACIL'II.

386 4118 689 4174 Gratulatur
716 4118 1031 4171 Timetlteum
1064 4120 1389 4172 Alexandria:
1421 4122 1712 4189 cpiaropnm
1747 4119 1961 4171 cut/toli-

629 4205 743 4241 cum
792 4205 898 4241 sua:
930 4189 1171 4241 Erclesiu:
1201 4190 1361 4258 fuisse
1396 4190 1706 4244 reatitutum.

384 4280 692 4352 Simplicius
735 4280 1021 4349 episcopus
1050 4279 1246 4403 Aciirio
1292 4281 1546 4349 episeopo
1575 4280 1959 4336 Constantino-

1052 4365 1119 4403 ΠΟ
1146 4360 1307 4403 ttano.

1052 4365 1307 4419 pomano.

452 4442 621 4508 Quam
652 4443 722 4496 sit
761 4441 949 4497 efﬁcax
995 4440 1408 4512 supplicantium
1456 4440 1681 4494 Domino
1712 4457 1961 4510 perseve-

2071 3260 2188 3312 idco
2226 3257 2394 3311 fuerat
2426 3258 2659 3325 (diabolo
2689 3271 2747 3311 se
2784 3256 2847 3309 ad
2883 3266 3089 3325 tempus
3121 3254 3497 3323 interscrente)
3529 3262 3637 3306 tur-

2067 3349 2269 3412 batunt,
2304 3358 2358 3401 ut
2396 3346 2706 3401 alterutrius
2746 3346 3068 3401 adversariis
3114 3344 3407 3413 dissipatis,
3441 3358 3641 3412 przrco-

2070 3440 2151 3493 nia
2194 3441 2382 3493 ﬁerent
2426 3438 2628 3507 majora
2682 3438 2979 3503 vincentis;
3019 3438 3157 3491 unde
3208 3445 3311 3490 tam
3368 3437 3642 3504 praeclara:

2067 3530 2291 3584 fructum
2323 3532 2529 3583 virtutis
2572 3530 2794 3598 adeptus
2819 3544 2939 3584 cum
2972 3529 3149 3582 laetitia
3194 3527 3456 3582 universal
3481 3543 3505 3580 s
3540 3526 3639 3579 Ec-

2064 3622 2241 3676 clesia-
2266 3638 2405 3676 nunc
2427 3640 2636 3691 quoqttc
2662 3622 2776 3675 sine
2797 3622 3098 3676 cessntione
3132 3622 3297 3685 facio;
3332 3630 3508 3675 tacere
3532 3637 3639 3674 non

2067 3729 2282 3783 possum
2325 3714 2523 3780 grati-is
2568 3714 2683 3767 sine
2714 3712 2875 3767 dubio
2920 3727 3182 3780 perennes
3229 3712 3366 3780 quod
3408 3711 3639 3780 antiqua:

2060 3818 2311 3872 vera‘quc
2340 3804 2455 3856 fidei
2489 3802 2540 3855 in
2574 3804 2735 3857 fratre
2774 3813 2827 3857 et
2856 3803 3175 3870 coepiscopo
3207 3817 3326 3856 meo
3356 3802 3639 3855 Timotheo

2066 3893 2481 3948 Alexandrinam
2529 3893 2823 3947 Ecclesiam
2864 3894 3204 3958 reddidisus,
3247 3893 3400 3963 cujus
3442 3896 3507 3947 ad
3555 3909 3638 3947 me

2066 4002 2236 4054 nuper
2278 3987 2391 4041 litte
2425 4004 2469 4041 ω
2507 4000 2891 4053 commeantes,
2925 3988 3144 4055 expulsa
3180 3987 3497 4057 profanitate
3537 3987 3638 4040 Eu-

2067 4076 2295 4147 tychetis
2341 4089 2502 4148 atque
2549 4079 2787 4133 Dioscuri
2825 4079 3221 4145 damnatorum,
3272 4080 3336 4132 ad
3378 4079 3638 4147 regendos

2063 4165 2394 4222 orthodoxos
2440 4168 2579 4222 beati
2618 4168 2759 4222 Petri
2790 4178 2845 4223 et
2890 4168 3229 4238 evangelista:
3260 4169 3421 4222 Marci
3452 4168 3636 4222 sedem

2069 4257 2230 4327 (quod
2276 4267 2399 4313 ante
2427 4269 2756 4328 compertum
2794 4260 2898 4328 est)
2926 4274 2984 4314 se
3013 4260 3279 4330 recepisse
3309 4276 3638 4314 cointnetno-

2065 4351 2234 4415 ravit;
2260 4351 2485 4406 incitans
2509 4368 2607 4406 nos
2636 4353 2895 4417 volentes,
2928 4364 2983 4406 ut
3020 4352 3133 4407 haec
3166 4354 3276 4421 ipsa
3310 4354 3521 4422 pietatis
3548 4371 3637 4407 ve-

2064 4443 2189 4496 stris
2231 4443 2476 4497 seusibus
2521 4459 2565 4497 ri
2586 4443 2866 4497 ferremus.
2911 4444 2979 4499 Ut
3010 4460 3140 4512 ergo
3168 4444 3524 4512 tranquillitas
3556 4460 3638 4499 vc~

384 4533 551 4585 rantia
585 4534 947 4598 sacerdotum,
997 4542 1052 4587 et
1098 4548 1253 4602 quam
1290 4532 1525 4601 jucunde
1558 4536 1851 4602 gratuletur
1879 4534 1957 4587 af-
1986 4537 2036 4597 ι)
2062 4536 2155 4589 stri
2191 4548 2442 4605 perpetua
2474 4545 2525 4589 ct
2556 4536 2659 4588 fixa
2692 4536 2761 4590 sit
2784 4537 2951 4606 regni,
2983 4536 3220 4607 quietem
3245 4553 3399 4606 quam
3434 4546 3583 4591 cunct
3611 4552 3635 4590 s

382 4622 544 4686 fectu,
572 4622 805 4676 studium
838 4623 978 4691 quod
1010 4623 1309 4677 defensioni
1360 4623 1481 4677 ﬁdei
1513 4624 1736 4677 sinceris
1768 4626 1960 4680 tuenti-

358 4714 482 4791 bus
540 4714 841 4779 exhibetur,
888 4714 1077 4767 litteris
1121 4723 1226 4767 tua:
1275 4714 1578 4768 dlectionis
1630 4725 1954 4784 agnoscitur,

380 4807 594 4875 quando
624 4815 744 4875 post
772 4814 915 4859 tanta
959 4807 1273 4870 certumina,
1307 4805 1501 4874 quibus
1536 4806 1628 4861 Dci
1655 4810 1959 4863 misericor-

380 4898 469 4951 dia
499 4899 549 4951 itt
579 4911 740 4951 causa
773 4898 1004 4967 propriae
1035 4897 1311 4966 religionis
1337 4897 1561 4953 famulos
1589 4908 1643 4953 et
1684 4902 1957 4956 tninisttos

379 5004 489 5042 ML!)
533 4990 866 5044 constizuens
919 4992 1192 5058 potestati,
1234 4991 1639 5059 probatissimos
1688 4994 1787 5047 sibi
1831 4994 1957 5047 fecit

379 5096 501 5136 esse
532 5081 783 5143 victores,
812 5082 1075 5151 siquidem
1105 5082 1471 5139 Alexandrina
1501 5086 1691 5141 Eccles
1714 5103 1743 5141 a
1775 5087 1954 5141 divino

381 5173 594 5228 tandem
621 5174 823 5243 judicio
854 5175 1100 5240 liberata,
1138 5177 1190 5229 in
1224 5177 1551 5231 Consortium
1591 5182 1954 5235 communium

380 5280 478 5320 nos
507 5266 775 5319 adviicans
802 5266 1136 5334 gaudiorum,
1164 5285 1283 5322 eum
1315 5270 1401 5338 qui
1432 5271 1497 5323 ab
1524 5272 1589 5323 Ιι.ι
1610 5274 1778 5325 retico
1810 5272 1955 5340 fuga-

380 5364 464 5408 tus
492 5356 681 5421 fuerat,
708 5357 771 5409 ad
803 5358 918 5426 ejus
939 5358 1119 5413 sedem
1147 5360 1366 5413 rediisse
1389 5362 1621 5415 testaris.
1657 5361 1806 5416 Unde
1836 5363 1953 5416 ani-

382 5450 481 5501 mis
512 5452 896 5505 exsultantibus
941 5451 1006 5504 ad
1048 5453 1361 5505 universalis
1411 5451 1664 5507 Ecclesia:
1693 5454 1947 5523 quietem,

379 5538 594 5595 (lhrtsto
632 5543 737 5596 Deo
788 5553 969 5597 nostro
1020 5558 1115 5612 pro
1152 5544 1323 5596 salute
1377 5543 1604 5611 primum
1656 5545 1951 5599 ﬁdelissimi

381 5631 638 5707 principis
666 5636 1050 5701 supplicamus,
1095 5635 1177 5687 cui
1221 5652 1315 5701 pro
1356 5635 1659 5701 devotione,
1694 5652 1793 5705 qua
1825 5654 1953 5690 tun-

380 5734 493 5776 etes
522 5725 791 5779 antevenit
838 5725 1162 5793 sacerdotes,
1196 5725 1366 5793 pictas
1401 5724 1512 5781 lucc
1542 5726 1717 5781 d:vina
1761 5743 1952 5785 concev

2063 4630 2114 4682 in
2158 4640 2452 4682 memorata
2498 4628 2740 4683 Ecclesia
2788 4629 3134 4698 praestitistis,
3177 4629 3417 4699 pervigili
3460 4642 3636 4700 pr0!c-

2062 4720 2236 4775 ctione
2279 4722 2540 4775 custodite
2575 4740 2585 4774 :
2618 4732 2670 4776 et
2718 4722 2857 4789 quod
2895 4722 3115 4791 juvante
3160 4738 3254 4776 vos
3286 4722 3511 4776 Domino
3543 4738 3636 4787 pro

2061 4814 2420 4868 innocentium
2457 4815 2653 4869 fecistis
2700 4817 2870 4870 salute
2921 4816 3245 4881 animarum,
3300 4814 3638 4883 religimiwc

2059 4907 2236 4961 studio
2285 4916 2339 4962 et
2384 4908 2655 4975 diligentia
2704 4908 2989 4962 attentiore
3029 4908 3289 4975 protegite
3322 4923 3335 4959 :
3368 4908 3488 4974 quia
3532 4925 3634 4961 non

2064 4997 2288 5051 minoris
2328 5007 2409 5052 est
2463 4999 2645 5068 gloria:
2692 4998 2831 5067 quod
2869 4998 3173 5051 condideris
3226 5008 3443 5051 servare
3476 5012 3634 5064 quam

2063 5089 2358 5142 concedi-re
2388 5086 2681 5161 [condere];
2722 5101 2777 5145 et
2806 5093 3053 5146 omnibus
3077 5101 3155 5145 cst
3186 5089 3486 5159 probatum,
3522 5100 3633 5140 tau-

2063 5186 2172 5232 tum
2209 5178 2357 5232 vobis
2402 5178 2564 5233 divini
2600 5180 2793 5237 favoris
2825 5183 3151 5249 impensum,
3190 5194 3447 5249 quantum
3480 5178 3632 5232 Chri-

2062 5268 2247 5323 stiana:
2271 5268 2513 5338 religioni
2541 5285 2569 5323 a
2604 5281 2778 5326 vestra
2815 5272 3008 5340 pietate
3034 5281 3116 5325 est
3146 5271 3450 5325 sedulitatis
3477 5269 3631 5323 exin-

2060 5361 2251 5415 bitunt.
2283 5360 2343 5414 Et
2368 5364 2612 5431 quamvis
2645 5364 2695 5416 in
2723 5364 2868 5416 omni
2895 5372 3043 5429 parte
3074 5365 3220 5432 regni
3248 5363 3328 5416 sui
3362 5360 3632 5429 profutura

2054 5450 2234 5506 divina
2273 5452 2437 5507 cultui
2467 5454 2792 5522 providentia
2825 5466 3001 5508 vestra
3034 5472 3139 5509 non
3180 5456 3458 5509 desisteret
3491 5452 3634 5504 curis

2058 5544 2281 5612 publicis
2329 5547 2765 5617 tranquillitatem
2816 5547 3069 5602 Ecclesia:
3118 5549 3396 5615 pra-ferre,
3447 5559 3631 5614 precer

2057 5645 2231 5691 tamen
2276 5647 2332 5691 ιιι
2386 5637 2526 5706 quod
2578 5654 2676 5707 per
2716 5652 2813 5692 nos
2851 5640 2993 5694 serio
3038 5639 3296 5708 postulat,
3342 5638 3448 5689 imo
3489 5633 3629 5700 quod

2057 5730 2154 5800 ipsi
2204 5732 2483 5801 specialius
2540 5732 2924 5799 supplic;unns,
2976 5734 3190 5788 l‘etrum
3252 5726 3633 5787 Alexandrinae
