4022 6168
378 342 453 396 ω
1772 336 2105 395 EPISTOLA
2148 336 2259 391 ΧΗ.
3581 335 3651 390 50

379 457 637 510 ιιι-ειυδίεθ
689 470 1053 522 pervasorcm,
1112 464 1165 509 et
1204 455 1270 510 ob
1320 455 1421 507 hoc
1464 452 1583 522 jure
1631 452 1962 518 damnatmn,
1991 461 2040 519 Α
2070 450 2276 522 sumus)
2307 452 2359 506 in
2387 452 2564 521 aliqua
2611 450 2866 519 religione
2914 452 3088 524 [forte
3119 450 3356 523 regione]
3402 452 3650 519 antiquus

376 549 503 615 quia
540 547 719 599 moliri
748 546 992 615 quaedam
1026 547 1196 600 latens
1227 547 1278 599 in
1310 544 1664 598 Alexandrina
1698 543 1858 614 (sicut
1896 542 1963 597 ad

376 652 478 689 nos
520 642 780 704 scriptum
832 636 935 703 est)
967 636 1185 689 civitate
1223 648 1406 689 contra
1449 633 1563 688 haec
1598 648 1718 702 quae
1748 648 1777 685 a
1817 633 1966 687 vobis

376 736 504 780 sunt
561 734 782 788 statuta,
843 738 1209 791 memoratur,
1249 724 1317 779 ad
1364 725 1631 779 exteriora
1686 723 1962 779 transferri

376 817 628 886 piissima
674 819 1032 886 praeceptione
1076 817 1331 885 iubeatis,
1384 831 1451 871 ne
1495 818 1701 887 aliquos
1740 818 1964 871 modicae

376 909 507 962 fidei
540 909 703 977 (quod
734 909 911 965 facere
955 909 1290 979 perhibetur)
1322 908 1543 976 inliciat,
1567 918 1621 964 et
1647 908 1713 963 ad
1747 924 1964 978 pervero

373 1001 562 1054 sitatis
586 1015 700 1055 sua:
732 1001 1087 1055 instrumenta
1131 1001 1394 1055 traducat.
1431 1001 1610 1071 Longe
1637 1001 1744 1054 sint
1775 1001 1841 1055 ab
1889 1001 1965 1053 in-

373 1091 703 1146 nocentibus
727 1092 1025 1160 pcruiciosa
1051 1090 1322 1159 contagia,
1356 1102 1413 1145 ut
1445 1107 1537 1159 per
1570 1106 1663 1144 vos
1694 1091 1830 1144 intra
1864 1091 1964 1142 Do-

373 1182 512 1235 tniei
559 1182 739 1251 gregis
782 1183 923 1238 ovile
972 1183 1036 1236 sit
1083 1182 1389 1246 sinceritas,
1430 1197 1587 1252 quam
1624 1182 1735 1236 Sola
1783 1192 1965 1235 tenere

372 1282 559 1344 potest
585 1274 883 1346 imperialis
912 1276 1226 1330 auctoritas.

946 1388 1277 1444 EPISTULA
1321 1387 1384 1441 XI
1399 1430 1410 1442 .

756 1498 1001 1539 SHIPLICI!
1043 1500 1186 1538 ΡΑΡᾸΞ
1226 1501 1292 1538 ΑΙ)
1332 1500 1576 1539 ΔΟΑΩΙυὶΙ.

370 1570 571 1626 Scribit
602 1571 929 1627 Timotheum
969 1575 1295 1628 Alexandriae
1319 1576 1627 1628 catholicum
1666 1578 1963 1645 episcopum

442 1660 475 1694 a
502 1661 559 1697 se
585 1646 778 1697 veniam
804 1646 1023 1713 petiisse,
1053 1646 1189 1712 quod
1214 1646 1443 1698 Dioscori
1469 1661 1650 1698 nomen
1680 1651 1811 1699 inter
1833 1651 1967 1700 alta-

442 1714 523 1764 ria
556 1715 733 1767 timore
781 1716 963 1768 ductus
1008 1716 1286 1779 recitasset,
1330 1732 1375 1769 et
1405 1732 1458 1769 se
1494 1721 1561 1768 ad
1605 1718 1965 1783 imperatorem

446 1783 645 1837 litteras
671 1786 873 1838 dedisse
898 1796 951 1837 ut
979 1784 1188 1840 Petrum
1211 1786 1355 1840 dicta:
1381 1785 1622 1840 Ecclesiae
1644 1790 1963 1857 perturbato-

444 1871 553 1907 rem
582 1858 766 1924 procul
793 1866 983 1909 arceat.

367 1943 686 2016 Simplicius
748 1948 1034 2018 episcopus
1102 1949 1298 2029 aeacio
1361 1948 1963 2018 Constantino;olitano

1038 2034 1315 2087 episcopo.

445 2107 688 2174 Quantos
712 2121 767 2163 et
813 2124 971 2178 quam
1002 2109 1195 2165 uberes
1228 2113 1430 2167 lructus
1463 2114 1778 2168 constantia:
1818 2115 1960 2184 fidei,

366 2207 429 2251 et
456 2199 774 2253 derutarum
806 2202 947 2255 circa
998 2202 1312 2272 religionem
1354 2204 1672 2259 catholicam
1703 2206 1961 2263 mentium

366 2306 590 2359 ενιιηιιιι·
622 2294 816 2348 haheat
841 2295 1119 2360 fortitudo,
1146 2298 1298 2353 labor
1329 2310 1432 2353 tum
1460 2302 1762 2356 dilectionis
1789 2312 1845 2358 et
1869 2320 1963 2361 eo-

366 2395 492 2431 rum
541 2382 632 2449 qui
663 2384 863 2451 pariter
894 2396 1112 2454 repente
1141 2386 1356 2442 diabolo
1395 2389 1705 2458 jamdudum
1740 2394 1960 2448 turban-

367 2480 478 2532 tur,
532 2474 789 2528 ostendit.
838 2475 968 2530 Nam
1018 2492 1137 2532 cum
1183 2478 1384 2533 Christi
1418 2481 1663 2537 inimicus
1706 2492 1760 2538 et
1811 2486 1962 2554 regni

365 2564 660 2620 Christiani
707 2581 922 2637 semper
972 2572 1149 2625 aulam
1201 2590 1323 2627 mox
1376 2590 1600 2631 casurus
1645 2577 1960 2646 invaderet,

368 2672 537 2729 atque
584 2666 744 2732 intpia
773 2669 1149 2734 persecutione
1181 2669 1364 2723 fideles
1392 2672 1603 2725 Domini
1649 2674 1964 2745 plebemque

365 2765 705 2819 concuteret,
737 2758 979 2813 oratione
1024 2771 1183 2827 atque
1231 2759 1427 2822 vigiliis
1476 2764 1737 2833 sacrilega
1794 2778 1965 2820 tenta-

366 2853 553 2898 mentt
599 2848 905 2915 superavit,
949 2860 999 2902 el
1039 2866 1097 2903 se
1145 2853 1361 2905 vietoria
1413 2853 1651 2908 caelestis
1681 2872 1746 2912 eo
1795 2872 1962 2928 usque

368 2940 635 3005 porrexit,
669 2949 727 2994 ut
773 2955 1019 3011 regressu
1049 2943 1437 3011 religiosissimi
1469 2948 1747 3016 principis,
1779 2951 1963 3004 Eccle-

366 3029 468 3082 size
496 3045 706 3100 quoque
731 3033 1111 3090 Alexandrina:
1143 3038 1441 3092 catholicus
1471 3040 1794 3097 redderetur
1819 3046 1959 3099 anti-

365 3127 509 3184 stes,
559 3119 626 3174 de
670 3136 775 3191 quo
806 3138 927 3178 mox
965 3140 1090 3179 cum
1136 3129 1491 3184 exsultatione
1535 3131 1732 3187 divina:
1773 3137 1960 3204 gratia:

365 3212 565 3279 gaudia
596 3224 776 3269 nostra
809 3218 1154 3282 contulimus,
1181 3228 1235 3273 et
1265 3222 1461 3274 mutuis
1492 3238 1588 3277 nos
1613 3224 1801 3279 litteris
1829 3227 1953 3281 foci-
1985 3214 2029 3277 C

365 3318 495 3356 mus
526 3305 799 3371 gratulari.
832 3306 900 3361 Et
945 3308 1071 3363 Lcet
1124 3310 1321 3365 laetitias
1373 3313 1517 3381 psius
1558 3331 1827 3384 nunquam
1873 3322 1956 3376 sui

365 3394 607 3449 defuerit
629 3398 922 3465 plenitudo,
942 3408 1120 3454 tamen
1148 3402 1312 3456 frater
1332 3412 1388 3456 et
1408 3405 1757 3476 eoepiseopus
1778 3424 1961 3465 noster

366 3480 687 3543 Timotheus
714 3492 1087 3556 perseentirne
1132 3493 1457 3559 irnhabilior
1507 3494 1698 3564 factus,
1748 3500 1957 3561 pristini

370 3597 483 3635 non
527 3582 808 3635 immemor
839 3585 1062 3639 instituti
1108 3601 1202 3655 per
1239 3586 1457 3641 fratrem
1488 3597 1541 3642 et
1584 3591 1955 3662 coepisc0pum

370 3672 584 3737 Isaiam,
612 3683 666 3728 et
692 3676 831 3729 ﬁlios
860 3690 1074 3732 nostros
1101 3678 1276 3732 Nilum
1309 3679 1702 3750 presbyterum,
1730 3691 1784 3737 et
1823 3684 1959 3740 Mar-

373 3769 573 3835 tyrium
624 3770 902 3825 diaconum
952 3772 1328 3832 Alexandrina:
1393 3780 1649 3837 Ecclesiae
1696 3780 1956 3837 solemnia

368 3856 570 3926 scripta
599 3860 813 3927 direxit,
846 3863 1037 3932 quibus
1067 3875 1120 3920 et
1154 3867 1281 3922 illud
1315 3871 1454 3939 quod
1485 3884 1610 3929 ante
1641 3874 1958 3941 perterritus

365 3951 439 4004 de
469 3951 707 4007 Dioscuri
734 3956 946 4010 nomine
974 3955 1191 4022 fecerat,
1244 3975 1301 4014 se
1328 3960 1659 4018 destruxisse
1690 3979 1957 4018 memora-

366 4046 470 4109 vit,
500 4054 557 4099 et
583 4047 948 4104 remissionem
981 4053 1143 4118 ipsius
1165 4054 1368 4109 erroris
1395 4057 1634 4126 expetiit,
1660 4072 1863 4127 nosque
1888 4057 1956 4112 de

367 4137 555 4204 quiete
599 4138 720 4191 fecit
768 4138 1024 4194 Ecclesiae
1067 4143 1349 4211 gra'ulari,
1414 4159 1665 4217 expertus
1715 4164 1840 4218 erga
1898 4163 1957 4204 se

367 4238 630 4296 quantum
659 4230 936 4287 nobiscum
968 4242 1055 4288 tua
1088 4238 1288 4291 caritas
1309 4239 1473 4307 videt,
1497 4241 1636 4310 quod
1666 4243 1714 4295 in
1745 4258 1810 4297 eo
1833 4253 1956 4297 tunc

366 4323 819 4391 reprehendimus
868 4340 974 4379 non
1022 4328 1247 4383 inultum
1299 4341 1353 4386 et
1390 4334 1789 4388 reconciliatum
1829 4335 1953 4403 sibi,

370 4428 520 4468 nunc
546 4414 745 4469 divinae
771 4418 1130 4475 miserationis
1154 4421 1428 4487 affectum,
1471 4424 1632 4479 frater
1658 4426 1956 4490 carissime,

367 4506 687 4560 memoratis
717 4510 770 4561 iu
817 4507 970 4574 urbe,
1001 4526 1123 4581 quin
1172 4528 1294 4566 mox
1339 4526 1618 4583 venerant,
1653 4518 1957 4574 constitutis

2070 544 2160 600 ille
2207 557 2431 612 serpens
2480 543 2638 598 toties
2676 541 2842 597 excisi
2873 545 3065 612 capitis
3106 545 3254 598 virus
3282 542 3546 609 effundat,
3595 554 3651 599 et

2068 635 2347 691 inlleicndi
2374 635 2582 705 aliquos
2611 634 2949 689 occasionem
2986 636 3149 705 (quod
3175 637 3335 705 absit)
3365 650 3551 690 rursus
3577 635 3653 689 in-

2068 728 2266 791 veniat,
2290 728 2509 797 provida
2536 735 2923 796 praeceptorum
2946 742 3057 780 suae
3082 728 3289 793 pietatis
3313 729 3652 782 ordinatione

2068 818 2317 887 disponat
2360 816 2653 887 religiosis,
2703 828 2756 871 et
2805 817 2943 871 sient
2985 817 3289 872 evidentius
3335 818 3653 886 approbavit

2073 909 2200 975 Deo,
2241 923 2299 962 se
2337 907 2827 962 commendantibus
2862 907 3068 977 legibus
3108 908 3333 973 sanciat,
3380 922 3447 962 ne
3474 912 3555 963 vel
3599 910 3651 961 in

2071 998 2301 1052 tenebris
2327 998 2660 1061 delitescant,
2690 1007 2745 1052 ct
2784 1000 3053 1069 improvisi
3085 999 3419 1053 ambulantes
3450 1002 3502 1052 in
3533 1000 3651 1053 luce

2069 1091 2383 1157 percutiant,
2415 1098 2469 1143 el.
2500 1089 2578 1142 his
2606 1105 2739 1159 quos
2772 1090 2823 1142 in
2856 1089 2957 1145 lide
2991 1104 3251 1158 pauperes
3280 1106 3401 1145 esse
3434 1107 3562 1158 rupe
3594 1106 3652 1143 e-

2069 1183 2175 1235 rint
2217 1183 2380 1252 (qqu
2428 1183 2682 1252 propheta
2735 1182 2982 1251 testatur)
3027 1184 3310 1238 insidietur
3352 1192 3409 1237 ut
3458 1186 3646 1251 rapiat.

2070 1273 2281 1327 Petrum
2325 1276 2574 1337 inexime,
2609 1274 2696 1343 qui
2730 1278 3102 1330 nonnullarum
3134 1276 3436 1341 domorum,
3462 1277 3652 1345 suique

2070 1367 2321 1421 similium
2356 1368 2573 1422 latebris
2603 1368 2947 1435 confovetur;
2993 1378 3045 1424 et
3073 1384 3232 1440 quem
3263 1370 3378 1425 telo
3419 1369 3540 1424 fidei
3583 1372 3652 1425 ab

2068 1462 2375 1528 episeOpatu
2404 1464 2679 1517 constituit
2715 1464 3042 1529 submoveri,
3075 1465 3127 1517 in
3159 1465 3454 1521 exteriores
3483 1475 3652 1521 terras

2067 1552 2247 1620 ahjici,
2279 1553 2415 1607 sicut
2446 1564 2498 1608 et
2526 1568 2623 1609 nos
2654 1556 2837 1623 pietati
2866 1555 2984 1624 ejus
3018 1557 3352 1624 scripsimus,
3383 1556 3447 1610 ad
3479 1558 3651 1612 eccle~

2068 1644 2333 1699 siasticam
2360 1663 2541 1714 pacem
2572 1650 2790 1716 speciali
2824 1651 3182 1720 praeceptione
3206 1650 3493 1706 decernat:
3526 1655 3648 1721 quia

2070 1751 2253 1793 rursus
2301 1742 2558 1795 asseritur
2600 1742 2774 1810 alipta
2833 1752 3017 1797 contra
3073 1742 3474 1810 dispositionem
3528 1744 3648 1799 ﬁdei

1995 1839 2037 1899 Β
2070 1832 2234 1903 ip~ius
2263 1837 2378 1889 sine
2405 1836 2705 1890 cessatione
2738 1837 2929 1890 moliri.
2961 1837 3094 1903 Quia
3125 1836 3282 1906 igitur
3311 1838 3424 1891 hinc
3449 1852 3649 1907 oppor-

2069 1929 2291 1983 tunita'e
2322 1928 2599 1995 perla'oris
2629 1928 2872 1982 fidissimi
2905 1944 3002 1982 nos
3032 1929 3268 1999 oportuit
3312 1929 3568 1992 indicare,
3596 1940 3649 1984 et

2066 2019 2351 2087 specialius
2394 2021 2706 2089 admonere,
2740 2020 3016 2075 hortamur
3046 2032 3101 2076 ut
3131 2037 3250 2075 cmn
3292 2022 3649 2076 internuntius

2067 2127 2305 2167 remeare
2334 2115 2579 2182 coeperit,
2610 2114 2692 2169 vel
2735 2114 2779 2169 si
2828 2129 2929 2184 qua
2975 2114 3197 2169 forsitan
3236 2116 3408 2169 altera
3439 2117 3649 2170 occasio

2068 2205 2383 2271 reperietur,
2414 2205 2804 2274 quamprimum
2840 2221 2938 2261 nos
2964 2206 3128 2261 facias
3155 2208 3435 2275 certiores,
3466 2218 3519 2263 et
3558 2225 3649 2262 cu-

2067 2310 2179 2349 ram
2206 2309 2440 2349 nos:ram
2464 2296 2743 2351 sublevare
2765 2297 3110 2366 deproperes.
3127 2297 3191 2353 Ut
3217 2306 3392 2352 autent
3418 2298 3649 2365 perfecto

2064 2387 2258 2457 gaudio
2279 2388 2653 2457 gauderemus,
2679 2388 2817 2443 idem
2845 2389 3008 2442 frater
3028 2398 3083 2443 et
3100 2389 3447 2459 coepiscopus
3470 2398 3649 2443 noster

2066 2480 2378 2535 Timotheus
2433 2481 2737 2548 exemplum
2794 2480 2958 2535 libelli
3012 2480 3391 2535 satisfactionis
3460 2496 3645 2534 eorum

2064 2588 2198 2642 quos
2240 2587 2271 2627 a
2302 2573 2581 2628 catholica!
2612 2572 2732 2627 fidei
2778 2578 3002 2627 veritate
3035 2572 3349 2647 Timotheus
3376 2583 3428 2625 et
3462 2572 3647 2626 Petrus

2065 2667 2275 2736 utrique
2315 2666 2575 2730 damnati,
2607 2665 2967 2720 damnationis
3018 2676 3221 2719 terrore
3264 2662 3645 2729 traduxerant,

2063 2761 2270 2813 veniam
2302 2758 2653 2827 postulantes,
2676 2757 2741 2811 ad
2786 2773 2883 2812 nos
2906 2758 3106 2827 pariter
3131 2759 3436 2822 destinavit,
3466 2772 3645 2813 sarcr-

2064 2851 2224 2907 dotali
2259 2852 2454 2919 pietate
2485 2852 2648 2919 lapsis
2688 2851 2974 2906 subvenire
3002 2850 3312 2905 desiderans
3339 2869 3350 2902 :
3381 2851 3521 2921 quod
3564 2850 3644 2905 di-

2064 2945 2199 2996 vina:
2227 2943 2586 2996 miserationis
2616 2942 2833 3008 intuitu,
2864 2957 2981 3012 qua:
3006 2944 3272 2995 netninem
3299 2942 3406 2996 vult
3445 2942 3643 3012 perire,

2064 3035 2343 3089 refutabile
2375 3052 2480 3089 non
2516 3049 2785 3105 putamus.

2598 3170 2931 3227 EPISTOLA
2972 3172 3111 3225 XIII.

2230 3278 2471 3317 SIHPLICII
2510 3279 2656 3317 ΡΛΡᾸΞ
2697 3280 2762 3317 ΑΙ)
2802 3278 3042 3317 ΖΕΝΗΝΕΜ
3084 3278 3478 3317 ΙΜΡΕΚΑΤΟΒΕΠ.

2066 3353 2317 3407 Hortatur
2375 3362 2431 3406 ut
2482 3352 2793 3406 Timotheum
2845 3354 3209 3406 Alexandriam
3262 3352 3504 3407 Ecclesia:
3548 3371 3642 3408 sua

2132 3440 2285 3492 opera
2324 3425 2612 3477 restitutum
2655 3433 2905 3493 protegat,
2956 3434 3004 3478 et
3052 3432 3105 3475 ut
3154 3423 3363 3493 Patrum
3415 3425 3642 3490 ejusdem

2138 3494 2381 3549 Ecclesia:
2407 3492 2809 3563 perturbatorem
2835 3494 3035 3561 longius
3064 3492 3252 3561 expelli
3263 3494 3460 3564 jubeat.

2289 3588 2593 3656 Simplicius
2619 3588 2902 3656 episcopus
2935 3588 3131 3641 Zenoni
3163 3590 3421 3657 Augusto.

2134 3678 2383 3733 Proxime
2406 3677 2619 3748 quidem
2643 3693 2761 3730 eum
2787 3678 2851 3730 ad
2884 3676 3077 3732 Urbem
3101 3676 3264 3730 frater
3287 3686 3341 3732 et
3369 3678 3642 3745 ϐαθμίδω-

2062 3786 2159 3841 pus
2184 3760 2568 3825 mediocritatis
2597 3786 2729 3825 mete
2754 3769 3069 3824 Timotheus
3097 3769 3472 3825 Alexandrinae
3498 3770 3643 3824 urlris

2059 3865 2281 3918 antistes
2313 3873 2507 3919 novato
2535 3879 2685 3919 more
2705 3845 2965 3919 misisset.
2997 3865 3273 3919 victoriim
3306 3874 3498 3920 vestra:
3521 3865 3642 3919 lidei

2061 3956 2116 4010 in
2136 3954 2252 4022 eius
2275 3956 2612 4009 restitutione
2634 3962 2879 4021 cognov’.
2903 3955 3108 4011 Pietate
3134 3958 3275 4011 enim
3309 3969 3481 4011 vestra
3515 3958 3642 4012 fulta

2063 4051 2364 4106 llivinitatis
2393 4051 2609 4117 auxilio,
2643 4061 2697 4105 et
2727 4052 2932 4117 imperii
2965 4054 3171 4116 tranqui
3201 4053 3343 4115 litas,
3373 4062 3427 4106 et
3457 4053 3643 4105 catho-

2060 4144 2179 4198 liete
2205 4144 2478 4214 religionis
2524 4141 2860 4211 splendorem
2890 4158 3065 4209 suum,
3100 4141 3470 4197 seandalorum
3503 4145 3643 4197 nube

2061 4235 2320 4297 discussa.
2355 4235 2556 4303 recepit
2599 4233 2871 4303 integritas
2907 4249 2919 4287 :
2950 4232 3018 4287 de
3049 4247 3155 4303 quo
3186 4249 3268 4286 me
3294 4234 3493 4301 gratias
3524 4243 3644 4302 post

2065 4329 2228 4384 Deum
2257 4328 2556 4383 clementia:
2595 4336 2789 4382 vestrm
2819 4327 2989 4396 egisse
3038 4325 3374 4391 reminiscor,
3408 4335 3461 4380 et
3503 4338 3644 4379 nunc

2063 4436 2276 4491 quoque
2298 4422 2496 4476 cultum
2541 4430 2720 4475 vestro
2751 4432 2915 4487 regno
2939 4418 3169 4473 debitum
3200 4417 3362 4471 silere
3391 4432 3498 4470 non
3554 4432 3645 4486 po-

2064 4515 2161 4580 tui,
2190 4529 2257 4568 ne
2287 4512 2680 4582 quodammodo
2709 4511 2917 4565 viderer
2944 4510 3205 4579 ingratus,
3259 4509 3303 4561 si
3332 4508 3486 4562 vobis
3514 4524 3645 4578 qua-

364 4597 708 4651 occasionem
740 4600 831 4653 filii
860 4606 1025 4656 nostri
1054 4604 1218 4669 Petri,
1243 4606 1339 4661 viri
1373 4610 1681 4677 Spectabilis
1720 4613 1951 4680 comitis,
1987 4593 2037 4654 D
2067 4604 2192 4659 libet
2216 4603 2613 4672 Opportunitate
2642 4603 2723 4655 vel
2773 4601 2980 4669 imperii
3012 4600 3093 4654 vel
3143 4599 3500 4655 Ecelesiarum
3531 4599 3644 4654 lau-

370 4689 525 4758 quasi
552 4705 618 4742 ex
647 4693 906 4745 sententia
939 4696 1327 4761 proficiscentis
1357 4700 1613 4768 amplexi,
1638 4710 1742 4755 tam
1770 4712 1954 4757 nostro

374 4784 670 4848 proposito,
698 4797 857 4851 quam
891 4786 1147 4852 petitione
1173 4787 1349 4842 fratris
1378 4798 1432 4844 et
1454 4792 1753 4859 coepiseOpi
1787 4792 1953 4849 nostri

373 4872 666 4937 Timothei,
694 4873 1096 4947 legatorumque
1122 4879 1284 4950 ipsius
1313 4884 1582 4951 precibus,
1615 4885 1839 4953 idipsum
1884 4885 1949 4939 ad

370 4971 519 5014 tuam
569 4964 829 5019 voluimus
878 4968 1156 5035 pervenire
1205 4972 1471 5036 notitiam,
1505 4983 1559 5026 ut
1605 4976 1763 5027 etiam
1814 4990 1953 5031 nunc

370 5055 733 5106 Communium
783 5054 939 5109 fieres
986 5058 1251 5126 particeps
1280 5060 1609 5129 gaudiorum,
1643 5072 1699 5117 et
1727 5065 1776 5118 in
1812 5080 1951 5133 prie-

366 5143 530 5197 dictze
568 5144 819 5201 Ecclesia:
869 5150 1252 5217 tranquillitae
1304 5152 1774 5222 (quemadmodum
1819 5156 1955 5210 dixi-

368 5236 528 5303 mus)
579 5237 777 5294 laboris
826 5243 897 5294 tui
949 5242 1222 5297 nobiscum
1271 5260 1523 5314 earperes
1578 5244 1844 5313 fructum,
1903 5256 1957 5302 et

365 5330 815 5388 cliristianissimo
847 5347 898 5390 et
928 5339 1341 5395 c'ementissimo
1373 5341 1595 5411 principi
1636 5354 1844 5398 nostras
1874 5346 1959 5399 lit-

367 5431 513 5474 teras
543 5422 797 5489 offerens,
823 5442 984 5494 super
1016 5428 1115 5482 hic
1143 5432 1300 5483 etiam
1336 5447 1412 5497 re,
1444 5442 1502 5486 ut
1527 5441 1581 5486 et
1607 5433 1720 5501 ipse
1744 5450 1954 5502 quoque

364 5516 669 5571 devotionis
717 5532 771 5574 et
829 5521 952 5575 fidei
1001 5524 1231 5593 proprias
1288 5525 1462 5587 donis,
1508 5540 1568 5579 se
1625 5527 1732 5581 Deo
1780 5529 1957 5597 prote-

365 5618 549 5678 gentc,
585 5610 814 5673 Leti-tur,
845 5622 1003 5681 atque
1047 5613 1327 5670 insistente
1355 5616 1578 5671 caritate
1620 5625 1707 5670 tua
1738 5620 1958 5674 acriori-

368 5702 471 5755 lms
498 5703 688 5757 studiis
716 5706 993 5759 catholicae
1026 5707 1294 5776 religionis
1323 5710 1571 5763 salutaria
1604 5711 1804 5780 scripta
1834 5714 1957 5766 mit-

368 5795 533 5850 tetnlu
576 5796 784 5851 munire
826 5797 1072 5868 dignetur
1118 5798 1404 5868 Ecclesias,
1452 5816 1519 5857 ne
1554 5801 1714 5870 (sicut
1743 5804 1953 5869 experti

2063 4698 2193 4750 dare
2222 4694 2537 4749 desisterem
2572 4702 2649 4747 tot
2679 4690 2999 4760 triumphos.
3039 4691 3311 4746 Exhibens
3340 4705 3467 4760 ergo
3496 4688 3642 4744 debi-

2063 4797 2129 4841 tte
2159 4784 2515 4840 venerationis
2543 4782 2799 4849 officium,
2850 4798 3035 4849 precor
3079 4792 3136 4836 ut
3181 4780 3472 4838 studiosius
3501 4780 3643 4835 circa

2061 4880 2344 4934 univeisos
2389 4888 2550 4933 reetze
2599 4876 2722 4931 fidei
2769 4877 3094 4942 saterdotes,
3146 4885 3200 4930 et
3246 4875 3479 4930 maxime
3504 4873 3645 4928 eirea

2059 4970 2481 5026 Alexandrinum
2512 4969 2844 5038 cpisc0pum,
2877 4968 3028 5035 cujus
3056 4965 3366 5028 certaminis
3394 4975 3449 5020 et
3480 4974 3645 5020 testes

2059 5063 2233 5117 fuistis
2262 5073 2310 5116 et
2350 5061 2579 5130 judices,
2612 5059 2960 5129 protect'onis
3008 5056 3323 5126 in-pendatis
3356 5057 3639 5119 auxilium,

2057 5165 2111 5208 et
2134 5155 2433 5209 decernetis
2458 5152 2712 5223 piissimis
2732 5152 3035 5207 constitutis
3061 5151 3271 5205 Petrum
3304 5149 3447 5203 sedis
3478 5147 3644 5215 ipsius

2061 5247 2540 5318 pervasoremteui
2584 5260 2681 5299 nec
2731 5245 2781 5298 in
2828 5244 3106 5299 diaconatu
3138 5257 3265 5295 suus
3309 5241 3477 5310 potuit
3506 5240 3638 5291 ordo

2063 5338 2333 5409 constare)
2365 5314 2569 5409 longius
2600 5352 2628 5391 a
2662 5344 2767 5390 tam
2816 5337 3069 5405 praeclara
3118 5335 3331 5395 civitate
3376 5331 3637 5399 relegari,

2065 5447 2133 5487 ne
2180 5430 2504 5484 infirmiores
2554 5427 2716 5500 [forte
2762 5424 3079 5495 inﬁrmioris]
3108 5424 3228 5478 fidei
3256 5422 3463 5490 aliquos
3504 5420 3639 5472 forte

2064 5522 2306 5586 seducat,
2335 5528 2390 5574 et
2422 5519 2476 5573 in
2505 5519 2691 5575 eadem
2725 5518 2960 5573 Ecclesia
3008 5514 3174 5588 (quod
3203 5512 3367 5579 absit)
3408 5526 3528 5581 qua:
3554 5524 3641 5564 so-

2067 5614 2219 5685 pistis
2257 5613 2508 5669 scandala
2549 5627 2730 5666 rursus
2757 5611 3005 5680 exagitet.
3035 5605 3306 5661 l’robaslis
3334 5607 3386 5660 in
3413 5618 3643 5673 corpore

2064 5706 2210 5761 illum
2242 5705 2392 5759 vobis
2423 5703 2658 5759 dexterae
2686 5716 2797 5757 sure
2843 5699 3055 5755 dedisse
3092 5698 3421 5766 praesidium,
3455 5696 3542 5764 qui
3576 5693 3640 5746 ad

2064 5802 2224 5856 totius
2252 5798 2395 5855 orbis
2424 5796 2697 5865 gaudium.
2726 5804 2778 5851 et
2828 5794 2879 5849 in
2913 5793 3165 5850 Εςριυδὶιυ
3198 5790 3509 5846 universalis
3548 5802 3638 5841 ex-
