4022 6168
402 347 464 402 5f
1744 341 2056 398 Sl-MPLICH
2099 337 2296 395 PAPIE
3601 333 3670 389 5'!

398 459 740 513 saltationem
795 455 847 510 in
889 463 1064 512 vestra
1113 453 1395 509 clementia
1451 452 1749 507 Romanum
1799 463 1978 508 servat
2006 456 2055 515 Α
2081 453 2200 522 gnis
2236 452 2493 522 jubeutur
2534 453 2709 522 perire
2755 453 3030 523 suppliciis

403 549 706 616 imperium.
740 548 867 621 Data
911 563 944 601 χ
985 546 1236 601 calendas
1281 543 1597 600 Novembris
1644 545 1808 615 (anno
1852 545 1980 599 Chr.

403 637 554 709 478),
581 639 706 696 Viro
735 637 1035 692 clarissimo
1061 636 1306 691 consule.
1738 655 1741 658 ·

918 772 932 801 ¹
979 768 1304 825 EPISTOLA
1347 769 1481 824 XIII.

783 878 1028 918 SIIIPLICII
1067 879 1210 918 ΡΑΡᾸΞ
1250 880 1317 917 AD
1357 878 1601 917 ΑεΑειυιι.

679 980 876 1035 Eadem
916 995 1032 1050 qua:
1082 980 1136 1033 in
1175 978 1428 1048 superiori
1475 976 1713 1047 epistola.

403 1091 708 1161 Simplicius
747 1092 1052 1161 episcOpus,
1087 1091 1283 1144 Acacio
1310 1089 1565 1158 episcopo
1608 1087 1989 1144 Constantino-

1071 1161 1327 1231 politano.

478 1273 732 1328 Proxime
762 1272 975 1342 quidem
1008 1269 1277 1324 dilectioni
1306 1279 1429 1333 tum,
1458 1269 1758 1336 petentibus
1787 1266 1870 1321 his
1899 1268 1987 1337 qui

402 1364 467 1418 ad
499 1379 595 1416 nos
622 1378 650 1416 a
682 1363 847 1418 fratre
887 1371 942 1417 et
984 1363 1302 1429 coepiscopo
1335 1369 1519 1415 nostro
1547 1359 1830 1413 'l‘imodieo
1866 1357 1992 1412 Ale-

403 1454 681 1508 xandrina:
711 1453 963 1508 Ecclesia:
985 1451 1222 1507 antistite
1247 1450 1434 1504 directi
1458 1450 1688 1514 fuerant,
1707 1463 1992 1503 commune

405 1545 661 1612 gaudium
693 1543 887 1598 litteris
917 1543 1167 1608 indicavi,
1203 1550 1258 1596 et
1286 1541 1352 1596 de
1397 1540 1572 1594 fructu
1601 1538 1825 1608 piissimi
1862 1553 1994 1607 ope-

406 1635 503 1699 ris,
536 1635 675 1704 quod
721 1634 1019 1688 catholicus
1067 1641 1379 1687 memorata:
1428 1631 1685 1686 Ecclesiae
1737 1629 1992 1684 sacerdos

403 1734 492 1782 est
518 1726 817 1792 restitutus,
861 1727 1067 1795 pariter
1093 1739 1190 1779 nos
1220 1723 1451 1792 gaudere
1481 1722 1774 1777 memoravi
1801 1738 1813 1773 :
1850 1720 1992 1790 quod

3077 468 3093 504 ι
3146 454 3198 505 in
3248 465 3351 521 quo
3399 460 3454 506 et
3497 453 3667 521 quieti

2093 543 2344 598 Ecclesia:
2366 553 2421 597 et
2451 553 2631 598 vcstro
2657 543 2950 600 consulctis
2979 543 3225 612 imperio,
3249 544 3374 613 quia
3401 542 3670 597 vindicata

2090 633 2186 687 Dei
2211 635 2536 688 contumelia
2567 634 2875 690 ulciscentis
2915 644 2994 689 eSt
3025 633 3218 704 gratia,
3251 645 3304 688 et
3351 633 3673 687 conciliatur

2093 727 2173 779 liis
2204 725 2367 779 divini
2398 725 2596 782 favoris
2618 727 2897 791 auxilium,
2925 740 3150 794 quorum
3176 740 3303 779 cura
3333 726 3671 794 sacrilegium

2091 829 2196 869 non
2230 817 2507 885 reliquerit
2535 816 2876 886 impunitum.
2907 817 3010 873 Sed
3044 826 3103 872 ιιι
3134 818 3318 884 loquar
3349 815 3672 872 fiducialiter

2091 909 2313 978 principi
2341 908 2668 977 Christiano,
2695 911 2741 964 si
2769 911 3160 978 praeteritarum
3191 908 3486 962 litterarum
3533 923 3668 978 quas

2089 1003 2155 1057 de
2179 1004 2322 1059 Petri
2348 1005 2678 1075 aliorumque
2706 1005 2923 1058 nomine
2952 1003 3259 1073 iamdudum
3283 1002 3348 1056 ad
3377 1000 3592 1055 fratrem
3618 1011 3674 1055 et

2089 1094 2462 1164 coepiscopum
2492 1111 2666 1149 meum
2693 1095 2944 1150 Acacium
2972 1094 3252 1162 scripsisse
3282 1093 3521 1159 memini,
3541 1093 3675 1145 ordo

2091 1197 2385 1252 teneretur,
2416 1189 2482 1242 ad
2530 1190 2629 1243 hoc
2673 1205 2779 1244 non
2810 1189 2981 1256 potuit
3017 1187 3328 1256 pervenire;
3373 1186 3512 1256 quod
3554 1184 3675 1253 jure

2091 1295 2236 1335 nunc
2261 1280 2455 1333 meruit
2483 1279 2772 1334 vindiCare.
2803 1279 3178 1333 Mandaveram
3198 1269 3425 1346 namque
3451 1284 3509 1329 ut
3537 1275 3675 1330 facta

2092 1374 2432 1443 suggestione
2465 1375 2645 1443 pit-tati
2678 1385 2892 1438 vestras,
2941 1373 3248 1442 prmdictns,
3299 1381 3358 1426 ut
3399 1381 3453 1426 et
3495 1369 3676 1425 caueri

2093 1463 2184 1531 qui
2219 1479 2313 1531 per
2350 1465 2685 1520 occasionem
2719 1463 3009 1534 tyrannicae
3051 1462 3431 1516 dominationis
3461 1462 3675 1516 invase-

2094 1562 2214 1605 rant
2263 1551 2532 1608 Ecclesias
2565 1553 2679 1618 Dei,
2731 1563 2881 1608 extra
2925 1563 3094 1608 metas
3139 1551 3301 1606 vestri
3344 1551 3680 1621 pellerentur

2097 1639 2326 1708 imperii,
2361 1658 2427 1696 ne
2459 1643 2726 1712 pestiferis
2757 1643 3005 1697 sensibus
3055 1644 3352 1712 quibusque
3381 1642 3681 1712 simplicio—

2097 1733 2245 1786 ribus
2276 1751 2370 1788 ore
2415 1737 2679 1806 sacrih-go
2707 1737 2852 1792 virus
2885 1737 3247 1803 infunderent,
3280 1747 3334 1792 et
3364 1738 3542 1792 verbis
3572 1738 3678 1792 im-

407 1833 549 1872 nunc
574 1833 787 1887 quoque
812 1817 1112 1887 significare
1141 1815 1562 1884 properavimus,
1589 1820 1650 1866 ut
1673 1825 1992 1881 agnosceres

2102 1825 2198 1895 piis
2225 1839 2410 1882 contra
2460 1828 2615 1882 fidem
2662 1828 3017 1883 orthodoxam
3049 1829 3446 1883 innocentiores
3473 1828 3680 1883 animas

405 1913 600 1982 gaudia
629 1913 903 1968 silentium
927 1926 1031 1965 non
1057 1919 1258 1964 amare;
1286 1907 1439 1963 Unde
1460 1921 1672 1975 semper
1694 1906 1992 1968 exsultans,

407 2018 461 2060 et
487 2005 788 2062 orationum
819 2005 1176 2060 communium
1199 2003 1419 2072 cupiens
1450 2011 1571 2056 vota
1603 2001 1816 2065 sociari,
1870 1999 1993 2053 hor-

409 2110 510 2162 tor,
548 2099 713 2153 fratcr
757 2100 1052 2163 carissime,
1085 2107 1140 2152 ut
1191 2098 1350 2152 rebus
1379 2112 1475 2166 per
1513 2097 1993 2152 clementissimum

408 2199 464 2242 et
489 2188 1007 2244 Christianissimum
1057 2189 1349 2258 principem
1401 2190 1508 2242 Deo
1537 2197 1753 2258 auctore
1779 2201 1997 2254 campo-

409 2286 546 2347 sitis,
590 2285 877 2354 diligentia:
905 2283 1207 2340 sollicitudo
1236 2298 1342 2338 non
1375 2282 1513 2336 desit
1543 2297 1556 2334 :
1584 2281 1678 2335 sed
1707 2281 1898 2335 Petrus
1929 2282 1996 2336 ab

411 2378 650 2432 indebito
671 2377 770 2432 sibi
802 2377 1006 2432 honore
1031 2376 1292 2445 di-jectus,
1319 2374 1370 2427 in
1394 2373 1749 2428 Alexandrina
1778 2374 1996 2439 regione

409 2484 516 2522 non
542 2470 750 2523 sinatur
781 2468 1045 2527 habitare.
1079 2467 1170 2522 sed
1215 2465 1399 2535 procul
1429 2474 1579 2518 extra
1613 2463 1868 2518 terminos
1899 2479 1993 2532 pa-

413 2562 562 2627 triai,
609 2559 746 2613 sicut
794 2560 957 2613 etiam
998 2573 1095 2612 nos
1143 2557 1536 2626 poposcimus,
1568 2555 1832 2622 frequenti
1875 2570 1994 2607 eum

410 2651 647 2719 pasmles
676 2651 923 2720 suggesti
951 2665 1016 2704 ne
1046 2649 1301 2718 relegari;
1344 2663 1410 2703 ne
1449 2663 1584 2716 quos
1625 2646 1994 2714 imperitorum

413 2743 691 2812 pravi:atis
739 2759 850 2799 sum
893 2743 1240 2811 persuasione
1297 2741 1539 2804 seducat,
1569 2749 1623 2796 et
1652 2754 1679 2792 a
1721 2739 1997 2795 catholica:

412 2838 626 2892 tramite
654 2837 893 2892 veritatis
925 2845 1152 2890 avertat.
1179 2835 1443 2905 Quidquid
1475 2843 1651 2888 autem
1688 2834 1753 2889 de
1786 2835 1998 2902 religio-

411 2929 628 2988 sissimo
661 2927 970 2993 impetrabis
1000 2927 1247 2994 imperio,
1278 2941 1404 2980 cura
1453 2935 1555 2980 tua:
1585 2925 1901 2991 dilectionis
1931 2924 1995 2979 ad

413 3035 586 3074 meam
637 3019 879 3074 notitiam
929 3018 1085 3074 faciat
1113 3017 1416 3087 pervenire,
1447 3026 1502 3072 et
1551 3032 1646 3070 nos
1677 3025 1889 3071 actuum
1928 3016 1993 3070 ad

2098 1923 2438 1986 sauciarent;
2489 1923 2628 1991 quod
2675 1933 2782 1976 tum
2814 1931 3058 1991 apparet,
3103 1939 3221 1977 cum
3253 1923 3433 1976 minus
3460 1923 3556 1976 ἰμιξι
3585 1937 3681 1976 cu-

2097 2022 2300 2078 rantur,
2331 2024 2383 2068 et
2408 2014 2542 2069 levia
2572 2027 2690 2067 esse
2716 2013 3032 2077 creduntur;
3063 2025 3238 2067 actum
3261 2022 3364 2078 est,
3393 2020 3450 2064 nt
3471 2012 3681 2081 (quein-

2096 2105 2382 2162 admodum
2433 2103 2746 2174 perhibetis)
2793 2106 2933 2158 inter
2965 2103 3176 2167 altaria,
3209 2118 3313 2155 non
3355 2102 3462 2169 jam
3523 2101 3677 2169 plebs

2100 2200 2534 2269 persuasionibus
2561 2215 2775 2264 eorum,
2817 2199 2908 2253 sed
2949 2197 3050 2267 ipsi
3089 2214 3300 2266 quoque
3340 2197 3594 2262 praesules
3624 2205 3684 2251 et

2099 2292 2482 2361 praedicatores
2513 2291 2633 2346 fidei
2675 2291 2913 2359 perirent
2943 2289 3169 2343 funestis
3208 2289 3399 2358 gladiis
3424 2288 3682 2341 sacerdo-

2099 2392 2200 2439 tes.
2238 2385 2387 2440 Unde
2413 2385 2457 2439 si
2488 2400 2606 2454 quae
2637 2384 2754 2438 alite
2787 2382 3027 2450 reliquiae
3056 2381 3155 2434 sub
3195 2391 3370 2434 vestro
3397 2379 3682 2447 reperiun—

2101 2483 2186 2529 tur
2209 2475 2452 2540 imperio,
2487 2487 2578 2528 eas
2608 2473 2690 2528 vel
2720 2489 2858 2526 nunc
2891 2473 2941 2525 in
2974 2471 3272 2527 exteriores
3303 2480 3473 2525 terras
3503 2471 3684 2540 iubete

2098 2568 2350 2638 propelli,
2378 2582 2445 2622 ne
2474 2581 2576 2637 qua
2607 2564 2860 2634 deinceps
2883 2564 2935 2619 in
2957 2579 3022 2618 eo
3045 2565 3114 2617 sit
3137 2562 3428 2616 necessitas
3448 2571 3496 2616 et
3521 2576 3683 2618 causa

2099 2657 2378 2728 supplicii;
2403 2657 2531 2728 VQuia
2564 2655 2756 2710 melius
2797 2664 2879 2709 est
2913 2652 3113 2707 aditum
3150 2652 3482 2706 obstruxisse
3520 2667 3680 2721 quam

2099 2765 2310 2821 pinnam
2336 2749 2576 2818 exegisse
2606 2746 2820 2814 peccati.
2866 2745 2928 2799 Et
2965 2743 3213 2813 quoniam
3243 2742 3533 2797 seditiones
3564 2741 3674 2795 An-

2101 2841 2375 2897 tiochenas
2421 2837 2824 2907 religiosissimo
2854 2832 3123 2904 proposito
3153 2831 3413 2886 sedandas
3451 2847 3553 2883 non
3583 2831 3681 2884 ali-

2099 2942 2180 2988 ter
2207 2931 2584 2999 existimastis,
2618 2927 2718 2982 nisi
2754 2937 2946 2992 prteter
2986 2922 3347 2994 przrjudicium
3385 2921 3677 2976 venerandi

2099 3025 2240 3080 illius
2265 3023 2477 3079 concilii
2505 3021 2705 3076 Nicmni
2747 3018 2886 3088 apud
2931 3015 3448 3082 Constantinopolim
3492 3015 3678 3068 iisdem

413 3109 710 3164 custodiam
761 3110 1084 3179 evangelica:
1147 3109 1406 3163 doctrinae
1471 3107 1855 3176 pertinentium
1904 3107 1998 3161 det

2103 3114 2411 3185 petentibus
2436 3112 2775 3166 ordinavetur
2803 3107 3200 3177 antistes,quod
3225 3108 3276 3160 in
3305 3106 3422 3174 ejus
3449 3094 3680 3161 tantum-

415 3215 536 3255 csse
575 3210 869 3257 consortes.
924 3201 1054 3255 Data
1087 3215 1168 3254 im
1199 3199 1448 3255 calendas
1487 3198 1801 3255 Novembris
1830 3197 1995 3270 (anno
2023 3186 2067 3249 C
2101 3207 2261 3262 modo
2292 3221 2515 3274 persona
2548 3204 2624 3256 sic
2672 3194 3006 3256 memorastis
3061 3208 3418 3266 assumptum,
3452 3197 3687 3251 utuein.

414 3293 542 3366 libr.
571 3293 722 3366 478),
753 3294 848 3348 Illa
872 3295 986 3349 viro
1015 3294 1315 3349 clarisSImo
1341 3293 1580 3350 consule.

949 3405 1279 3462 EPISTULA
1319 3405 1462 3460 XIV.

579 3513 823 3553 SISIPLICII
861 3513 1008 3552 ΡΑΡΕ.
1049 3514 1114 3552 ΑΙ)
1155 3512 1396 3552 ZENONEM
1440 3512 1831 3552 IMPERATORI-Ill.

419 3587 618 3644 Laudat
642 3591 958 3656 imperatoris
996 3589 1390 3643 sollicitudinem
1417 3591 1470 3643 in
1510 3590 1588 3643 Itis
1615 3589 1884 3654 puniendis
1912 3589 1997 3658 qui

485 3660 768 3714 Antiochia:
791 3662 842 3713 in
867 3661 1221 3728 episcoporum
1243 3660 1405 3714 credes
1427 3663 1860 3726 conspirauerunt.
1896 3659 1998 3712 Do-

488 3732 554 3784 ιρι
581 3747 698 3783 suas
731 3731 800 3784 ad
829 3731 1070 3783 Acacium
1114 3732 1310 3784 litteras
1354 3733 1664 3784 exsecutioni
1713 3747 1812 3784 non
1845 3731 1999 3794 fuisse

486 3801 781 3865 mandatas,
807 3809 854 3852 et
887 3800 1213 3853 Amice/teme
1246 3799 1487 3853 Ecclesia:
1512 3801 1752 3855 antis’itis
1793 3800 2001 3853 electio-

489 3886 628 3935 πίννη,
655 3868 868 3992 ἐνίεωηὶ
893 3871 1095 3923 concilii
1135 3887 1234 3922 non
1265 3871 1522 3924 observato
1547 3874 1778 3936 decreto,
1811 3876 1999 3941 [actam

489 3956 651 3992 annm
686 3949 757 3992 at.

489 3949 757 4014 approbat.

628 4030 932 4098 Simplicius
961 4031 1264 4102 episcopus,
1297 4032 1496 4088 Zenoni
1520 4034 1780 4102 Augusto.

494 4125 570 4180 De
603 4124 842 4182 Ecclesia
869 4125 1205 4182 Antiochena
1243 4126 1576 4181 venerandos
1617 4126 1745 4179 mihi
1789 4139 2003 4194 semper

424 4229 620 4272 vestrae
663 4218 880 4287 pietatis
918 4219 1100 4286 apices
1141 4217 1357 4286 gavisus
1397 4216 1601 4284 accepi,
1631 4216 1824 4284 quibus
1852 4217 2001 4286 inge-

424 4308 538 4363 nito
567 4307 718 4362 vobis
749 4306 926 4361 studio
964 4305 1242 4359 catholicae
1269 4305 1540 4374 religionis
1583 4316 1704 4374 post
1733 4306 2004 4362 defensio-

424 4416 549 4455 nem
582 4399 723 4466 fidei,
745 4413 862 4468 quae
888 4410 986 4453 vos
1023 4404 1203 4452 serviat
1229 4411 1290 4455 ac
1313 4397 1570 4462 custodit,
1600 4398 1888 4467 impietatis
1910 4415 2004 4456 au-

424 4491 632 4546 daciam
659 4501 714 4544 et
742 4488 978 4544 facinora
1007 4489 1144 4560 apud
1172 4487 1510 4544 Antiochiam
1538 4499 1835 4558 perpetrata
1860 4505 2004 4546 coer-

2099 3314 2224 3368 ccps
2249 3298 2546 3368 secundum
2570 3294 2910 3349 definitiones
2941 3292 3155 3345 Patrum
3183 3289 3440 3348 Orientali
3468 3280 3674 3359 synodo

2097 3367 2298 3458 creatio
2327 3367 2639 3446 Antiocheni
2690 3385 2956 3457 pontificis
2995 3393 3322 3448 reservetur,
3356 3398 3456 3438 nec
3499 3382 3684 3437 haberi

2099 3487 2219 3542 loco
2248 3485 2407 3539 vultis
2439 3482 2672 3552 injuriae,
2709 3479 2850 3551 quod
2888 3479 3240 3534 dissensionis
3279 3480 3444 3548 gratia
3483 3478 3682 3532 factmn

2099 3589 2182 3633 est
2235 3574 2560 3644 auferendae.
2602 3572 2773 3628 Tenet
2811 3572 2948 3627 hanc
2990 3572 3201 3640 pietatis
3245 3579 3436 3624 vestras
3485 3569 3680 3624 beatus

2101 3667 2290 3724 Petrus
2318 3667 2590 3736 apostolus
2619 3662 2982 3734 sponsionem,
3003 3669 3059 3716 et
3087 3659 3527 3716 Christianissimi
3552 3660 3680 3712 fide-

2101 3760 2396 3828 lissimique
2434 3755 2686 3826 principis
2731 3765 2963 3807 mentem
3008 3751 3218 3810 inhaec
3260 3749 3419 3804 verba
3448 3749 3677 3818 jurass;

2101 3853 2239 3923 quod
2273 3849 2493 3920 posthac
2525 3849 2577 3901 in
2610 3845 2941 3900 Antiochena
2980 3845 3114 3898 urbe
3163 3843 3326 3897 veteri
3375 3859 3524 3900 more
3566 3857 3683 3898 ser-

2102 3953 2223 3998 vata
2249 3957 2278 3996 a
2304 3935 2842 4008 comprovincialibus
2869 3937 2980 3996 suis
3001 3934 3269 4005 episcopis
3293 3934 3591 4000 ordinetur,
3615 3948 3682 3988 ne

2103 4035 2243 4106 quod
2271 4048 2411 4088 nunc
2441 4032 2606 4087 frater
2636 4041 2688 4085 et
2712 4031 3063 4100 coepiscOpus
3097 4043 3246 4082 meus
3277 4027 3501 4082 Aeacius
3531 4028 3680 4082 vobis

2103 4134 2188 4182 ω
2210 4124 2516 4196 iubentibus
2538 4130 2843 4184 exsecutus,
2881 4123 2931 4174 in
2975 4134 3125 4174 usum
3157 4121 3482 4188 pomeritatis
3507 4119 3685 4173 veniat

2105 4228 2158 4272 et
2195 4223 2394 4271 statuta
2424 4214 2671 4276 Patrum,
2715 4228 2834 4282 qua:
2863 4211 3131 4282 praecipue
3166 4209 3457 4278 prmstastis
3494 4209 3686 4272 illaesa,

2106 4306 2417 4363 confundat.
2448 4305 2602 4361 Unde
2639 4319 2756 4374 quae
2785 4320 2813 4357 a
2852 4302 3003 4357 vobis
3045 4315 3230 4355 amore
3267 4301 3464 4370 quietis
3501 4311 3687 4356 sancte

2107 4412 2161 4463 et
2192 4401 2441 4471 religiose
2473 4408 2597 4452 sunt
2622 4398 2884 4460 ordinata,
2919 4394 3210 4465 reprcbare
3244 4411 3347 4450 non
3379 4407 3683 4465 possumus.

2108 4509 2176 4550 ne
2218 4503 2386 4547 status
2419 4491 2765 4545 Antiocheam
2803 4488 3063 4544 Ecclesiae
3094 4487 3193 4542 sub
3237 4497 3418 4542 nostra
3467 4487 3685 4541 dubita-

343 4600 348 4606 '
424 4583 529 4636 cita
576 4581 889 4649 reperimus.
951 4582 1291 4636 Exsultantes
1344 4580 1497 4636 vobis
1545 4581 1721 4636 inesse
1769 4585 2002 4638 animum
2033 4559 2084 4619 D
2110 4589 2253 4641 tione
2282 4586 2521 4640 videatur
2551 4583 2848 4653 ambiguus,
2875 4581 3141 4650 principuc
3166 4595 3285 4649 cum
3313 4581 3356 4634 is
3380 4579 3469 4648 qui
3497 4579 3687 4648 legitur

429 4671 721 4726 fidelissimi
748 4671 1044 4726 sacerdotis
1083 4681 1136 4727 et
1183 4673 1459 4741 principis,
1501 4681 1557 4726 ut
1588 4673 1881 4742 imperialis
1905 4689 2003 4729 au-

428 4764 651 4817 ctoritas
680 4772 735 4817 et
757 4761 943 4831 juncta
986 4763 1300 4824 Christiana:
1329 4762 1600 4819 devotioni
1629 4765 2007 4834 acceptabilior

431 4854 544 4908 Deo
588 4853 760 4919 fieret,
805 4863 860 4908 et
899 4862 1184 4923 appareret
1229 4855 1526 4920 integritas,
1575 4870 1694 4909 cum
1735 4857 1785 4910 hi
1833 4858 1920 4925 qui
1954 4858 2006 4911 in

429 4943 802 5013 episcoporum
834 4957 994 4998 neces
1038 4943 1296 5012 sacrilega
1341 4943 1488 4999 cazde
1519 4945 1713 5000 versati
1744 4955 1888 5012 sunt,
1920 4947 2005 5001 di-

508 5080 524 5110 ¹
565 5078 877 5133 Timotheus
935 5079 1324 5133 Alexandrinus
1375 5080 1659 5147 episcopus
1708 5082 1758 5134 in
1825 5083 2004 5136 sedem

433 5150 713 5204 restitutus
751 5159 859 5202 tres
898 5149 1058 5202 hosce
1089 5152 1306 5217 legatos,
1335 5151 1520 5203 l~aiain
1553 5152 1883 5218 episcopum,
1914 5153 2006 5205 Ni-

433 5221 545 5276 lum
576 5219 945 5291 presbytfrutn
978 5232 1032 5273 et
1065 5221 1368 5291 Martyrium
1411 5221 1716 5291 diaconum,
1755 5237 1818 5274 ex
1862 5237 2010 5276 more

436 5288 655 5358 antiquo
685 5289 749 5342 ad
781 5288 1075 5343 Romanum
1114 5288 1416 5358 pontificem
1463 5290 1761 5358 abit-gavit,
1797 5293 2008 5345 veniam

433 5376 631 5430 rogans
669 5359 849 5414 delicti
892 5360 971 5413 sui
1017 5360 1156 5432 illius
1183 5376 1308 5432 quo,
1341 5360 1525 5432 gladiis
1557 5361 2010 5432 Eutychianorum

434 5429 674 5498 coactus,
711 5439 892 5484 contra
931 5429 1336 5484 constitutiones
1379 5431 1570 5483 Leonis
1615 5429 1786 5499 papae,
1819 5447 2011 5485 nomen

438 5502 675 5554 Dioscuri
707 5501 845 5568 apud
870 5501 1034 5554 altare
1063 5502 1321 5555 recitavit.
1354 5501 1417 5554 Et
1441 5515 1739 5570 quanquam
1766 5503 1814 5554 id
1843 5502 2013 5556 moni-

439 5579 527 5623 tus
557 5570 791 5636 fecisset,
826 5587 930 5625 non
978 5571 1093 5625 leve
1140 5581 1314 5624 tamen
1363 5571 1568 5624 facinus
1613 5571 1737 5624 illud
1781 5574 1830 5625 in
1867 5582 2014 5626 tanto

441 5641 690 5710 pontifice
715 5641 878 5694 videri
912 5651 1136 5710 poterat.
1170 5644 1394 5708 Insuper
1415 5640 1600 5694 eadem
1633 5641 1894 5710 legatione
1923 5658 2017 5695 no-

438 5720 551 5763 tum
581 5709 705 5763 fecit
733 5709 946 5764 Petrum
980 5712 1221 5780 Moggutn
1271 5711 1643 5765 Alexandrina:
1683 5709 1827 5765 Sedis
1869 5713 2011 5764 inva-

439 5795 638 5848 ενοι-θη),
669 5779 762 5851 qui
782 5781 956 5851 fugam
985 5779 1230 5852 captasse
1259 5781 1631 5847 videbatur,.in
1664 5782 1872 5838 civitate
1904 5783 2018 5838 lati-

2111 4677 2408 4741 ordinatus,
2441 4675 2745 4730 testimonio
2783 4674 3082 4728 clementia:
3113 4679 3325 4734 vestrae,
3354 4677 3408 4724 et
3445 4678 3587 4724 tanta
3619 4672 3689 4724 sit

2113 4765 2489 4838 prtedicatione
2519 4766 2796 4827 subnixus,
2833 4771 2890 4817 ut
2929 4763 2978 4816 in
3011 4777 3074 4816 eo
3119 4771 3313 4831 praeter
3342 4759 3532 4814 horum
3566 4763 3689 4814 vul-

2114 4873 2299 4913 nerum
2338 4858 2573 4912 dolorem
2619 4857 2793 4922 pOsilo
2839 4857 3102 4922 possimus
3166 4863 3220 4908 et
3267 4853 3523 4909 Ecclesia:
3569 4871 3690 4924 qua:

2115 4949 2260 5006 illum
2295 4946 2509 5010 meruit,
2538 4946 2775 5014 gloriari.
2817 4944 2940 4998 llzec
2987 4943 3226 5014 repensis
3267 4943 3605 4999 sermonibus
3637 4952 3692 4999 et

2115 5092 2249 5145 tare,
2285 5091 2338 5134 et
2378 5093 2589 5135 secreto
2631 5097 2746 5134 rem
2783 5095 2959 5149 agere,
2989 5080 3334 5134 seducentcm
3367 5082 3585 5146 multos,
3636 5091 3692 5136 et

2114 5153 2320 5206 cladem
2365 5152 2507 5204 illius
2541 5152 2790 5205 Ecclesia:
2827 5152 3060 5217 graviter
3099 5165 3386 5219 procurare
3411 5169 3423 5204 :
3448 5153 3692 5222 adeoque

2115 5223 2474 5276 necessarium
2507 5222 2674 5275 videri
2707 5233 2760 5274 ιιι
2785 5223 2850 5275 ad
2885 5222 2997 5274 haec
3028 5222 3260 5286 pericu'a
3292 5223 3546 5285 tollenda,
3577 5222 3692 5274 lori-

2115 5294 2232 5361 gius
2262 5294 2312 5345 in
2343 5293 2585 5346 exsilium
2631 5293 2936 5359 pelleretur.
2980 5291 3076 5361 llis
3105 5291 3337 5361 acceptis
3373 5293 3560 5346 scribit
3591 5293 3693 5345 iiii-

2118 5359 2348 5428 peratori
2379 5371 2430 5416 et
2458 5363 2652 5416 Acacio
2677 5363 2931 5428 episcopo
2969 5359 3273 5426 Simplicius
3307 5377 3465 5429 papa,
3509 5371 3695 5430 petens

2121 5433 2220 5486 hoc
2250 5433 2435 5486 sedulo
2479 5435 2652 5486 curari
2706 5444 2762 5485 ut
2807 5431 3196 5497 quamprimum
3247 5433 3406 5486 homo
3435 5435 3696 5487 scelestus

2120 5503 2328 5570 longius
2357 5503 2407 5556 in
2437 5503 2683 5556 exsilium
2712 5500 3030 5556 detrudatur
3057 5519 3068 5553 :
3095 5500 3215 5554 ideo
3239 5503 3288 5555 iu
3319 5505 3524 5571 primis,
3551 5506 3694 5570 quod

2119 5575 2426 5641 episcopum
2456 5571 2792 5626 Alexandriae
2823 5580 3020 5639 ageret,
3057 5586 3212 5640 quem
3247 5575 3469 5625 necdum
3508 5573 3695 5626 diaco-

2122 5659 2246 5696 num
2315 5644 2613 5695 ordinatum
2679 5655 2798 5693 esse
2859 5650 3150 5694 constaret.
3215 5643 3344 5696 Vide
3407 5644 3696 5698 liaroniuut

2122 5729 2260 5769 anno
2283 5712 2404 5779 478-,
2441 5729 2584 5767 num.
2609 5713 2642 5767 9
2673 5722 2724 5767 et
2752 5712 3117 5781 sequentibus.
3153 5711 3278 5766 Ssv.
3314 5713 3511 5767 BINIUS.
