4022 6168
313 264 384 320 55
1709 252 1930 309 ΕΡΙΒΤ(

2032 292 2038 305 ι
2079 250 2191 305 XV.
2226 252 2234 263 ⁷
3508 251 3574 304 5i

315 374 683 431 venerationis
714 372 895 427 officio
920 368 1245 439 respondere
1270 368 1478 431 curavi,
1502 378 1556 420 nt
1587 376 1760 420 lautas
1787 365 1897 419 hie-
1928 371 1977 430 Α
2007 366 2197 419 ctionis
2236 378 2341 417 non
2373 363 2785 417 irrationabilem
2814 365 3182 433 cognoscimus
3208 363 3368 418 fuisse
3399 363 3601 416 famur

316 468 603 521 retirorum
635 462 854 516 fraudes
880 470 932 513 et
976 459 1209 513 facinora
1246 458 1439 511 divinis
1474 465 1527 509 et
1555 456 1899 510 smcularihus

318 556 526 625 legibus
567 551 956 623 persequenda,
994 565 1114 619 qua:
1151 548 1346 618 saepius
1372 548 1603 619 probatis
1645 563 1764 602 esse
1794 557 1897 602 tam

320 650 501 710 noxia,
534 647 601 700 de
629 646 888 699 memoria
913 653 966 698 et
991 644 1401 696 conversatione
1429 641 1699 694 hominum
1719 640 1902 717 jubea-

320 743 391 792 tis
420 737 639 801 auferri,
663 750 890 805 quorum
917 733 1200 801 impietatis
1225 732 1389 797 nulla,
1417 740 1667 799 quantum
1691 730 1899 794 videtis,

322 840 505 898 potest
544 814 864 881 auctoritate
894 825 1181 894 compesci.
1220 824 1347 875 Data
1386 838 1415 875 χ
1454 820 1700 875 calendas
1739 822 1904 873 Julius

322 922 501 986 (anno
533 918 661 973 Chr.
707 916 845 985 479)
892 924 1012 985 post
1056 912 1391 969 consulatum
1436 908 1516 965 illi
1577 912 1670 964 \iri
1716 912 1899 964 claris-

844 1121 858 1150 ‘
894 1117 1225 1173 EPISTULA
1258 1115 1371 1172 XV.

725 1226 967 1265 ειιιινιιειι
1003 1224 1148 1263 ΡΑΡΕ
1178 1225 1243 1262 Αἰ)
1273 1224 1519 1263 ACACIUM.

728 1302 921 1355 Eadem
952 1317 1064 1371 qua:
1093 1309 1138 1354 et
1172 1301 1223 1352 in
1248 1301 1514 1368 superiori.

365 1395 677 1466 Simplicius
698 1394 979 1463 episcopus
1009 1392 1203 1515 Aclaeio
1225 1391 1474 1460 episeopo
1510 1387 1880 1444 Constantino-

1008 1479 1074 1515 βο
1100 1472 1261 1515 ttzttto.

1008 1472 1261 1529 pohtano.

400 1554 821 1611 Clementissimi
853 1553 1108 1623 principis
1130 1552 1341 1619 litteris,
1358 1563 1567 1621 tuaeque
1595 1549 1912 1613 dilectionis,

326 1651 395 1703 de
419 1648 681 1715 sacrilega
717 1655 770 1699 et
799 1644 1152 1698 funestissima
1193 1644 1360 1707 crede,
1401 1659 1517 1710 qine
1546 1641 1682 1709 apud
1726 1640 1914 1693 Antio-

326 1742 508 1795 chiam
534 1739 669 1791 facta
697 1746 799 1797 est,
826 1737 1091 1789 sauciatus
1114 1742 1169 1787 ct
1195 1734 1410 1787 nimium
1434 1732 1651 1785 :iﬂ'ectus
1670 1745 1899 1784 maerore

329 1830 662 1900 respondeo,
704 1837 972 1890 astruens,
1004 1824 1050 1878 si
1089 1840 1207 1894 quae
1230 1824 1538 1893 jamdudum
1568 1824 1635 1877 de
1656 1823 1828 1876 Petro
1863 1831 1916 1875 et

327 1921 452 1975 aliis
480 1918 829 1985 complicibus
857 1930 1039 1969 eorum
1061 1915 1401 1985 scripseram,
1428 1924 1479 1969 et
1505 1924 1560 1967 ut
1591 1914 1767 1981 pietati
1799 1912 1917 1979 ejus

330 2031 458 2069 cum
478 2014 710 2076 caneris,
745 2012 831 2080 qui
858 2010 1097 2073 aderant,
1132 2010 1381 2063 fratribus
1411 2021 1695 2077 suggerere
1730 2014 1917 2073 pistu-

333 2107 533 2168 laram,
556 2112 614 2156 ut
644 2112 939 2172 Optavi-rat,
974 2102 1269 2155 ordinatum
1302 2100 1509 2163 fuisset,
1540 2099 1915 2152 limreticorum

334 2198 620 2250 temeritas
647 2197 710 2246 ad
751 2202 955 2246 tantum
998 2192 1199 2245 facinus
1238 2208 1342 2245 non
1373 2190 1612 2254 veniret;
1662 2205 1728 2242 ne
1760 2188 1921 2259 [forte

332 2285 453 2355 nec]
485 2286 681 2351 aliquid
715 2282 1048 2337 necessitatis
1078 2284 1353 2343 existeret,
1386 2290 1443 2334 ut
1478 2281 1755 2333 nonaliter
1788 2294 1922 2345 pra:-

331 2378 498 2429 dicta:
539 2374 913 2427 subveniretur
951 2372 1221 2436 Eecles‘a',
1257 2372 1355 2425 nisi
1386 2380 1443 2423 ut
1476 2370 1671 2438 aliquid
1710 2369 1777 2423 de
1804 2370 1922 2438 jure

333 2466 457 2533 ejus
490 2466 696 2518 curatio
720 2464 829 2531 ipsa
858 2464 1140 2516 minueret.
1167 2460 1421 2528 Quamvis
1455 2462 1595 2513 enim
1637 2462 1924 2527 profecerit

334 2558 408 2611 ad
437 2557 695 2626 quietem,
726 2553 865 2622 quod
896 2552 1341 2607 Christianissimi
1388 2552 1641 2620 princip's
1664 2550 1921 2617 jussione,

340 2650 432 2702 vel
455 2651 573 2703 sine
603 2647 913 2716 pra~judicio
938 2661 1199 2700 canonum
1230 2663 1255 2695 a
1282 2646 1606 2727 tgacaritate
1633 2644 1791 2698 fuerit
1816 2645 1923 2697 Au-

338 2743 624 2794 tiochenus
661 2738 943 2809 episcopus
973 2737 1291 2811 ordinatus:
1330 2726 1503 2788 tamen
1548 2750 1649 2787 non
1687 2742 1769 2787 est
1806 2735 1923 2787 sine

340 2832 547 2884 invidia
590 2831 806 2895 factum,
849 2828 1000 2895 cujus
1045 2810 1338 2881 cavendum
1370 2826 1622 2893 deinceps
1649 2824 1806 2878 etiam
1838 2823 1927 2878 ille

342 2932 597 2987 testatur,
641 2925 728 2989 qui
774 2920 1045 2988 praecepit,
1077 2919 1405 2988 exemplum.
1460 2918 1513 2971 lu
1564 2932 1669 2987 quo
1719 2917 1926 2985 pictatis

341 3014 469 3082 ejus
523 3013 720 3080 gratias
775 3012 988 3079 dignum
1039 3020 1251 3063 estnos
1304 3009 1822 3078 ref‘rrezquoniam
1856 3007 1925 3062 ita

341 3104 537 3173 gloria:
562 3117 671 3156 sua:
702 3100 1003 3156 moderatus
1050 3108 1131 3153 est
1163 3108 1505 3168 potesratem,
1533 3107 1592 3152 ut
1620 3096 1925 3152 fideliSsima

341 3196 643 3251 devotione
690 3195 904 3248 Patrum
946 3192 1140 3259 regulis
1181 3192 1495 3245 submittere
1533 3205 1652 3259 quae
1693 3190 1927 3258 juberet,

345 3303 454 3344 nec
494 3289 544 3339 in
576 3287 946 3340 auctoritatem
994 3283 1158 3351 recipi
1192 3282 1333 3352 quod
1374 3282 1617 3351 sequenti
1658 3283 1933 3335 constituit

346 3388 513 3434 state
539 3377 841 3447 prohiberi;
882 3385 940 3429 ut
966 3374 1165 3429 sciticet
1199 3376 1251 3427 in
1283 3375 1381 3428 hac
1412 3374 1779 3429 tantummodo
1813 3390 1933 3443 per-

349 3483 509 3533 sona,
539 3482 694 3535 quam
716 3468 866 3534 jussu
896 3466 1010 3534 ejus
1054 3472 1107 3518 et
1132 3464 1308 3517 studio
1334 3465 1528 3532 quietis
1563 3463 1937 3519 Antiochensi.

352 3562 477 3625 bus,
502 3575 607 3613 non
635 3569 722 3613 tua
744 3559 1112 3627 usurpatione,
1131 3557 1417 3611 antistitem
1434 3559 1778 3621 eonsecrasti,
1796 3557 1935 3626 quod

358 3652 562 3706 factum
603 3660 692 3705 est
738 3649 1078 3717 necessitate,
1108 3647 1398 3701 sufficeret.
1437 3647 1491 3699 lu
1515 3661 1620 3715 quo
1662 3655 1766 3700 ture
1802 3645 1937 3699 dile-

430 3790 446 3819 ¹
482 3791 708 3842 Auctore
736 3793 790 3841 et
820 3786 1106 3857 impulsore
1134 3787 1289 3843 Petro
1314 3787 1587 3857 Cnapbeo,
1618 3804 1771 3855 quem
1786 3788 1929 3843 Zeno

355 3859 653 3927 imperator
687 3858 755 3911 ah
804 3860 918 3925 ipso
950 3858 1142 3912 throno
1171 3858 1462 3927 dejectum,
1494 3861 1545 3913 in
1592 3860 1927 3913 Antiochena

356 3931 599 3983 Ecclesia
634 3927 790 3981 nimis
815 3930 1110 3983 incon~ulte
1126 3930 1320 3998 degere
1344 3931 1651 3997 versarique
1669 3930 1930 3997 permisit,

357 3999 677 4068 Eutycbiani
710 3998 902 4051 ibidem
922 4014 1084 4052 novas
1115 4000 1445 4054 turbationcs
1469 4010 1720 4054 cruentas
1742 4016 1826 4058 tlte
1849 4016 1934 4055 se-

358 4072 590 4123 ditiones
629 4068 861 4122 vicissim
893 4073 1246 4123 concitarunt.
1293 4069 1421 4123 Nam
1450 4084 1569 4123 cum
1613 4070 1933 4137 Stephanus,

358 4139 693 4196 orthodoxus
719 4140 1020 4207 episcopus,
1050 4155 1152 4193 una
1180 4154 1298 4194 eum
1326 4141 1435 4193 suis
1464 4142 1513 4193 in
1545 4156 1729 4206 magna
1768 4142 1939 4194 eccle-

359 4216 440 4265 εδδ
470 4223 675 4263 sacram
698 4210 940 4276 synaxim
963 4210 1271 4263 solemniter
1299 4211 1612 4271 celebraret,
1639 4210 1776 4263 Petri
1807 4210 1943 4262 Cun-

361 4281 490 4350 phei
521 4279 755 4350 omnium
780 4278 1051 4333 hominum
1072 4280 1409 4347 perditissimi
1427 4280 1637 4334 soboles
1661 4280 1944 4350 Eutychia-

363 4349 444 4414 ni,
473 4349 717 4403 confecto
747 4350 983 4418 agmine,
1010 4352 1208 4404 exertis
1227 4350 1415 4419 gladiis
1439 4350 1675 4404 furentes
1696 4349 1941 4418 ingre~si,

368 4423 423 4476 in
455 4420 549 4474 Dei
582 4419 885 4473 sacerdotes
906 4421 1207 4483 saevientes,
1256 4421 1471 4475 eosdem
1519 4422 1811 4473 saevissime
1834 4430 1941 4473 tru-

2005 456 2167 509 latum
2199 470 2211 507 ε
2239 455 2358 523 quia
2393 453 2748 508 Ecclesiarutn
2785 455 2902 522 jura
2936 443 3245 523 respiciens,
3276 442 3365 509 diu
3390 463 3441 507 te
3470 450 3601 507 non'

2008 547 2269 600 immerito
2310 545 2650 613 suspendisse
2692 546 2933 609 testaris,
2972 562 3036 599 nc
3067 547 3326 600 videreris
3372 530 3597 599 ambire

2006 637 2143 706 quod
2177 645 2322 690 tanto
2346 637 2589 705 principi,
2622 647 2676 690 et
2707 638 2757 688 in
2784 647 2886 689 tam
2905 639 3049 706 gravi
3067 655 3220 692 causa
3246 654 3349 691 non
3369 647 3579 707 poteras

2007 729 2290 796 abnegare.
2327 731 2684 795 Quapropter,
2710 728 2871 781 frater
2895 729 3186 795 c.«rissime,
3218 722 3576 781 institutorum

2008 829 2264 884 veterum,
2298 836 2415 887 quae
2442 820 2491 872 in
2526 828 2576 873 te
2604 831 2727 873 sunt
2766 822 3009 889 probata,
3045 837 3146 875 non
3178 824 3476 886 immemor,
3509 825 3579 875 si.

2008 924 2097 966 cut
2126 912 2330 966 veniale
2355 912 2597 979 judicare
2639 928 2745 965 non
2780 913 3021 981 pervides
3062 914 3196 981 quod
3240 914 3333 965 tibi
3374 926 3577 967 certum

1920 1007 1925 1023 ’
2010 1012 2090 1057 est
2132 1003 2472 1071 imperatum,
2511 1004 2579 1055 ita
2612 1003 2724 1070 ipse
2759 1003 2889 1054 dans
2936 1004 3187 1056 houozem
3227 1005 3481 1077 patribus,
3512 1006 3583 1057 la-

2011 1086 2233 1146 bora‘ne
2262 1093 2553 1146 necessitas
2585 1092 2652 1144 sit
2701 1094 2803 1145 ulla
2836 1094 2897 1143 fa:
2920 1094 3057 1146 ii-ndi
3089 1095 3226 1163 quod
3261 1074 3411 1162 optas
3445 1067 3610 1148 nunc.

2012 1166 2371 1237 sati-factione
2401 1184 2630 1251 purgari.
3186 1214 3191 1221 .
3274 1199 3307 1207 -ν
3339 1200 3346 1207 ο

2296 1294 2725 1373 OBSEIWATIO
2754 1296 2810 1347 ιι.
2836 1296 3102 1350 ,ικιυλιι
3128 1296 3303 1371 Ριιει.

2293 1389 2371 1438 Ad
2400 1404 2484 1438 an.
2512 1387 2696 1439 Christi
2726 1386 2850 1453 479,
2880 1406 3017 1440 num.
3042 1387 3075 1440 ‘2
3105 1399 3147 1440 et
3171 1405 3303 1456 seqq.

2092 1477 2182 1531 lla:
2228 1477 2344 1530 diue
2398 1478 2633 1544 proxime
2683 1478 2852 1532 allata:
2894 1481 3129 1544 CpiSIOlJ‘.
3161 1480 3386 1532 Baronio
3417 1480 3611 1541 omnia

2020 1548 2221 1612 hu~que
2253 1563 2469 1600 suasere
2504 1550 2829 1615 Stephanum
2865 1550 3129 1602 seniorem
3150 1552 3454 1617 episcoiium
3484 1555 3586 1600 Au-

2023 1619 2349 1679 tiocheuuin,
2382 1634 2520 1669 anno
2551 1620 2673 1681 47!),
2700 1620 2766 1671 ah
2798 1620 3061 1672 haereticis
3093 1618 3428 1671 interfectum
3457 1617 3611 1672 ΐιιίεέ

2028 1703 2106 1750 se,
2153 1697 2207 1739 ct
2260 1688 2311 1739 in
2343 1687 2459 1754 ejus
2504 1688 2675 1740 locum
2710 1690 3043 1750 imperatoris
3086 1690 3235 1753 jussu
3261 1689 3590 1757 Stephanum

1906 1771 1920 1796 t
1958 1748 1999 1808 Β
2025 1748 2287 1823 juniorein
2320 1748 2874 1823 Constantiuopiliah
2912 1748 3101 1812 ΑιδηςῘὸ
3129 1748 3451 1811 ordinatum.
3486 1758 3591 1811 Ve-

2021 1844 2133 1881 rum
2160 1828 2390 1895 vulgaris
2420 1828 2531 1880 lucc
2555 1829 2733 1897 op‘nio
2767 1828 2893 1881 falsa
2923 1840 3023 1890 est,
3048 1838 3100 1881 et
3128 1828 3175 1880 in
3200 1829 3345 1881 subst
3364 1829 3590 1893 rij-tioue

2024 1913 2164 1965 prior
2188 1911 2213 1949 s
2252 1897 2489 1964 epistolae
2520 1898 2793 1965 AStttlgtlit‘ii
2838 1913 2986 1965 papa:
3018 1899 3082 1951 ad
3132 1898 3399 1953 Zenonem
3449 1899 3588 1961 loco,

2021 1961 2130 2034 post
2161 1961 2481 2037 consulatum
2508 1961 2599 2017 Illi
2622 1968 2680 2018 V.
2705 1968 2762 2021 (Σ.
2788 1961 3065 2035 legendum
3095 1979 3196 2032 e~t,
3228 1979 3338 2037 post
3359 1972 3611 2020 consular

2020 2048 2127 2089 uim
2164 2036 2361 2088 Placidi
2398 2036 2462 2089 V.
2497 2036 2580 2097 (2.,
2630 2037 2850 2106 ideoque
2891 2055 2949 2092 ea
3000 2042 3149 2106 epist
3176 2036 3235 2092 la’
3278 2040 3397 2090 data
3455 2052 3594 2090 anno

2021 2107 2147 2172 .582,
2173 2121 2290 2159 eum
2321 2107 2584 2160 Piacidius
2616 2124 2703 2159 an.
2738 2109 2831 2161 481
2863 2111 3193 2162 consulatum
3218 2106 3458 2172 gesserit.
3496 2109 3594 2159 lies

2024 2180 2163 2230 tritis
2206 2180 2345 2229 enim
2396 2177 2660 2244 prioribus
2692 2180 2920 2231 nominis
2974 2178 3171 2231 Placidi
3204 2178 3393 2231 litteris
3444 2178 3594 2232 facile

2024 2248 2122 2298 fuit
2172 2247 2389 2299 librario
2440 2262 2642 2305 errare.
2688 2256 2742 2301 et
2794 2250 2911 2302 loco
2946 2246 3142 2301 Placidi
3177 2249 3355 2315 legere
3380 2246 3595 2310 ιιιὶςενι

2025 2318 2307 2384 magisque
2323 2318 2561 2386 epistola!
2584 2318 2719 2372 lict
2746 2318 2810 2372 15
2829 2334 2946 2385 qua:
2970 2334 3083 2372 eam
3117 2320 3439 2387 prazcednnt,
3460 2319 3596 2387 datm

2024 2397 2147 2440 sunt
2185 2388 2284 2439 Illo
2320 2388 2378 2441 V.
2409 2387 2463 2442 C.
2490 2390 2714 2451 consule,
2746 2404 2885 2440 anno
2913 2403 2991 2442 sc.
3014 2386 3138 2442 473.
3174 2389 3263 2441 lite
3293 2386 3411 2440 duie
3440 2386 3597 2453 igitur

2025 2456 2263 2522 epistola:
2295 2457 2574 2524 Simplicii,
2620 2458 2673 2511 in
2722 2460 2913 2526 quibus
2953 2459 3151 2511 mentio
3182 2461 3248 2512 de
3297 2458 3441 2511 caede
3485 2462 3596 2523 epi-

2026 2528 2172 2594 seopi
2217 2528 2556 2597 Autioclieni,
2588 2528 2710 2597 ‘ejus
2740 2525 2956 2583 nomine
2986 2543 3295 2597 suppresso,
3330 2525 3597 2592 pertinent

2028 2598 2093 2648 ad
2129 2613 2216 2650 an.
2260 2596 2385 2661 482,
2432 2596 2749 2663 eteque'non
2781 2600 2846 2652 de
2874 2596 3138 2665 Stephano
3169 2597 3381 2661 seniori,
3414 2598 3503 2649 sed
3532 2604 3600 2650 ite

2028 2666 2511 2734 Stephanojuuiori
2535 2668 2910 2736 intell'gcndze.
2947 2670 3039 2721 llic
3066 2669 3206 2720 enim
3239 2668 3306 2719 ab
3328 2666 3597 2720 haereticis

2031 2736 2359 2797 interfectus,
2392 2749 2445 2790 et
2474 2748 2659 2792 neuter
2687 2740 2754 2790 ab
2795 2739 2987 2791 Acacio
3015 2739 3309 2798 ordinatus,
3357 2736 3450 2789 sed
3502 2738 3602 2787 Ca-

2030 2806 2229 2869 lendio,
2260 2807 2347 2871 qui
2372 2808 2855 2876 Stephanojuniori
2890 2812 3168 2871 successit,
3203 2818 3257 2858 ut
3286 2806 3349 2858 ad
3383 2821 3470 2859 an.
3495 2806 3602 2860 482

2032 2894 2062 2927 ιι
2086 2876 2365 2930 onstraho.
2394 2877 2545 2940 Quod
2578 2894 2706 2931 vero
2732 2894 2795 2931 ex
2829 2878 3055 2930 Barouio
3077 2880 3151 2930 ait
3182 2878 3355 2930 Βίιιίιιι
3384 2890 3521 2931 novo
3550 2885 3603 2930 et

2007 2947 2288 3018 ‘iuusitato
2318 2947 2565 3015 exemplo
2596 2949 2903 3018 episcopum
2930 2948 3315 3001 Antiochenam
3345 2945 3602 3018 Constan-

2035 3017 2256 3084 tioopoli
2277 3018 2575 3071 ordinatura
2597 3017 2778 3083 fui-se,
2795 3020 2994 3072 corruit
3010 3034 3076 3071 ex
3095 3019 3159 3070 iis
3178 3033 3294 3083 quin
3312 3016 3376 3069 ad
3394 3031 3482 3069 an.
3501 3016 3604 3071 M9

1956 3108 2000 3172 ρ
2034 3088 2402 3172 dixiriius.nllii
2434 3090 2574 3169 enim
2603 3090 2931 3172 ostendimus
2976 3090 3260 3172 Masiuium
3290 3103 3377 3154 ep.
3412 3087 3607 3172 Αιιιίρ-

2034 3159 2264 3213 εΙιιιηιιιιι
2293 3158 2748 3229 Colistzintiuopoli
2767 3162 2833 3214 ab
2865 3160 3112 3215 Anatolio
3134 3157 3603 3229 consecratutn.glu

2043 3229 2250 3293 Evagrii
2304 3229 2480 3282 verbis
2524 3245 2552 3281 a
2608 3227 2699 3284 Bin
2725 3245 2757 3284 ο
2810 3242 2928 3299 post
2961 3232 3241 3282 Barouium
3276 3228 3457 3282 relatis
3491 3227 3601 3289 illa,

2036 3315 2195 3371 quam
2239 3299 2456 3371 triclinio
2494 3303 2544 3352 in
2578 3300 2713 3353 hunc
2739 3317 2894 3371 usque
2920 3317 3105 3353 annum
3136 3301 3314 3371 tenuit,
3353 3313 3523 3371 neque
3555 3300 3605 3371 in

2038 3369 2274 3423 editione
2312 3367 2817 3437 Christophorsoni,
2858 3386 3026 3435 neque
3053 3372 3105 3423 in
3146 3370 3381 3423 editione
3416 3368 3605 3422 Valcsii

2042 3440 2306 3512 leguntur.
2335 3443 2408 3512 lia
2448 3443 2603 3509 igitur
2633 3457 2813 3495 err..re
2856 3440 3165 3512 typographi
3196 3439 3405 3512 Baconii
3446 3437 3605 3492 verba

2042 3511 2109 3562 ab
2152 3510 2359 3576 Evagrii
2394 3508 2536 3563 textu
2569 3512 2779 3564 diverso
2810 3508 3121 3564 charactere
3148 3525 3251 3561 non
3273 3508 3608 3576 distinguen-

2044 3582 2128 3633 tis.
2180 3579 2248 3631 ita
2278 3581 2439 3633 edita.
2475 3580 2728 3647 Evagrms
2769 3582 2909 3632 enim
2938 3580 3272 3633 durationem
3314 3579 3458 3632 sedis
3486 3578 3631 3633 Ste-t

2046 3648 2205 3717 phaui
2234 3663 2337 3701 non
2369 3660 2650 3713 memorat,
2683 3662 2735 3704 et
2764 3660 2938 3703 tamen
2972 3649 3057 3703 hic
3087 3649 3289 3714 Binius,
3319 3650 3513 3717 aliique
3538 3649 3609 3703 loc

2034 3792 2099 3844 de
2174 3790 2411 3845 antistite
2474 3788 2756 3858 del’gendo
2818 3790 3113 3846 Antiochiae
3171 3790 3382 3844 conitia
3447 3789 3610 3845 habe-

2033 3868 2236 3915 rentur.
2276 3860 2488 3914 Electus
2523 3868 2607 3914 est
2652 3861 3105 3931 ConSIantinopoti
3166 3861 3467 3930 Stepha'us
3527 3862 3612 3928 ju-

2038 3932 2177 3984 nior.
2203 3931 2307 3986 Sed
2330 3945 2448 3984 eum
2474 3930 2525 3983 id
2556 3941 2748 3996 praeter
2785 3934 2995 4000 regulas
3020 3948 3065 3987 ει
3085 3933 3407 3985 elesiasticas
3437 3940 3489 3984 et
3519 3947 3637 3983 au-v

2039 4002 2238 4069 tiquam
2267 4001 2613 4055 Antiocheam
2647 4002 2897 4055 Ecclesia:
2927 4004 3363 4056 consuetudinem
3388 4001 3613 4054 accidis-

2041 4082 2143 4138 set,
2180 4082 2361 4141 utpote
2390 4085 2509 4139 quas
2536 4086 2638 4123 non
2666 4072 2766 4124 nisi
2818 4073 2866 4123 in
2919 4072 3147 4125 COIN'iIIO
3177 4072 3411 4123 omnium
3444 4070 3611 4139 Syria:

2045 4145 2413 4210 episcoporum
2442 4141 2831 4195 Autiochenum
2861 4142 3165 4208 episcopum
3197 4143 3445 4193 ordinare
3472 4145 3610 4193 sole-

2048 4221 2145 4275 ret,
2185 4213 2326 4266 Zeno
2370 4212 2658 4279 imperator
2708 4212 2910 4266 litteras
2947 4212 3011 4264 ad
3046 4210 3345 4279 paniilieem
3378 4210 3608 4276 scripsit,

2047 4283 2239 4348 quibus
2268 4299 2328 4336 ea
2371 4297 2489 4350 qua:
2518 4292 2667 4348 gesta
2697 4290 2852 4336 erant
2881 4298 2909 4335 a
2940 4281 3177 4334 Romano
3210 4280 3458 4350 pontifice
3497 4288 3612 4333 rata

2049 4348 2399 4405 haberentur.
2427 4351 2663 4407 Pontifex
2713 4353 2982 4420 respondit
3017 4366 3074 4405 se
3103 4352 3292 4405 factam
3322 4348 3613 4403 ordinatio-

2049 4438 2169 4475 nem
2204 4422 2429 4475 libenter
2456 4436 2622 4475 ratam
2656 4422 2976 4485 habiturum,
3002 4421 3159 4474 modo
3192 4421 3490 4479 exemplum
3515 4420 3615 4472 hoc

367 4491 640 4563 cidarunt,
668 4489 1167 4563 sanctissimumque
1198 4491 1367 4563 ipsum
1393 4491 1685 4563 antistitem
1720 4491 1945 4563 Stepha-
1973 4505 2019 4563 ο
2047 4492 2523 4563 extraordinarium
2559 4494 2785 4558 posteris
2822 4492 2950 4545 nihil
2972 4490 3273 4563 prmjudicii
3305 4490 3509 4554 afferat,
3538 4491 3616 4543 id-

371 4576 524 4623 uum,
557 4562 611 4613 in
633 4573 791 4627 quem
816 4560 1148 4626 patissimum
1177 4560 1379 4629 majore
1400 4562 1526 4614 odio
1546 4562 1863 4621 aestuahant,
1888 4569 1945 4613 et

371 4632 448 4684 ira
473 4630 675 4683 incensi
702 4631 1055 4699 corripiebant
1080 4630 1145 4682 ad
1170 4646 1373 4696 necem,
1407 4646 1571 4699 usque
1600 4632 1946 4684 atrocissimis

372 4712 404 4755 ια
430 4700 657 4754 rmentis
704 4698 1063 4753 confecerunt.
1096 4700 1171 4753 De
1212 4716 1315 4769 quo
1343 4717 1405 4754 ex
1462 4698 1665 4755 luanne
1712 4700 1947 4755 Rhetore

373 4786 596 4824 suorum
633 4777 931 4837 temporum
964 4770 1366 4823 accuratissimo
1400 4774 1656 4835 scriptore
1688 4771 1946 4831 Evagrius

376 4841 471 4899 lib.
521 4856 602 4901 tn,
633 4854 751 4907 cap.
786 4839 870 4903 10,
910 4838 1023 4893 hare
1056 4840 1285 4894 scribit:
1316 4837 1470 4894 Petro
1502 4840 1742 4894 Ecclesia:
1770 4840 1951 4893 Antio-

377 4911 552 4963 chenae
578 4911 864 4981 exturbato,
891 4908 1181 4979 Stephanus
1200 4911 1338 4963 illius
1358 4912 1526 4963 sedem
1542 4914 1782 4981 capessit,
1797 4927 1950 4981 quam

378 4981 595 5032 triennio
640 4980 695 5032 in
737 4980 873 5031 hunc
902 4995 1055 5046 usque
1081 4996 1270 5032 annum
1317 4984 1492 5033 lenuit.
1530 4980 1703 5045 Hunc,
1751 4983 1950 5045 subdit,

379 5050 685 5120 Antiocheni
724 5049 936 5120 coloniis
965 5051 1033 5101 ad
1060 5050 1443 5120 similitudinem
1485 5050 1752 5103 [iustarum
1784 5067 1949 5120 prcca-

378 5119 531 5190 cutis,
562 5120 635 5171 uti
664 5119 835 5173 scribit
867 5116 1091 5172 Joannes
1125 5119 1331 5184 Rhetor,
1364 5124 1709 5185 confecerunt.
1746 5116 1954 5190 Corpus

379 5189 623 5256 ejusdem
676 5190 729 5241 in
778 5190 1029 5242 Orontem
1058 5204 1267 5243 amnem
1323 5190 1614 5258 projectum
1646 5190 1828 5256 fuisse,
1859 5189 1952 5243 ex

382 5259 576 5313 eodem
614 5258 820 5313 Jozmne
849 5259 1033 5312 scribit
1074 5259 1404 5327 Nieephorus
1450 5260 1539 5313 lib.
1572 5276 1657 5324 xv,
1708 5275 1828 5326 cap.
1862 5260 1947 5314 £8.

380 5327 672 5397 Postquam
720 5342 848 5381 vero
894 5328 1035 5382 Zeno
1065 5330 1374 5397 imperator,
1400 5330 1574 5382 missis
1615 5330 1949 5383 Antiochiam

382 5398 651 5453 militibus
697 5398 980 5462 ultoribus,
1018 5399 1081 5453 de
1136 5400 1405 5465 sacrilegis
1436 5400 1716 5453 horuicidis
1743 5400 1951 5453 debitas

385 5482 575 5536 poenas
631 5470 977 5535 sumpsisset,
1024 5470 1181 5534 jussit
1228 5479 1282 5522 ιιι
1330 5470 1691 5523 Antiocheuus
1746 5470 1953 5523 futurus

384 5538 675 5605 episcopus
695 5539 1149 5603 Constantinopoli
1177 5539 1500 5607 eligeretur;
1534 5538 1690 5608 idque
1728 5540 1847 5593 ideo
1896 5551 1954 5593 ut

387 5608 508 5671 paci
563 5619 616 5661 ct
644 5610 808 5675 quieti
838 5608 954 5676 ejus
1000 5608 1228 5663 civitatis
1267 5610 1635 5677 prospiceret:
1672 5610 1956 5664 timebatur

386 5677 535 5733 enim
567 5679 796 5733 Obducta
826 5682 1039 5733 cicatrix
1073 5680 1123 5733 in
1170 5679 1315 5733 ulcus
1342 5679 1571 5734 vicissim
1607 5690 1877 5750 eruptura,
1912 5681 1955 5733 si

2048 4578 2151 4630 que
2174 4563 2463 4629 imperator
2480 4562 2783 4629 juramento
2812 4562 3100 4629 promittat.
3124 4561 3195 4614 lta
3226 4577 3361 4614 novo
3378 4572 3431 4615 et
3462 4576 3615 4626 pror-

2050 4647 2140 4684 sus
2170 4632 2408 4685 inaudito
2434 4631 2677 4699 exemplo
2698 4635 2941 4701 contigit,
2979 4634 3141 4698 utqui
3173 4647 3201 4684 a
3235 4632 3396 4685 totius
3444 4632 3613 4701 Syria:

2050 4703 2316 4770 episcopis
2331 4702 2563 4755 ordinari
2585 4701 2781 4756 soleret
2797 4703 3016 4755 antistes
3029 4703 3413 4765 Antioclienus,
3428 4708 3617 4769 agente

2051 4773 2400 4839 imperatore,
2454 4781 2506 4824 et
2555 4781 2725 4825 ratum
2770 4774 2996 4826 habente
3054 4773 3302 4839 pontifice
3346 4772 3612 4835 lteruano,

2053 4843 2354 4910 Stephanus
2372 4842 2552 4909 junior
2578 4844 2645 4894 ab
2676 4843 2869 4896 Acacio
2895 4841 3480 4908 Constantinopolitano
3498 4841 3612 4906 epi-

2054 4927 2218 4979 scopo
2244 4912 2516 4966 ordinatus
2542 4912 2718 4966 fuerit.
2751 4912 2956 4967 Accidit
2986 4912 3145 4966 etiam
3182 4915 3277 4965 hac
3307 4913 3614 4971 occasione,

2056 4983 2194 5051 qttod
2222 4984 2358 5036 sicut
2394 4984 2563 5034 latens
2595 4982 2784 5036 humor
2809 4984 2998 5047 malus,
3024 4998 3143 5037 cum
3178 4998 3205 5034 a
3240 4994 3420 5034 natura
3454 4980 3506 5034 in
3528 4996 3620 5033 cu-

2059 5063 2163 5105 tem
2196 5053 2591 5114 transmittitur,
2619 5053 2721 5106 levi
2745 5052 3129 5107 confricatione
3150 5051 3383 5118 pruritus
3409 5052 3620 5103 morda-

2056 5123 2171 5176 cior
2211 5123 2502 5187 excitatur;
2547 5123 2617 5175 ita
2672 5122 2829 5190 plane
2866 5121 3084 5175 ambitio
3116 5122 3375 5188 primatus
3407 5136 3524 5189 qua:
3567 5121 3622 5172 in

2058 5193 2253 5247 Acacio
2284 5193 2539 5246 hactenus
2562 5192 2733 5261 latuit,
2759 5192 2859 5246 hoc
2881 5194 3019 5245 facto
3044 5193 3210 5259 magis
3240 5193 3510 5259 magisque
3544 5190 3621 5241 in-

2058 5275 2239 5326 censa,
2271 5264 2559 5331 appetitum
2588 5262 2843 5329 primatus
2867 5262 2941 5315 illi
2970 5261 3424 5316 vehementiorem
3455 5262 3621 5331 iuges:

2054 5333 2145 5394 sit,
2168 5329 2493 5401 usqueadeo
2525 5343 2582 5385 ut
2612 5332 2786 5393 famis,
2811 5348 2901 5386 seu
2941 5334 3114 5399 potius
3151 5332 3428 5399 explenda:
3454 5329 3622 5401 rabiei

2055 5399 2525 5462 eausa—custodita
2557 5418 2817 5455 canonum
2841 5403 3070 5456 claustra
3094 5402 3315 5470 ruperit,
3341 5409 3395 5451 et
3419 5399 3625 5454 vincula

2054 5472 2329 5525 Catholica:
2349 5472 2733 5525 communionis
2763 5473 2997 5540 fregerit,
3026 5480 3078 5525 et
3104 5486 3161 5524 se
3196 5485 3425 5538 suosque
3456 5480 3627 5539 postc-

2056 5557 2143 5595 ros
2168 5542 2461 5609 jirmdpites
2485 5543 2709 5604 dederit,
2740 5552 2796 5595 ut
2829 5542 2959 5594 infra
2991 5557 3086 5594 suo
3111 5542 3226 5594 loco
3256 5541 3516 5597 dicemus.
3551 5540 3625 5596 γι.

2058 5613 2122 5666 de
2148 5614 2426 5667 Baroniuut
2451 5629 2586 5667 atino
2611 5614 2733 5673 479,
2772 5628 2912 5665 nunt.
2953 5612 2971 5663 l
3000 5620 3051 5664 ct
3071 5610 3121 5662 ‘2.
3156 5614 3281 5666 διν.
3310 5612 3505 5668 Βιδιιιε.
