4022 6168
436 241 507 295 55
1800 244 1996 302 SIMPL

2145 247 2229 303 PA
2239 247 2347 304 PE
3622 258 3690 314 56

436 374 556 444 cum
579 358 732 444 illum
761 358 1018 439 integrum
1035 355 1263 444 Evagrio
1291 356 1586 444 ascribunt,
1620 359 1759 444 quod
1786 377 2006 444 tiipnen-
2033 367 2086 425 Α
2178 361 2429 417 Joannem
2458 364 2801 444 conﬁrmare:
2829 366 3033 444 demum
3057 380 3295 444 precatur
3317 381 3373 425 ut
3411 372 3686 444 imperato-

436 430 562 481 dum
609 430 759 489 duxi,
810 444 877 483 ne
909 428 957 497 iu
1006 436 1277 497 posterum
1315 429 1464 481 locus
1511 430 1598 482 ille
1623 432 1798 485 lucum
1828 430 2004 487 faciat.

439 497 604 572 (Lege
630 499 843 572 Paginm
872 496 1298 572 ad__a’n._ACh_risti
1329 498 1455 572 ἄδι.
1488 515 1629 572 num.
1669 502 1703 553 5
1752 509 1805 554 et
1857 516 2004 572 seqq.

440 567 525 621 ubi
558 567 801 637 plurade
833 569 911 621 his
928 567 1187 635 Simplicii
1206 569 1464 637 epistolis,
1492 569 1557 622 de
1584 572 1730 623 crede
1754 567 2007 638 Stephani

436 654 540 691 non
565 639 813 703 senioris,
838 639 929 694 sed
956 639 1221 707 junioris;
1254 650 1306 693 et
1336 639 1404 693 de
1435 640 1548 693 solo
1584 639 1911 696 Calendione
1941 642 2009 695 ab

435 711 630 763 Acacio
655 709 1117 776 Censtantinmioli
1141 711 1437 779 ordinato.)

933 844 946 874 '
991 842 1323 897 EPISTOLA
1371 842 1509 898 XVI.

824 949 1071 989 SHII‘LICII
1096 951 1238 989 ΡΔΡΑΞ
1270 952 1337 989 ΔΙ)
1364 951 1599 990 EUMDEI.

431 1046 755 1103 Calendionis
787 1046 1088 1100 Antiocheni
1116 1048 1341 1117 episwpi
1370 1046 1665 1100 electionem
1712 1047 2005 1116 conﬁrmat.

468 1161 775 1233 Simplicius
811 1160 1100 1230 episcOpus
1141 1158 1334 1233 Aeacio
1368 1160 1620 1232 episcopo
1664 1159 1972 1217 Constanti-

1050 1230 1380 1298 nOpolitano.
1554 1230 1569 1232 ⁷
1870 1243 1881 1251 ·

500 1323 820 1379 ΛιιιτοοΙιεηὶ
850 1323 1124 1377 exordium
1157 1324 1452 1378 sacerdotis
1478 1340 1579 1393 qua
1609 1323 1816 1379 ratione
1852 1323 2010 1379 fuerit

428 1422 601 1473 serius
626 1418 938 1479 iudicatum,
972 1418 1214 1486 quamvis
1246 1418 1465 1472 minime
1496 1434 1592 1473 nos
1624 1419 1790 1473 latere
1820 1430 2009 1488 petue-

431 1526 455 1562 r
480 1519 516 1569 t.
555 1520 730 1561 tamen
762 1518 814 1562 et
842 1508 953 1576 ipse
985 1508 1065 1561 vel
1097 1507 1334 1578 synodus
1360 1508 1525 1579 ipsius
1553 1510 1821 1564 indicavit.
1854 1508 2007 1577 Quod

428 1602 566 1654 sicut
615 1616 721 1653 non
776 1601 1078 1665 optavimus
1128 1600 1263 1664 fieri,
1316 1599 1384 1653 ita
1436 1600 1616 1655 faciles
1649 1600 2005 1666 excusationi,

428 1706 583 1759 quam
614 1689 1065 1755 necessitasiecit,
1096 1690 1397 1744 exstitinius
1422 1709 1435 1743 :
1460 1694 1580 1761 quia
1604 1692 1742 1761 quod
1767 1692 2007 1746 volunta-
2037 1731 2082 1791 Β

429 1784 564 1836 riuin
599 1797 702 1834 non
736 1790 817 1835 est
858 1783 1033 1834 vocari
1068 1796 1172 1834 non
1210 1790 1385 1851 potest
1434 1782 1483 1835 in
1531 1797 1755 1837 reatum.
1793 1784 1853 1837 Et
1886 1784 2007 1837 ideo

432 1891 523 1941 per
543 1875 757 1929 fratrem
778 1885 824 1928 et
858 1873 1232 1943 coepisc0pum
1260 1883 1497 1928 nostrum
1532 1877 1893 1943 Anastasinm,
1920 1875 2011 1945 qui

430 1984 491 2021 ex
517 1966 768 2035 prmdicta
798 1966 1015 2037 regione
1042 1966 1277 2021 directus
1312 1977 1412 2031 est,
1447 1968 1637 2021 litteris
1664 1984 1877 2038 quoque
1909 1980 2009 2021 ture

431 2059 733 2114 dilectionis
761 2059 1014 2125 acceptis,
1047 2059 1237 2113 alterni
1290 2058 1709 2113 vicissitudinem
1743 2059 2010 2113 sermonis

430 2164 533 2207 tua:
573 2153 902 2208 reddidimus
947 2150 1214 2216 charitati,
1248 2150 1550 2205 necessario
1589 2150 1767 2205 fratris
1801 2164 1851 2205 et
1896 2167 2015 2205 coe-

433 2246 633 2315 piscopi
656 2246 823 2300 nostri
842 2243 1180 2299 Calendionis
1206 2242 1563 2297 sacerdotium
1586 2243 1786 2311 gremio
1799 2253 2013 2307 aposto-

430 2339 544 2393 lica:
573 2338 716 2392 sedis
753 2338 1007 2406 amplexi,
1040 2337 1092 2391 in
1136 2337 1463 2391 consortium
1494 2345 1732 2389 nostrum
1767 2351 1861 2405 per
1885 2350 2011 2404 gra-

432 2437 557 2488 tiam
586 2434 778 2487 Christi
807 2432 900 2488 Dei
924 2432 1089 2485 nostri
1122 2441 1284 2485 tantae
1308 2432 1454 2484 urbis
1485 2431 1779 2483 antistitem
1801 2428 2010 2497 collegii

430 2527 623 2580 unione
647 2538 1006 2578 numeramus.
1036 2524 1477 2577 Miramur-autem
1503 2521 1628 2575 nihil
1655 2535 1752 2574 nos
1778 2520 1845 2576 de
1870 2530 2010 2574 statu

430 2617 779 2673 Aulim-liena:
814 2618 1065 2671 Ecclesia:
1097 2628 1146 2670 te
1193 2619 1495 2670 instruente
1537 2616 1809 2677 didicisse.
1851 2631 2007 2684 quem

429 2725 568 2763 nunc
596 2710 664 2762 ita
700 2708 898 2763 Imber.-
927 2725 984 2761 se
1016 2709 1400 2775 comperimus,
1435 2718 1491 2763 ttt
1525 2708 1750 2777 improbi
1787 2723 1883 2776 per
1913 2723 2006 2762 oc-

427 2802 696 2855 casionem
744 2801 919 2855 obitus
950 2802 969 2831 '
998 2809 1199 2854 sancta:
1238 2802 1511 2854 tremorie
1550 2799 1813 2853 Timethei
1858 2814 2010 2852 eam-

426 2896 549 2949 dem
609 2895 897 2949 Ecclesiam
958 2904 1220 2948 conentur
1268 2894 1466 2948 habere
1516 2894 1801 2963 captivam.
1856 2891 2009 2947 Unde

428 2985 691 3054 agendum
716 2995 795 3038 est
821 2984 1096 3039 dilectioni
1126 2995 1230 3038 tua:
1261 3000 1384 3038 eum
1415 2985 1838 3038 clementissimo
1862 2984 2009 3053 prin-

2182 449 2285 485 rent
2332 444 2556 500 moneat,
2596 451 2659 489 ne
2686 436 2921 491 hteretico
2937 436 3064 510 jam
3082 439 3323 495 damnato
3348 436 3516 511 favere
3549 446 3687 499 velit.

2110 546 2416 617 Simplicius
2452 548 2737 618 episcopus
2778 548 2971 623 Acacio
3019 552 3274 623 episcopo
3312 556 3691 612 Constantino-

2769 622 3026 689 politano.

2183 706 2436 761 Miramur
2461 709 2662 776 pariter
2686 718 2739 762 et
2760 710 3027 773 dolemus,
3062 712 3131 765 ita
3159 713 3208 766 in
3239 721 3342 767 ture
3385 714 3689 771 dilection's

2108 795 2288 849 animo
2308 797 2695 852 dissimulatam
2729 800 2969 855 lacerare
3000 802 3244 875 [latitare]
3271 820 3454 859 curam
3494 809 3692 862 carita-

2110 886 2178 939 tis
2203 895 2259 941 et
2288 886 2407 942 fidei
2428 928 2441 951 ,
2475 901 2524 940 ut
2556 903 2677 943 cum
2705 890 3178 947 christianissimus
3205 894 3495 963 imperator
3515 898 3686 966 pieta-

2112 976 2182 1030 tis
2204 986 2259 1032 et
2285 980 2561 1048 religionis
2593 982 2846 1035 instincm
2876 982 3070 1038 aliandi
3105 998 3278 1050 me,et
3308 988 3374 1042 de
3395 991 3570 1043 causis
3602 1007 3690 1046 ec-

2109 1066 2424 1123 clesiasticis
2472 1070 2809 1135 consulendi,
2856 1073 3040 1128 liileles
3076 1085 3235 1144 atque
3269 1079 3496 1132 solertes
3527 1082 3691 1135 inter-

2109 1159 2324 1213 nuntios
2360 1159 2673 1225 destinaret,
2703 1166 2815 1231 ipse
2850 1174 2903 1218 et
2931 1166 3154 1219 alternre
3180 1169 3365 1237 gratiae
3386 1181 3439 1223 et
3471 1171 3691 1241 vigilan-

2108 1248 2196 1303 tite
2241 1250 2521 1318 pastoralis
2564 1251 2782 1315 oblitus,
2815 1268 2913 1307 nec
2940 1255 3138 1324 alloqui
3174 1272 3270 1311 nos
3305 1258 3559 1325 volueris,
3592 1277 3689 1316 nec

2109 1340 2281 1396 dehis
2309 1359 2425 1412 qure
2452 1344 2518 1397 ad
2550 1345 2829 1400 Catholica:
2858 1348 3102 1403 veritatis
3123 1351 3421 1404 custodiam
3457 1353 3692 1421 pirtine-

2108 1433 2236 1489 bant
2282 1436 2506 1491 duxeris
2548 1438 2889 1495 instruendos
2922 1457 2936 1493 :
2977 1452 3137 1511 atque
3166 1442 3305 1507 ideo,
3340 1446 3501 1498 frater
3528 1448 3695 1500 caris-

2108 1527 2263 1593 sime,
2298 1542 2415 1597 qutc
2443 1543 2549 1583 non
2574 1530 2844 1586 immerito
2873 1534 3047 1587 cernis
3071 1533 3238 1589 libera
3275 1535 3553 1593 ati‘ectione
3580 1540 3694 1593 cul-

2110 1618 2246 1685 pari,
2278 1620 2481 1686 potiore
2503 1619 2777 1689 diligentia
2804 1624 3445 1695 repensando,cognosce
3472 1631 3697 1697 proinde

2110 1708 2408 1777 delegatum
2447 1711 2540 1765 tibi
2582 1727 2777 1765 munus
2816 1713 3154 1783 impendens,
3194 1732 3385 1772 Sensus
3419 1730 3539 1775 tuos
3570 1738 3699 1791 prnc

2115 1800 2303 1856 denter
2322 1803 2531 1867 attolle,
2571 1813 2624 1857 et
2653 1819 2749 1872 pro
2779 1806 2992 1860 tuendis
3021 1807 3475 1866 Chalcedonensis
3506 1813 3695 1881 synodi

2113 1896 2417 1951 constitutis
2458 1897 2806 1952 vehementer
2833 1900 3069 1969 invigila,
3100 1916 3169 1956 ne
3201 1918 3292 1968 per
3315 1905 3693 1973 negligentiam

2113 1987 2480 2058 desidiamque
2525 2000 2761 2044 nostram
2810 1992 3131 2060 snbrepatur
3190 1995 3440 2064 gregibus
3487 1997 3697 2052 Domini

2114 2080 2309 2135 ietltale
2338 2082 2673 2150 dispendium
2698 2082 2806 2154 [AL
2827 2082 3204 2155 suspendium].
3233 2085 3411 2153 Nuper
3437 2086 3503 2141 ab
3528 2086 3695 2157 (Egy-

2114 2170 2222 2238 ptia
2250 2170 2479 2241 synodo,
2513 2188 2629 2239 qua?
2655 2182 2706 2225 et
2740 2188 2961 2227 numero
2990 2173 3236 2241 plurima,
3268 2187 3321 2230 et
3354 2175 3472 2232 fidei
3510 2179 3699 2230 catho-

2114 2262 2229 2317 licze
2264 2273 2406 2319 esset
2452 2265 2831 2320 communione
2860 2266 3093 2333 snifulta,
3117 2281 3276 2335 atque
3315 2271 3381 2323 ab
3410 2272 3523 2339 ipso
3553 2273 3700 2329 omni

2114 2355 2499 2424 propemodum
2531 2356 2678 2409 clero
2700 2356 3078 2412 Alexandrina}
3109 2358 3252 2412 St‘dis
3278 2360 3344 2417 ad
3369 2376 3463 2413 nos
3486 2377 3556 2414 ex
3582 2377 3701 2415 mo-

2112 2462 2171 2501 re
2198 2447 2387 2501 relatio
2428 2449 2590 2502 missa
2624 2447 2894 2517 patefecit,
2920 2458 3121 2503 sanctae
3168 2453 3441 2505 memorie
3473 2453 3697 2507 fratrem

2112 2538 2399 2604 quemdam
2432 2538 2731 2611 [quondam]
2758 2548 2813 2593 ct
2833 2539 3207 2608 coepiscopum
3238 2550 3477 2597 nostrum
3500 2544 3699 2599 obiisse

2110 2628 2477 2693 Timotheum,
2529 2629 2689 2699 inque
2727 2629 2842 2695 ejus
2880 2630 3046 2683 vicem
3079 2644 3314 2684 consona
3342 2632 3576 2686 fidelium
3605 2648 3699 2687 vo-

2115 2720 2323 2775 luntate
2342 2720 2622 2785 Joannem,
2649 2722 2731 2774 cui
2755 2721 2821 2774 ad
2840 2722 3197 2776 sacerdotium
3222 2733 3473 2778 constare
3501 2724 3696 2779 crede-

2116 2824 2303 2868 rentur
2346 2814 2544 2876 omnia,
2577 2814 2943 2881 subrogatum,
2980 2824 3036 2867 ut
3080 2815 3209 2869 nihil
3240 2815 3462 2868 omnino
3493 2826 3697 2870 restare

2114 2904 2416 2969 videbatur,
2450 2905 2619 2959 nisiut
2650 2904 2759 2958 Deo
2793 2915 2976 2959 nostro
2998 2906 3195 2973 gratias
3223 2906 3508 2975 agentibus
3542 2908 3698 2962 nobis

2113 3005 2271 3062 atque
2303 2995 2679 3064 gaudentibus,
2714 3003 2771 3047 ut
2795 2995 2911 3049 sine
2940 2996 3189 3064 strepitu,
3231 2997 3370 3064 quod
3400 2996 3698 3055 catholicus

425 3077 561 3145 cipe,
597 3092 662 3128 ne
690 3076 1022 3129 convellatur
1042 3075 1141 3128 sub
1172 3077 1287 3144 ejus
1331 3075 1579 3142 imperio,
1622 3076 1760 3144 quod
1796 3075 2000 3145 tyranni

2115 3086 2164 3139 in
2188 3086 2423 3140 defuncti
2448 3086 2804 3140 ministerium
2834 3087 3183 3142 successisset
3214 3086 3459 3152 antistes,
3481 3099 3699 3158 aposto-

428 3169 759 3236 temporibus
798 3169 969 3237 potuit
1005 3168 1259 3222 obtineri.
1305 3170 1430 3220 Data
1474 3168 1647 3221 idibus
1677 3167 1799 3222 Julii
1831 3168 2002 3239 [iunio

423 3262 551 3316 Chr.
582 3260 732 3333 i8'2],
772 3261 1037 3315 Severino
1068 3260 1185 3315 viro
1215 3261 1513 3314 clarissimo
1544 3261 1785 3315 consule.

926 3398 946 3428 ³
978 3396 1305 3452 EPISTULA
1340 3396 1502 3450 XVII.

808 3507 1051 3547 SHIPLICII
1094 3508 1237 3546 ΡΔΡΕ
1272 3508 1337 3545 ΑΙ)
1377 3507 1611 3545 Εωίιιειι.

421 3586 757 3656 Conqueritur
776 3602 878 3640 una
901 3602 1015 3640 cum
1052 3585 1371 3652 imperatoris
1404 3586 1587 3656 litteris
1615 3585 1677 3637 ab
1709 3602 1763 3637 eo
1809 3586 2003 3638 litteras

489 3673 590 3711 non
609 3658 885 3723 accepisse,
918 3670 964 3710 et
999 3658 1373 3724 imperatorem,
1400 3655 1608 3708 Prtrum
1632 3656 1922 3709 Ita'reticum
1950 3658 2004 3710 in

490 3728 823 3781 Alexandria:
851 3729 1143 3797 episwpum
1170 3737 1353 3796 petere,
1373 3727 1495 3779 dum
1520 3727 1628 3795 ipse
1648 3737 1857 3796 paratus
1879 3737 2003 3780 esset

484 3867 504 3899 ¹
538 3867 692 3919 Anno
716 3864 1086 3931 Redemptoris
1115 3864 1280 3917 nostri
1308 3863 1432 3927 482,
1466 3865 1566 3917 sub
1589 3867 1868 3919 consulatu
1899 3866 1997 3919 Se-

417 3936 606 3994 verini.
639 3934 939 4000 Stephanus
966 3934 1145 4001 junior
1175 3934 1541 3989 Antioehenus
1571 3936 1855 4004 episcopus
1885 3945 1995 3988 ter-

416 4012 489 4061 tio
515 4022 654 4061 anno
678 4007 819 4059 sedis
843 4020 954 4059 sme
978 4020 1040 4058 ex
1079 4005 1177 4059 hac
1209 4006 1311 4059 vita
1345 4006 1589 4073 migravit
1618 4022 1628 4056 :
1660 4007 1996 4073 collectoque

416 4079 608 4134 ibidem
641 4076 845 4148 synodo
868 4075 1160 4148 vicinorum
1191 4079 1587 4148 episcoporum,
1614 4076 1816 4129 electus
1837 4085 1919 4148 est
1943 4076 1994 4129 in

413 4152 527 4217 ejus
552 4146 724 4203 locum
751 4146 1040 4202 Calendion
1070 4148 1373 4214 episcopus,
1399 4147 1510 4214 qui,
1535 4156 1592 4197 ut
1614 4153 1839 4217 testatur
1866 4146 1997 4217 Eva-

413 4215 558 4290 grius
599 4220 692 4274 lib.
725 4220 1011 4290 nncapite
1052 4220 1136 4290 lg,
1169 4232 1355 4290 omnes
1383 4231 1440 4268 se
1488 4215 1996 4290 convenientesdinf

412 4285 565 4345 duxit
591 4301 645 4343 ttt
672 4298 783 4342 tum
808 4287 1063 4342 Ital’l‘elICO
1077 4286 1379 4349 Timotheo,
1407 4296 1516 4338 tum
1539 4286 1730 4339 litteris
1750 4285 1993 4341 Basilisei

412 4360 778 4428 generatimad
808 4374 992 4413 omnes
1017 4356 1552 4428 scriptis,anathema
1574 4357 1845 4428 dicerent:
1877 4358 1994 4428 qui-

411 4426 515 4500 que
537 4430 769 4484 Zenonis
804 4429 1085 4495 permissu,
1113 4427 1300 4500 magni
1346 4428 1490 4500 illius
1516 4427 1783 4500 Eustathii
1814 4427 1994 4480 Antio-

412 4497 570 4554 cheni
598 4501 857 4568 episcopi.
880 4500 949 4554 de
972 4516 1077 4568 quo
1111 4499 1160 4551 in
1193 4498 1332 4551 notis
1356 4498 1553 4552 Nicaeni
1574 4497 1784 4551 concilii
1825 4513 1985 4565 supra

411 4572 639 4641 egimus,
657 4584 837 4641 sacras
851 4570 1444 4641 reliquiasAntiochiam
1461 4568 1831 4622 transtulit.Ad
1849 4568 1990 4624 hunc

412 4645 461 4693 in
487 4640 614 4695 sede
628 4640 960 4694 Antimhena
988 4640 1411 4693 conﬁrmandum
1438 4655 1557 4693 esse
1591 4642 1810 4693 missum
1836 4641 1981 4692 Ana-

410 4713 634 4765 stasium
682 4724 995 4779 epscopum,
1021 4724 1249 4777 eumque
1279 4709 1625 4764 Ca'endionis
1670 4709 1823 4762 electi
1862 4725 1990 4764 ion-

410 4784 767 4836 tirmationem
797 4781 861 4832 ab
877 4779 1166 4847 aposmlica
1196 4780 1323 4832 sede
1352 4782 1666 4843 impetrasse
1685 4780 1988 4847 Simplicius

413 4868 545 4920 papa
577 4854 767 4906 Acacio
789 4850 1380 4920 Constantinopolitano
1403 4852 1691 4920 renuntiat.
1710 4850 1844 4918 Quid
1871 4860 1989 4917 post

413 4913 528 4977 Italic
552 4921 812 4977 Aeacius?
844 4913 1221 4975 Calendionem
1255 4913 1491 4974 fluminis
1523 4921 1663 4973 lassa:
1692 4913 1987 4987 ιιῖςιῇθείεδιὶε

410 5009 584 5057 reum,
613 4996 855 5059 aileocpie
887 4991 1197 5058 episcopatu
1228 4990 1498 5058 indignum
1528 5005 1646 5045 esse
1674 4991 1985 5055 denuntiat;

413 5074 522 5118 tum
551 5063 689 5134 quod
715 5063 950 5134 factiosis
981 5060 1316 5130 qttibttsdam,
1348 5071 1404 5112 ut
1436 5062 1507 5113 ait
1543 5060 1820 5134 Evagrius,
1860 5077 1990 5114 eon-

409 5148 487 5188 tra
543 5132 811 5187 Zenonem
865 5133 1205 5196 adhaasi~set;
1238 5140 1346 5184 tum
1391 5134 1550 5184 etiam
1598 5132 1737 5199 quod
1792 5147 1985 5185 nomen

410 5205 651 5274 ejusdem
696 5203 928 5274 Zenonis
971 5218 1002 5256 e
1056 5202 1320 5274 diptychis
1349 5203 1692 5274 absutlisset.
1739 5201 1988 5274 Gelasius

410 5271 570 5340 epist.
616 5276 671 5330 II
708 5278 771 5327 a.l
805 5273 1098 5326 Dardanos.
1153 5273 1224 5326 Ita
1273 5271 1361 5339 qni
1391 5271 1753 5327 confessorem
1799 5272 1988 5325 Eusta-

411 5347 578 5400 thiom
598 5348 649 5400 in
678 5347 893 5399 nomine
917 5346 1237 5397 confessoris
1257 5343 1476 5410 recepit,
1500 5359 1561 5395 su
1582 5341 1815 5396 .tinendo
1837 5346 1987 5396 exsi-

410 5416 538 5470 lium
569 5418 923 5471 confes~ionis
953 5415 1173 5485 gloriam
1204 5423 1285 5466 est
1315 5424 1654 5467 consecutus.
1693 5412 1818 5485 Post
1840 5429 1990 5485 amo-

410 5498 513 5538 tum
545 5487 929 5549 Catendionem,
960 5483 1156 5540 subdit
1212 5486 1465 5551 Evagrius
1492 5498 1610 5552 eap.
1646 5483 1713 5536 16
1744 5484 1983 5552 praedicti

408 5556 551 5619 libri,
585 5556 766 5610 Petrus
787 5557 941 5609 Fullo
966 5563 1292 5626 cognomento
1315 5552 1605 5626 Cnaplteus,
1633 5555 1719 5624 qui
1742 5566 1864 5626 ante
1890 5554 1987 5607 Ca-

411 5629 701 5680 !endionem
725 5637 769 5677 et
797 5627 1112 5697 Stephanum
1136 5630 1398 5695 episc0ptts
1421 5625 1514 5693 fuit
1546 5625 1845 5697 Antiochite,
1877 5640 1985 5693 per-

410 5715 581 5763 peram
626 5699 792 5752 sedem
841 5702 1189 5767 recuperavit:
1218 5711 1385 5764 eaque
1435 5711 1527 5765 per
1560 5696 1661 5750 vim
1702 5705 1755 5750 et
1799 5696 1983 5750 dolum

2113 3178 2228 3233 lic-.e
2256 3193 2470 3248 quoque
2513 3179 2898 3232 molerationis
2926 3192 3146 3232 assensu
3174 3180 3405 3233 votivam
3458 3190 3699 3237 sumeret

2112 3270 2418 3325 ﬁrmitatem
2447 3287 2458 3321 :
2483 3284 2603 3324 cum
2626 3284 2752 3324 ecce
2776 3269 3069 3323 secundum
3092 3270 3538 3326 consuetudinem
3565 3273 3696 3327 mihi

2112 3362 2235 3416 talTa
2262 3362 2565 3430 disponenti
2600 3360 3021 3431 tranqttiilissimi
3055 3361 3309 3431 principis
3338 3364 3535 3431 scripta
3567 3373 3700 3420 sunt

2108 3453 2339 3517 reddita,
2368 3453 2562 3523 quibus
2594 3463 2949 3506 memoratum
2982 3460 3234 3521 tanquam
3260 3453 3479 3521 perjurii
3515 3469 3695 3520 reum,

2106 3545 2248 3615 quod
2280 3544 2599 3599 fraternitati
2624 3557 2837 3612 quoque
2862 3553 2963 3598 tute
2988 3557 3093 3595 non
3119 3556 3239 3597 esse
3254 3542 3520 3598 diceretur
3535 3543 3696 3599 inco-

2106 3637 2342 3707 gnitutn,
2383 3635 2686 3691 sacerdotio
2730 3634 3035 3703 perhiberet
3076 3634 3373 3703 indignum.
3410 3635 3561 3690 Illico
3607 3652 3697 3691 re-

2107 3728 2243 3783 traxi
2272 3730 2483 3797 pedem.
2517 3737 2571 3782 et
2603 3741 2774 3781 meam
2800 3720 3238 3796 revocavi'super
3267 3728 3385 3797 ejus
3408 3726 3694 3782 confirma-

2104 3866 2339 3920 vicissim
2377 3873 2635 3933 occupata
2658 3905 2675 3929 ,
2707 3864 3218 3933 Theopaschitarnm
3264 3865 3515 3920 haeresim
3548 3881 3693 3935 saepe

2106 3936 2411 4006 damnatam
2445 3938 2615 4000 palam
2661 3952 2767 3988 non
2813 3945 3017 3989 tantum
3052 3938 3425 4006 promulgavit,
3452 3936 3548 3991 sed
3587 3939 3687 4003 ipsi

2103 4005 2263 4059 etiam
2287 4007 2638 4060 sanctissima:
2662 4006 2917 4077 Trinitati
2938 4006 2994 4061 in
3029 4008 3245 4077 trisagio
3264 4005 3459 4077 hymno
3475 4022 3692 4062 crucem

2105 4077 2377 4144 ascripsit.
2413 4076 2576 4128 verbo
2612 4087 2665 4130 et
2700 4091 2864 4144 opere
2891 4076 3114 4139 docens,
3165 4076 3272 4131 non
3298 4076 3454 4131 unam
3483 4086 3689 4132 tantum

2106 4162 2411 4215 p~rsonam,
2464 4147 2557 4199 sed
2595 4157 2757 4200 totam
2786 4160 3182 4201 sacrosanctam
3216 4148 3531 4201 Trinitatem
3569 4162 3693 4215 pas-

2106 4232 2217 4269 sam
2251 4233 2393 4271 esse.
2414 4216 2563 4271 Unde
2579 4232 2736 4283 quam
2760 4217 3105 4272 vehementer
3131 4218 3416 4272 Orientalis
3449 4218 3687 4272 Ecclesia

2104 4287 2312 4341 turbata
2362 4287 2518 4341 fuerit
2562 4288 2695 4341 infra
2743 4288 2975 4342 dicetur.
3022 4289 3156 4343 Vide
3206 4290 3491 4343 Baronium
3545 4304 3690 4342 anno

2099 4355 2228 4421 482,
2257 4374 2399 4410 num.
2434 4358 2558 4422 2,5.
2588 4360 2712 4410 δεῖν.
2749 4358 2948 4411 Btnws.

2173 4430 2192 4459 '
2236 4427 2551 4481 Timotheus
2601 4427 3000 4481 Alexandrinus
3054 4428 3334 4496 episeopus
3387 4428 3689 4484 catholicus

2094 4511 2237 4550 anno
2258 4500 2363 4552 492
2383 4499 2522 4552 diem
2554 4498 2703 4562 obiit,
2728 4513 2849 4552 cum
2873 4499 3098 4552 sedisset
3117 4514 3283 4551 annos
3299 4498 3690 4553 23.1.iberatus

2023 4551 2070 4609 D
2094 4582 2212 4635 cap.
2259 4551 2343 4623 i6.
2391 4569 2471 4623 Ab
2510 4551 2775 4640 episcopis
2806 4551 3020 4640 Egvpti
3067 4570 3116 4620 in
3154 4551 3686 4640 unumrcoeuutibtts

2096 4641 2364 4693 communi
2401 4654 2663 4692 consensu
2693 4639 2929 4693 Joannes
2960 4641 3120 4692 homo
3151 4639 3490 4694 orthodoxus
3524 4641 3574 4692 in
3609 4642 3688 4692 lo-

2096 4723 2216 4761 cum
2265 4710 2507 4778 ejusdem
2537 4713 2857 4777 subrogatus
2880 4708 2989 4762 fuit.
3036 4711 3191 4762 illi-sa
3223 4720 3304 4762 est
3334 4710 3525 4777 legatio
3568 4726 3688 4775 qtae

2095 4780 2373 4833 cloelionis
2422 4780 2884 4833 confirmationem
2920 4791 3143 4847 peteret.
3183 4779 3348 4845 Hujus
3395 4779 3687 4845 legationis

2096 4850 2265 4903 relatu
2287 4866 2406 4904 cum
2437 4859 2629 4902 statum
2661 4850 3010 4903 Antiochense
3038 4850 3290 4903 Ecclesiae
3324 4864 3356 4919 p
3377 4850 3555 4904 uitifex
3588 4864 3685 4904 co-

2096 4921 2388 4987 gnovisset,
2413 4935 2641 4988 eumque
2671 4922 2897 4974 Aeacius
2929 4920 3153 4973 subdole
3179 4930 3231 4972 et
3255 4922 3522 4974 malitiose
3552 4921 3683 4974 sub-

2099 4991 2357 5054 ticuisset,
2400 5000 2712 5054 sequentem
2762 4990 2834 5043 illi
2865 4992 3149 5053 epistolam
3196 4992 3259 5044 I7
3310 4992 3547 5058 scripsit.
3581 5008 3683 5059 qua

2095 5075 2215 5114 eum
2252 5079 2354 5113 non
2385 5060 2652 5114 immerito
2677 5061 2946 5129 redarguit
2967 5062 3106 5129 quod
3128 5060 3196 5113 de
3221 5062 3380 5116 rebus
3404 5062 3533 5113 tanti
3569 5078 3685 5113 nio-

2098 5134 2260 5184 tuenti
2296 5131 2420 5184 nihil
2453 5132 2780 5198 scrip~isset,
2833 5148 2954 5185 cum
2988 5147 3051 5183 ex
3085 5132 3289 5184 credito
3337 5132 3437 5185 sibi
3470 5131 3633 5184 vic:iri
3658 5153 3685 5179 ι·

2097 5204 2428 5325 Braafecturze
2475 5203 2618 5255 sedis
2661 5203 2973 5271 apostolicae
3001 5202 3180 5255 ofticio
3225 5201 3357 5255 illud
3388 5205 3563 5255 facere
3592 5202 3686 5256 de-

2137 5284 2321 5325 uisset.

2137 5284 2321 5326 υιδεθι.

2168 5341 2187 5372 ³
2214 5347 2326 5406 Qua
2360 5343 2639 5397 occasione
2671 5341 2785 5397 lucc
2815 5341 3040 5412 ep'stola
3080 5342 3276 5411 scripta
3314 5343 3381 5395 sit
3419 5341 3527 5396 dixi
3590 5356 3683 5395 su-

2097 5427 2186 5480 pra
2236 5412 2287 5466 in
2332 5414 2471 5465 notis
2502 5414 2741 5481 epistola:
2772 5414 2995 5465 decima:
3033 5424 3199 5466 sextte
3253 5413 3430 5466 verbis
3489 5424 3683 5465 sancta:

2095 5484 2350 5536 memoria:
2389 5482 2659 5537 Timothei.
2704 5484 3059 5551 Subrogatnm
3106 5483 3156 5536 in
3199 5484 3372 5537 locum
3406 5483 3674 5537 Timothei

2093 5551 2352 5606 Joannem
2393 5554 2538 5607 Zeno
2567 5556 2859 5620 imperator
2882 5554 3122 5623 impulsu
3163 5556 3335 5606 Aeaeii
3369 5569 3676 5623 episcopum

2093 5625 2327 5688 amovit,
2355 5626 2512 5693 eique
2537 5623 2821 5677 nefandum
2861 5622 3004 5677 illum
3048 5625 3255 5677 Petrum
3285 5622 3523 5689 Moggmn
3556 5635 3680 5677 ante

2093 5694 2357 5761 di-jectum
2412 5696 2723 5750 Increticum
2768 5696 3084 5761 substituit,
3130 5710 3195 5749 eo
3234 5705 3492 5763 prmtextu
3533 5694 3677 5760 quod
