4022 6168
264 318 326 376 57
1627 310 1961 368 EPISTOLA
2002 311 2166 369 XVII.
2466 340 2471 341 ν
3470 316 3537 370 5‘3

267 437 400 489 tione
440 429 789 498 sententiam,
838 442 906 482 ne
946 425 1072 496 quid
1127 434 1318 482 contra
1364 435 1570 483 tantum
1637 444 1701 484 ac
1746 430 1854 484 tale
1880 432 1930 491 Α
1958 432 2185 487 subinde
2214 446 2333 501 quae
2358 440 2630 502 gerantur,
2658 448 2846 504 quaeve
2870 434 3098 505 gerenda
3125 435 3251 502 sint,
3276 438 3540 495 veraciter

271 523 628 580 tesumonium
658 534 997 591 praepropere
1014 518 1205 573 fecisse
1227 517 1520 589 judicarer.
1565 519 1673 575 Sed
1707 520 1837 576 illud

268 631 344 670 me
388 628 495 669 non
533 611 878 667 mediocriter
918 611 1042 665 fecit
1080 612 1365 665 attonitum
1391 654 1406 679 ,
1457 612 1599 682 quod
1650 613 1842 667 iisdem

270 708 461 763 litteris
498 706 610 760 suis
656 704 895 769 Petrum,
927 703 1016 774 qui
1036 704 1411 759 haereticorum
1441 705 1619 759 socius
1638 703 1841 759 dudum

264 799 529 854 exstitisse
590 796 851 867 probetur
906 806 961 851 et
1023 797 1312 866 princeps,
1364 797 1507 867 quod
1563 798 1844 853 conscien-

265 892 382 945 tiam
426 890 726 945 dilectionis
772 897 878 943 tute
906 888 1249 943 meminimus
1290 904 1394 943 non
1428 891 1616 955 latere,
1650 891 1849 945 instru-

262 982 569 1049 ctionesque
642 979 786 1049 ipsas
849 980 1042 1049 quibus
1091 978 1252 1035 fuerit
1300 980 1642 1049 confutatus,
1690 996 1850 1037 nosse

262 1073 604 1139 confidimus,
644 1087 916 1142 quemque
956 1073 1119 1126 etiam
1156 1072 1377 1127 dubium
1423 1089 1527 1128 non
1565 1076 1634 1128 sit
1675 1075 1851 1130 adhuc

262 1176 407 1219 extra
467 1164 900 1221 communionem
952 1163 1149 1218 durare
1195 1164 1550 1230 catholicam,
1600 1180 1852 1236 saepeque

264 1273 353 1312 nos
403 1258 472 1313 de
512 1257 704 1313 eodem
752 1272 816 1312 ex
860 1256 946 1310 illa
996 1256 1125 1310 urbe
1167 1256 1415 1325 pellendo
1460 1258 1741 1326 scripsisse
1783 1259 1855 1315 sit

262 1364 485 1416 certum,
512 1352 578 1405 ad
608 1353 842 1421 prtefata:
870 1349 1129 1405 Ecclesiae
1157 1352 1397 1420 regimen
1428 1353 1697 1406 exisnmet
1731 1368 1853 1421 pro-

263 1447 557 1501 vehendum
593 1463 606 1498 :
640 1461 869 1514 cumque
901 1444 1176 1514 promittat
1220 1453 1383 1499 recta:
1426 1445 1545 1498 fidei
1584 1444 1849 1499 definitio-

264 1541 413 1595 nibus
440 1540 733 1594 convenire
761 1580 775 1602 ,
807 1553 836 1591 a
864 1539 1016 1601 cujus
1047 1540 1226 1604 utique
1256 1536 1417 1608 (sicut
1444 1539 1689 1603 superius
1721 1537 1853 1607 dixi)

260 1631 526 1685 consortio
552 1641 658 1683 tam
686 1628 1160 1697 degitcxtrancus,
1192 1642 1349 1696 quam
1378 1625 1445 1679 ab
1473 1626 1589 1695 ejus
1612 1642 1856 1680 commu-

262 1723 415 1776 nione
446 1721 712 1775 discretus
743 1733 818 1774 est
845 1760 860 1785 ,
893 1719 959 1772 ad
990 1734 1150 1788 quam
1179 1719 1221 1772 si
1253 1733 1393 1772 nunc
1417 1720 1599 1773 redire
1631 1730 1855 1772 co;.ten-

260 1815 307 1868 di
352 1855 366 1877 ,
399 1814 503 1868 nisi
536 1830 633 1883 per
664 1811 1081 1866 satisfactionem
1124 1810 1439 1864 ChriStianis
1475 1811 1671 1880 regulis
1697 1825 1843 1864 com-
1878 1812 1921 1870 Β

260 1916 520 1977 pcta-nterii
564 1922 671 1960 non
711 1913 885 1975 potest
927 1903 1181 1969 introire,
1222 1917 1287 1956 ac
1326 1903 1547 1972 perinde
1589 1901 1847 1983 [proinde]

259 2010 354 2051 non
402 1997 473 2051 ad
523 1996 793 2066 fastigium
838 1994 1187 2049 sacerdotalis
1235 1993 1507 2062 dignitatis
1547 1993 1845 2059 accedere;

258 2090 344 2143 sed
371 2088 636 2152 medelae,
671 2104 791 2156 qua:
831 2096 948 2151 post
982 2085 1367 2155 paenitudinem
1400 2086 1697 2153 prtestanda
1725 2095 1806 2140 est
1829 2126 1845 2152 ,

257 2192 648 2247 consequenter
671 2178 841 2247 aptari
866 2177 1058 2231 animte
1086 2191 1197 2231 sua:
1226 2177 1447 2245 cupiens
1475 2178 1848 2231 reconciliatus

254 2272 504 2326 auxilium
532 2314 543 2332 .
576 2287 679 2325 non
712 2272 933 2335 gradum
963 2272 1157 2324 summi
1187 2269 1405 2323 honoris
1432 2269 1687 2324 affectans
1708 2312 1721 2330 ,
1754 2270 1845 2340 qui

252 2363 333 2417 diu
360 2364 703 2418 convincitur
728 2363 890 2417 fuisse
921 2377 1213 2432 perversus
1236 2403 1250 2427 ,
1278 2380 1345 2416 ne
1376 2378 1468 2430 per
1493 2362 1727 2431 Speciem
1762 2379 1847 2416 re-

254 2456 479 2510 meantis
507 2469 612 2508 non
647 2453 941 2508 remedium
969 2454 1197 2507 sincera:
1231 2451 1551 2507 salvationis
1582 2453 1839 2522 inquirat,

256 2549 341 2602 scd
387 2550 699 2602 facultatem
735 2545 1087 2616 propaganda:
1124 2545 1401 2613 pravitatis
1438 2545 1694 2599 inveniat.
1728 2546 1846 2612 Quo

255 2639 382 2693 facto
422 2656 532 2694 non
580 2640 723 2693 hunc
762 2638 931 2708 magis
968 2639 1037 2691 ab
1073 2652 1258 2691 errore
1286 2635 1650 2701 detrahimus,
1683 2652 1843 2704 quam

253 2732 539 2802 perniciem
576 2732 823 2787 fidelibus
854 2731 1185 2798 irrogamus,
1225 2744 1395 2797 eoque
1426 2729 1587 2782 modo
1615 2727 1842 2784 Chalce-

254 2826 506 2881 dooensis
544 2825 736 2895 synodi
773 2833 971 2879 statuta
1004 2823 1300 2885 violantes,
1331 2822 1534 2876 aditum
1573 2837 1711 2875 saeva
1745 2837 1841 2876 co-

254 2919 520 2987 pulatione
567 2917 849 2986 grassandi
907 2916 959 2969 in
1023 2915 1315 2969 Ecclesiam
1367 2914 1506 2983 lupis
1560 2915 1843 2982 rapacibus

250 3010 534 3077 aperimus.
573 3009 812 3076 Denique
842 3007 909 3060 ab
935 3006 1135 3060 eisdem
1166 3006 1319 3074 ipsis,
1346 3020 1466 3059 cum
1497 3004 1688 3074 quibus
1716 3006 1841 3061 olim

249 3119 273 3152 τι
308 3101 570 3155 catholica
605 3099 1011 3169 participatione
1039 3098 1246 3152 divisus
1280 3106 1391 3162 cst,
1425 3097 1664 3167 pontifex
1704 3096 1844 3153 dici-

249 3200 327 3248 tur
355 3194 617 3263 postulari
664 3211 678 3247 :

248 3295 445 3340 rectam
488 3286 646 3340 fidem
678 3286 835 3350 velle,
869 3284 964 3340 sed
1002 3285 1053 3339 in
1096 3284 1328 3354 praesule
1373 3284 1591 3354 proprio
1618 3282 1835 3337 nefandi

248 3378 507 3449 dogmatis
548 3395 791 3449 qumrere
833 3388 1190 3450 potestatem;
1228 3392 1400 3449 neque
1440 3378 1576 3433 inter
1611 3377 1757 3446 ipsos
1788 3387 1844 3431 ct

248 3473 506 3527 veraciter
550 3472 849 3527 sentientes
889 3487 991 3541 pax
1031 3471 1156 3526 inde
1191 3471 1362 3541 possit
1401 3469 1541 3526 fteda
1568 3468 1840 3540 generari,

250 3566 382 3621 unde
407 3566 785 3619 haereticorum
810 3566 1070 3619 mentium
1091 3564 1288 3617 crescit
1312 3562 1520 3617 funesta
1543 3561 1838 3627 damnatio,

248 3665 298 3712 et
320 3657 709 3713 catholicorum
751 3657 992 3712 succedit
1022 3654 1328 3711 miseranda
1361 3654 1665 3723 captivitas.
1701 3654 1841 3707 Tan-

249 3751 309 3804 tis
347 3750 516 3819 igitur
552 3749 707 3805 malis
736 3760 897 3820 atque
935 3749 1190 3820 periculis
1224 3764 1320 3817 pro
1347 3747 1632 3804 sacerdotii
1665 3747 1842 3817 quali-

251 3852 371 3908 tate,
406 3851 466 3899 et
492 3844 769 3898 catholica:
802 3843 1200 3913 prtedicationis
1228 3841 1442 3907 intuitu,
1471 3848 1528 3893 ut
1556 3855 1656 3907 qua
1686 3847 1840 3909 potes

247 3936 452 3991 ratione
491 3936 766 4006 sapienter
800 3936 1067 4002 obsistas,
1115 3934 1362 3989 maximis
1405 3934 1638 4001 undique
1678 3932 1841 3986 rebus

244 4030 554 4098 astringeris
607 4044 621 4079 :
686 4042 789 4081 nec
828 4026 1104 4082 dilectioni
1152 4034 1254 4080 ture
1288 4026 1365 4079 fas
1409 4034 1493 4079 est
1530 4024 1582 4078 id
1626 4023 1841 4091 segnius

245 4123 475 4187 operari,
503 4118 645 4189 quod
691 4120 756 4173 ad
800 4120 991 4172 animm
1024 4128 1129 4172 tute
1160 4133 1399 4181 causam,
1434 4117 1656 4170 honoris
1696 4116 1835 4169 resti-

245 4211 600 4277 mationisque
622 4220 926 4280 respectum
952 4227 1056 4265 non
1078 4210 1289 4265 dubitas
1318 4211 1608 4278 pertinuere.
1634 4207 1843 4277 OpltOr-

246 4302 560 4356 tunitatibus
590 4318 721 4371 ergo
750 4303 1000 4371 repertis,
1029 4301 1437 4357 clementissimi
1469 4301 1721 4370 principis
1744 4316 1840 4351 vo-

244 4392 503 4447 luntatem
525 4393 921 4448 incessabiliter
945 4408 1040 4461 pro
1063 4392 1164 4448 fide
1185 4392 1444 4447 catholica
1466 4390 1835 4459 supplicando,

243 4492 297 4536 et
330 4484 398 4536 ab
431 4484 511 4538 Itis
551 4484 741 4539 sedulo
781 4499 1033 4538 revocare
1071 4500 1190 4553 qua!
1222 4482 1408 4537 nociva
1445 4491 1571 4535 sunt
1600 4481 1835 4551 dogmati

1948 521 2209 589 indicare,
2241 532 2294 577 ut
2326 523 2655 578 creditorum
2692 524 2901 582 tibimet
2936 525 3337 597 dispensatione
3367 529 3541 585 domi-

1947 614 2065 667 nica
2099 613 2422 669 talentorum
2453 615 2505 668 in
2537 614 2639 670 hac
2678 615 3119 686 multiplicatione
3146 618 3317 675 fidelis
3349 635 3539 677 servus

1950 707 2250 762 ostendaris
2272 750 2287 775 ,
2316 708 2359 761 si
2393 722 2497 763 non
2527 717 2731 762 tantum
2763 710 2818 763 in
2859 709 3093 765 Ecclesia
3127 714 3210 767 cui
3245 714 3535 783 pra'sides,

1949 798 2044 853 sed
2072 798 2377 869 ubicunque
2407 801 2645 869 potueris
2664 842 2679 867 ,
2711 816 2808 870 pro
2833 803 3041 858 unitate
3068 805 3332 860 catholica
3362 816 3416 861 et
3445 821 3546 876 pro

1951 893 2191 962 paternis
2214 893 2617 950 definitionibus
2647 896 2874 951 suadere
2902 912 3005 951 non
3034 912 3249 954 renuas.
3281 899 3410 953 Data
3442 898 3549 954 idi-

1951 983 2052 1039 bus
2078 984 2232 1040 Juliis
2258 986 2420 1056 (anno
2450 986 2578 1043 Chr.
2615 988 2765 1059 483),
2797 988 3053 1044 Severiuo
3090 990 3207 1046 viro
3246 990 3547 1046 clarissimo

1953 1076 2193 1132 consule.

2304 1337 2324 1370 ²
2349 1347 2821 1407 FRAGMENTUM
2860 1349 3223 1410 EPISTOLE

2350 1520 2594 1562 εωηιοιι
2624 1522 2771 1561 ΡΔΡΕ
2803 1522 2869 1563 AD
2901 1522 3163 1565 ZENONEM.

1959 1659 2150 1731 incipit
2181 1661 2429 1738 epistola“
2443 1670 2643 1717 sancta:
2686 1664 2963 1738 memorize
2995 1665 3257 1737 Simplicii
3294 1682 3443 1738 papa:
3474 1670 3539 1727 ad

2396 1732 2666 1789 Zenonem
2697 1734 3098 1804 imperatorem.

2370 1872 2515 1929 Inter
2543 1886 2723 1930 cwtera
2746 1887 2791 1931 et
2813 1878 2882 1931 ad
2912 1878 3100 1931 locum.

2021 1990 2129 2047 Sed
2159 1991 2268 2060 jam
2296 1992 2577 2046 veniamus
2601 1991 2669 2045 ad
2699 2007 2791 2046 eos
2822 2008 3048 2063 quorum
3072 2011 3234 2050 unum
3268 2013 3296 2050 a
3333 1999 3551 2067 pontilic

1950 2085 2035 2139 cio
2058 2082 2437 2138 Alexandrinae
2463 2083 2713 2137 Ecclesia:
2733 2085 3138 2148 secludendum,
3171 2089 3394 2143 nitu-rum
3421 2090 3544 2144 ltui-

1953 2177 2349 2245 praeficiendum
2379 2176 2781 2246 tranquillitatis
2808 2188 2912 2231 tua:
2940 2182 3137 2248 scripta
3169 2184 3542 2251 pronuntiant,

1949 2285 2012 2323 ac
2039 2270 2233 2339 primo,
2266 2270 2309 2323 si
2338 2270 2508 2337 placet
2544 2284 2769 2339 persona
2794 2269 2933 2324 Petri
2955 2312 2970 2337 ,
2998 2274 3245 2326 meritum
3281 2276 3542 2345 carpenda.

1949 2376 2088 2415 mus.
2122 2360 2381 2415 Nimirum
2409 2361 2496 2415 hic
2536 2373 2618 2415 est
2652 2362 2895 2430 complex
2930 2364 3211 2432 parricida,-
3239 2363 3397 2436 [forte
3422 2385 3545 2437 par-

1948 2450 2142 2523 ricidii]
2170 2451 2471 2515 Timothei,
2506 2462 2560 2506 ct
2597 2453 2788 2507 exsilio
2826 2454 3161 2524 sempiterno
3190 2466 3373 2513 vestra
3415 2476 3543 2527 quo-

1948 2560 2053 2613 que
2090 2544 2331 2613 jussione
2358 2545 2725 2615 dignissimus.
2756 2545 2855 2599 llic
2883 2556 3066 2601 contra
3098 2548 3379 2604 veritatem
3411 2552 3545 2605 mili-

1950 2636 2175 2690 tantium
2226 2636 2403 2690 socius
2455 2650 2704 2706 semper,
2761 2646 2816 2691 et
2868 2637 3077 2693 doctor.
3140 2639 3268 2703 Hic,
3322 2640 3391 2695 de
3441 2656 3546 2711 quo

1949 2727 2313 2783 Alexandrina
2345 2730 2479 2783 urbe
2507 2728 2755 2798 pellendo
2792 2744 2938 2798 smpe
2982 2745 3067 2784 me
3109 2731 3301 2785 litteris
3328 2748 3546 2800 rogasse

1949 2837 2056 2875 non
2083 2822 2302 2876 dubium
2332 2830 2441 2887 est;
2476 2822 2565 2889 qui
2591 2822 2636 2876 si
2661 2832 2804 2878 esset
2832 2831 2993 2878 recta:
3025 2824 3167 2891 fidei,
3200 2826 3251 2881 in
3282 2827 3545 2881 catholica

1950 2913 2133 2984 utique
2169 2914 2551 2968 communione
2581 2914 2887 2968 mansisset.
2922 2914 3073 2980 Quod
3104 2916 3150 2971 si
3190 2917 3254 2970 ad
3286 2932 3404 2973 eam
3448 2935 3548 2973 nu-

1949 3023 2046 3079 per
2084 3006 2455 3063 emendandus
2482 3007 2690 3061 accedit
2722 3007 2822 3060 hoc
2862 3007 3033 3076 ipsum
3078 3009 3166 3062 ditt
3200 3009 3392 3064 retenti
3419 3025 3547 3065 con-

1952 3101 2151 3156 futatur
2188 3099 2422 3165 erroris,
2461 3115 2622 3170 quam
2673 3110 2850 3156 tamen
2896 3103 3326 3159 emendationem
3375 3106 3419 3159 si
3461 3106 3547 3163 vel

728 3203 786 3247 ut
827 3193 957 3247 satis
992 3192 1268 3247 evidenter
1310 3200 1567 3260 appareat
1605 3205 1710 3244 non
1749 3203 1845 3243 eos
1872 3188 1916 3249 C
1950 3210 2093 3250 nunc
2128 3194 2338 3249 sincera
2368 3201 2549 3248 mente
2580 3196 2934 3263 perquireret,
2962 3196 3378 3252 satisfactionem
3413 3214 3545 3252 con-

1945 3296 2234 3357 sequenter
2264 3285 2482 3340 afferret
2514 3302 2529 3339 :
2564 3301 2669 3340 non
2718 3287 2921 3356 expetit
2959 3287 3118 3358 [forte
3152 3288 3427 3360 exspectat]
3465 3288 3546 3343 di~

1943 3387 2233 3449 gn‘tatem,
2274 3378 2362 3448 qui
2408 3386 2527 3448 post
2570 3380 2956 3448 pmnitudinem
2997 3380 3321 3450 indulgentia
3352 3382 3545 3451 dignus

1943 3479 2047 3535 est,
2078 3485 2184 3523 non
2219 3468 2444 3523 honore.
2477 3470 2632 3524 Absit
2659 3479 2716 3524 ut
2745 3471 2863 3539 ejus
2886 3470 3044 3524 saluti
3073 3471 3116 3525 si
3141 3472 3423 3539 resipiscit,
3457 3474 3543 3527 in-

1946 3562 2188 3627 videam;
2214 3563 2562 3630 complector,
2588 3563 2776 3617 hortor
2808 3572 2862 3617 et
2900 3563 3126 3631 gaudeo,
3157 3564 3544 3634 gloriosissime

1944 3652 2271 3721 imperator;
2304 3652 2396 3706 sed
2424 3651 2512 3706 diu
2544 3652 2819 3719 pravitatis
2850 3653 3076 3709 vulnere
3097 3657 3339 3711 sauciato
3367 3659 3541 3713 medi—

1942 3743 2079 3798 cinae
2112 3746 2265 3797 venia
2302 3732 2582 3810 competit,
2610 3758 2716 3798 non
2753 3746 3054 3813 potestatis.
3082 3745 3229 3800 Tunc
3248 3747 3389 3802 enim
3419 3749 3545 3803 reli-

1943 3836 2117 3905 εἱοίιὶε
2148 3838 2346 3906 pmcrit
2375 3837 2703 3906 nuncupari,
2734 3838 2777 3890 si
2816 3840 3171 3907 perversitate
3196 3842 3443 3897 damnata
3474 3843 3542 3898 ad

1942 3946 2129 3986 sanam
2179 3930 2337 3984 fideut
2386 3946 2628 3985 remeare
2674 3932 3032 4000 prmelegerit.
3079 3933 3328 4000 Alioquin
3372 3940 3545 3989 mani-

1945 4023 2110 4078 festus
2158 4031 2241 4078 est
2282 4038 2403 4078 eum
2456 4040 2563 4077 non
2612 4024 2943 4078 curationem
2986 4026 3183 4093 proprii
3228 4026 3541 4084 desiderare

1943 4116 2247 4183 languoris,
2293 4116 2386 4171 sed
2431 4116 2635 4170 ambire
2683 4114 2981 4186 fastigium,
3015 4133 3121 4184 quo
3161 4119 3393 4187 perfidia-
3430 4137 3545 4175 stne

1943 4210 2089 4261 virus
2135 4208 2345 4263 miseris
2388 4206 2749 4261 animantibus
2788 4207 3143 4263 confidentius
3190 4209 3550 4277 licentiusque

1941 4297 2231 4365 diffundat,
2276 4308 2333 4352 et
2370 4297 2438 4352 dc
2479 4297 2756 4364 superiore
2796 4297 2914 4352 loco
2954 4298 3122 4351 multo
3151 4298 3437 4354 violentius
3484 4304 3552 4355 in-

1945 4389 2259 4444 servitutem
2313 4388 2636 4443 catholicam
2696 4389 2904 4453 redicat
2963 4388 3287 4443 libertatem.
3345 4389 3541 4455 Qumso

1941 4481 2136 4537 deinde
2168 4482 2258 4551 qui
2290 4480 2406 4549 ejus
2442 4479 2716 4549 provectui
2745 4479 3105 4550 suﬂ‘ragentur
3125 4522 3139 4543 ,
3170 4491 3223 4535 et
3250 4496 3344 4537 cos
3379 4484 3557 4536 audior

242 4575 569 4641 Christiano,
599 4584 655 4629 et
675 4575 970 4630 secundum
1009 4574 1123 4629 lta-c
1151 4590 1270 4645 quae
1302 4574 1639 4639 mandamus,
1673 4572 1840 4626 infor-
1864 4569 1916 4628 D
1942 4588 2063 4629 esse
2109 4573 2589 4637 archimandritas,
2634 4582 2688 4626 et
2725 4572 3051 4638 monachos,
3084 4571 3169 4626 vel
3204 4573 3246 4627 si
3288 4573 3376 4640 qui
3415 4586 3541 4630 sunt

245 4681 393 4720 mare
415 4667 629 4728 crebro,
661 4667 821 4735 inque
860 4681 977 4719 eam
1008 4673 1211 4735 partem
1252 4681 1371 4736 quae
1401 4665 1570 4719 amica
1601 4665 1670 4717 sit
1698 4663 1838 4718 veri-

244 4758 336 4811 tati
360 4799 375 4819 ,
418 4759 593 4827 potius
635 4758 839 4812 instare
865 4775 971 4813 non
999 4757 1217 4813 desinas
1237 4800 1252 4824 ,
1283 4767 1337 4813 et
1366 4759 1450 4829 (ut
1475 4767 1716 4812 sanctum
1741 4756 1833 4811 Ti-

244 4849 516 4903 motheum
584 4849 919 4904 venerandus
978 4851 1255 4916 apostolus
1324 4850 1523 4904 Paulus
1584 4848 1837 4920 instituit)

240 4950 579 5007 opportune,
612 4942 949 5009 importune,
973 4941 1326 5007 obsecrando,
1363 4942 1687 4997 insinuando
1736 4958 1833 4996 ex-

244 5031 601 5101 ponendoque
643 5032 950 5088 nullatenus
991 5033 1226 5102 allegare
1264 5035 1537 5102 cessabis,
1579 5044 1633 5089 et
1681 5035 1837 5089 nobis

237 5190 486 5260 periurus
514 5203 658 5248 esset
685 5192 921 5248 Joannes
954 5212 965 5247 :
998 5202 1182 5264 utpote
1218 5194 1304 5264 qui
1345 5195 1583 5263 jurasset
1613 5212 1719 5250 non
1752 5196 1833 5250 fn-

238 5276 417 5315 turum
462 5273 519 5317 ut
563 5272 839 5333 pateretur
881 5280 940 5319 se
975 5267 1264 5335 aliquando
1310 5266 1359 5318 in
1406 5269 1826 5321 Alexandrinum

235 5336 549 5401 episcopum
588 5335 734 5403 eligi.
760 5334 897 5389 Vide
927 5334 1212 5391 Baronium
1242 5351 1385 5391 anno
1413 5338 1551 5403 482,
1582 5354 1731 5392 num.
1765 5340 1825 5392 tl

236 5415 286 5458 et
322 5406 409 5457 12.
432 5408 560 5459 Ssv.
604 5408 805 5459 Btstus.

222 5508 226 5513 ι
308 5476 327 5506 ⁸
372 5474 606 5543 Epistola
651 5477 910 5544 Simplicii
957 5492 1105 5546 papa:
1144 5492 1247 5546 qua
1293 5477 1586 5544 respondet
1628 5477 1832 5534 Zenoni

234 5547 546 5615 imperatori
595 5548 794 5613 petenti
844 5549 1220 5602 Alexandrina:
1270 5548 1525 5602 Ecclesize
1579 5564 1646 5604 ex
1696 5565 1830 5605 nece

233 5617 521 5689 Iiumtheo
554 5618 701 5672 illata
732 5620 935 5672 vacanti
968 5620 1162 5687 prtulici
1190 5619 1403 5672 Petrum
1435 5618 1704 5689 Moggum,
1735 5636 1824 5674 re-

234 5687 381 5755 iecto
423 5687 817 5760 Joanuequem
856 5690 955 5743 sibi
993 5689 1352 5744 Alexandrina
1389 5687 1625 5743 Ecclesia
1656 5694 1829 5760 elege-

235 5768 339 5823 rat,
375 5761 600 5828 epistola
628 5758 762 5828 hazc,
799 5759 1053 5831 inquam,
1088 5760 1361 5831 hucusque
1386 5761 1537 5816 latuit
1565 5758 1822 5831 eruditos,

1941 4666 2031 4720 alii
2071 4667 2159 4735 qui
2197 4678 2318 4719 sese
2347 4679 2373 4717 a
2417 4663 2796 4719 communione
2836 4663 3098 4718 catholica
3131 4675 3537 4731 separaverunt.

1944 4758 2149 4813 Horum
2194 4772 2323 4823 ergo
2363 4754 2727 4810 testimonium
2766 4755 3222 4823 comprobandum
3260 4767 3374 4820 est,
3407 4772 3543 4824 quo-

1941 4865 2060 4904 rum
2096 4848 2425 4903 admittenda
2457 4862 2718 4916 persona,
2747 4846 2937 4917 quibus
2966 4862 3112 4901 same
3142 4846 3265 4901 fidei
3313 4864 3368 4910 et
3403 4861 3541 4901 con-

1939 4943 2181 4998 scieutite
2227 4956 2385 4997 causa
2428 4957 2533 4996 non
2575 4940 2845 5010 suppetit,
2885 4948 2940 4995 et
2979 4940 3067 5010 qui
3114 4954 3235 4995 cum
3287 4939 3535 4995 eumdem

1945 5034 2183 5109 [eodem]
2213 5036 2325 5105 pari
2353 5044 2600 5090 tenentur
2629 5048 2831 5089 errore.
2864 5030 3033 5087 Finis.

1942 5197 2182 5263 quamvis
2208 5194 2276 5249 de
2308 5192 2561 5261 petitione
2585 5193 2683 5247 hac
2710 5208 2737 5245 a
2772 5192 2991 5248 Zenone
3022 5192 3159 5247 facta
3191 5194 3377 5248 tnoniti
3415 5192 3535 5248 fuc-

1942 5276 2069 5321 runt
2110 5281 2174 5320 ex
2213 5265 2439 5327 c.istola
2479 5264 2741 5331 Simplicii
2784 5264 2849 5317 ad
2889 5263 3162 5318 Acacium.
3200 5264 3343 5318 lianc
3381 5279 3529 5327 vero,

1940 5338 2185 5403 quamvis
2214 5352 2319 5389 non
2360 5337 2641 5404 integram,
2675 5334 2826 5390 dedit
2852 5336 3007 5388 nobis
3044 5336 3322 5404 insperato
3349 5343 3531 5386 vetus-

1943 5409 2180 5461 tissimus
2202 5408 2323 5461 cod.
2353 5403 2745 5473 Frisingensis,
2778 5420 2934 5473 quem
2966 5405 3019 5458 in
3051 5420 3201 5457 usum
3238 5403 3392 5469 lntjus
3418 5405 3532 5457 edi-

1942 5480 2100 5532 tionis
2138 5476 2408 5531 consuluit
2446 5478 2507 5532 P.
2556 5475 2851 5531 Frobenius
2892 5475 3107 5528 Forster
3150 5473 3532 5529 Benedictinus

1942 5550 2088 5615 prior
2106 5557 2160 5602 et
2188 5547 2631 5603 bibliothecarius
2649 5544 2717 5601 S.’
2742 5542 3062 5605 Emmerami
3089 5542 3419 5615 natisbonar.
3452 5547 3530 5602 Ex

1940 5613 2039 5675 hac
2064 5634 2194 5696 vero
2216 5618 2357 5696 nihil
2391 5619 2649 5696 discimus
2682 5614 2932 5696 suprajd
2962 5613 3114 5696 quod
3132 5613 3241 5696 jam
3276 5615 3529 5670 innotue-

1937 5700 2041 5751 rat.
2058 5688 2392 5758 Simplicium
2416 5690 2625 5747 scilicet
2643 5686 2870 5757 obsequi
2893 5686 3205 5756 imperatori
3225 5701 3529 5744 recusasse.

1937 5762 2092 5821 Joas.
2128 5761 2265 5819 Dou.
2296 5759 2489 5818 MANSI.
