4022 6168
1462 292 1771 350 SIMPLICII
1795 293 2010 378 .PAPZE
2041 290 2367 348 EPISTOLA
2411 288 2596 344 XVIII.
3596 283 3663 338 60
3694 353 3704 377 δ

909 410 921 439 ’
946 405 1272 463 EPISTOLA
1303 406 1486 461 XVIII.

901 534 1142 573 SIMPLICII
1169 535 1236 572 AD
1265 534 1496 572 ευιιυειι.

419 631 604 685 Mirari
633 649 684 686 se
712 634 784 685 ait
811 631 1050 683 Acacium
1083 631 1145 682 de
1177 627 1532 682 Alexandrinis
1569 625 1807 680 Ecclesia:
1834 643 1989 680 vexa-

490 704 706 755 tionibus
746 716 1058 770 nequaquam
1083 716 1135 752 sc
1165 701 1446 770 monuisse;
1475 698 1711 770 hortatur
1739 707 1908 751 autem
1937 705 1990 748 ut

427 777 430 784 ‘
486 772 784 838 imperatori
820 768 1036 824 insinuet
1092 777 1144 821 ut
1189 769 1349 822 eidem
1397 768 1635 820 Ecclesia:
1679 784 1781 836 pax
1821 777 1992 837 aptata

489 842 753 894 reddatur.
1450 914 1452 916 _

648 953 1004 1008 Dilectissimo
1036 951 1182 1005 fratri
1208 949 1400 1003 Araeio
1430 948 1749 1017 Situplicirs.

493 1044 886 1115 Cogitationum
920 1046 1076 1100 ferias
1105 1059 1208 1096 non
1236 1044 1490 1097 bal-emus
1514 1059 1526 1093 :
1552 1057 1648 1095 nec
1671 1041 1813 1095 enim
1843 1039 1993 1108 quie-

419 1152 574 1192 scere
618 1155 716 1192 nos
762 1153 918 1192 causa
968 1137 1262 1204 permittit,
1310 1151 1464 1204 quam
1509 1136 1552 1188 si
1599 1134 1993 1200 relinquamus,

422 1227 561 1294 apud
599 1228 869 1283 Christum
911 1229 1189 1280 Dominum
1234 1239 1509 1293 nosuum,
1552 1223 1701 1292 cujus
1743 1225 1995 1285 interest,

421 1318 752 1375 excusabiles
799 1317 956 1389 [forte
999 1313 1387 1384 inexcusabiles]
1435 1328 1651 1382 sumus,
1694 1313 1760 1367 Et
1804 1312 1997 1366 mirum

421 1419 507 1464 est
535 1408 870 1462 dilectionem
904 1417 1048 1462 tuam
1081 1415 1157 1461 tot
1185 1405 1417 1460 emensis
1447 1405 1804 1474 temporibus,
1831 1412 1884 1457 et
1925 1410 2000 1455 tot

425 1501 907 1573 opportunitatibus
932 1498 1054 1554 inde
1081 1495 1434 1573 venientibus,
1463 1493 1534 1548 nil
1563 1508 1659 1547 nos
1688 1493 1754 1546 de
1777 1493 2004 1546 Alexan-

426 1592 578 1645 drim
613 1593 697 1646 Ec-
720 1571 845 1645 lesia
865 1630 882 1656 ,
915 1607 1031 1660 quae
1060 1600 1164 1643 tam
1197 1571 1428 1659 graviter
1455 1586 1710 1656 quatitur,
1742 1585 2004 1638 instruere

424 1684 693 1748 voluisse;
721 1698 841 1738 cum
870 1695 1088 1736 munere
1110 1689 1161 1734 te
1190 1693 1286 1732 nec
1313 1676 1603 1746 increpatio
1633 1677 1812 1730 nostra
1844 1672 2006 1728 desti-

2011 407 2057 466 A
2087 420 2184 459 suo
2213 403 2484 468 cognoscit
2509 399 2734 470 imperio
2754 440 2767 463 ,
2800 398 3050 452 Ecclesia:
3081 396 3172 450 Dei
3197 395 3264 450 ab
3293 394 3664 450 haereticorum

2092 495 2409 562 contagione
2443 502 2498 545 et
2535 489 2790 559 pravitate
2817 489 3099 554 violentur,
3128 486 3221 543 sed
3259 487 3514 541 doetrinze
3551 487 3668 541 dia-

1998 574 2002 584 ’
2092 587 2278 642 bulica:
2309 585 2660 655 praeceptione
2698 584 2908 652 pietatis
2942 583 3105 650 ipsius
3136 589 3455 650 pra‘stentur
3480 581 3670 634 immn-

2095 693 2210 732 nes.
2254 678 2319 732 Ut
2361 679 2392 729 ii
2431 678 2519 745 qtti
2567 676 2667 729 sibi
2713 673 3034 728 crediderint
3069 673 3398 727 sacerdotale
3435 673 3674 726 ministe-

2095 768 2231 822 rium
2265 768 2497 821 damnati
2543 767 2591 818 hr
2615 767 2774 820 minis
2814 765 3226 835 praesumptione
3259 762 3520 826 conferri,
3553 778 3675 831 pro-

2095 859 2322 926 mulgata
2370 857 2632 925 imperiali
2680 855 3063 909 constitutione
3111 854 3270 908 etiam
3322 868 3350 907 a
3406 863 3672 907 conventu

2101 947 2375 1002 hominum
2426 948 2738 1018 segregandi
2781 947 3067 1017 jubeantur
3111 945 3315 1001 excludi
3357 962 3371 998 ε
3419 954 3675 1015 quatenus

2099 1040 2182 1094 his
2219 1040 2513 1105 submotis,
2544 1051 2700 1108 atque
2743 1040 2794 1092 in
2839 1039 3139 1092 solitudinis
3179 1048 3429 1106 perpetua
3476 1038 3678 1105 relega-

2102 1132 2247 1185 tione
2277 1132 2566 1195 damnatis,
2597 1131 2862 1182 antistites
2890 1122 3137 1183 catholici
3165 1129 3406 1196 deceptis
3438 1129 3519 1181 vel
3559 1128 3676 1180 red--

2099 1224 2296 1278 dantur
2339 1222 2625 1284 ECvIesiis,
2658 1222 2738 1275 vel
2787 1231 3054 1276 creentur.
3097 1221 3148 1273 In
3195 1236 3297 1287 quo
3346 1235 3443 1272 nec
3485 1229 3679 1272 nostrae

2103 1330 2290 1384 preces
2321 1315 2460 1383 apud
2490 1313 2950 1383 religiosissimum
2975 1313 3292 1381 principem,
3323 1329 3420 1366 nec
3442 1312 3676 1365 dilectio-

2101 1411 2184 1462 nis
2223 1417 2325 1461 tua:
2355 1408 2654 1477 suggestio,
2685 1417 2774 1460 aut
2802 1415 3063 1461 tantorum
3100 1405 3318 1460 fratrum
3354 1395 3702 1470 nostrorum,
3732 1443 3736 1448 .

2104 1514 2240 1568 quos
2268 1499 2550 1554 advenisse
2577 1497 3092 1567 Constantinopolim
3129 1498 3457 1566 reperimus,
3493 1497 3680 1565 implo-

2105 1589 2241 1643 ratio
2263 1589 2626 1651 sacerdotum,
2661 1599 2750 1642 aut
2776 1589 3093 1658 supplicatio
3123 1590 3505 1643 monachorum
3535 1588 3683 1641 labo-

2107 1695 2226 1733 rare
2255 1681 2470 1748 poterit.
2494 1679 2631 1745 Quin
2655 1680 2909 1749 quidqttid
2934 1681 2997 1733 ad
3024 1681 3378 1749 integritatem
3410 1670 3704 1733 catholica!

430 1775 574 1838 terit,
605 1782 662 1827 ut
692 1772 999 1841 participaui
1028 1768 1400 1831 Sollicitudine,
1435 1766 1638 1820 litteras
1674 1777 1820 1818 meas
1859 1761 1995 1832 apud
2030 1762 2073 1820 Β
2103 1768 2222 1822 ﬁdei
2257 1770 2516 1838 pertinet,
2554 1771 2603 1823 in
2641 1787 2741 1839 qtta
2789 1771 3147 1824 Ecclesiarnm
3179 1781 3260 1824 est
3289 1773 3573 1824 constituta
3604 1785 3685 1822 se-

427 1864 939 1919 Cliristianissimum
967 1871 1023 1917 et
1048 1860 1523 1916 clementissimum
1554 1858 1842 1926 principem
1867 1870 2007 1925 pra:-

426 1956 665 2010 sentibus
705 1965 808 2009 tuae
851 1939 1154 2008 dilectionis
1196 1951 1595 2022 proscquereris
1629 1949 2007 2029 alloquiis,_et

426 2047 652 2101 instituti
673 2047 862 2100 veteris
886 2060 1108 2108 memor,
1129 2045 1178 2097 in
1201 2045 1618 2098 orthodoxorum
1642 2027 2004 2093 defensionem

429 2139 703 2192 nobiscum
731 2139 807 2192 .‘IC
833 2154 1043 2206 semper
1073 2137 1410 2191 incumberes
1430 2177 1445 2198 ,
1483 2152 1550 2189 ne
1579 2134 1859 2203 quisquam
1906 2123 2006 2184 n04

426 2240 626 2294 strum,
657 2229 957 2284 ClirESIiana
991 2230 1146 2298 plebe
1178 2236 1464 2296 pereunte,
1497 2237 1699 2279 reatum
1723 2223 2007 2278 deditionis

427 2319 699 2387 incurrat,
732 2331 781 2374 et
825 2320 1187 2374 mercenarius
1218 2322 1390 2388 potius
1422 2318 1660 2371 videatur
1690 2331 1808 2370 esse
1849 2331 2006 2384 quam

427 2421 628 2482 pastor.
663 2411 811 2466 Umle
854 2411 1124 2464 hortamur
1152 2410 1489 2464 dilectionem
1533 2418 1673 2463 tuam
1717 2417 1772 2461 ut
1810 2423 2006 2476 oppor-

430 2511 560 2556 tune
588 2511 747 2571 atque
779 2503 1080 2569 importune
1108 2502 1206 2569 piis
1236 2501 1450 2552 auribus
1481 2499 1750 2552 insinuare
1773 2512 1879 2550 non
1911 2497 2008 2551 dc—

428 2593 602 2658 sinat,
635 2601 893 2660 quatenus
921 2592 1141 2645 remotis
1169 2589 1432 2644 scandals
1460 2605 1577 2659 qua:
1611 2592 1660 2641 in
1692 2588 2010 2642 Alexandri-

432 2699 556 2738 nam
609 2681 902 2738 Ecclesiam
968 2683 1220 2736 recidivis
1275 2682 1492 2735 ausibus
1546 2684 1857 2746 irruerunt,
1909 2695 2009 2749 pax

429 2782 607 2841 Optata
634 2773 903 2838 reddatur,
929 2784 979 2828 et
1001 2773 1249 2828 celeriter
1270 2772 1557 2842 vigilantia:
1583 2781 1685 2826 tua:
1707 2772 1999 2840 profectus,

432 2865 748 2934 posthabitis
801 2865 854 2918 di
882 2865 1248 2931 ticultatibus,
1297 2864 1600 2919 inducatur.
1647 2865 1773 2916 Data
1826 2873 2013 2917 octavo

416 2954 554 3012 'idus
581 2958 918 3025 Novembris,
950 2959 1209 3013 Severino
1239 2958 1480 3025 consule,
1512 2960 1701 3012 directa
1729 2975 1818 3028 per
1847 2959 2013 3014 Resti-

419 3059 616 3104 ‘tutum.
1159 3057 1164 3063 “

1064 3140 1386 3195 EPISTOIA

919 3246 1158 3285 SIMPLICII
1191 3249 1257 3286 AD
1285 3249 1521 3286 EUMDEM.

762 3323 802 3374 Α
837 3321 972 3375 Luca
1003 3322 1289 3376 Holsteinio
1325 3324 1501 3377 Roma:
1528 3325 1686 3378 edita.

677 3412 1032 3467 Dilectissimo
1061 3415 1205 3467 fratri
1231 3414 1427 3468 Acacio
1453 3414 1775 3482 Simplicius.

505 3503 721 3558 Litteris
763 3516 865 3558 tua:
895 3504 1228 3569 dilectionis,
1266 3521 1398 3575 quas
1437 3521 1532 3575 per
1569 3505 1732 3559 tilium
1778 3516 2016 3560 nostrum

426 3594 799 3662 'Epiphanium
839 3596 1120 3649 diaconum
1167 3595 1403 3663 probatae
1450 3595 1571 3650 ﬁdei
1616 3595 1907 3662 direxisti,
1955 3612 2016 3652 ea

438 3699 559 3751 quae
584 3685 806 3739 strictim
838 3684 1223 3754 religiorissimi
1248 3684 1346 3740 viri
1379 3686 1473 3740 tiiii
1504 3672 1668 3740 nostri
1700 3688 2018 3758 presbyteri,

438 3774 869 3829 archimandritzc
905 3790 1026 3830 cum
1067 3776 1341 3832 monachis
1382 3780 1465 3833 vel
1508 3788 1632 3834 ante
1672 3779 2016 3848 scripserant,

439 3865 600 3919 latius
643 3865 919 3932 indicasti,
967 3876 1020 3919 ct
1069 3867 1275 3935 prolixo
1321 3869 1532 3936 quidem
1577 3870 1879 3937 volumine,
1928 3872 2020 3926 sed

425 3970 690 4012 sermone
721 3959 1027 4012 necessario
1065 3958 1325 4024 retulisti;
1360 3967 1417 4012 ut
1456 3961 1580 4029 quid
1610 3961 1692 4015 vel
1719 3960 2024 4014 Constanti-

440 4048 656 4119 nopoli,
689 4049 772 4103 vel
815 4049 868 4102 in
905 4048 1024 4102 aliis
1066 4050 1372 4118 regionibus
1409 4051 1476 4104 ab
1517 4051 1782 4105 haereticis
1816 4061 2020 4120 gestum

439 4139 767 4196 disceremus
801 4157 813 4194 :
838 4153 902 4194 ac
925 4141 1129 4211 singula
1159 4156 1276 4210 qure
1307 4151 1496 4195 contra
1525 4140 1914 4196 ecclesiasticas
1941 4159 2019 4197 re.

438 4233 622 4300 gulas,
663 4243 716 4286 et
752 4241 937 4287 contra
977 4231 1144 4299 ipsam
1187 4231 1504 4286 catholicam
1533 4230 1689 4285 ﬁdem
1721 4232 2024 4303 ubicunque

442 4324 726 4378 commissa
759 4332 902 4391 sunt,
934 4331 1058 4377 ante
1099 4331 1313 4376 nostros
1343 4323 1525 4377 oculos
1551 4323 1862 4389 collocasti;
1895 4342 2026 4396 qua-

443 4425 598 4470 tenus
628 4415 872 4471 videatur
906 4429 1013 4486 quo
1048 4415 1210 4470 etiam
1252 4415 1488 4470 remedio
1519 4415 1894 4472 subveniretur
1925 4419 2025 4473 Ec-

2108 1862 2305 1916 curitns
2335 1876 2578 1930 regressu
2609 1861 2827 1932 pictatis
2852 1878 2984 1928 sum,
3018 1861 3239 1914 Domino
3263 1877 3319 1914 se
3342 1861 3533 1929 ubique
3563 1877 3687 1930 pro-

2108 1962 2367 2019 sequente
2395 1952 2632 2006 umnium
2663 1952 2998 2020 pra'veniens
3027 1962 3146 2005 vita
3177 1953 3428 2007 restitu't.
3463 1952 3525 2004 Et
3551 1953 3687 2019 apud

2109 2053 2341 2095 mentem
2370 2041 2879 2097 Christianissimam
2917 2043 3088 2097 facilis
3119 2051 3200 2098 est
3224 2044 3541 2110 impetrandi
3573 2059 3689 2114 gra-

2112 2133 2215 2193 tia,
2249 2132 2335 2184 ubi
2371 2132 2643 2201 religionis
2685 2141 2766 2186 est
2803 2148 2981 2187 causa.
3013 2133 3161 2187 Sicut
3203 2149 3330 2202 ergo
3367 2134 3554 2189 litteris
3592 2121 3704 2187 no?

2109 2223 2257 2289 stris,
2293 2224 2361 2277 ita
2388 2232 2488 2277 tua:
2523 2223 2852 2291 dilectionis,
2888 2225 2967 2278 vel
3000 2225 3236 2278 omnimn
3265 2224 3484 2278 fratrum
3517 2226 3602 2294 qui
3635 2240 3692 2280 se

2111 2314 2174 2367 ad
2227 2315 2547 2368 documenta
2606 2315 2729 2368 ﬁdei
2785 2329 2896 2369 sua:
2943 2315 3387 2374 Cbristianissimi
3443 2316 3694 2385 principis

2115 2408 2508 2470 praesentavere
2549 2407 2900 2473 conspectui,
2957 2408 3292 2475 suggestione
3347 2409 3695 2474 repetendum

2111 2508 2223 2560 est,
2257 2509 2312 2551 ut
2344 2499 2662 2553 Timottens
2689 2514 2809 2552 cum
2850 2501 3169 2567 sequacibus
3205 2502 3315 2554 Suis
3343 2501 3405 2553 ad
3447 2501 3684 2555 irremea-

2115 2591 2219 2645 bile
2241 2591 2500 2660 dirigatur
2528 2593 2799 2645 exsilium.
2825 2592 2955 2645 Cum
2984 2607 3088 2666 quo
3117 2593 3310 2647 Paulus
3335 2593 3401 2645 ab
3431 2592 3698 2662 Ephesina

2123 2684 2385 2747 Ecclesia,
2419 2695 2472 2738 ct
2503 2685 2690 2738 Petrus
2712 2685 2778 2737 ab
2806 2684 3138 2739 Antioehcna
3173 2685 3388 2739 civitate
3423 2685 3697 2755 depulsus,

2115 2785 2275 2843 atque
2303 2790 2491 2828 omnes
2520 2776 2607 2844 qui
2636 2775 2702 2829 ab
2732 2789 2796 2830 eo
2824 2791 2902 2840 se,
2933 2775 3016 2829 vel
3043 2776 3109 2829 al)
3138 2775 3221 2829 liis
3247 2791 3382 2844 quos
3414 2776 3598 2831 illicile
3623 2777 3702 2831 fe-

2115 2874 2294 2930 cer-at,
2327 2866 2594 2921 aestimant
2623 2866 2904 2936 episcopos
2945 2867 3221 2921 ordinatos
3245 2912 3257 2935 ,
3293 2868 3478 2922 eadem
3510 2869 3702 2924 debent

2119 2956 2239 3026 lege
2281 2958 2515 3026 percelli.
2561 2958 2634 3011 De
2675 2958 2908 3011 Antonio
2951 2967 3162 3022 autem,
3206 2958 3295 3027 qui
3335 2974 3520 3013 eorum
3566 2974 3701 3028 quos

2119 3057 2302 3100 eontra
2361 3049 2654 3102 Ecclesium
2709 3060 2962 3117 tyrannos
3011 3053 3275 3114 miserat,
3323 3050 3704 3119 antesignanus

2043 3130 2087 3192 C
2119 3140 2354 3194 existens
2378 3181 2394 3207 ,
2426 3142 2561 3194 sicut
2591 3138 2858 3211 scriptum"
2882 3153 2962 3196 est
2995 3141 3167 3212 (Psal.
3195 3159 3314 3207 vui,
3347 3142 3425 3212 '5),
3461 3143 3705 3198 inimicus

2121 3241 2175 3285 et
2199 3231 2454 3287 defensor
2483 3233 2745 3302 apparuit.
2778 3233 2852 3287 De
2881 3235 3086 3289 Joanne
3125 3234 3355 3302 quodam
3385 3222 3697 3288 Constanti-

2121 3323 2449 3393 nopolitano,
2479 3324 2566 3392 qui
2591 3325 2657 3377 ab
2680 3324 2946 3378 hirreticis
2969 3326 3300 3394 Apamenum
3325 3324 3707 3390 sacerdotium,

2121 3414 2261 3483 quod
2289 3415 2361 3479 ei,
2392 3414 2481 3484 qui
2521 3415 2803 3485 presbyter
2828 3415 3042 3471 aliunde
3083 3416 3285 3483 fin-rat,
3314 3417 3398 3471 vel
3428 3431 3457 3469 a
3486 3415 3708 3471 catholi-

2121 3505 2200 3559 cis
2229 3520 2444 3559 sumere
2475 3521 2580 3558 non
2611 3505 2839 3572 licebat,
2873 3521 2931 3560 se
2957 3505 3267 3562 ltatreticum
3301 3506 3624 3575 publicavit,
3655 3517 3708 3562 et

2122 3597 2264 3666 quod
2294 3599 2344 3651 in
2380 3613 2438 3652 se
2474 3613 2755 3666 perperam
2787 3597 2982 3651 factum
3013 3608 3093 3651 est
3118 3595 3498 3666 improperium
3528 3607 3708 3652 retor-

2124 3690 2195 3744 sit
2251 3690 2301 3742 in
2358 3700 2663 3752 auctorem;
2718 3689 3000 3758 expellens
3046 3688 3113 3741 ab
3162 3686 3441 3742 Antiochia
3493 3689 3708 3741 Petrum

2126 3795 2468 3851 pervaserem
2495 3783 2684 3848 ipsius,
2720 3779 2965 3833 eamdem
2996 3778 3290 3832 Ecclesium
3323 3777 3436 3848 ipse
3460 3777 3704 3846 pervasit,

2127 3873 2230 3926 sub
2256 3873 2596 3925 anathemate
2628 3886 2655 3923 a
2682 3870 3110 3926 Christianorum
3141 3873 3415 3926 consortio
3435 3916 3448 3941 ,
3483 3872 3567 3926 vel
3598 3873 3708 3939 ipsa

2126 3965 2486 4032 appellatione
2530 3978 2867 4017 remuvemns
2907 3979 2920 4016 :
2971 3979 3068 4017 nec
3105 3979 3336 4033 unquam
3382 3965 3466 4018 his
3501 3963 3714 4017 satisfa-

2129 4052 2322 4106 ctionis
2346 4043 2744 4120 patefaciendus
2767 4060 2850 4104 est
2874 4052 3044 4106 locus.
3073 4053 3204 4119 Quia
3229 4053 3365 4107 sicut
3387 4053 3550 4107 .Ittdas
3574 4053 3712 4106 inter

2127 4142 2421 4210 apostolos.
2461 4143 2530 4196 ita
2561 4143 2642 4195 isti
2673 4142 2812 4196 inter
2842 4143 3111 4196 ministros
3144 4143 3237 4196 Dei
3269 4144 3490 4197 subdola
3521 4154 3570 4196 et
3598 4144 3714 4196 dia-

2129 4234 2288 4289 bolici
2330 4234 2550 4302 spiritus
2592 4234 2779 4287 fr..ude
2821 4233 3108 4288 latuerunt.
3145 4235 3218 4289 De
3247 4234 3534 4288 Christiani
3576 4249 3716 4302 quo-

2127 4341 2232 4396 que
2278 4326 2452 4395 populi
2485 4325 2590 4378 ﬁde
2623 4334 2676 4378 et
2716 4324 3002 4379 devotione
3049 4325 3342 4393 gaudentes
3366 4365 3380 4389 ,
3417 4326 3708 4392 protei-tum

2129 4415 2245 4485 ejus
2273 4426 2327 4471 et
2355 4414 2850 4485 multiplicationem
2874 4415 2983 4469 Deo
3007 4417 3201 4484 jugiter
3229 4415 3586 4484 supplicantes
3616 4431 3718 4468 ex-

359 4575 361 4577 _
439 4505 640 4571 etesiis,
675 4506 863 4573 quibus
888 4505 994 4560 vim
1023 4505 1123 4560 sub
1147 4506 1429 4561 occasione
1461 4507 1750 4578 tyrannicae
1777 4507 2022 4562 domina-
2053 4498 2104 4558 D
2129 4506 2356 4575 petimus
2387 4523 2403 4559 :
2435 4515 2491 4560 ut
2520 4507 2571 4559 iu
2605 4506 2795 4559 timore
2823 4516 2984 4574 atque
3010 4517 3193 4559 amore
3217 4505 3424 4558 Domini
3454 4520 3706 4576 perseve-

442 4595 646 4661 tionis,
698 4605 753 4649 et
801 4612 893 4664 per
937 4597 1232 4653 absentiam
1281 4597 1719 4654 Cliristianissimi
1769 4599 2022 4669 principis

435 4687 776 4757 perniciosus
815 4688 951 4741 latro
995 4698 1048 4743 et
1089 4690 1351 4744 recidivus
1391 4692 1606 4746 invasnr
1649 4691 2023 4747 Alexandrina:

433 4777 703 4832 Ecclesia:
733 4776 913 4844 lapsus
933 4777 1134 4832 exsiliis
1165 4781 1442 4849 irrogavit.
1477 4782 1626 4836 Unde
1653 4781 1868 4836 unicum
1901 4791 2020 4850 post

434 4869 645 4935 Deum,
683 4868 773 4937 qui
817 4866 1107 4922 Ecclesiam
1148 4879 1200 4923 et
1240 4872 1623 4940 rempublicam
1659 4873 1874 4926 consola
1904 4871 2025 4928 ione

443 4960 673 5014 mirabili
702 4959 939 5014 visitavit
960 5003 975 5026 ,
1001 4960 1209 5016 etiamsi
1235 4961 1336 5016 hoc
1367 4961 1480 5017 fieri
1511 4963 1730 5017 minime
1759 4965 2026 5032 postulas.-

440 5066 563 5118 ses,
586 5052 986 5108 clementissimi
1015 5053 1351 5123 imperatoris
1379 5053 1630 5107 auxilium
1656 5055 1902 5109 duximus
1927 5055 2026 5109 im-

445 5143 790 5212 plorandum;
819 5151 879 5197 ut
909 5159 1005 5213 pro
1034 5146 1283 5199 omnibus
1303 5161 1424 5214 quae
1446 5161 1610 5215 regno
1631 5145 1744 5215 ejus
1771 5147 2024 5202 Dominus

441 5236 648 5300 tribuit,
680 5250 747 5290 ne
777 5235 997 5290 ulterius
1035 5236 1086 5289 in
1133 5236 1264 5291 orbe
1297 5245 1581 5304 terrarum,
1614 5252 1746 5307 quas
1776 5237 2018 5293 subditas

514 5417 530 5448 ¹
564 5417 857 5472 Perbreves
894 5415 1052 5471 hasce
1083 5424 1136 5486 et
1168 5415 1433 5470 aculeatas
1477 5415 1676 5470 litteras
1715 5421 2009 5486 postremas

441 5485 507 5539 ad
533 5487 781 5541 Acacium
807 5487 950 5540 dedit
977 5485 1276 5554 Simplicius
1295 5525 1309 5548 ,
1345 5486 1537 5553 quibus
1568 5485 1726 5540 illum
1749 5486 2004 5538 adversus

444 5556 724 5611 haereticos
756 5557 822 5609 ad
854 5559 1090 5625 praelium
1122 5572 1346 5611 evicere
1374 5564 1628 5618 conatur;
1658 5557 1750 5609 sed
1794 5556 2010 5620 frustra,

445 5633 628 5689 utpote
655 5627 742 5694 qui
778 5627 1045 5695 transfuga
1081 5625 1250 5680 factus
1282 5627 1334 5680 in
1361 5626 1553 5680 castris
1584 5627 2012 5695 adversariorum

445 5697 657 5762 militet,
688 5694 1015 5767 solliciteque
1043 5699 1181 5770 apud
1225 5699 1602 5768 imperatorem
1643 5705 1783 5766 agat,
1814 5705 1872 5750 ut
1905 5694 2011 5750 duo

2131 4613 2288 4665 rans,
2321 4606 2376 4652 et
2405 4613 2630 4651 numero
2658 4598 2868 4668 augeri,
2897 4609 2947 4652 et
2987 4598 3189 4652 cmlesti
3233 4606 3500 4651 mereatur
3533 4605 3720 4665 prote-

2131 4690 2310 4744 CIione
2355 4689 2574 4744 muniri.
2618 4689 2674 4743 In
2720 4705 2826 4760 quo
2875 4690 3105 4745 maxime
3153 4690 3470 4760 gloriamur,
3511 4704 3564 4743 et
3601 4691 3710 4745 Deo

2130 4791 2315 4836 nostro
2354 4781 2736 4850 gratulabimur
2805 4781 3173 4847 complacere,
3217 4781 3338 4851 quia
3387 4778 3706 4849 pastoralem

2127 4877 2342 4947 rcSpicit
2395 4877 2664 4942 fructum,
2705 4876 2938 4945 religiosi
2988 4876 3141 4931 ovilis
3194 4885 3557 4945 augmentum.
3607 4875 3706 4931 Diti

2127 4980 2306 5024 autem
2339 4968 2530 5024 fratres
2567 4979 2623 5023 et
2659 4969 3005 5038 coepiscopos
3033 4979 3244 5022 nosnos
3277 4967 3415 5034 apud
3443 4967 3707 5022 Constan-

2127 5058 2404 5127 tinopolim
2445 5073 2548 5110 non
2595 5058 2846 5112 convenit
2883 5059 3150 5113 demorari
3193 5075 3206 5110 :
3247 5073 3388 5112 nunc
3417 5057 3705 5127 prazcipne,

2124 5163 2246 5202 cum
2291 5155 2509 5218 pr0pter
2539 5149 2945 5202 concussiouem
2978 5148 3363 5216 persecutionis
3397 5165 3515 5218 qua:
3563 5159 3706 5201 mota

2127 5236 2300 5319 fuerat
2320 5283 2334 5307 ,
2362 5237 2608 5292 sollicita:
2637 5248 2795 5308 atque
2830 5239 3067 5293 attonita:
3093 5247 3218 5292 sunt
3246 5237 3299 5292 itt
3330 5239 3708 5307 suprascripzis

2117 5415 2362 5468 venenati
2390 5414 2610 5480 colubri,
2639 5414 2950 5469 truculentae
2976 5413 3160 5468 bestia:
3183 5423 3238 5470 et
3258 5415 3400 5470 Iaces
3429 5355 3736 5469 lueretieo3

2121 5501 2262 5548 runt,
2293 5486 2574 5550 Cnapheus
2595 5499 2649 5540 et
2684 5489 2897 5554 Moggus
2923 5485 3271 5539 AHIIOCIICﬂiﬂ
3296 5494 3354 5540 et
3379 5485 3702 5540 Alexandri-

2122 5571 2204 5634 nae
2229 5555 2344 5609 sedi
2371 5555 3102 5634 obtrudantur,_legitiquue
3132 5571 3469 5634 possessores
3497 5556 3709 5634 Calen-

2119 5625 2243 5750 ﬂion
2297 5635 2353 5680 et
2400 5626 2636 5681 Joannes
2683 5625 2917 5695 episcopi
2975 5626 3098 5681 inde
3155 5627 3509 5697 expellantur.
3569 5625 3710 5681 Sev.

2168 5711 2322 5750 tatus.

2168 5711 2322 5751 INIUS.
