4022 6168
282 274 345 365 δι
580 302 709 393 βε.
742 300 966 360 LUPUS
1008 303 1093 357 ET
1135 280 1593 361 EUPllRONlUS.
1626 282 1692 345 έ-
1724 303 1789 359 ΙΝ
1830 306 1888 361 S.
1928 304 2162 361 LUPUM
2201 305 2411 362 EPISC.
2456 305 2868 365 TRECENSEM
2909 310 3202 366 NOTITIA.
3478 313 3546 367 62

286 420 529 474 Ecclesiis
561 422 812 475 civitates
843 438 857 474 :
887 404 951 474 ne
980 422 1172 492 aliquis
1208 422 1401 477 dubius
1432 425 1651 477 rationis
1678 433 1731 477 et
1760 432 1866 477 tre-
1895 429 1943 485 Α
1972 424 2205 485 scripsit.
2257 424 2329 477 Ex
2363 439 2421 477 ea
2455 424 2793 492 intclligimus
2819 425 3059 477 Acacium
3101 422 3371 477 monuisse
3399 423 3544 477 Sim-

287 511 431 575 pidus
462 512 664 564 mentis
695 521 971 579 exspectet
998 513 1120 566 novi
1160 513 1361 582 aliquid
1407 523 1527 582 post
1571 512 1867 567 Chalcedo-

286 615 443 655 uense
465 601 755 655 concilium
780 610 962 655 contra
992 602 1334 658 deﬁnitiones
1357 604 1521 674 ipsius
1546 605 1823 658 retractari
1850 621 1862 656 :
1892 594 1899 597 ’

282 694 401 761 quia
431 708 530 764 per
562 693 874 748 universum
906 695 1161 750 mundum
1194 696 1463 750 insolubili
1493 696 1867 752 observatione

282 787 573 852 retinetur,
610 787 753 856 quod
798 801 829 841 a
868 787 1206 842 sacerdotum
1238 788 1584 843 universitate
1619 797 1702 842 est
1739 803 1866 842 con-

281 877 557 943 stitutum;
605 887 658 932 et
700 878 841 931 sicut
869 880 1115 947 apparuit
1154 879 1395 934 caelestis
1424 881 1618 934 totiens
1648 881 1865 935 ultionis

280 967 576 1022 assertione
613 967 905 1023 ﬁrmatum.
942 968 1092 1024 Unde
1125 970 1307 1023 divino
1333 970 1537 1038 judicio
1575 972 1866 1025 reluctatur

281 1059 519 1128 quisquis
568 1059 815 1129 ejusdem
858 1062 1180 1116 venerabilis
1227 1063 1445 1116 deﬁnita
1486 1063 1694 1117 concilii
1746 1074 1866 1131 post

285 1160 359 1205 tot
393 1151 591 1205 divina:
618 1150 1001 1222 indignationis
1024 1153 1268 1223 exempla
1298 1168 1401 1207 non
1425 1155 1683 1224 sequitur.

547 1246 984 1343 essenvnto
1022 1286 1083 1343 P.
1116 1287 1390 1342 ANTONII
1430 1288 1587 1343 PAGI

540 1378 611 1432 ad
633 1396 721 1433 an.
754 1378 946 1433 Christi
979 1382 1080 1435 477
1106 1422 1122 1445 ,
1155 1398 1299 1434 nam.
1337 1381 1401 1433 12
1422 1392 1476 1437 et
1505 1381 1588 1437 15.

278 1519 282 1521 Α
365 1469 683 1541 Holstenius
710 1470 762 1524 in
790 1470 1117 1524 Collectione
1150 1471 1385 1524 Romana
1418 1471 1708 1535 publicavit
1746 1473 1863 1541 epi-

281 1541 465 1611 stolam
515 1539 779 1608 Simplicii
828 1556 975 1609 papa:
1016 1542 1081 1594 ad
1114 1543 1361 1595 Acacium
1393 1539 1858 1611 Constantinopol.

280 1610 588 1679 episcopum
635 1626 753 1679 quae
792 1611 911 1681 sine
956 1611 1045 1665 die
1089 1621 1143 1667 et
1185 1613 1405 1666 consule
1453 1624 1555 1677 est,
1600 1628 1863 1681 quamque

280 1681 516 1734 Labbt-us
560 1690 691 1735 tom.
747 1680 811 1735 ιν
849 1680 1079 1747 Concil.,
1134 1697 1253 1750 pag.
1298 1682 1457 1745 1059,
1506 1680 1627 1751 post
1673 1680 1861 1739 omnes

279 1751 533 1816 Simplicii
575 1752 830 1819 epistolas
872 1753 1010 1806 male
1053 1752 1356 1807 collocavit.
1403 1752 1537 1806 Cum
1566 1754 1706 1807 enim
1736 1768 1853 1808 eam

280 1822 554 1888 scripserit
600 1821 939 1891 Simplicius,
990 1823 1146 1890 paulo
1197 1833 1473 1889 postquam
1534 1828 1743 1890 accepit
1787 1826 1855 1881 ab

281 1893 470 1945 Acacio
501 1892 630 1954 vim,
654 1906 774 1959 qua:
801 1892 943 1945 illata
973 1895 1142 1945 fuerat
1166 1893 1441 1956 Ecclesiis,
1466 1895 1559 1947 sub
1592 1895 1856 1948 occasione

280 1967 554 2033 tyrannica
583 1964 974 2027 dominationis,
1007 1974 1052 2015 et
1083 1980 1171 2033 per
1208 1964 1490 2017 absentiam
1521 1964 1857 2018 Christianis-

281 2032 386 2085 siuti
412 2033 697 2101 principis;
736 2043 789 2087 et
827 2034 945 2100 ipso
981 2044 1244 2102 tempore,
1284 2050 1390 2103 quo
1421 2035 1641 2088 [ΕΜ-υς
1678 2036 1854 2090 adhuc

281 2104 506 2164 virebat,
550 2117 706 2167 quem
740 2118 861 2156 cum
898 2105 1212 2172 sequacibus
1253 2108 1364 2158 suis
1393 2106 1460 2157 ad
1486 2106 1856 2159 irremediabile

280 2173 509 2224 exsilium
537 2174 715 2241 dirigi,
747 2190 775 2226 a
808 2173 1023 2228 Zenone
1067 2176 1195 2242 imp.
1230 2176 1517 2243 petendum
1546 2190 1668 2229 esse
1698 2176 1848 2238 dicit,

278 2252 495 2309 apparet
522 2258 641 2295 eam
669 2244 946 2310 epistolam
970 2245 1022 2297 in
1048 2245 1222 2299 l‘umra
1245 2246 1573 2299 Collectione
1599 2246 1855 2300 concilio-

279 2328 387 2365 rum
431 2313 741 2367 immediate
783 2315 1148 2370 collocandum
1180 2332 1299 2369 esse
1343 2326 1461 2381 post
1506 2318 1789 2374 epistolam
1821 2318 1854 2371 8

279 2381 539 2450 Simplicii
582 2384 647 2435 ad
694 2384 963 2438 Zenonem
1007 2389 1132 2453 imp.
1169 2386 1344 2438 datam
1377 2402 1465 2439 vm
1520 2388 1636 2440 idus
1670 2386 1851 2440 Octob.

281 2463 381 2519 post
433 2454 755 2526 consulatum
792 2454 1092 2509 Basilisciet
1124 2457 1344 2519 Armati,
1393 2472 1493 2524 qua
1539 2457 1851 2526 Simplicius

281 2523 917 2596 gratulaturimperuori
963 2528 1031 2579 de
1077 2523 1690 2596 recuperato’imperio';
1731 2543 1851 2583 cum

284 2603 390 2666 post
415 2594 564 2647 illam
591 2595 641 2647 in
670 2596 856 2649 eadem
887 2596 1202 2650 Collectione
1231 2597 1422 2651 concil.
1451 2594 1705 2666 seqttatur
1731 2597 1849 2663 epi-

282 2665 403 2716 stola
442 2665 617 2719 Acacii
662 2667 728 2718 ad
765 2666 1118 2733 Simplicium,
1157 2682 1257 2735 qua
1300 2668 1347 2721 ci
1377 2665 1644 2720 Timothei
1676 2668 1849 2722 Eluri

284 2745 503 2806 mortem
545 2736 835 2806 signiticet,
873 2753 991 2806 qua:
1038 2738 1210 2791 adhuc
1245 2737 1577 2802 Simplicium
1633 2739 1850 2802 latebat,

283 2815 390 2858 cum
444 2804 741 2873 Epistolam
798 2804 1195 2861 abiﬂolsienio
1240 2808 1438 2862 editam
1486 2807 1553 2862 ad
1597 2810 1850 2862 Acacium

1969 495 2175 563 plicium
2204 496 2270 548 de
2296 495 2503 564 synodo
2533 510 2559 544 a
2592 511 2651 547 se
2678 496 2816 560 apud
2844 495 3382 564 ConStantinopolim
3406 495 3544 547 indi-

1967 575 2071 619 eta.
2121 566 2209 633 Ait
2243 563 2387 619 enim
2419 565 2725 632 Simplicius
2759 583 2770 616 :
2809 566 2953 619 Linde
2983 567 3187 618 unicum
3218 575 3329 633 post
3360 563 3543 627 Deum,

1966 636 2053 700 qui
2097 631 2380 686 Ecclesium
2429 644 2473 688 et
2520 631 2879 705 rempublicam
2923 631 3271 688 consolatione
3318 635 3543 687 mirabili

1965 705 2203 767 uisitauit,
2228 705 2427 758 etiamsi
2462 705 2557 757 hoc
2588 707 2640 770 ﬁt
2655 707 2699 755 ri
2730 706 2933 757 minime
2963 705 3298 773 postulasses,
3330 705 3549 757 clemen-

1967 774 2150 826 tissimi
2189 775 2509 839 imperatoris
2559 777 2808 827 auxilium
2858 776 3099 827 duximus
3137 775 3544 841 implorandum,

1966 853 2023 915 ut
2056 860 2146 912 pro
2184 844 2430 897 omnibus
2459 862 2571 911 qua:
2609 860 2765 913 regno
2810 848 2918 915 ejus
2948 845 3197 897 Dominus
3230 846 3443 906 .tribait,
3482 860 3545 899 ne

1969 913 2182 966 ulterius
2208 915 2260 966 in
2288 917 2404 966 orbe
2452 926 2725 980 terrarum,
2756 913 2879 982 quas
2908 916 3138 967 subditas
3164 930 3257 966 suo
3288 916 3542 981 cognoscit

1967 984 2199 1050 imperio,
2242 982 2485 1037 Ecclesia'
2522 986 2613 1037 Dei
2656 986 2715 1036 ab
2770 986 3119 1037 Inereticorum
3163 986 3459 1053 contagione
3499 994 3546 1037 et

1968 1056 2211 1121 pravitate
2236 1056 2505 1118 violentur,
2535 1056 2623 1107 sed
2652 1056 2895 1107 doctrina:
2921 1054 3185 1107 diabolica:
3212 1054 3546 1121 prteceptions

1962 1126 2171 1187 pietatis
2195 1124 2358 1190 ipsius
2389 1135 2689 1191 prazstentur
2719 1126 2989 1180 immunes.
3039 1125 3105 1179 Ut
3139 1125 3177 1177 ii
3203 1125 3291 1193 qui
3318 1125 3411 1177 sibi
3436 1140 3546 1178 cre-

1966 1193 2189 1246 diderint
2215 1196 2529 1247 sacerdotale
2556 1196 2888 1247 ministerium
2913 1196 3141 1247 damnati
3168 1194 3383 1247 hominis
3414 1210 3546 1263 pra:-

1964 1266 2252 1331 sumptionc
2276 1266 2516 1333 oonferri,
2544 1266 2863 1332 promulgata
2891 1265 3144 1329 imperiali
3164 1266 3540 1327 constitutione,

1964 1337 2114 1386 etiam
2135 1350 2166 1385 a
2181 1346 2424 1387 conuentu
2445 1334 2705 1388 hominum
2728 1336 2995 1404 segregati,
3013 1335 3296 1403 jubeantur
3312 1334 3539 1387 excludi:

1962 1415 2211 1472 quatenus
2242 1406 2319 1457 his
2349 1405 2615 1472 submotis,
2662 1416 2812 1474 atque
2863 1407 2916 1458 in
2964 1405 3251 1457 solitudinis
3296 1413 3542 1470 perpetua

1964 1475 2276 1542 relegatione
2316 1475 2591 1537 damnatis,
2634 1476 2880 1527 antistites
2928 1474 3163 1527 catholici
3204 1475 3424 1543 deceptis
3468 1474 3543 1528 vel

1964 1544 2247 1597 reddantur
2276 1544 2542 1608 Ecclesiis,
2590 1547 2665 1598 vel
2692 1555 2947 1597 creentur.
2994 1544 3058 1596 In
3099 1561 3199 1613 quo
3243 1560 3331 1595 nec
3358 1553 3543 1595 nostra:

1964 1630 2135 1682 preces
2157 1616 2297 1683 apud
2326 1616 2761 1684 religiosissimum
2793 1615 3093 1682 principem,
3126 1630 3215 1665 nec
3253 1613 3542 1665 dilectionis

1965 1692 2066 1738 tute
2107 1686 2386 1755 suggestio,
2416 1693 2503 1737 aut
2532 1694 2785 1755 tantorum
2822 1685 3038 1754 fratrum
3070 1693 3380 1745 nostrorum,
3409 1685 3543 1751 quod

1964 1754 2225 1808 advenisse
2256 1754 2752 1823 Constantinopolim
2788 1755 3089 1822 reperimus,
3124 1755 3418 1817 imploratio
3456 1771 3542 1806 sa-

1958 1828 2239 1887 cerdotum,
2286 1836 2373 1878 aut
2415 1822 2721 1893 supplicatio
2765 1827 3131 1879 monachorum
3174 1822 3410 1877 laborare
3452 1839 3541 1891 po-

1958 1898 2093 1949 terit.
2236 1904 2237 1907 ‘
2612 1920 2617 1925 τ
3396 1908 3399 1911 ·

2032 1965 2409 2034 Imploraverat
2440 1973 2618 2019 autem
2654 1965 2994 2030 imperatoris
3027 1964 3281 2017 auxilium
3313 1962 3532 2034 Simpli-

1958 2037 2073 2091 cius
2115 2033 2170 2089 in
2211 2036 2433 2100 epistola
2482 2036 2547 2087 ad
2577 2036 2845 2089 Zenonem
2896 2051 2984 2088 vm
3032 2036 3147 2087 idus
3199 2033 3381 2086 Octob.
3428 2042 3540 2100 post

1959 2109 2279 2159 consulatum
2304 2105 2546 2158 Basilisci
2582 2116 2629 2158 et
2663 2107 2899 2170 Armati,
2940 2107 3167 2173 ideoque
3199 2104 3538 2157 llolsteniaua

1958 2178 2182 2243 epistola
2231 2177 2497 2241 prioribus
2542 2177 2816 2229 mensibus
2856 2176 2979 2228 anni
3026 2176 3355 2244 insequentis
3394 2177 3538 2244 data.

1961 2242 2015 2299 lu
2047 2248 2132 2300 illa
2165 2247 2325 2309 enim,
2366 2246 2525 2315 quam
2568 2262 2657 2298 an.
2689 2248 2789 2300 477
2836 2262 2923 2297 vm
2964 2247 3080 2298 idus
3115 2242 3293 2297 Octob.
3326 2242 3540 2315 scripsit

1957 2317 2287 2385 Simplicius,
2327 2314 2434 2369 ait:
2459 2316 2603 2370 Unde
2631 2326 2749 2368 ante
2786 2318 2957 2367 omnia
2997 2331 3192 2384 precor.
3233 2325 3288 2367 ut
3317 2314 3539 2385 Alexan-

1960 2384 2163 2440 drinam
2187 2386 2467 2439 Ecclesium
2510 2402 2608 2438 non
2638 2388 2806 2438 minus
2834 2403 2864 2437 a
2892 2386 3112 2453 funesto,
3141 2401 3293 2454 quant
3333 2386 3393 2436 ab
3434 2384 3542 2436 ha:-

1952 2456 2110 2511 retico
2138 2473 2403 2527 pert'asore
2433 2457 2712 2509 clementiae
2746 2466 2919 2508 vestra:
2948 2454 3368 2527 dispositionibus
3415 2454 3539 2527 [ibe-5

1957 2525 2145 2593 ratam,
2190 2527 2441 2579 catholico
2476 2538 2523 2578 et
2554 2528 2776 2595 legitimo
2818 2527 3014 2579 restitui
3046 2526 3290 2579 censeatis
3325 2525 3541 2576 antistiti

1954 2599 2124 2661 eisque
2150 2598 2324 2658 etiam,
2368 2613 2493 2664 quos
2529 2597 2809 2649 tenteritate
2855 2596 3108 2655 diabolica
3153 2596 3364 2647 diversis
3402 2595 3541 2646 ordi—

1955 2684 2103 2719 nasse
2133 2670 2440 2735 perlubetur,
2473 2668 2662 2734 ejectis,
2697 2676 2847 2719 rech
2876 2666 2913 2733 ﬁ
2936 2667 2999 2718 (εἰ
3040 2665 3305 2733 subrogari
3344 2664 3539 2735 canui,-

1958 2739 2112 2791 tuatis
2143 2739 2429 2807 episcopos,
2463 2749 2567 2790 etc.

435 2943 3441 2962 -*s———-——A"‘

266 3293 595 3533 's.
751 3108 3462 3692 LUPIigDoEiiiZCENSIS

766 3820 797 3895 ι
837 3804 964 3933 s.
1067 3742 2075 3973 EUPHBONIUS
2172 3742 2979 3997 EDUENSIS.

1189 4032 1243 4251 ξ
1484 4065 2300 4256 ,ΝΟΤΙᾞΑῂ
2482 4222 2509 4249 ,.

974 4319 1054 4382 IN
1099 4316 1484 4398 SANCTUM
1513 4315 1785 4392 LUPUM
1826 4294 2276 4376 EPISCOPUM
2298 4358 2301 4361 ν
2326 4311 2826 4392 TRECENSEM.

1575 4461 1579 4465 ”
1610 4458 1627 4513 (
1657 4454 1726 4505 Ex
1767 4452 1893 4504 Bibl.
1939 4452 2165 4503 Galland.
2195 4454 2213 4516 )
2284 4457 2289 4463 '

264 4599 283 4611 ’
338 4591 392 4645 θ’
412 4589 643 4646 Sanctus
668 4588 853 4659 Lupus
882 4587 1213 4642 Tricassinus
1238 4588 1542 4657 episcOpus,
1573 4587 1656 4640 vir
1686 4585 1845 4654 plane
1874 4587 1920 4649 Ο
1951 4584 2014 4637 de
2034 4582 2258 4651 quadam
2274 4584 2480 4645 specula
2512 4583 2766 4650 caritatis,
2798 4599 2887 4637 nec
2925 4584 2988 4637 de
3017 4583 3258 4654 inferiore
3291 4586 3340 4639 Η
3348 4589 3544 4642 ierusa-

271 4681 629 4746 admirandus,
669 4696 913 4750 magnam
962 4680 1046 4734 sui
1076 4679 1307 4734 nominis
1351 4680 1717 4735 celebritatem
1756 4693 1852 4745 po-

272 4777 425 4829 steris
452 4774 691 4844 reliquit,
726 4783 781 4827 ut
816 4788 881 4827 ex
910 4764 1250 4827 veterum'de
1277 4787 1341 4827 eo
1378 4770 1697 4826 testimoniis
1718 4767 1850 4823 satis
1892 4780 1899 4781 ί

273 4864 631 4935 intelligimus.
666 4864 965 4917 Eucherius
992 4863 1135 4917 enim
1176 4862 1545 4931 Lugdunensis
1581 4860 1646 4915 de
1674 4860 1850 4914 solitu-

273 4957 394 5010 dine
419 4956 680 5011 Lirinensi
711 4956 869 5010 verba
899 4956 1098 5009 iaciens
1131 4954 1204 5025 (α)
1234 4972 1248 5007 :
1286 4953 1437 5020 Haec,
1462 4954 1653 5022 inquit,
1680 4951 1851 5004 habuit

272 5050 525 5103 rererendi
574 5050 797 5101 nominis
845 5049 1072 5118 Lupum,
1122 5048 1208 5115 qui
1254 5047 1395 5100 nobis
1424 5048 1569 5100 illum
1613 5061 1676 5099 ea:
1718 5044 1851 5097 tribu

270 5138 538 5209 Benjamin
592 5140 772 5207 lupum
829 5140 1079 5208 (Paulum
1122 5134 1450 5205 apostolum)
1501 5137 1692 5192 retulit.
1743 5133 1850 5189 Sed

270 5244 406 5283 unus
434 5246 539 5299 pra:
564 5230 773 5284 caeteris
820 5230 1119 5282 audiendus
1148 5227 1422 5295 Sidonius,
1468 5227 1558 5296 qui
1600 5218 1848 5281 eumdem

268 5319 472 5387 Lupum
496 5321 848 5389 compellans,
872 5321 984 5373 lucc
1009 5320 1194 5374 scribit
1224 5319 1332 5387 (b):
1360 5318 1435 5371 Tu
1462 5317 1615 5371 Pater
1635 5316 1849 5370 Patrum

271 5423 314 5464 et
335 5414 597 5482 episcOpus
627 5415 1009 5481 episcoporum,
1044 5422 1087 5465 et
1118 5416 1249 5465 alter
1293 5410 1468 5465 saeculi
1497 5412 1570 5463 tui
1597 5409 1848 5477 Jacobus,

264 5556 269 5561 ’
340 5596 419 5663 (rt)
448 5596 673 5650 Eucher.
704 5596 862 5658 epist.
894 5593 959 5646 ad
993 5593 1181 5659 llilar.,
1205 5592 1347 5663 sta,
1376 5590 1512 5646 cun.
1539 5591 1639 5644 rp.
1674 5562 1843 5659 Lugd.

273 5666 492 5728 lunt.VI,
523 5682 643 5737 pag.
670 5666 771 5721 866
802 5665 855 5718 b.

264 5748 273 5765 ι
340 5737 423 5806 (b)
450 5731 630 5794 Sidoii.
664 5737 755 5791 lin.
811 5751 884 5802 vr,
910 5734 1068 5804 epist.
1107 5734 1153 5799 ι,
1214 5749 1329 5803 pag.
1386 5732 1491 5788 9.95
1542 5731 1605 5801 b,
1662 5731 1846 5786 tom.l

1956 4675 2076 4739 lem,
2102 4683 2207 4726 tota
2235 4674 2473 4728 Ecclesia:
2498 4674 2590 4726 Dei
2605 4675 2766 4727 nostri
2791 4675 3013 4729 membra
3034 4678 3390 4747 mperinspicis
3413 4694 3431 4731 :
3462 4680 3544 4730 di-

1956 4760 2095 4837 gnus
2116 4767 2204 4835 qui
2251 4781 2421 4819 omnes
2455 4765 2731 4819 consolerii
2770 4766 3025 4835 inﬁrmos,
3050 4769 3238 4837 quique
3270 4770 3446 4821 merito
3478 4770 3545 4821 ab

1958 4861 2192 4915 omnibus
2212 4860 2516 4913 consularis.
2544 4859 2684 4912 Alibi
2726 4869 2907 4913 autem
2942 4875 3062 4914 eum
3086 4868 3242 4913 vocat
3284 4858 3354 4930 (ς)
3384 4861 3545 4929 facile

1958 4952 2233 5021 principem
2256 4952 2561 5021 pontificum
2603 4950 3025 5019 Gallicanorum,
3070 4967 3176 5004 sua:
3204 4961 3305 5004 tam
3347 4953 3545 5022 profes-

1954 5043 2113 5096 sionis
2140 5044 2436 5109 magistrum
2476 5058 2627 5110 quam
2654 5024 2918 5111 dignitatis
2948 5050 3224 5096 auctorem.
3256 5041 3394 5107 Quin
3424 5052 3533 5101 est,

1960 5133 2129 5201 inquit
2157 5132 2257 5203 (tl),
2291 5133 2487 5202 primus
2515 5133 2737 5184 omnium
2761 5140 2887 5193 toto,
2915 5147 3015 5199 qua
3037 5113 3193 5200 patet,
3224 5134 3343 5185 orbe
3385 5133 3545 5201 ponti-

1958 5224 2132 5292 ﬁcum,
2164 5223 2317 5291 cujus
2356 5222 2708 5292 prwrogativce
2751 5222 3066 5291 subjicitur,
3112 5223 3264 5289 cujus
3319 5236 3546 5275 censura:

1957 5318 2177 5369 attremit
2210 5316 2369 5369 etiam
2404 5314 2551 5366 turba
2580 5313 2810 5382 collegii,
2836 5316 2887 5365 in
2926 5313 3079 5380 cujus
3108 5312 3371 5382 gravitatis
3408 5327 3544 5363 com.

1958 5408 2272 5478 parationem
2294 5407 2403 5478 ipsa
2429 5405 2584 5458 etiam
2611 5405 3003 5477 grandavorum
3030 5405 3185 5456 corda
3215 5414 3522 5471 puerascant

1951 5564 2085 5657 iopp.
2114 5582 2389 5657 Sirntond.
2422 5582 2755 5657 edit._Par_is.

2031 5648 2101 5725 (τ)
2136 5656 2208 5708 Id.
2244 5654 2335 5705 nu.
2367 5668 2459 5719 vn,
2487 5653 2645 5720 epist.
2666 5652 2725 5725 ξι,
2754 5665 2869 5718 pag.
2891 5648 3033 5725 tot!
3070 5664 3134 5725 ο,
3158 5651 3284 5725 ξῑξίιΙ.

2031 5719 2110 5796 (rt)
2132 5726 2206 5779 ld.
2242 5725 2331 5779 lib.
2368 5738 2439 5793 Vl,
2464 5719 2622 5792 epist.
2659 5722 2708 5785 l,
2736 5735 2855 5790 pag.
2885 5722 2990 5776 996
3017 5722 3072 5788 ι»,
3104 5719 3235 5778 ibid.
