4022 6168
471 287 540 341 e7
1814 282 2059 355 nomen

2164 281 2405 359 tuscum
3663 279 3730 334 se

477 404 544 456 ab
571 401 744 456 cilicio
787 401 1001 469 penitus
1033 397 1327 472 abdicatur.
1362 380 1727 467 subdiaconos
1764 405 1942 449 autem
1982 395 2048 448 ad
2154 395 2291 448 sicut
2315 409 2485 460 supra,
2507 400 2858 467 memoratum
2888 400 2989 456 est,
3020 391 3288 454 ostiarius,
3319 400 3375 445 ut
3403 390 3651 445 sceundis
3673 406 3733 445 se

474 508 656 563 pacem
684 493 907 559 interse
926 490 980 543 in
1007 491 1243 544 sacrario
1271 499 1479 569 oportet
1512 486 1770 563 accedere
1796 503 1810 540 :
1837 486 1889 539 in
1914 486 2047 540 alta-

475 587 555 638 rio
600 594 774 637 autem
803 626 817 648 ,
850 598 953 636 non
985 581 1086 635 nisi
1118 582 1245 635 dum
1286 582 1564 649 porrigunt
1598 580 1762 648 pallas
1788 572 2042 643 diacono,

472 686 563 730 aut
603 674 897 743 suscipiunt
941 672 1081 742 quod
1123 670 1483 736 refertur;'ad
1518 684 1703 734 pacem
1741 677 1918 723 autem
1946 684 2043 722 ue-

472 782 735 835 quaquam
758 764 835 817 eis
869 765 1182 832 permissum
1211 771 1313 816 est.
1346 761 1401 815 Si
1432 770 1609 816 autem
1637 761 1776 817 illius
1801 760 2049 815 amentiae

476 852 666 916 fuerit,
711 853 794 906 vel
836 856 1127 915 exorcista,
1178 852 1257 905 vel
1306 850 1663 903 subdiaconus
1690 890 1703 914 ,
1738 851 1821 903 vel
1865 849 2051 917 etiam,

2116 472 2125 477 ’
2155 487 2355 555 nuptiis
2390 486 2603 556 illigarit
2628 527 2641 551 ,
2690 500 2793 538 IIOZI
2840 486 3015 537 solum
3044 485 3108 537 ab
3139 484 3315 539 ofﬁcio
3336 524 3351 548 ,
3382 483 3474 539 διά
3513 485 3672 538 etiam
3701 501 3733 539 a

2153 580 2530 633 communione
2574 579 2783 645 penitus
2822 586 3055 631 arcetur.
3218 636 3221 641 ,

2162 716 2179 723 ρ
2226 670 2425 741 (Habe;
2455 671 2590 740 infra
2629 668 2906 723 nonnullas
2950 668 3145 721 Ruricii
3173 680 3219 721 et
3250 668 3453 722 Sidonii
3484 666 3734 738 "largien-

2154 762 2223 815 δίε
2248 762 2487 830 epistolas
2512 762 2581 813 ad
2611 759 2809 829 Lupum
2838 759 3130 814 Trecensem
3158 762 3421 828 scriptas.)

2476 965 2527 976 .-

472 963 3712 1027 Ἢ

1682 1106 1852 1150 ANNO
1900 1105 2127 1151 υοΜικι
2170 1068 2501 1151 ἑασοιιιι
2512 1134 2525 1148 .

1260 1194 2973 1509 RURICIUS.

1637 1584 2571 1610 *-

730 1650 1171 1836 ,ΙΑΟΟΒΙΪ
1202 1718 1737 1851 BASNAGII
1808 1715 1931 1797 IN
2003 1711 2615 1798 RURICIUM
2689 1693 3463 1845 OBSERVATIO.

546 1924 795 1979 Ruricius
830 1923 1020 1977 Senior
1051 1922 1242 1987 dictus,
1282 1930 1341 1973 ut
1382 1917 1799 1986 distingueretur
1834 1914 1902 1968 ab
1938 1909 2054 1982 eju’s
2084 1915 2131 1975 B
2158 1913 2337 1983 ibique
2359 1912 2611 1966 institutis
2631 1913 2901 1967 canonicis
2924 1913 3256 1983 regularibus
3277 1914 3728 1985 fuissesepultum,

478 2024 671 2084 nepote
711 2013 1023 2083 cognomine
1062 2022 1115 2066 et
1152 2008 1520 2064 Lemovicensi
1560 2009 1834 2077 episcono,
1881 2020 1943 2059 ex
1990 2004 2053 2057 il-

474 2106 795 2161 lustrissima
835 2105 1141 2158 Aniciorum
1187 2101 1431 2171 pros.tpia
1479 2108 1629 2153 ortus
1666 2106 1799 2152 erat.
1845 2096 2054 2151 Smculo

480 2197 707 2266 primum
756 2194 852 2249 fuit
893 2195 1150 2257 addictus,
1180 2202 1235 2245 ut
1257 2200 1482 2245 testatur
1512 2190 1737 2244 Faustus
1761 2188 1951 2257 (Epist.
1976 2187 2053 2259 6),

480 2286 579 2355 ipsi
603 2286 979 2347 amiciSSimus,
1004 2283 1091 2353 qui
1118 2284 1185 2337 de
1222 2282 1363 2335 illius
1396 2280 1753 2335 conversione
1798 2279 1867 2330 ita
1913 2279 2057 2330 ltela-

482 2377 688 2431 bnudus
710 2375 978 2430 exsultat:
1017 2373 1140 2426 Post
1164 2375 1320 2439 huius
1350 2373 1463 2424 vita:
1502 2372 1799 2438 iactationes
1837 2369 1905 2420 ad
1941 2385 2054 2438 por-

482 2478 587 2519 tum
600 2467 879 2537 religionis,
895 2480 1099 2536 proram
1117 2482 1173 2517 sa
1182 2465 1317 2517 fatis.
1342 2462 1545 2517 Επειδὶ
1568 2479 1719 2515 manu
1732 2461 2057 2530 gubernante,

479 2561 723 2613 convertit
745 2575 762 2611 :
782 2575 895 2625 post
914 2559 1121 2611 umbras
1138 2557 1481 2611 seducentium
1496 2558 1776 2610 vanitatum
1792 2566 1837 2608 et
1850 2555 2061 2609 inlusio-

484 2646 571 2703 nes
597 2650 1018 2703 transvolantium
1048 2650 1385 2711 somniorum,
1417 2664 1656 2701 mansura
1677 2655 1723 2700 et
1754 2645 1921 2700 solida
1950 2661 2063 2698 con-

486 2741 695 2811 cupivit,
720 2750 766 2793 et
788 2741 1020 2808 despecto
1048 2740 1251 2791 tandem
1291 2739 1476 2791 sucula
1517 2738 1731 2807 infelici,
1768 2747 1927 2791 artem
1953 2740 2065 2805 ejus

487 2852 725 2903 magnam
753 2834 946 2899 rapuit.
977 2833 1197 2886 lberiatn
1230 2848 1445 2887 uxorem
1476 2831 1719 2886 duxerat.
1747 2830 1823 2883 Ex
1851 2845 1909 2885 ea
1936 2828 2067 2884 libe-

489 2938 577 2977 ros
600 2938 705 2976 non
731 2923 1031 2990 suscepisse
1060 2923 1287 2975 videtur.
1313 2923 1550 2976 Clericus
1574 2921 1766 2985 factus,
1786 2922 1851 2975 ad
1875 2921 2068 2974 Lemo-

489 3017 753 3069 \‘iccusem
784 3014 1144 3083 episcopatum
1176 3021 1449 3078 promotus
1476 3022 1577 3077 est,
1611 3013 1698 3081 qui
1728 3022 1838 3067 tum
1873 3026 2065 3080 magno

490 3119 594 3159 non
629 3103 919 3157 habebatur
969 3105 1020 3155 in
1069 3105 1257 3171 pretio.
1301 3104 1421 3156 Ideo
1474 3113 1650 3157 tamen
1700 3117 1759 3157 se
1798 3102 2063 3155 contemni

492 3208 597 3244 non
630 3191 925 3260 patiebatur
956 3192 1218 3246 Ruricius.
1272 3192 1453 3259 Nobis,
1504 3192 1795 3261 inquiebat,
1844 3193 2066 3244 auctori-

2154 2021 2274 2076 qua:
2302 2007 2479 2059 omnia
2506 2021 2537 2059 a
2567 2022 2695 2059 νυνι)
2719 2016 2843 2061 sunt
2868 2008 3061 2061 aliena.
3098 2007 3224 2061 Illud
3250 2008 3604 2062 (ertissitnum
3629 2020 3733 2075 est.

2155 2095 2429 2151 Ruricium
2484 2094 2716 2163 Fausto,
2761 2098 3005 2166 Leontio,
3053 2098 3273 2164 Ᾱῑοηίο,
3317 2100 3564 2159 Sidonio.
3609 2100 3734 2168 quin

2157 2188 2264 2241 imo
2286 2187 2385 2255 ipsi
2413 2188 2669 2253 Cmsario,
2697 2189 3060 2244 celeberrimis
3090 2201 3213 2243 tunc
3258 2190 3512 2259 temporis
3544 2188 3735 2244 Gallia-

2158 2293 2273 2331 rum
2296 2280 2584 2347 episcOpis,
2615 2279 2777 2334 fuisse
2803 2280 3209 2344 amicissimum,
3247 2288 3306 2334 ut
3334 2296 3395 2335 ex
3439 2281 3604 2349 ipsius
3626 2281 3735 2350 epi-

2159 2372 2311 2426 stolis
2345 2380 2507 2441 patct.
2542 2372 2644 2426 Per
2672 2383 3001 2427 senectutem
3030 2374 3111 2427 vix
3143 2390 3249 2428 acri
3272 2389 3322 2427 m
3362 2374 3501 2428 ferre
3532 2373 3736 2441 potttil:

2161 2476 2258 2529 per
2289 2464 2516 2517 hiemem
2551 2463 2706 2532 paulo
2749 2464 3037 2529 robustior,
3078 2466 3279 2519 aestivis
3320 2465 3508 2518 diebus
3548 2465 3598 2516 in
3642 2464 3735 2517 lto-

2163 2556 2325 2625 Spitio
2351 2563 2405 2609 et
2432 2555 2563 2608 locis
2594 2554 2795 2621 frigidis
2819 2556 3337 2610 consuetutlinariam
3378 2557 3735 2612 inﬁrmitatem

2163 2663 2415 2717 superare
2440 2648 2525 2702 vix
2559 2656 2783 2717 poterat.
2819 2647 2942 2701 Ideo
2983 2665 3012 2701 a
3050 2648 3274 2703 concilio
3318 2648 3608 2718 Agathensi
3646 2651 3736 2702 ab-

2169 2739 2269 2793 l‘uit
2302 2756 2314 2792 :
2346 2739 2469 2793 illud
2500 2754 2639 2808 aegre
2671 2754 2859 2809 passus
2909 2748 2991 2793 est
3034 2740 3315 2806 Czcsarius,
3354 2755 3383 2792 a
3426 2756 3531 2810 quo
3575 2740 3737 2796 fuerat

2165 2832 2437 2885 invitatus.
2468 2831 2603 2898 Quin
2628 2830 2735 2884 imo
2762 2830 3008 2895 Sedatus,
3031 2831 3406 2886 Ncmziusensis
3428 2834 3730 2902 episcopus,

2165 2919 2265 2974 hac
2293 2924 2341 2973 in
2376 2936 2433 2975 re
2458 2920 2691 2974 Cmsario
2737 2935 2926 2974 manus
2955 2921 3122 2975 d-~dit.
3178 2923 3436 2988 Querelas
3474 2923 3570 2977 'vel
3610 2923 3741 2991 inju-

2166 3014 2297 3067 riam
2323 3013 2513 3081 repulit
2530 3013 2795 3082 Ruricius,
2812 3014 3015 3069 litteras
3034 3016 3250 3069 Ctesarii
3278 3017 3342 3070 ad
3367 3032 3425 3072 se
3448 3018 3743 3073 tardissimo

2168 3107 2379 3160 venisse
2408 3106 2737 3175 signiﬁcans,
2771 3123 2860 3160 nec
2904 3117 3069 3161 tamen
3095 3109 3327 3161 debuisse
3364 3111 3562 3162 tardius
3603 3127 3743 3163 com-

2168 3198 2386 3261 moneri,
2435 3198 2521 3267 qui
2565 3199 2784 3265 fortasse
2830 3203 3115 3252 merebatur
3154 3200 3353 3253 ambiri.
3405 3202 3547 3255 Obiit
3592 3201 3743 3270 paulo

492 3294 646 3337 tatem
698 3284 895 3334 denure
946 3298 1046 3334 non
1094 3283 1233 3335 debet
1292 3282 1431 3335 urbis
1480 3282 1759 3335 humilitas.
1807 3281 2067 3350 Siquidem
2096 3277 2142 3339 C
2175 3300 2293 3359 post
2332 3290 2457 3344 illud
2487 3290 2791 3345 concilium.
2824 3290 2984 3345 Aiunt
3028 3292 3604 3365 bililiothecml’atrum
3634 3295 3746 3347 edi-

494 3374 654 3425 multo
684 3372 863 3424 melius
911 3372 1170 3439 multoque
1212 3372 1511 3425 eminentius
1562 3380 1655 3436 est,
1708 3373 1957 3425 civitatem
2004 3372 2067 3424 de

492 3456 774 3521 sacerdote,
804 3472 949 3524 quam
977 3455 1285 3507 sacerdotrm
1312 3457 1374 3507 de
1404 3457 1605 3509 civitate
1632 3473 1835 3510 noscere
1873 3455 2061 3527 (Epist.

491 3548 583 3611 52,
613 3548 701 3600 lib.
744 3548 825 3617 ιι).
875 3547 1036 3601 Aiunt
1079 3546 1128 3599 iu
1172 3547 1261 3600 illo
1291 3548 1596 3616 episcopatu
1625 3557 1743 3616 post
1774 3547 2065 3602 Martialem

492 3638 799 3691 vicesimum
832 3648 1076 3705 quartum
1129 3636 1290 3692 fuisse
1333 3652 1721 3693 successorem.
1772 3638 1876 3693 Sed
1924 3640 2063 3695 inter

494 3728 699 3781 fabulas
723 3727 998 3780 amandari
1024 3726 1181 3780 debet
1213 3728 1300 3780 illc
1340 3728 1592 3782 Martialis
1624 3738 1733 3782 tum
1762 3730 1901 3796 apud
1932 3730 2064 3783 Bur-

493 3818 824 3885 dcgalcnses,
858 3826 970 3875 tum
998 3816 1134 3883 apud
1168 3815 1575 3872 Lemoviceuses
1612 3820 1911 3888 episcopus.
1954 3821 2065 3873 Mo-

493 3919 581 3961 net
629 3908 838 3974 quidem
886 3907 1114 3960 amicum
1160 3906 1373 3961 Celsum
1404 3950 1419 3972 ,
1480 3919 1531 3961 ut
1580 3911 1648 3963 ad
1695 3912 2065 3964 solemnitatm

494 4010 782 4054 sanctorum
826 4015 939 4050 cum
990 4014 1165 4052 sorore
1204 4002 1368 4053 veniat
1403 4000 1594 4073 (Epist.
1639 4001 1739 4055 114
1764 4046 1777 4067 ,
1837 4003 1927 4055 lib.
1968 4002 2060 4072 tt):

489 4090 634 4146 unde
662 4091 779 4161 quis
808 4088 985 4143 forsan
1023 4091 1292 4161 conjiciat,
1333 4102 1664 4155 sanctorum,
1709 4105 1931 4159 quorum
1978 4107 2065 4145 so-

496 4183 693 4239 lentnia
724 4185 1129 4239 celebrabantur
1168 4187 1305 4253 apud
1338 4184 1666 4249 Lemovices,
1708 4200 1870 4237 unum
1902 4184 2064 4239 fuisse

494 4274 806 4329 Martialem.
840 4277 981 4330 Mora
1011 4286 1093 4329 est
1122 4276 1459 4343 conjectura!
1494 4276 1598 4329 Sed
1632 4285 1887 4344 praeterea
1933 4292 2062 4331 san-

414 4360 433 4379 ⁹
491 4374 608 4419 ctos
636 4367 881 4437 antiquos
902 4367 989 4436 qui
1022 4383 1288 4435 nunquam
1324 4367 1595 4431 exstitere,
1629 4376 1720 4419 aut
1764 4368 1956 4421 saltem
1998 4368 2063 4423 de

491 4457 687 4523 quibus
716 4458 953 4513 fabulosa
987 4460 1151 4513 multa
1175 4468 1477 4522 narrantur,
1507 4459 1633 4524 coli,
1658 4461 1776 4527 quis
1804 4460 2063 4516 hodierno

493 4553 578 4605 die
610 4553 867 4605 miretur?
900 4557 974 4610 De
1012 4556 1128 4624 ipso
1157 4557 1386 4620 Ruricio,
1443 4556 1531 4626 qui
1560 4555 1736 4608 notior
1778 4556 1930 4609 nobis
1970 4557 2063 4610 de-

2170 3389 2312 3435 tores
2342 3369 2578 3451 attigisse
2605 3396 2800 3435 annum
2832 3382 2958 3437 499.
2996 3382 3101 3437 Sed
3150 3398 3270 3437 cmn
3299 3385 3581 3438 concilium
3611 3386 3742 3457 Agaf

2171 3469 2359 3525 thense
2381 3471 2482 3524 sub
2510 3472 2745 3525 Cassario
2775 3482 3123 3525 convocatum
3154 3472 3312 3527 fuerit
3338 3488 3426 3525 an.
3455 3473 3580 3539 506,
3613 3475 3744 3529 ulte-

2169 3562 2282 3617 rius
2304 3563 2469 3615 multo
2491 3562 2653 3615 vitam
2682 3562 2996 3629 produxisse
3025 3562 3295 3616 Ruricium
3320 3571 3547 3616 constat.
3574 3563 3746 3618 Polito

2168 3652 2325 3723 Stylo,
2361 3661 2420 3706 ut
2461 3652 2654 3706 saecula
2680 3652 2941 3716 ferebant,
2969 3653 3178 3720 scripta:
3203 3653 3458 3721 suntejus
3475 3653 3741 3719 epistolae;

2170 3743 2485 3812 paucissima
2518 3752 2693 3797 tamen
2717 3758 2835 3811 qua:
2863 3742 2945 3795 τοι
2989 3744 3051 3795 ad
3082 3742 3350 3811 dogmata,
3385 3743 3462 3796 vel
3506 3742 3571 3796 ad
3623 3743 3744 3797 illo-

2167 3848 2283 3887 rum
2316 3841 2613 3898 temporum
2654 3832 2928 3885 historiam
2980 3834 3305 3901 pertineant,
3347 3834 3521 3901 possis
3559 3848 3744 3889 excer-

2167 3936 2331 3991 pere;
2362 3923 2628 3992 pleraeque
2669 3923 2809 3977 enim
2857 3932 2980 3976 sunt
3025 3924 3279 3979 ofﬁciosa:
3325 3925 3567 3993 epistola:
3594 3966 3609 3988 ,
3658 3926 3744 3980 vel

2166 4013 2557 4077 consolatorim,
2589 4013 2670 4068 vel
2707 4014 2771 4067 ad
2806 4016 3055 4083 pietatem
3114 4008 3398 4085 fugamque
3438 4017 3618 4070 smculi
3646 4017 3743 4069 ad-

2168 4102 2498 4157 bortatorizc.
2528 4104 2845 4160 Observavit
2875 4106 3142 4173 Balusius,
3191 4108 3291 4175 ipsi
3336 4122 3538 4162 morem
3582 4107 3743 4163 fuisse
3798 4148 3809 4156 .

2166 4195 2416 4248 meliores
2444 4196 2733 4265 scriptores
2758 4196 3054 4265 perlegere,
3086 4198 3429 4268 ipsorumque
3459 4199 3620 4253 verba
3642 4199 3744 4253 sibi

2168 4286 2381 4354 prOpria
2421 4286 2629 4352 facere;
2674 4288 2831 4357 idque
2868 4292 3057 4359 probat
3104 4290 3263 4344 variis
3303 4286 3628 4361 argumentis
3675 4306 3743 4345 ex

2165 4380 2411 4450 geminis,
2461 4396 2591 4451 quas
2637 4391 2746 4436 tum
2801 4382 3012 4449 edebat,
3049 4382 3259 4449 Sulpitii
3290 4382 3471 4437 Severi
3503 4382 3746 4450 epistolis

2170 4470 2412 4541 (Miscell.
2443 4481 2565 4525 tont.
2618 4472 2657 4538 Ι,
2708 4472 2908 4542 ρνωί.),
2952 4488 3021 4526 ex
3053 4473 3245 4541 quibus
3282 4472 3463 4542 utique
3502 4472 3747 4527 hausisse

2170 4564 2367 4630 aliqua,
2401 4563 2597 4617 indicto
2618 4565 2853 4629 nomine,
2887 4565 3095 4619 videtur
3132 4564 3411 4629 Ruricius;
3462 4574 3516 4618 et
3556 4579 3748 4617 revera

493 4642 608 4698 buit
633 4657 771 4707 esse,
808 4642 1002 4712 ferunt,
1036 4647 1087 4698 in
1110 4649 1377 4700 communi
1416 4645 1711 4700 Lemovica»
1758 4648 2065 4702 cmmeterio
2090 4642 2142 4702 D
2170 4652 2342 4719 aliqua
2373 4661 2497 4705 sunt
2525 4654 2741 4716 similia,
2765 4654 2834 4707 ita
2858 4664 2914 4708 ut
2945 4654 3101 4723 plagii
3129 4671 3253 4707 reus
3273 4669 3393 4709 esse
3417 4655 3657 4708 videatur
3681 4670 3748 4709 eo

494 4735 876 4790 monasterium
901 4736 953 4790 in
998 4738 1252 4791 honorem
1291 4741 1459 4793 sancti
1485 4739 1763 4809 Augustini
1801 4742 2060 4807 erexisse,

2172 4741 2479 4809 deterioris,
2506 4744 2645 4812 quod
2679 4745 2839 4798 verba
2880 4757 2933 4799 et
2964 4761 3125 4800 voces
3150 4757 3354 4801 tantum
3384 4748 3748 4817 usurpaverit.

502 4861 3707 4886 Μ

955 4946 1556 5073 RURICII
1648 4946 2333 5077 EPISCOPI
2427 4953 3269 5082 EPISTOL/E.

1526 5148 2728 5367 nummus.

981 5404 1305 5460 EPlSTOLA
1349 5406 1583 5466 PRIMA.

569 5498 787 5555 Domino
815 5498 1194 5574 suo_peculiari_
1220 5500 1271 5552 in
1304 5499 1525 5574 Chrjsto,
1553 5502 1757 5574 Damno
1778 5513 1995 5574 patrono

898 5569 1092 5625 Fausto
1115 5571 1346 5641 episcopo
1386 5570 1646 5626 Ruricius.

488 5696 491 5697 '
522 5700 531 5704 ο
564 5678 704 5736 Oiim
730 5690 813 5750 te,
835 5681 1047 5738 domine
1075 5683 1147 5738 mi
1178 5683 1508 5750 venerande,
1551 5699 1611 5740 ac
1644 5685 1945 5742 beatissime
1974 5702 2062 5742 sa-

2172 5412 2382 5478 cerdos,
2434 5413 2569 5467 fama
2604 5413 2946 5469 celeberrima
2978 5413 3300 5483 prtcditante
3329 5416 3566 5483 cognovi.
3607 5416 3753 5471 Olim

2169 5503 2281 5557 dcsi
2304 5504 2435 5560 lerio
2465 5506 2532 5571 pii
2560 5506 2759 5559 amoris
2789 5505 2995 5569 infuso,
3030 5505 3135 5561 illis
3160 5516 3209 5560 te
3229 5547 3245 5573 ,
3283 5507 3474 5574 quibus
3510 5508 3757 5563 scribere

2166 5594 2418 5665 dignaris,
2440 5597 2608 5651 oculis
2629 5596 2807 5651 cordis
2831 5596 3069 5660 intueor;
3095 5596 3188 5652 sed
3212 5597 3559 5652 nihilominus
3579 5598 3754 5653 etiam

2165 5690 2439 5759 corporeis
2466 5688 2647 5745 videre
2676 5687 2902 5760 festino;
2926 5688 2972 5745 si
3000 5704 3104 5760 quo
3137 5690 3294 5746 modo
3325 5690 3545 5761 possim,
3575 5691 3754 5759 inter-
