4022 6168
372 286 447 341 ,ἴῃ
1676 264 2157 337 artsroc‘anuu'
2196 282 2320 339 LIB.
2363 286 2400 340 l.
3579 293 3648 349 7o

375 395 695 452 cedentibus
727 394 907 458 vobis,
962 386 1301 461 peccatorum
1328 388 1576 449 meorum
1618 395 1827 449 vincula
1854 395 1966 450 dis-
1997 400 2043 458 Α
2074 392 2315 466 peccato,
2346 382 2464 453 sine
2480 399 2662 468 judicii
2688 403 3060 461 recordatione
3084 448 3097 472 ,
3134 414 3437 475 peccatum;
3469 417 3525 462 ut
3550 409 3653 464 du-‘

378 478 1022 557 rumperefacceptiSque
1050 486 1310 540 columba:
1344 487 1484 540 illius
1515 480 1701 555 pennis
1725 479 1971 557 (Ps.'i.tv,

377 581 459 650 7),
485 598 515 633 a
538 578 847 633 venantium
873 576 1077 644 laqueis
1104 576 1324 630 evolare
1350 575 1466 648 (Ps.
1492 592 1577 642 xc,
1609 576 1687 645 ὅ),
1720 586 1775 630 et
1794 577 1975 630 vobis-

379 684 503 724 cum
536 669 745 737 positus
770 666 822 720 in
858 665 1125 719 dominica
1156 664 1270 733 lege
1300 665 1639 733 requie~cere
1664 682 1679 730 ;
1702 666 1776 719 ἰιι
1804 664 1973 731 sitim,

380 776 543 831 quam
562 759 820 827 opuscula
844 767 1020 810 vestra
1046 756 1268 825 legendo
1290 757 1533 825 concepi,
1559 757 1674 825 ipso
1690 765 1972 824 przesente,

384 853 531 905 unde
556 850 647 903 illa
672 857 977 909 manarunt,
1007 847 1223 900 uberius
1256 848 1506 900 hauriens
1553 849 1967 916 restinguerem;

380 952 445 996 ut
472 940 711 995 caritatis
733 938 1051 1007 igniculum,
1095 952 1256 1005 quem
1289 938 1341 990 itt
1375 937 1567 1006 tepidis
1605 937 1797 991 animm
1843 937 1973 992 dor-

386 1032 605 1087 mieutis
658 1030 853 1084 favillis
893 1028 1221 1083 ferventilms
1271 1028 1586 1092 suscitastis,
1639 1029 1860 1097 prolatis
1908 1030 1975 1084 de

381 1123 659 1177 condensa
689 1121 1074 1187 scripturarum
1106 1119 1343 1188 pabulis,
1386 1119 1536 1172 vivax
1575 1120 1784 1172 ﬁamma
1818 1120 1976 1172 rolto-

372 1224 556 1278 «roret,
600 1228 739 1293 quae,
762 1209 976 1278 eloquio
1018 1209 1187 1262 sancti
1228 1210 1335 1261 oris
1376 1222 1630 1271 accensa,
1681 1223 1830 1262 more
1875 1208 1973 1261 sibi

383 1306 581 1369 solito,
629 1304 682 1355 in
727 1312 945 1369 pectore
984 1300 1281 1369 peccatoris
1335 1301 1441 1352 vim
1497 1309 1698 1353 natutte
1747 1299 1975 1367 potentis

380 1402 664 1457 exereret,
692 1390 1055 1446 calefaciendo
1078 1390 1281 1458 frigida,
1310 1389 1675 1442 inluminanda
1709 1390 1968 1443 tenebro-

382 1496 467 1544 sa,
492 1492 547 1535 et
572 1483 758 1549 spinas
777 1478 1058 1534 criminum
1084 1477 1470 1533 consumendo.
1501 1478 1757 1543 Adhaesit,
1788 1479 1975 1532 doctor

383 1572 608 1636 eximie,
640 1571 817 1645 anima
847 1585 961 1622 mea
992 1578 1108 1638 post
1126 1576 1199 1621 te.
1229 1568 1312 1623 Me
1342 1578 1521 1622 autem
1563 1569 1814 1636 adjovent
1846 1584 1969 1623 ora-

384 1665 567 1717 tiones
597 1670 721 1724 tua},
757 1669 813 1713 ut
840 1659 1062 1728 possim,
1088 1660 1313 1713 terrenis
1341 1659 1544 1712 actibus
1573 1659 1789 1727 spretis,
1817 1659 1976 1713 coele-

2075 488 2198 556 plici
2235 498 2393 558 atque
2431 488 2619 560 majori
2661 492 2858 547 delicto
2905 492 3019 563 ipse
3051 511 3134 550 me
3171 512 3444 566 premam,
3477 508 3534 553 ut
3558 502 3648 568 qui

2076 578 2342 633 tarditatis
2381 594 2504 635 rens
2544 595 2685 649 sum,
2726 597 2846 638 esse
2896 586 3143 656 incipiam
3185 585 3466 642 falsitatis:
3500 598 3555 644 et
3580 593 3649 645 ab

2075 669 2303 724 bumana
2333 687 2497 738 usque
2523 673 2713 742 injuria
2736 675 2937 731 crimen
2965 679 3248 732 extendam
3270 678 3334 732 ad
3356 690 3645 735 aeternam:

2076 778 2217 817 nunc
2259 773 2459 817 tantum
2501 774 2819 835 exspectans
2857 770 2924 823 de
2963 770 3206 839 Segnitize
3250 787 3386 825 noxa
3428 787 3643 829 senten-

2075 854 2232 918 tiam;
2279 855 2474 910 divina:
2526 872 2652 911 vero
2683 844 2777 926 pro
2824 860 3085 913 mendacii
3136 861 3335 915 ultione
3375 864 3645 931 subjiciar.

2075 942 2376 998 Praesertim
2407 961 2525 999 cum
2549 962 2673 1001 vera
2702 950 2970 1005 confessio
2994 951 3374 1020 indulgentiam
3403 995 3417 1017 ,
3441 963 3491 1008 et
3523 955 3647 1013 falsa

2074 1037 2350 1089 cxcusnio
2382 1048 2649 1091 mereatur
2672 1040 2952 1095 offensam.
2995 1042 3131 1096 Malo
3164 1043 3341 1112 itaque
3373 1053 3481 1099 tam
3523 1048 3654 1100 βίων

2074 1126 2198 1194 pliei
2227 1130 2568 1184 confessione
2596 1147 2753 1200 quam
2780 1134 3003 1201 supplici
3029 1137 3235 1190 veniam
3270 1148 3471 1206 petere,
3494 1155 3651 1210 quam

2076 1228 2294 1283 peccata
2325 1220 2619 1286 geminare.
2656 1222 2827 1276 llabes
2855 1240 3005 1293 ergo,
3036 1236 3185 1291 pater
3218 1229 3441 1295 Optime,
3475 1240 3651 1297 pastor

2073 1311 2311 1376 egregie,
2329 1326 2500 1363 meam
2520 1314 2686 1381 rulpm
2708 1328 2839 1367 tuere
2863 1325 3210 1383 spontaneam
3237 1320 3649 1375 confessionem.

2078 1399 2251 1454 llaltes
2298 1413 2352 1455 et
2396 1406 2443 1454 in
2486 1404 2731 1473 discipuli
2780 1421 2986 1471 errore,
3027 1409 3165 1475 quod
3211 1423 3241 1462 c
3281 1411 3479 1479 rrigas;
3516 1414 3648 1468 etin

2076 1494 2302 1547 oviculze
2336 1495 2615 1564 languore,
2645 1498 2784 1566 quod
2810 1514 2983 1552 sanes.
3020 1499 3408 1569 Potestatisqoe
3434 1503 3649 1571 etjudi-

2075 1584 2142 1637 cii
2177 1584 2247 1637 tui
2280 1597 2378 1651 est,
2415 1600 2589 1640 utrum
2619 1590 2749 1641 velis
2789 1588 2981 1642 ulceris
3011 1590 3109 1643 mei
3156 1593 3489 1660 putrediuem
3526 1595 3649 1650 ferri

2078 1677 2253 1743 rigore
2284 1679 2616 1745 rescindere,
2662 1695 2727 1732 an
2774 1680 3265 1737 medicamentorun
3308 1684 3531 1740 lenitate
3560 1702 3650 1739 cu-

386 1753 565 1805 stibus
587 1749 814 1804 initiare.
833 1750 963 1817 Quia
985 1765 1199 1817 corpus,
1219 1749 1357 1819 quod
1385 1751 1763 1817 corrumpitur,
1788 1763 1971 1818 aggra-

2081 1783 2217 1821 rare.
2252 1768 2360 1835 Ego
2385 1780 2559 1822 tamen
2594 1779 2764 1823 utram
2791 1771 3064 1839 elegeritis
3094 1775 3426 1827 curationem
3458 1778 3654 1842 ample—

361 1853 482 1904 ,vat
506 1843 740 1895 animam
774 1841 1026 1911 (ἅλμη,
1054 1840 1184 1911 ⁵15),
1236 1853 1290 1893 ιιι
1320 1840 1577 1894 inclinare
1610 1856 1795 1894 autem
1824 1855 1978 1894 suam

389 1932 697 1986 adoracula
721 1933 898 1999 divina
925 1948 1025 1985 non
1050 1933 1215 1999 possit
1243 1929 1358 2000 (Ps.
1376 1947 1516 1993 XLIV,
1543 1932 1648 1997 ll),
1683 1942 1738 1983 ut
1764 1932 1980 1983 domum

396 2028 569 2093 patris
622 2023 823 2076 oblivio
861 2022 1136 2087 obedieus,
1186 2039 1304 2090 qua:
1359 2023 1599 2076 vocantis
1645 2022 1866 2090 imperio
1914 2022 1980 2075 de

392 2126 539 2170 terra
578 2130 675 2169 sua
702 2123 756 2169 et
785 2114 1103 2183 cognatione
1151 2113 1386 2168 discedat
1416 2112 1568 2183 (Gen.
1605 2130 1699 2177 xu,
1746 2114 1790 2176 ι)
1824 2124 1981 2181 atque

386 2212 543 2265 illam
563 2250 578 2277 ,
607 2226 724 2279 qua:
745 2210 793 2263 ei
817 2212 1236 2273 demonstratur,
1270 2207 1445 2276 potius
1472 2204 1832 2274 concupiscat.
1863 2207 1977 2258 Non

389 2304 543 2357 enim
589 2300 762 2354 adhuc
805 2302 941 2353 valet
990 2299 1251 2371 pusillitas
1284 2308 1461 2353 nostra
1493 2309 1691 2352 metum
1735 2297 1981 2350 obnoxia:

384 2392 717 2447 conditionis
758 2391 1052 2459 expellere,
1108 2399 1161 2443 et
1200 2391 1408 2444 caritati
1460 2390 1711 2459 perfectae
1761 2400 1981 2457 purgata

387 2484 563 2538 corda
588 2497 852 2546 reserare,
897 2492 955 2534 ut
1001 2480 1363 2549 relinquentes
1396 2481 1703 2549 prmscntia,
1733 2491 1977 2548 petamus

389 2586 627 2639 :eterna;
659 2574 931 2644 ejectaque
956 2572 1144 2644 ancilla
1169 2571 1319 2642 (Gen.
1340 2587 1450 2636 xxi,
1480 2572 1589 2641 l0),
1616 2570 1977 2639 lia-reditatem

391 2679 673 2739 paternam
698 2666 848 2721 liberi
874 2666 1137 2734 possimus
1152 2664 1393 2733 adipisci.
1418 2664 1774 2731 Quamobrem
1798 2679 1977 2731 spero,

362 2815 369 2819 _
393 2759 613 2813 domine
641 2759 746 2827 mi,
780 2766 837 2810 ut
860 2772 953 2826 pro
977 2770 1061 2809 me
1089 2755 1450 2809 indesinenter
1478 2754 1664 2816 oretis,
1696 2761 1749 2807 et
1771 2754 1981 2822 quoties

388 2850 597 2919 dignati
656 2848 861 2903 fueritis
902 2845 1205 2901 ariditatem
1261 2856 1418 2898 terrae
1479 2859 1612 2897 mea:
1662 2844 1980 2912 eloquentiae

392 2955 591 3000 vestra:
624 2943 792 2997 imbre
822 2940 1164 3010 perfundere,
1190 2953 1294 2992 non
1328 2938 1477 3003 mihi,
1510 2938 1648 2991 sicut
1679 2952 1821 2991 nunc
1853 2937 1979 2991 feci-

367 3016 513 3102 ustis,
553 3046 606 3091 et
635 3036 806 3089 adhuc
846 3049 978 3089 meae
1020 3032 1346 3086 inﬁrmitatis
1396 3030 1595 3099 ignari,
1644 3030 1902 3083 delicatos
1926 3037 1977 3081 et

361 3131 587 3189 _dulces
633 3127 799 3193 cibos,
855 3126 947 3179 sed
996 3124 1341 3188 austeriores,
1396 3132 1449 3175 et
1496 3122 1797 3197 aegritudini
1844 3135 1975 3175 meae
2004 3124 2050 3186 ρ

366 3234 663 3290 congruos
691 3216 1018 3285 suggeratis;
1052 3216 1172 3280 quia
1196 3229 1299 3266 non
1328 3212 1617 3275 ex,-ediunt
1647 3215 1811 3265 stulto
1840 3211 1977 3264 deli-

390 3316 533 3381 ciae;
578 3314 912 3383 postmodum
946 3309 1305 3379 proditoribus
1345 3307 1477 3361 meis
1511 3309 1811 3360 censorium
1841 3318 1980 3373 pra:-

390 3381 881 3457 beatis'assensum
907 3444 920 3468 ,
957 3399 1044 3469 qui
1087 3414 1235 3453 more
1267 3400 1480 3451 humani
1512 3396 1738 3465 ingenii,
1783 3395 1976 3449 affectu

397 3495 570 3549 nimio
602 3494 910 3564 pratpediti,
949 3508 977 3546 a
1014 3492 1238 3545 veritate
1279 3489 1465 3557 judicii
1497 3487 1848 3551 declinantes,
1898 3488 1980 3539 in-

394 3598 626 3643 currunt
670 3604 764 3656 pro
803 3601 988 3639 amore
1020 3583 1375 3637 mendacium.
1424 3581 1565 3635 Sane
1601 3595 1699 3633 nec
1734 3589 1981 3632 vereatur

360 3728 365 3731 .
391 3682 652 3733 sanctitas
683 3688 878 3738 vestra,
904 3692 969 3730 ne
991 3674 1297 3728 vulneribus
1321 3672 1451 3727 meis
1470 3671 1671 3740 gratior
1697 3670 1765 3722 sit
1793 3669 1977 3721 foven-

318 3802 321 3803 ν
394 3771 466 3824 tis
508 3769 751 3831 dextera,
799 3783 957 3836 quam
1004 3764 1259 3820 seeantis.
1299 3764 1429 3827 Quia
1481 3775 1671 3823 eanec
1698 3776 1781 3812 me
1818 3772 1976 3825 posse

392 3865 595 3923 curari,
615 3872 665 3914 et
690 3870 865 3925 tamen
885 3859 1116 3927 graviter
1130 3856 1541 3924 computruisse,
1561 3853 1783 3905 Domino
1799 3851 1978 3916 dante,

390 3955 510 4024 jam
535 3953 732 4011 sentio.
765 3952 829 4007 Et
860 3952 979 4005 ideo
1006 3949 1170 4019 eligo,
1207 3958 1260 4001 ut
1288 3963 1371 4000 me
1396 3947 1572 4014 justus
1600 3942 1980 3999 misericordia:

358 4045 764 4113 increpatione
811 4042 1103 4110 corripiat,
1150 4055 1308 4107 quam
1360 4045 1519 4104 caput
1569 4051 1746 4089 meum
1801 4034 1979 4087 oleum

394 4136 695 4204 peccatoris
743 4132 1039 4201 impinguet
1084 4128 1210 4197 (Ps.
1237 4144 1363 4191 exc,
1394 4128 1473 4193 5).
1522 4125 1760 4192 Supplici
1805 4126 1981 4191 itaque

393 4243 558 4297 prece
587 4229 839 4296 deposco,
888 4234 943 4278 ut
973 4224 1039 4278 de
1071 4223 1160 4276 illo
1200 4222 1450 4273 thesauro
1499 4216 1851 4285 penetralimn
1887 4231 1979 4269 ve-

394 4331 655 4384 strorum,
702 4318 840 4371 unde
872 4330 1009 4369 nova
1041 4322 1093 4367 et
1126 4321 1307 4366 vetera
1347 4309 1585 4377 proferre
1622 4305 1980 4360 consuevistis

394 4409 619 4481 (Hau/1.
652 4423 764 4475 xttt,
790 4406 905 4475 52),
940 4404 1242 4473 peritirsimi
1267 4408 1452 4469 utpote
1479 4398 1697 4460 medici,
1742 4399 1829 4465 qui
1869 4397 1980 4450 lan-

2082 1863 2551 1931 CIarintrepidos;
2606 1880 2703 1919 nec
2741 1875 2973 1933 paternze
3025 1867 3185 1921 ictum
3225 1869 3461 1923 dexterae
3492 1872 3645 1925 decli-

2084 1954 2266 2015 nabo;
2314 1953 2607 2007 dummodo
2654 1957 2950 2023 (ortionem
3004 1960 3280 2027 promissa:
3330 1960 3660 2017 ltmreditatis

2082 2044 2368 2111 adipiscar.
2421 2044 2600 2114 Neque
2643 2048 2909 2101 attendam
2952 2063 3071 2118 quae
3114 2051 3241 2104 mihi
3290 2067 3442 2119 pmna
3483 2054 3553 2125 sit
3602 2053 3651 2106 in

2083 2134 2313 2203 ﬂagello,
2355 2137 2446 2190 sed
2502 2153 2656 2206 quam
2712 2140 2931 2192 habeam
2982 2143 3031 2194 in
3080 2152 3412 2197 testamento.
3471 2145 3652 2197 Melius

2082 2226 2222 2280 enim
2261 2228 2388 2281 mihi
2430 2238 2513 2282 est
2559 2228 2689 2283 ﬁere
2727 2246 2887 2298 super
2931 2246 3108 2298 patre,
3150 2249 3308 2301 quam
3359 2246 3411 2287 ut
3442 2236 3662 2289 abdit-er

2080 2324 2417 2386 contemptus
2455 2334 2485 2373 a
2536 2328 2703 2387 patre.
2752 2322 2881 2386 Quia
2922 2331 3200 2390 parentum
3233 2325 3399 2391 pietas
3438 2326 3651 2377 distriuo

2080 2405 2188 2473 git,
2236 2417 2293 2459 ut
2323 2408 2587 2477 corrigat;
2627 2426 2732 2464 non
2782 2420 3127 2479 perseverat,
3175 2424 3230 2466 ut
3280 2418 3502 2484 puniat,
3559 2431 3652 2470 nec

2084 2509 2285 2555 tantum
2340 2504 2388 2556 ei
2438 2508 2684 2559 maeroris
2726 2508 2882 2560 infert
2918 2509 3239 2576 arrogantia
3271 2510 3652 2577 Superbicttlis.

2080 2604 2334 2659 quantum
2366 2595 2612 2661 gandiunt
2646 2598 2743 2650 fert
2793 2597 3058 2650 humilitas
3082 2601 3406 2653 confitentis.
3442 2602 3530 2656 Sic
3560 2604 3650 2655 ille

2084 2680 2353 2749 Evangelii
2395 2685 2883 2752 indulgentissimus
2929 2700 3075 2759 pater
3130 2691 3316 2754 ﬁlium,
3375 2707 3653 2762 przrccptm

2087 2774 2397 2829 substantia:
2459 2768 2793 2831 decoctorem
2829 2821 2843 2845 ,
2916 2783 3034 2833 lzeto
3090 2784 3323 2850 suscepit
3382 2785 3650 2853 amplexu,

2084 2869 2391 2936 p‘omptior‘
2426 2871 2659 2937 gaudere
2710 2870 2777 2925 de
2826 2873 3033 2938 reditu,
3081 2889 3238 2941 quam
3287 2875 3549 2943 intputare
3588 2877 3652 2930 de

2084 2960 2232 3029 lapsu
2275 2960 2435 3029 (Luc.
2483 2961 2607 3029 xv).
2663 2962 2899 3032 Denique
2940 2981 3042 3018 non
3087 2966 3478 3034 cxprobrantor
3519 2969 3651 3023 ῐιηίο

2084 3066 2242 3115 nora,
2292 3068 2397 3105 non
2440 3052 2644 3106 luxuria
2664 3093 2679 3119 ,
2724 3069 2829 3106 non
2860 3064 3106 3125 egestas;
3160 3058 3273 3111 sola
3302 3061 3544 3113 conversi
3573 3076 3653 3114 rc-

2081 3142 2255 3195 versio
2306 3144 2480 3196 omnia
2530 3144 2719 3198 damna
2768 3159 3094 3209 compensat.
3158 3126 3290 3215 Quia
3341 3151 3509 3219 major
3558 3150 3654 3205 fuit

2083 3234 2269 3302 procul
2323 3233 2485 3287 dubio
2531 3236 2665 3303 patri
2720 3236 2942 3289 facultas
2992 3237 3223 3302 reditus,
3267 3254 3422 3306 quam
3474 3256 3649 3293 rerum

2082 3325 2323 3380 facultas.
2386 3324 2569 3395 Itaque
2602 3316 2883 3380 abscessio‘
2913 3342 3060 3381 reum
3100 3327 3337 3391 fecerat,
3388 3332 3651 3399 regressio

2082 3413 2206 3469 fecit
2259 3415 2544 3469 insontem.
2616 3417 2687 3469 Ea
2751 3417 3115 3471 misericordia
3180 3418 3376 3472 sufﬁcit
3436 3420 3654 3477 lnrredi.

2079 3507 2216 3572 Quin
2249 3508 2405 3559 etiant
2436 3516 2670 3573 paterna:
2704 3507 3000 3561 clementia:
3042 3510 3194 3561 venia
3239 3510 3350 3561 sola
3382 3524 3487 3563 non
3542 3513 3652 3565 suf-
3728 3540 3731 3543 λ

2082 3600 2208 3665 ﬁcit,
2248 3601 2386 3668 quod
2427 3600 2561 3652 ulnis
2608 3600 2771 3665 fowt,
2816 3601 2955 3668 quod
2995 3601 3160 3670 gratia
3190 3603 3515 3669 permulcet;
3552 3605 3653 3657 nisi

2081 3702 2136 3747 et
2165 3706 2385 3746 munera
2414 3693 2555 3760 larga
2590 3692 2921 3760 tnultiplieet.
2952 3693 3046 3746 Dat
3075 3694 3327 3746 annulum
3357 3709 3425 3747 ne
3470 3710 3656 3749 rursus

2081 3798 2109 3837 a
2151 3792 2323 3852 patre,
2365 3783 2585 3853 perﬁdia
2634 3784 2789 3850 duce,
2834 3783 3091 3838 discedat.
3146 3785 3522 3841 Calceamenta
3566 3792 3657 3841 dat

2081 3875 2328 3945 pedibus,
2370 3890 2474 3945 quo
2522 3876 2725 3935 facilius
2768 3877 2919 3930 ardui
2965 3878 3168 3933 itineris
3202 3876 3390 3947 aspera
3432 3890 3485 3936 et
3525 3880 3656 3935 dura

2082 3976 2408 4021 contemnat.
2467 3966 2565 4019 Dat
2613 3976 2667 4020 et
2715 3966 2881 4031 ipsam
2914 3968 3136 4035 primam
3167 3984 3323 4036 quam
3356 3968 3659 4036 perdiderat

2081 4057 2295 4122 stolam,
2329 4066 2385 4111 ut
2415 4072 2567 4123 quem
2597 4072 2624 4109 a
2656 4066 2825 4110 morte
2852 4066 3145 4125 receperat,
3186 4059 3404 4124 pristina
3445 4060 3660 4113 immor-

2083 4147 2284 4201 talitate
2313 4146 2538 4200 donaret
2595 4146 2758 4199 Datur
2782 4145 2938 4199 etiam
2963 4147 3075 4211 ipse
3095 4146 3293 4213 joniori
3325 4148 3519 4200 vitulus
3563 4152 3654 4201 're-

2082 4253 2260 4300 verso,
2319 4237 2409 4306 qui
2458 4238 2653 4289 seniori
2702 4251 2868 4305 agnus
2907 4237 3064 4290 datus
3107 4236 3283 4290 fuerat
3334 4237 3401 4292 de
3428 4237 3660 4308 [Egypto

2083 4329 2407 4399 profecturo.
2432 4330 2562 4394 Quia
2591 4328 2703 4397 ipse
2733 4328 2913 4383 educit
2932 4344 3000 4382 ex
3034 4328 3267 4398 Egypto
3296 4339 3466 4404 pater.
3502 4331 3661 4387 Tanti

2084 4421 2317 4489 parentis
2344 4420 2551 4473 imitare
2575 4427 2751 4472 tantus
2773 4417 2953 4472 ﬁdem.
2981 4418 3152 4472 Trade
3175 4421 3543 4488 peccatoribus
3566 4423 3662 4476 ad-

389 4498 672 4567 gueutium
710 4497 1017 4548 innumeras
1047 4498 1103 4546 et
1132 4491 1305 4582 varias
1327 4486 1683 4582 aegritudines
1716 4484 1974 4552 quotidie,
2080 4484 2356 4582 interim".
2389 4520 2580 4580 pmsm
2609 4509 2923 4565 conantibus
2954 4484 3354 4577 remissiénem’
3402 4515 3659 4569 immes.

392 4588 569 4657 gratia
603 4586 694 4639 Dei
720 4584 1025 4652 adjuvante,
1066 4580 1294 4643 sanatis,
1326 4577 1564 4648 languori
1593 4590 1802 4645 quoque
1839 4590 1984 4640 meo,

394 4692 517 4747 qua:
542 4675 831 4730 convenire
862 4671 1215 4742 cognoscitis,
1248 4668 1636 4723 medicamenta
1668 4664 1912 4720 mittatis.

978 4781 1309 4836 EPISTOLA
1346 4779 1409 4833 Il.

474 4879 694 4937 Domino
708 4893 827 4942 suo,
852 4876 1099 4942 peculiari
1126 4878 1176 4928 in
1200 4874 1399 4930 Christo
1427 4872 1646 4927 Domino
1675 4882 1911 4942 patrona,
1950 4922 1953 4927 ,

874 4955 1019 5001 austo
1048 4946 1287 5016 episcopo
1313 4944 1573 4998 Ruricius.

470 5041 543 5095 ιω
571 5056 659 5097 me
708 5041 968 5094 hactenus
1012 5037 1175 5107 impia
1219 5035 1541 5105 negligentia
1592 5042 1647 5087 et
1704 5032 1981 5101 negligens

397 5136 643 5205 impietas
672 5132 1047 5203 possederunt,
1090 5138 1148 5184 ut
1191 5127 1317 5198 quid
1343 5168 1359 5193 ,
1407 5126 1622 5181 domine
1653 5124 1763 5190 mi,
1806 5123 1857 5176 in
1903 5139 1987 5178 me

356 5207 362 5210 Q
399 5225 738 5297 potissimum
770 5238 1041 5287 accusem,
1072 5219 1347 5283 nesciam;
1396 5227 1449 5271 et
1499 5216 1621 5285 quid
1667 5217 1718 5269 in
1760 5231 1844 5269 me
1876 5215 1985 5282 pri-

402 5337 550 5374 mum
598 5332 888 5383 excusem,
944 5331 1049 5370 non
1096 5314 1383 5369 inveniant.
1428 5312 1484 5365 Si
1525 5312 1669 5365 enim
1708 5324 1989 5378 argumen-

402 5410 657 5465 tationem
718 5408 952 5477 aliquam
1022 5408 1085 5459 ad
1132 5402 1466 5458 excusandas
1519 5402 1893 5455 excusatioctes
1934 5398 1988 5453 in

354 5487 367 5559 θ
402 5501 637 5573 [εεαιιίε
691 5500 948 5555 exhibere
992 5503 1269 5551 tentavero
1313 5492 1427 5564 (Ps.
1458 5506 1578 5555 (ιη,
1620 5491 1700 5559 4),
1737 5488 1986 5559 adjiciam

480 5685 509 5714 ι
544 5640 761 5731 iuvenis
812 5672 910 5729 fuit
939 5672 1027 5739 qui
1079 5647 1282 5726 liiteras
1327 5667 1559 5725 amabat.
1597 5666 1751 5722 Illum
1799 5665 1970 5720 virum

2085 4607 2290 4660 sionem
2334 4605 2555 4672 largire,
2598 4602 2980 4672 conﬁtenlique
3024 4602 3135 4657 ﬁlio
3181 4618 3287 4658 non
3332 4604 3501 4659 solum
3546 4606 3662 4673 ipse

2086 4695 2290 4750 veniam
2320 4695 2513 4753 tribue.
2542 4692 2635 4747 sed
2671 4694 2785 4761 ipse
2812 4696 3018 4747 veniam
3047 4694 3335 4763 deprecare
3359 4710 3373 4757 ;
3420 4704 3474 4747 ιιι
3500 4710 3658 4763 quem

2086 4788 2141 4843 in
2174 4786 2447 4855 peregrina
2482 4781 2649 4851 patria
2669 4783 2907 4851 appellas
2926 4782 3175 4848 liberum,
3209 4784 3261 4837 in
3293 4784 3503 4853 prepria
3534 4798 3657 4851 pose

2090 4880 2165 4934 sis
2192 4879 2371 4932 videre
2402 4875 2701 4929 liberatum.
2735 4875 2905 4943 thui
2938 4889 3031 4943 per
3059 4890 3117 4929 se
3132 4876 3309 4928 amisit
3336 4874 3660 4929 dominicam

2089 4967 2483 5030 liberalitatem,
2517 4979 2611 5034 per
2638 4976 2688 5019 te
2731 4973 2996 5018 mereatur
3041 4964 3294 5033 consequi
3337 4964 3660 5031 libertatem,

2088 5077 2190 5117 nec
2237 5076 2267 5115 a
2316 5070 2494 5115 vestro
2538 5066 2819 5127 separetur
2872 5056 3106 5123 solatio,
3156 5057 3247 5126 qui
3302 5068 3664 5128 sequestram:-

2090 5171 2329 5225 prmm'
2646 5219 2974 5275 EPISTULA
3024 5218 3111 5272 ιιι.

2093 5318 2477 5373 Derinctissimo
2513 5313 2654 5368 Filio
2691 5328 2982 5434 semperque
3024 5310 3297 5380 magni/ica
3332 5318 3357 5345 ⁸
3428 5291 3663 5356 Hesperio

2796 5398 3008 5434 urtcms.

2068 5407 2074 5413 ‘
2748 5398 3008 5434 nurtcms.

2163 5478 2442 5538 Scribendi
2489 5476 2621 5532 milii
2673 5475 2740 5529 ad
2796 5472 3194 5528 unanimitatem
3240 5476 3382 5522 tuam
3436 5468 3665 5534 aditum,

2079 5658 2441 5730 magniﬁcum,
2495 5656 2770 5712 Gemmam
2802 5651 3107 5707 litterarum
3152 5654 3209 5701 et
3249 5644 3539 5700 amicorum
3574 5660 3663 5710 ap‘
