4022 6168
350 285 410 338 71
1698 273 1948 333 RURICII
1988 268 2291 329 EPISCOPI
3562 262 3633 319 '79

350 416 509 471 quem
533 404 876 452 obstruxerat
904 392 1191 464 imperitia,
1224 391 1477 462 patefecit
1507 388 1729 447 allectus
1752 398 1809 446 et
1848 390 1934 444 illa
1965 393 2016 452 Α

352 492 675 546 dominatrix
714 489 953 541 omnium
994 487 1191 555 pictas,
1226 500 1319 553 per
1348 498 1507 554 quam
1543 482 1830 537 ﬂectuntur
1858 482 1937 536 ri-

351 586 492 653 gida,
527 597 685 636 saxea
725 579 1061 643 molliuntur,
1107 576 1364 632 sedantur
1398 575 1625 642 tumida,
1666 574 1939 630 leniuntur

352 688 565 742 aspera,
608 680 914 726 tumescunt
960 670 1121 733 lenia,
1169 671 1458 723 mitescunt
1503 682 1666 733 sava,
1714 667 1941 722 saeviunt

354 765 500 818 initia
519 807 532 830 ,
583 763 946 817 accenduntur
978 760 1208 831 placida,
1256 773 1521 816 acuuntur
1550 761 1702 815 bruta
1724 797 1739 824 ,
1768 760 1942 813 domi-

353 871 548 912 nantur
576 856 836 921 barbara,
889 855 1138 921 immania
1194 854 1486 923 placantur.
1542 852 1712 906 Etiam
1754 856 1808 905 in
1855 866 1942 907 me

353 966 486 1018 opus
506 964 660 1003 suum
695 963 973 1016 peragens,
998 962 1060 1001 os
1081 946 1293 1015 elingue
1324 946 1604 1008 reseravit,
1640 944 1941 1012 producens

356 1057 441 1095 ine
462 1057 524 1094 ex
556 1040 823 1103 tutis-imo
854 1036 1053 1091 silentii
1082 1051 1297 1091 recessu
1334 1035 1396 1089 ad
1438 1035 1706 1103 publicum
1754 1033 1942 1087 formi-

355 1134 697 1201 dandumquc
724 1130 983 1199 judicium
1018 1139 1069 1182 et
1114 1126 1358 1181 invitatio
1387 1126 1550 1180 vestri
1587 1141 1724 1179 nova
1763 1123 1945 1179 subire

355 1226 647 1294 compellit.
681 1223 917 1287 Scilicet,
949 1232 1005 1274 ut
1027 1220 1114 1289 qui
1140 1220 1400 1273 hactenus
1440 1218 1582 1272 illaut
1620 1217 1940 1272 sententiam

356 1327 574 1372 secutus
618 1317 914 1383 antiquam,
960 1328 1062 1378 qua
1111 1311 1307 1365 dicitur
1343 1327 1357 1363 :
1397 1312 1781 1379 Sa-pentttnero
1810 1325 1947 1380 pra:-

360 1418 503 1462 stare
533 1416 742 1473 tacere,
781 1419 938 1474 quant
976 1404 1192 1483 dicrre;
1241 1401 1576 1457 inscientiam
1620 1415 1791 1454 tncam
1835 1414 1948 1453 ma-

360 1499 546 1553 luerim
578 1496 909 1552 t‘erecuudite
934 1494 1292 1549 taciturnitate
1336 1494 1545 1565 legere,
1579 1508 1737 1563 quam
1775 1494 1948 1558 impu-

360 1592 553 1645 denter
576 1589 851 1644 incondito
873 1600 1122 1641 sermone
1151 1585 1416 1655 proferre,
1449 1600 1557 1640 non
1588 1595 1695 1639 tam
1723 1598 1949 1639 consuc-

361 1681 564 1737 tudiuis
616 1694 750 1734 mea:
804 1679 1104 1743 immemor,
1159 1692 1318 1746 quam
1369 1676 1684 1730 rusticitatis
1726 1676 1945 1741 oblitus,

2665 386 2882 443 EPIST.
2923 384 3012 441 IV.

2115 479 2502 538 Derinctissimo
2529 479 2640 550 ﬁlio
2674 495 2970 550 semperque
3002 474 3277 548 magniﬁco
3307 472 3559 543 Hesperio

2705 550 2969 605 Ruricius.

2113 666 2311 737 Recepi
2342 667 2521 737 apices
2546 664 2910 721 unanimitatis
2959 670 3084 727 tute,
3124 669 3230 716 tam
3259 661 3427 731 gratia
3471 675 3632 729 quam

2042 758 2381 830 eloquentia;
2431 766 2537 811 tam
2587 770 2770 811 amore
2822 756 3023 824 pariter
3069 768 3226 823 quam
3258 751 3470 820 lepore;
3524 762 3632 805 tam

2043 853 2156 908 sale
2180 866 2338 923 quam
2372 849 2531 905 melle
2574 862 2865 917 reSpersas.
2900 847 2953 901 lu
3001 846 3195 917 quibus
3236 860 3335 900 nec
3362 845 3633 899 dulcedini

2044 944 2259 999 deesset
2288 942 2509 1013 aliquid,
2558 955 2654 995 nec
2679 938 2877 1007 sapori.
2905 938 3006 1005 Qui
3047 953 3167 991 eum
3212 936 3360 991 omni
3387 936 3637 992 dietionis

2045 1047 2101 1092 et
2129 1035 2350 1089 rationis
2380 1044 2496 1088 arte
2520 1031 2922 1102 praeemineant,
2954 1032 3069 1085 solo
3100 1040 3277 1085 tamen
3302 1044 3333 1083 a
3354 1045 3412 1085 se
3433 1030 3638 1085 discre-

2048 1141 2177 1196 pare
2198 1126 2447 1180 videntnr
2471 1122 2692 1193 judicio.
2718 1123 2852 1175 Dum
2874 1122 3017 1176 enim
3053 1122 3315 1190 paginulas
3344 1136 3501 1191 mete,
3527 1137 3635 1176 non

2048 1217 2189 1271 laudi
2219 1226 2378 1287 θρίω,
2427 1215 2524 1271 sed
2554 1216 2930 1283 vituperationi
2971 1214 3168 1283 ineptia
3201 1214 3513 1268 rusticitatis
3539 1230 3636 1282 ap-

2049 1320 2193 1377 tatae,
2238 1310 2444 1378 majora
2494 1310 2701 1363 meritis
2734 1306 2967 1361 tribuere
3013 1307 3252 1373 festinas,
3297 1316 3351 1360 et
3394 1307 3639 1375 sequeris

2050 1403 2137 1456 vel
2162 1400 2568 1455 declamationis
2597 1414 2835 1461 cursum,
2888 1398 2971 1453 vel
2996 1397 3269 1467 diligentis
3294 1396 3576 1464 allectum;
3607 1413 3638 1452 a

2052 1507 2238 1547 norma
2263 1492 2394 1547 recti
2423 1492 2605 1561 judicii
2633 1491 2932 1546 decliuasti.
2960 1490 3039 1544 Ad
3069 1505 3227 1561 quam
3260 1505 3371 1545 rem
3394 1506 3493 1561 ego
3514 1505 3638 1559 per-

2051 1587 2336 1640 fectionem
2368 1600 2472 1639 non
2504 1585 2816 1656 ignorantia:
2848 1584 2996 1653 vitio,
3043 1584 3138 1639 sed
3169 1594 3467 1655 spontaneo
3496 1586 3640 1640 arbi-

2053 1688 2169 1733 tror
2203 1677 2549 1733 descendisse
2587 1677 2832 1741 consilio,
2893 1675 3084 1746 triplici
3140 1691 3207 1730 ex
3256 1692 3417 1731 causa
3448 1694 3460 1730 :
3494 1685 3552 1731 ut
3585 1678 3640 1732 in

359 1777 507 1845 quasi
535 1789 601 1829 ex
636 1773 833 1827 Arione
863 1772 916 1825 in
940 1770 1209 1840 Orpheum
1243 1777 1464 1838 repente
1493 1777 1750 1833 mutatus,
1782 1767 1942 1822 velim
1977 1771 2022 1831 Β
2053 1772 2196 1825 tenui
2224 1770 2447 1824 materia
2488 1778 2541 1824 et
2571 1784 2793 1824 acumen
2827 1769 3045 1838 ingenii,
3092 1778 3143 1824 et
3175 1770 3286 1824 oris
3312 1769 3638 1836 facundiam,

359 1866 727 1923 disertissimis
757 1864 975 1919 auribus
1015 1862 1120 1917 tuis
1170 1878 1264 1916 ore
1300 1860 1517 1932 garrulo
1551 1876 1659 1915 non
1696 1875 1800 1915 tam
1830 1858 1948 1915 oili-

360 1960 536 2012 ciosus
563 1972 721 2027 quam
751 1954 1040 2025 iujuriosus
1065 1953 1316 2009 existere.
1368 1953 1505 2007 Dum
1536 1963 1591 2008 et
1616 1952 1797 2023 ignota
1829 1966 1949 2021 per-

360 2061 532 2116 tento,
577 2058 629 2104 et
685 2049 892 2102 insueta
939 2061 1228 2116 praesumo.
1278 2044 1383 2100 Sed
1428 2043 1642 2107 dabitis,
1695 2054 1754 2099 ut
1806 2057 1948 2108 reor,

356 2142 573 2196 veniam
601 2139 835 2193 venienti
866 2153 931 2192 ex
972 2136 1369 2191 necessitudine
1405 2134 1722 2190 necessaria:
1766 2149 1954 2189 neces-

361 2233 557 2300 sitatis.
614 2231 748 2297 Quia
801 2228 944 2299 quod
992 2228 1215 2283 dilectio
1254 2230 1305 2281 in
1348 2228 1654 2282 mortalium
1687 2226 1953 2282 mentibus

360 2320 592 2377 naturali
647 2329 915 2389 potestate
962 2317 1063 2372 sibi
1124 2316 1377 2382 \lltdit‘el,
1432 2317 1708 2372 conscium
1757 2326 1954 2371 mutua:

364 2412 631 2481 passionis
657 2422 841 2479 pectus
864 2412 1123 2479 agnoscit.
1154 2409 1295 2477 Ergo
1328 2428 1337 2458 I
1362 2408 1735 2462 eexcnsationi
1753 2406 1956 2467 diutius

366 2507 735 2570 immorantes,
777 2502 849 2556 ita
880 2504 1124 2572 paginam
1163 2501 1468 2565 dilatetnus,
1525 2511 1585 2556 ut
1631 2516 1738 2555 non
1782 2501 1956 2555 solum

365 2598 458 2652 tibi
498 2612 604 2651 non
634 2596 888 2651 exhibeat
940 2608 1121 2649 sermo
1164 2593 1507 2663 incoutptior,
1562 2607 1749 2647 verum
1796 2593 1959 2648 etiam

364 2688 516 2758 copia
566 2686 872 2742 inordinata
926 2686 1242 2753 fastidium;
1291 2684 1401 2755 jam
1453 2685 1505 2739 in
1536 2699 1723 2741 vocem
1747 2686 1960 2755 pietatis

364 2781 717 2849 crumpimus,
765 2786 820 2833 et
853 2777 1245 2832 desideriorum
1277 2776 1437 2832 verba
1469 2786 1763 2845 metamus,
1813 2792 1962 2833 com-

365 2872 683 2927 mendantes
734 2869 830 2924 tibi
881 2869 1075 2938 pignus
1105 2876 1382 2932 nostrum,
1428 2866 1731 2936 depositum
1784 2877 1955 2935 tuntn,

366 2961 518 3031 cujus
548 2975 645 3015 nos
673 2961 1015 3028 susceptione
1044 2959 1255 3028 cepisti.
1287 2958 1407 3013 Tibi
1429 2960 1572 3014 enim
1602 2974 1752 3024 spem
1781 2970 1964 3028 poste-

367 3051 544 3105 ritatis
573 3065 746 3115 meae;
800 3050 894 3103 tibi
947 3048 1197 3104 solatium
1224 3050 1350 3103 vita:
1380 3051 1691 3117 praesentis,
1732 3058 1787 3104 et
1818 3049 1963 3103 leva-

2053 1870 2109 1916 et
2127 1861 2452 1917 afﬂuentiam
2484 1862 2751 1917 sermonis
2777 1862 3113 1917 ostenderes.
3161 1862 3329 1917 Sicuti
3378 1863 3431 1917 in
3460 1865 3643 1932 jejuno

2054 1963 2213 2024 atque
2242 1954 2418 2007 otioso
2458 1952 2661 2021 cespite
2690 1954 2858 2022 magis
2904 1954 3192 2007 strenuitas
3230 1954 3454 2008 cultoris
3483 1970 3644 2023 appa-

2054 2052 2159 2110 ret,
2178 2060 2298 2099 cum
2327 2052 2420 2097 aut
2448 2043 2797 2098 rebellionem
2822 2043 3098 2113 glebarum
3125 2045 3387 2100 tenacium
3416 2047 3643 2115 repetita

2055 2135 2252 2203 sapius
2298 2135 2649 2205 impressione
2677 2136 2911 2191 vomeris
2957 2135 3159 2202 domat,
3208 2147 3302 2190 aut
3339 2136 3640 2191 ariditatem

2056 2228 2274 2282 nimiam
2324 2230 2578 2283 stercoris
2604 2228 2914 2297 aspersione
2959 2228 3230 2293 fecundat,
3286 2237 3345 2282 ut
3372 2228 3643 2284 fructuum

2057 2320 2288 2390 copiam,
2318 2335 2473 2390 quam
2501 2320 2601 2375 soli
2633 2328 2817 2375 natura
2850 2329 3027 2390 negat,
3059 2320 3321 2376 industria
3354 2321 3642 2391 producat;

2060 2413 2133 2466 ita
2180 2422 2235 2467 et
2277 2422 2330 2466 tu
2360 2420 2650 2481 egestatem
2706 2412 2946 2479 epistolae
2991 2428 3124 2468 mea!
3171 2413 3494 2479 eloquentia:
3543 2425 3649 2468 tua:

2061 2503 2305 2560 ubertate
2343 2504 2545 2571 ditaSti,
2577 2512 2637 2559 ut
2667 2505 2834 2573 possit
2864 2520 3006 2569 esse,
3038 2505 3080 2559 si
3111 2520 3226 2560 eam
3258 2507 3647 2573 suppresseris,

2061 2605 2113 2651 te
2143 2598 2413 2665 loquente,
2463 2596 2778 2663 laudabilis;
2828 2596 2872 2652 si
2916 2613 3042 2651 vero
3075 2596 3381 2666 protuleris,
3428 2597 3650 2652 incutiat

2061 2698 2115 2744 et
2148 2689 2273 2743 mibi
2298 2688 2363 2742 de
2390 2688 2517 2744 falsa
2549 2687 2728 2755 laude,
2768 2696 2822 2741 et
2849 2688 2942 2742 tibi
2978 2688 3046 2743 de
3071 2687 3259 2756 judicii
3292 2702 3476 2743 errore
3500 2702 3651 2743 vete-

2062 2781 2332 2836 cundiam.
2384 2780 2452 2834 Et
2480 2780 2697 2847 idcirco,
2743 2780 2861 2849 quia
2891 2779 3214 2849 imperitiam
3243 2795 3417 2833 meam
3445 2778 3521 2834 tui
3549 2794 3649 2847 pu-

2063 2874 2209 2928 doris
2231 2888 2365 2943 opus
2391 2889 2510 2929 esse
2530 2874 2769 2937 voluisti,
2801 2888 2929 2928 cave
2946 2888 3039 2939 ne,
3072 2872 3342 2943 praeconio
3373 2883 3465 2927 tuo
3495 2872 3650 2927 nobis

2066 2981 2169 3018 non
2197 2964 2665 3034 respondentibus,
2699 2972 2787 3018 tua
2820 2965 3152 3032 periclitetur
3181 2963 3395 3018 electio.
3445 2961 3647 3031 itaque,

2064 3056 2109 3110 si
2136 3056 2258 3123 quid
2290 3055 2419 3109 mibi
2449 3056 2645 3120 credis,
2697 3054 2743 3111 si
2795 3055 2919 3125 quid
2951 3056 3054 3109 utri
3079 3071 3163 3122 lue
3194 3054 3458 3122 consulis,
3514 3052 3653 3108 indl-

368 3155 512 3206 men.
543 3141 587 3196 Si
614 3140 866 3195 diViﬂilas
911 3141 1181 3206 aﬂﬂllcril,
1216 3139 1440 3203 Γυιιιτως
1496 3139 1591 3195 libi
1644 3140 1734 3195 ιιηὶ
1776 3140 1955 3193 omnia
1984 3137 2029 3201 C
2062 3162 2222 3217 gnum
2253 3163 2458 3203 memor
2480 3165 2532 3213 a,
2564 3148 2835 3204 oblivione
2862 3148 3233 3219 dignis-intum
3261 3150 3505 3203 vo‘umen
3529 3147 3651 3202 abs-

369 3248 484 3287 mea
531 3242 652 3285 vuta
702 3230 970 3286 commisi.
1022 3230 1101 3286 'l‘e
1141 3240 1166 3267 α
1208 3230 1509 3286 elicitorem
1533 3240 1587 3287 et
1612 3230 1959 3286 lormatorem

370 3324 673 3396 lapillorum
708 3323 992 3389 nobilium,
1025 3331 1081 3377 et
1107 3323 1416 3377 rimatorem
1443 3323 1596 3388 auri,
1637 3332 1691 3378 te
1718 3333 1963 3393 reperto-

369 3434 484 3473 rem
516 3431 670 3487 aqua:
701 3416 916 3471 latentis
942 3416 1074 3486 elegi
1100 3456 1114 3479 ,
1143 3417 1230 3484 qui
1273 3416 1426 3471 sciris
1469 3417 1747 3471 abstrusas
1774 3416 1964 3487 lapidi-

370 3508 471 3565 bus
497 3523 733 3576 gemmae
762 3508 993 3577 propria:
1024 3506 1253 3561 reddere
1280 3522 1397 3576 gen.
1418 3509 1658 3574 rositati;
1711 3524 1832 3577 quin
1858 3511 1963 3562 ut;-

370 3596 474 3672 que
497 3603 547 3654 in
576 3608 717 3654 tanta
738 3616 839 3654 rer.
866 3616 915 3654 m
941 3600 1255 3654 confusione
1278 3600 1587 3655 amitterent
1608 3600 1958 3667 nobilitatem,

368 3693 413 3746 si
440 3691 673 3760 judicent
704 3706 811 3743 non
845 3692 1126 3745 baberent.
1170 3691 1374 3745 Aurum
1407 3706 1642 3762 quoque,
1671 3692 1851 3747 arenis
1880 3691 1958 3747 vi-

366 3779 510 3835 libus
546 3780 808 3845 tnittum,
865 3780 967 3832 nisi
1018 3780 1242 3833 artilieis
1291 3781 1507 3835 solertia
1544 3782 1751 3837 lavetur
1787 3782 1959 3852 aquis,

363 3870 583 3941 ignibus
604 3870 905 3939 eliquctur,
952 3884 1052 3924 nec
1088 3872 1429 3940 splendorem
1476 3875 1674 3942 poterit
1726 3878 1965 3931 retinere

364 3976 472 4017 nec
498 3961 770 4016 meritum.
798 3962 987 4029 Septas
1016 3966 1179 4016 etiam
1210 3979 1467 4032 aquarum
1502 3966 1831 4019 manantium
1866 3981 1958 4020 ve-

366 4070 491 4121 nas,
523 4064 578 4110 et
604 4053 894 4109 obductum
930 4064 1071 4108 terra
1110 4056 1294 4110 llueuti
1326 4059 1567 4121 alveum,
1604 4057 1702 4111 nisi
1733 4057 1962 4126 diligen-

371 4146 481 4199 tius
506 4147 877 4201 eruderaverit
917 4145 1232 4215 appetitoris
1270 4146 1569 4209 industria,
1617 4145 1791 4200 laticis
1827 4148 1963 4201 unda

372 4252 479 4293 non
529 4237 679 4293 ﬂuet.
740 4237 814 4292 Ita
855 4248 908 4292 et
941 4247 1256 4291 tenerorum
1306 4237 1482 4291 adhuc
1523 4236 1669 4292 acies
1708 4253 1963 4293 sensuum

374 4329 692 4397 ignorantiae
723 4330 928 4396 nubilo,
958 4330 1111 4400 quasi
1140 4331 1425 4385 crassitate
1466 4330 1735 4386 scabrosa:
1768 4332 1966 4402 rubigi-

374 4422 461 4476 nis
490 4422 732 4487 obsessa,
762 4425 864 4479 nisi
892 4424 1107 4479 assidua
1130 4422 1367 4478 doctoris
1400 4423 1525 4478 lima
1554 4433 1840 4494 purgetur,
1870 4440 1964 4479 uc-

2064 3241 2270 3307 conde,
2317 3242 2362 3295 si
2407 3243 2486 3297 vis
2533 3253 2584 3295 et
2614 3257 2699 3297 me
2738 3242 2802 3295 ad
2835 3242 3110 3296 arbitrium
3145 3251 3290 3297 tuum
3319 3244 3547 3299 otiataris
3569 3242 3651 3298 fa-

2067 3348 2209 3387 mam
2235 3342 2290 3387 ct
2317 3342 2367 3387 te
2398 3333 2817 3404 probatijudicis
2848 3335 3094 3391 obtinere
3119 3351 3423 3407 personam.

2701 3447 2917 3503 EPIST.
2962 3448 3025 3502 V.

2140 3525 2529 3581 Devinctissioto
2561 3527 2668 3596 ﬁlio
2699 3545 2993 3652 sintperque
3024 3529 3196 3601 magni
3204 3529 3302 3598 ﬁco
3336 3528 3584 3601 Hesperio

2757 3601 2990 3652 luridus.

2757 3601 2990 3653 luridus.

2139 3688 2536 3758 Spoponderas,
2592 3690 2667 3744 lili
2717 3691 3015 3757 carissime,
3065 3700 3125 3745 ιιι
3175 3691 3305 3746 mibi
3355 3692 3564 3760 aliquos
3590 3695 3657 3752 de

2072 3780 2383 3834 ramuscula
2410 3795 2568 3849 quem
2600 3794 2664 3834 ex
2711 3782 3064 3837 amaritudine
3107 3783 3157 3837 in
3191 3783 3541 3840 domesticum
3567 3803 3659 3840 sa-

2069 3884 2254 3939 porem
2276 3869 2588 3924 vertendum
2618 3870 3155 3943 transferendumque
3189 3890 3524 3945 susceperas,
3564 3879 3661 3931 ilc-

2067 3961 2248 4016 sculos
2273 3960 2593 4025 destinares,
2638 3976 2865 4028 quorum
2893 3962 3062 4018 odore
3090 3979 3468 4035 cognoscerem
3500 3984 3661 4037 quam

2068 4066 2218 4120 spem
2248 4053 2361 4121 spei
2383 4067 2572 4122 gerere
2597 4052 2880 4119 deberem;
2907 4065 3208 4110 utrumnam
3239 4058 3336 4125 ipsi
3362 4058 3521 4113 liores
3542 4076 3662 4129 ger-

2070 4145 2233 4208 mina,
2267 4153 2569 4199 autrursus
2603 4146 2716 4215 ipsa
2762 4149 3003 4215 germina
3050 4148 3255 4204 fructus
3294 4151 3377 4205 sui
3404 4152 3664 4220 qualitate

2073 4239 2470 4307 promitterent,
2504 4239 2771 4311 iidemque
2800 4241 2991 4295 iterum
3027 4242 3231 4298 fructus
3255 4252 3433 4299 utrum
3458 4248 3665 4316 possint

2070 4343 2123 4389 te
2153 4345 2485 4405 excoqueute
2534 4335 2838 4401 mitescere,
2881 4347 2934 4392 et
2961 4338 3098 4392 dulci
3141 4339 3464 4409 eloquentiae
3495 4346 3664 4397 verbo

2069 4425 2399 4482 audientium
2425 4428 2587 4482 corda
2615 4429 2834 4485 satiare.
2865 4430 3016 4497 Quod
3047 4418 3171 4502 quia
3198 4434 3379 4488 nescio
3408 4450 3567 4504 quam
3595 4437 3665 4491 ob

375 4516 493 4584 quit
520 4528 713 4583 sponte
741 4517 1060 4572 clarescere.
1095 4517 1265 4571 Tuum
1295 4531 1427 4587 ergo
1458 4531 1630 4584 nunc,
1678 4528 1827 4571 tuum
1858 4527 1959 4587 est,
1994 4516 2045 4577 Ι)
2069 4536 2285 4576 causam
2317 4520 2494 4575 facere
2525 4521 2802 4588 distulisti,
2832 4532 3191 4591 Opportunum
3217 4539 3312 4579 vos
3340 4526 3665 4583 admonendi

374 4606 432 4659 in
477 4606 560 4659 bis
601 4605 853 4659 euntibus
890 4616 946 4660 et
991 4609 1228 4677 opinioni
1275 4619 1401 4675 tute,
1453 4618 1508 4665 et
1533 4619 1717 4663 nostro
1768 4612 1967 4678 pariter

375 4699 706 4766 respondere
725 4698 948 4768 judicio,
982 4715 1050 4753 ne
1087 4710 1183 4754 aut
1209 4711 1265 4756 tu
1310 4702 1715 4772 praesumpsisse
1754 4702 1962 4767 illicita,

374 4803 469 4848 aut
496 4810 594 4849 nos
621 4794 1019 4848 inconsiderate
1050 4793 1278 4864 elegisse
1308 4795 1608 4851 videamur.

380 5089 613 5162 pt-llaliat
638 5087 906 5162 Sidonius,
954 5104 1044 5159 ep.
1068 5090 1103 5143 Ι.
1129 5106 1206 5155 tv,
1235 5104 1320 5159 ep.
1347 5088 1448 5162 22.
1493 5090 1573 5146 Ad
1612 5106 1734 5147 eum
1767 5093 1968 5162 smpius

383 5160 597 5227 scripsit
638 5160 905 5229 Ruricius,
930 5172 983 5215 ut
1016 5169 1159 5231 patet
1178 5175 1247 5215 ex
1274 5160 1435 5230 epist.
1462 5163 1520 5228 5,
1555 5164 1613 5229 4,
1651 5162 1706 5230 5,
1752 5160 1861 5232 ipsi
1888 5165 1969 5219 iu-

385 5232 619 5301 scriptis.
663 5232 821 5285 Bssu.

457 5312 482 5340 ⁸
527 5304 597 5355 Ita
635 5316 888 5370 expresse
924 5315 1025 5353 ms.
1061 5309 1255 5355 novato
1286 5302 1546 5355 vocabulo
1581 5312 1636 5357 et
1668 5317 1773 5357 non
1805 5304 1975 5359 inele-

386 5383 544 5441 gaute
564 5388 726 5426 sensu
765 5373 831 5425 ab
869 5371 1149 5441 eliciendo,
1193 5373 1333 5426 sicut
1367 5372 1574 5440 Jupiter
1616 5379 1683 5425 ab
1712 5374 1973 5430 eliciendis

388 5438 696 5497 fulminibus
725 5441 999 5497 dicebatur
1031 5438 1251 5509 Elicius,
1288 5438 1447 5496 Ovid.
1474 5458 1527 5496 Ill
1572 5442 1758 5498 Fast.:

536 5531 766 5587 Eliciunt
792 5533 915 5588 (mlo
942 5542 1009 5599 te,
1040 5529 1242 5599 Jupiter
1262 5548 1283 5587 .°
1314 5532 1449 5587 unde
1474 5534 1694 5588 minores

604 5602 656 5655 Ν
663 5619 759 5655 unc
781 5621 977 5675 quoque
1020 5616 1067 5660 te
1095 5603 1382 5671 celebrant,
1414 5603 1740 5675 Eliciumque
1767 5615 1969 5661 vacant.

461 5718 571 5775 Nisi
602 5718 759 5775 malis
785 5720 994 5787 legere:
1032 5721 1335 5775 licitatorem
1359 5760 1373 5786 ,
1421 5720 1564 5789 quod
1605 5735 1710 5773 non
1739 5719 1914 5791 placet
1942 5736 1956 5784 ;

2079 4615 2289 4675 tempus
2336 4605 2537 4672 inveni,
2594 4621 2700 4676 quo
2751 4608 2804 4661 in
2854 4608 3133 4661 ltartnonia
3184 4610 3367 4665 mundi
3414 4613 3667 4669 univu'sa

2076 4698 2367 4753 animantia
2410 4699 2560 4753 bruta
2590 4701 2808 4769 pariter,
2849 4712 2904 4756 et
2926 4702 3175 4771 elinguia,
3211 4703 3537 4773 incedentia,
3569 4722 3669 4762 vo-

2076 4790 2441 4861 lantia,atque
2471 4793 2700 4860 reptilia,
2720 4794 2833 4846 suis
2862 4808 3086 4862 quaeque
3116 4796 3307 4857 modis,
3330 4797 3442 4851 suis
3470 4797 3666 4865 sibilis,

2076 4884 2298 4954 suisque
2325 4900 2550 4954 quaeque
2579 4885 2820 4953 vocibus,
2867 4889 2968 4941 etsi
2998 4900 3133 4942 sono
3164 4888 3405 4958 dissono,
3448 4897 3549 4945 aut
3568 4907 3671 4949 ore

2080 5090 2194 5162 vel;
2216 5090 2755 5162 elucidatorem,quod
2782 5093 2984 5147 malim.
3015 5093 3137 5147 llrec
3166 5094 3669 5162 Canisius.—Ma'e,

2082 5162 2135 5215 ni
2164 5160 2339 5226 fallor,
2364 5161 2650 5214 laudantur
2673 5161 2751 5216 illi
2779 5178 2966 5217 versus
2993 5166 3188 5219 Uvidii.
3231 5166 3345 5220 Non
3376 5168 3496 5221 ideo
3522 5160 3671 5222 dice;

2078 5231 2239 5286 batur
2257 5229 2467 5303 Jupiter
2499 5231 2716 5295 Elicius,
2749 5234 2889 5303 quod
2913 5234 3129 5287 fulmini
3157 5236 3391 5291 vibraret
3414 5249 3470 5292 et
3509 5241 3671 5291 elice-

2077 5310 2193 5373 ret,
2218 5302 2311 5357 sed
2342 5302 2482 5371 quod
2521 5317 2551 5356 e
2588 5303 2726 5357 caelo
2760 5302 2873 5357 elici
2912 5319 2972 5358 se
3009 5316 3299 5373 pateretur.
3347 5310 3478 5361 Cum
3520 5324 3667 5362 entm

2078 5372 2296 5447 Jupiter:
2331 5373 2389 5447 in
2439 5375 2664 5447 gratiam
2706 5373 2889 5427 Numa:
2927 5376 3284 5431 desderantis
3337 5377 3479 5434 scire
3537 5394 3673 5447 quo-

2080 5443 2241 5498 modo
2271 5441 2470 5515 fultn_en
2499 5443 2648 5515 piari.
2680 5452 2886 5515 possit,
2923 5460 2955 5499 e
2989 5447 3143 5501 caelis
3189 5448 3243 5502 in
3284 5460 3457 5502 terras
3496 5441 3671 5502 trans-

2081 5512 2896 5591 measset,‘Elicittsdleebatur.
2934 5515 3023 5591 Sic
3044 5518 3203 5572 etiam
3236 5518 3520 5591 Hesperius
3552 5518 3672 5591 Eli-

2075 5584 2529 5659 citortapitlorum
2558 5584 2856 5659 dicebatur,
2878 5588 3022 5657 quod
3056 5603 3296 5659 gemmas
3332 5584 3363 5646 e
3403 5598 3545 5647 terra
3578 5590 3669 5646 vel

2078 5655 2343 5726 lapidibus
2372 5656 2645 5712 educeret.
2689 5654 2850 5712 Bssn.
