4022 6168
369 261 450 319 τε

1670 279 2145 337 EPISTOLARUM
2185 284 2310 340 LIB.
2355 289 2393 343 Ι.

3488 267 3618 360 ’74

368 379 611 445 diverso,
664 381 779 449 pari
821 388 995 436 tamen
1023 382 1237 451 affectu,
1282 386 1430 454 quasi
1477 404 1583 442 uno
1608 400 1866 445 concentu
1895 394 1945 446 in
1978 402 2023 454 Α
2052 400 2432 452 commendare
2463 415 2566 454 non
2601 405 2886 471 possimus,
2914 407 3099 465 saltem
3134 418 3215 465 vel
3240 416 3440 485 paginis
3470 432 3619 475 man.

367 469 582 525 laudem
627 471 831 539 praprii
877 471 1109 526 auctoris
1146 486 1470 543 erumpunt,
1547 489 1600 533 et
1632 483 1941 547 potentiam,

364 576 530 628 quam
572 575 820 629 promere
865 574 1155 629 nequeunt,
1203 566 1401 620 sentire
1438 582 1496 621 se
1540 568 1788 636 produnt.
1833 570 1944 625 Hoc

364 666 601 717 namque
630 659 871 718 tempore
901 653 1076 706 cuncti
1102 654 1247 708 orbis
1285 657 1492 724 species
1518 659 1751 712 rediviva
1783 675 1941 729 repa-

364 752 539 795 ratur.
573 742 642 795 Et
665 742 917 812 quidquid
941 744 992 796 in
1024 760 1090 798 eo
1118 745 1220 798 situ
1249 749 1571 816 squalidum,
1602 750 1799 818 frigore
1826 763 1941 805 tur-

360 836 572 895 bidum.
596 835 766 902 glacie
791 845 1121 898 concretum,
1147 839 1385 893 nuditate
1412 840 1671 907 deforme,
1692 844 1939 898 ariditate

359 935 748 991 praemortuum
781 925 1038 978 hactenus
1079 925 1197 988 fuit,
1238 927 1303 981 ad
1335 929 1501 983 instar
1530 933 1938 987 resurrectionis

358 1016 618 1083 emergit;
672 1026 731 1068 ut
780 1017 950 1069 discat
994 1017 1223 1072 humana
1268 1019 1524 1087 fragilitas
1552 1022 1617 1076 de
1646 1023 1935 1079 visibilibus

356 1103 671 1166 invisibilia,
713 1112 769 1158 et
796 1102 861 1157 de
894 1105 1243 1172 praesentibus
1288 1108 1460 1163 futura
1509 1125 1849 1180 cogno~cere,
1882 1123 1936 1168 et

352 1210 513 1263 spem
545 1204 780 1248 ventura:
797 1196 1032 1248 melioris
1061 1199 1251 1258 artatis,
1273 1199 1511 1267 deposita
1538 1201 1932 1268 desperatione,

354 1284 636 1352 percipiat.
669 1286 819 1338 Nunc
846 1287 1003 1337 etiam
1037 1288 1190 1339 tellus
1219 1290 1387 1341 sterili
1428 1289 1601 1357 rigore
1629 1293 1929 1359 conclusas,

352 1374 510 1435 quasi
540 1375 677 1427 virili
707 1376 913 1428 semine
944 1374 1040 1428 hoc
1070 1391 1233 1429 verno
1264 1386 1502 1447 tempore
1528 1392 1804 1449 concepto,
1836 1399 1929 1437 oc-

351 1464 513 1517 cultis
534 1466 779 1517 maritata
806 1466 1089 1530 meatibus,
1120 1480 1281 1521 venas
1320 1469 1461 1522 laxat
1502 1472 1564 1521 ad
1600 1481 1829 1538 partum.
1865 1474 1932 1527 Et

351 1555 477 1609 hinc
497 1554 641 1624 quod
674 1555 877 1608 deliciis
905 1571 1087 1617 suave,
1116 1558 1254 1625 quod
1281 1560 1394 1612 esui
1436 1560 1611 1623 dulce,
1646 1565 1783 1629 quod
1812 1566 1928 1618 usui

347 1648 500 1711 utile,
525 1646 670 1714 quod
698 1647 857 1700 victui
887 1648 1269 1715 necessarium,
1293 1650 1431 1717 quod
1458 1650 1591 1704 visui
1611 1652 1924 1719 jucundum,

2052 487 2182 542 dare
2207 503 2472 543 curemus.

2649 604 2860 663 EPIST.
2907 608 3013 664 Vll.

2048 684 2264 739 Domino
2304 706 2397 743 suo
2441 694 2761 774 peculiariter
2804 698 2876 774 in”
2903 698 3101 774 Citristo
3142 715 3357 774 patrona
3397 708 3612 768 Bassum

2568 766 2803 832 episcopo
2838 768 3093 823 Ruricius.

2112 846 2279 913 Quam
2312 866 2397 904 me
2425 852 2646 923 diligere
2688 868 2868 910 sancta
2918 861 3102 926 iietas,
3144 872 3198 917 et
3238 866 3320 934 pia
3360 872 3609 925 sanctitas

2041 950 2213 993 va-stra
2259 944 2507 1014 dignetur
2552 952 2864 1007 multimodo
2912 957 3150 1025 probatis
3194 959 3425 1027 affectu,
3477 964 3605 1017 dum

2040 1028 2256 1097 legenda
2284 1040 2659 1106 transmittitis,
2713 1056 2762 1097 et
2792 1046 3028 1114 neglecta
3056 1050 3335 1120 corrigitis,
3367 1053 3607 1108 dilectio-

2038 1135 2156 1174 nem
2181 1123 2448 1193 tbligendo
2472 1134 2801 1198 provocatis;
2835 1146 2887 1189 et
2916 1140 3056 1207 quod
3088 1142 3383 1209 praedicatis
3405 1147 3600 1211 verbis,

2035 1208 2237 1264 docetis
2282 1219 2562 1285 exemptis.
2606 1223 2709 1276 Sed
2752 1229 2999 1294 quoniam
3044 1245 3226 1286 semen
3274 1245 3509 1291 vestrum
3552 1239 3601 1291 in

2035 1306 2173 1354 terra
2205 1310 2329 1357 steri
2346 1307 2379 1359 li
2396 1320 2451 1361 et
2468 1310 2684 1365 dumosa
2714 1330 2817 1368 non
2848 1319 3076 1384 proficit,
3098 1330 3279 1390 utpote
3298 1341 3416 1392 qua:
3439 1330 3602 1382 senti-

2033 1388 2130 1443 bus
2153 1402 2677 1458 supercrescentibtts
2712 1405 3021 1474 suffocatur,
3038 1427 3103 1464 ne
3139 1413 3277 1467 sicut
3312 1415 3600 1471 infructuo-

2032 1496 2143 1534 sam
2167 1484 2309 1539 illam
2334 1489 2607 1546 liculneam
2636 1497 2912 1565 mejubeat
2941 1494 3190 1557 Dominus
3212 1506 3403 1575 vineae,
3440 1524 3597 1578 quam

2032 1580 2177 1627 tanto
2209 1586 2447 1645 tempore
2475 1585 2826 1654 nequidquam
2870 1600 3161 1657 exspectat,
3188 1594 3459 1662 abscindi;
3506 1614 3598 1652 vos

2030 1665 2355 1721 severiorem
2383 1676 2702 1727 sententiam
2736 1679 2937 1732 orando
2962 1680 3192 1750 differte,
3217 1684 3385 1741 donec
3400 1688 3596 1744 doctri-

343 1738 488 1804 quod
515 1739 739 1792 olfactui
770 1748 998 1806 gratum,
1050 1740 1188 1807 quod
1239 1742 1397 1794 tactui
1449 1741 1719 1811 blandutn,
1768 1759 1927 1799 omne
1958 1762 2005 1821 Β
2034 1768 2114 1806 na:
2166 1767 2352 1812 vestrae
2385 1760 2409 1798 b
2457 1763 2775 1833 pinguedine
2824 1779 3068 1841 unquam
3113 1786 3266 1831 ,εἴη
3299 1780 3595 1836 amaritudo

348 1829 620 1897 producit.
679 1828 952 1898 Siquidem
1004 1828 1118 1883 haec
1165 1840 1248 1885 est
1301 1832 1387 1884 illa
1442 1836 1759 1902 temperies,
1809 1852 1927 1904 quae

346 1921 534 1974 mundi
570 1924 840 1975 nascentis
871 1921 1168 1987 materiam,
1219 1923 1367 1991 quasi
1410 1924 1583 1979 adhuc
1626 1927 1677 1979 in
1710 1927 1928 1981 incuna-

345 2011 488 2064 bulis
519 2020 762 2065 teneram
811 2012 863 2064 in
893 2012 1096 2078 gremio
1142 2012 1370 2080 quodam
1397 2014 1824 2070 clementissimae
1849 2019 1925 2070 al-

344 2101 493 2154 tricis
517 2101 801 2168 complexu
832 2101 1086 2164 nutrivit;
1117 2118 1182 2154 ne
1204 2103 1556 2157 substantiam
1580 2107 1723 2161 nullo
1745 2108 1922 2163 labore

340 2193 589 2244 duratam
636 2200 730 2257 aut
773 2192 990 2245 :estivus
1034 2191 1214 2245 fervor
1239 2202 1509 2261 exureret,
1553 2206 1644 2250 aut
1681 2197 1921 2253 hiemalis

336 2284 495 2350 algor
525 2284 907 2351 ex~tingueret,
956 2293 1046 2337 aut
1093 2293 1372 2339 ventorum
1418 2287 1580 2341 ﬂabra
1621 2301 1914 2357 portarent.

337 2372 514 2426 liabet
542 2373 719 2441 itaque
742 2384 1021 2441 susceptus
1049 2383 1170 2429 tuus
1198 2379 1759 2435 convenientissimum
1785 2391 1919 2437 tem-

333 2477 459 2529 pus,
492 2478 601 2530 quo
648 2463 809 2517 animi
841 2464 1086 2518 socordia
1130 2466 1343 2522 tandem
1382 2470 1665 2538 aliquando
1696 2480 1723 2508 ι
1750 2473 1916 2543 depo-

329 2557 460 2619 sita,
490 2554 869 2610 hebetudinem
895 2558 1072 2613 cordis
1098 2570 1340 2615 exacuat.
1365 2560 1490 2616 Etsi
1514 2563 1651 2618 inter
1674 2565 1915 2620 homines

329 2646 641 2701 declamare
668 2663 773 2702 non
801 2657 996 2717 potest,
1024 2651 1210 2705 saltem
1238 2653 1377 2706 inter
1397 2655 1627 2723 pecudes
1652 2656 1907 2724 clamare,

326 2744 427 2787 aut
454 2736 595 2790 inter
618 2737 864 2792 volucres
882 2741 1085 2808 garrire
1112 2740 1345 2796 festinet.

954 2870 1168 2925 EPIST.
1210 2872 1298 2927 Vl.

322 2955 557 3010 Domino
583 2968 756 3012 sancto
784 2968 833 3011 et
855 2960 1077 3084 piisng
1094 2959 1256 3045 ⁸ἔξαιιή
1284 2962 1577 3031 Nepotiano
1615 2967 1906 3037 presbytero

1027 3047 1234 3084 unctus.

1027 3047 1234 3085 unctus.

399 3136 625 3192 Codices
667 3154 799 3208 quos
844 3142 1097 3195 sanctitas
1137 3150 1316 3197 vestra
1355 3145 1649 3200 transmisit
1697 3149 1899 3216 accepi,
1933 3110 1978 3172 ο

319 3227 632 3295 eloquentia
664 3230 861 3295 claros,
911 3232 1133 3285 scientia
1182 3235 1464 3301 perfectos,
1503 3234 1744 3292 doctrina
1774 3254 1905 3309 pro-

319 3318 451 3381 bos,
484 3318 606 3372 fidei
630 3321 855 3385 puritate
885 3322 1220 3389 pexspicuos;
1253 3325 1340 3392 qui
1365 3340 1637 3381 sacrorum
1666 3332 1905 3384 testimo-

319 3412 539 3461 niorum
574 3409 816 3464 ubettate
846 3412 1153 3479 locupletes,
1202 3416 1516 3471 auctoritate
1565 3430 1897 3485 praestantes,

316 3498 445 3550 luce
472 3499 755 3566 fulgentes,
806 3500 959 3555 facile
1002 3512 1055 3556 et
1084 3503 1313 3557 fidelium
1346 3516 1551 3560 mentes
1575 3508 1895 3577 illuminent,

315 3600 372 3642 et
411 3588 703 3643 infidelium
725 3606 936 3645 errores
954 3592 1200 3663 detegant
1224 3605 1380 3663 atque
1399 3612 1498 3650 con
1509 3599 1735 3653 vincant.
1758 3602 1899 3667 Quo-

318 3695 443 3731 rum
469 3693 570 3747 ego
595 3689 749 3747 gustu
776 3681 1062 3734 admodum
1097 3684 1241 3736 tenui
1270 3685 1523 3752 pellecms
1551 3690 1723 3754 potius
1740 3705 1897 3758 quam

320 3769 577 3831 refectus,
630 3770 693 3822 ad
722 3770 1015 3825 satietatem
1045 3783 1261 3841 propter
1306 3776 1690 3831 sollicitudines
1717 3780 1896 3834 saeculi

317 3862 609 3927 pervenire
638 3876 739 3914 non
788 3865 955 3931 potui.
990 3863 1137 3917 Sicut
1165 3866 1304 3919 enim
1332 3870 1640 3922 stomachus
1668 3886 1787 3923 cum
1819 3872 1897 3926 fe-

314 3955 369 4004 ιιε
391 3954 499 4005 ium
531 3954 723 4006 ardore
746 3953 1082 4021 decoquitur,
1115 3955 1299 4010 dulces
1346 3957 1445 4011 sibi
1471 3970 1595 4013 ante
1618 3961 1766 4015 cibos
1796 3977 1894 4017 nec

308 4043 531 4095 oblatos
557 4057 652 4096 ore
679 4044 884 4110 recipit,
932 4060 1028 4097 nec
1060 4047 1285 4113 requirit
1312 4048 1547 4116 ablatos;
1594 4050 1664 4103 ita
1692 4059 1746 4105 et
1772 4049 1891 4103 ani-

309 4146 438 4184 mus
462 4131 746 4185 mundanis
764 4134 1119 4189 anxietatibus
1146 4138 1391 4206 curisque
1412 4140 1704 4206 confectus,
1734 4140 1891 4208 spiri-

306 4222 451 4276 tales
481 4223 647 4288 dapes
676 4239 773 4277 nec
801 4224 1068 4278 desiderat
1095 4227 1362 4293 absentes,
1396 4244 1492 4283 nec
1520 4232 1686 4298 carpit
1719 4246 1889 4301 appo-

306 4316 468 4374 sitas,
519 4327 617 4367 nec
662 4314 823 4367 sentit
872 4316 1096 4370 infusas.
1141 4317 1269 4382 Qua:
1308 4334 1428 4372 cum
1482 4320 1550 4372 ita
1601 4335 1660 4374 se
1704 4321 1757 4373 in
1804 4338 1888 4378 me

305 4404 571 4469 habeant,
594 4420 686 4457 vos
706 4414 881 4459 tamen
904 4417 958 4460 et
986 4406 1053 4475 pii
1078 4410 1307 4475 parentis
1325 4410 1586 4478 probastis
1616 4412 1881 4479 affectum,

304 4504 369 4549 et
400 4494 615 4546 solliciti
668 4494 901 4562 magistri
949 4496 1335 4563 ministerium,
1384 4510 1433 4553 et
1479 4501 1647 4555 seduli
1691 4505 1882 4560 medici

304 4585 574 4652 implestis
617 4585 871 4643 ofliciutn.
918 4593 975 4637 ut
1017 4587 1105 4639 tali
1154 4589 1312 4641 taedio
1354 4589 1611 4646 laboranti
1644 4594 1878 4649 medica-

306 4692 492 4730 menta
518 4692 752 4743 congrua
785 4677 1088 4731 mitteretis.
1140 4680 1341 4744 Quibus
1391 4690 1444 4737 ct
1473 4696 1688 4753 propter
1719 4690 1885 4757 negli-

302 4765 546 4833 gentiam
580 4780 752 4818 meam
792 4779 890 4832 ego
933 4781 1039 4820 non
1087 4769 1239 4822 valeo
1268 4773 1517 4840 consequi
1548 4776 1878 4843 sospitatem.

305 4857 419 4911 Vos
449 4867 624 4909 tamen
644 4855 949 4923 percipietis
975 4873 1001 4909 a
1028 4858 1171 4925 justo
1192 4872 1535 4928 repensatore
1554 4868 1875 4934 mercedem,

303 4948 399 5014 qui
431 4946 590 4998 etiam
620 4960 718 5012 pro
742 4946 960 5013 ingratis
985 4958 1163 5015 grates
1203 4950 1486 5007 benevolas
1525 4958 1721 5011 referre
1749 4974 1877 5012 Con-

300 5039 505 5089 suevit.
533 5035 730 5086 llornm
759 5049 857 5102 ego
886 5037 1232 5103 praefatorum
1263 5042 1501 5096 codicum
1533 5062 1714 5112 unum,
1745 5050 1882 5103 sicut

292 5124 563 5192 iussistis,
611 5123 825 5189 retinui,
876 5126 1036 5179 alium
1065 5131 1266 5196 remisi,
1299 5147 1454 5200 quem
1492 5135 1549 5189 S.
1581 5135 1760 5190 Hilarii
1796 5140 1880 5194 Pi-

294 5231 479 5270 ctava:
528 5214 675 5268 urbis
720 5216 974 5269 antistitis
1030 5233 1151 5272 esse
1212 5224 1486 5276 noveritis.
1549 5226 1697 5291 Quod
1755 5232 1876 5298 quia

293 5307 705 5375 praeceperatis,
758 5305 994 5361 indicare
1039 5312 1240 5387 curavi.
1275 5311 1424 5366 Hunc
1454 5329 1578 5367 vero
1609 5326 1872 5373 retentum

288 5398 612 5468 permittitis
661 5397 982 5467 transferre;
1028 5400 1287 5470 disposui,
1332 5415 1387 5457 ut
1423 5407 1565 5474 quod
1598 5412 1868 5467 memoria:

370 5546 404 5573 ι
436 5534 534 5588 bis.
566 5534 620 5588 in
650 5534 888 5602 margine
907 5536 1168 5588 detestata.

361 5609 395 5645 ιι
433 5606 555 5661 Ηέ..
580 5605 839 5672 pinguitie.

550 5696 818 5753 Ριτιιοι.
884 5695 1101 5755 LVlll.

2030 1841 2353 1901 infructuosa
2399 1850 2687 1907 dulcescat.
2740 1856 2841 1912 Sed
2875 1862 3123 1928 quoniam
3167 1866 3284 1932 plus
3307 1876 3432 1921 sunt
3457 1872 3593 1938 apud

2026 1946 2111 1986 me
2131 1934 2321 1989 delicta
2351 1955 2506 2008 quam
2558 1945 2748 2011 verba,
2796 1964 2895 2004 nec
2941 1968 3154 2020 possum
3204 1957 3341 2013 facta
3380 1934 3593 2030 expiare

2022 2026 2387 2093 sermonibus,
2436 2030 2746 2101 obsequium
2788 2040 2977 2095 saltem
3005 2044 3293 2111 epistulare
3325 2048 3589 2117 dependo,

2021 2117 2076 2162 et
2104 2111 2313 2179 librum,
2364 2134 2518 2187 quem
2566 2126 2953 2193 prmstiteratis,
3004 2148 3089 2188 me
3116 2137 3386 2192 remisisse
3423 2141 3589 2208 signi-

2021 2198 2139 2253 fico.
2172 2202 2367 2269 Alium,
2415 2211 2504 2277 qui
2552 2212 2844 2270 identidem
2883 2223 3075 2276 vestris
3105 2226 3286 2280 usibus
3337 2245 3477 2284 nunc
3498 2246 3591 2285 ue-

2018 2291 2281 2344 t-essarius
2312 2311 2415 2349 non
2444 2311 2545 2367 est,
2591 2317 2750 2371 spero
2801 2322 2894 2375 per
2935 2312 3243 2377 portitorem
3275 2315 3459 2371 harum
3492 2335 3581 2374 re-

2018 2380 2174 2432 tnitti.
2197 2382 2433 2440 Jubeatis
2454 2390 2609 2445 simul
2632 2397 2773 2462 quod
2800 2399 2843 2451 si
2870 2403 3092 2469 propitio
3114 2404 3223 2460 Deo
3237 2407 3303 2460 ad
3328 2409 3585 2464 Solemni-

2016 2477 2176 2526 tatem
2202 2489 2505 2535 Sanctorum
2528 2485 2767 2552 gurdone
2791 2488 2984 2546 abituri
3024 2495 3163 2560 sitis,
3194 2501 3583 2555 recurrentibus

2014 2562 2150 2618 scire
2179 2565 2398 2622 faciatis.

2606 2710 2823 2768 EPIST.
2868 2716 3000 2772 Vlll.

2014 2783 2232 2840 Domino
2253 2805 2345 2843 suo
2380 2798 2625 2883 peculiari
2656 2802 2706 2883 in
2732 2803 2931 2883 Christo
2956 2809 3173 2883 Domino
3205 2824 3420 2883 patrono
3445 2828 3467 2857 ε
3492 2818 3577 2875 Si-

2447 2866 2601 2922 donio
2623 2873 2857 2941 episcOpo
2886 2877 3147 2934 Ruricius.

2080 2967 2498 3033 Przedicantibus
2531 2983 2703 3051 vobis,
2746 2989 2941 3056 saepius
2987 2995 3201 3051 audisse
3242 3013 3327 3053 me
3372 3004 3574 3073 recolo,

2010 3060 2311 3118 nullatenus
2340 3068 2410 3122 ab
2451 3071 2816 3142 iniquitatibus
2858 3096 2956 3137 nos
3000 3099 3158 3153 posse
3196 3093 3430 3159 purgari,
3476 3096 3576 3151 nisi

2010 3150 2262 3237 fuerimus
2292 3160 2511 3215 crimina
2545 3177 2746 3236 nostra,
2794 3178 3119 3231 conscientia
3160 3195 3571 3255 compungente,

2248 3234 2253 3237 _
2734 3234 2741 3236 _
3234 3234 3571 3255 ητ--κον---η

2006 3241 2256 3297 confessi.
2307 3246 2438 3314 Quis
2466 3255 2627 3317 enim,
2681 3273 2788 3313 non
2831 3262 3004 3319 dicam
3046 3250 3320 3340 Consequi,
3364 3277 3459 3330 sed
3489 3279 3571 3333 vel

2006 3346 2249 3398 quaerere
2277 3350 2437 3406 queat
2475 3346 2876 3416 indulgentiam,
2926 3357 3028 3410 nisi
3056 3358 3408 3429 deplorationi
3439 3382 3573 3421 con-

2005 3422 2293 3481 fessionem
2313 3433 2513 3487 erroris
2532 3436 2823 3508 adjungat?
2844 3444 2973 3509 Quia
2996 3422 3147 3503 error
3168 3451 3567 3523 indulgentiam,

2003 3526 2106 3567 non
2155 3516 2482 3588 indulgentia
2526 3528 2745 3594 requirit
2784 3546 3044 3590 errorem.
3090 3527 3241 3603 Quod
3288 3516 3388 3613 ego
3418 3516 3571 3602 valde

2000 3613 2181 3658 serum
2211 3621 2331 3660 esse
2360 3625 2710 3680 cognoscens,
2742 3618 2948 3675 facinus
2978 3640 3153 3679 meum
3184 3645 3352 3699 nuper
3372 3634 3571 3691 admis-

1999 3708 2140 3761 sum,
2187 3698 2368 3766 pietati
2416 3716 2610 3760 νοείτω
2658 3708 2892 3765 indicare
2936 3729 3041 3769 non
3083 3698 3285 3775 distuli.
3314 3722 3389 3777 Ne
3427 3728 3567 3793 quod

1998 3787 2157 3841 modo
2180 3790 2439 3857 prodente
2463 3810 2547 3849 me
2567 3807 2772 3864 spectat
2800 3802 2866 3857 ad
2906 3805 3139 3877 veniam,
3184 3820 3395 3871 tacente
3424 3787 3569 3886 post-

1999 3878 2212 3932 modum
2242 3884 2533 3947 pertineret
2556 3887 2621 3942 ad
2650 3892 2884 3960 culpam.
2930 3896 3032 3952 Sed
3050 3900 3159 3969 jam
3193 3905 3363 3973 ipsum
3386 3878 3564 3967 dolum

1997 3969 2317 4036 proferimus
2345 3973 2397 4027 in
2431 3977 2685 4032 medium.
2719 3983 2867 4038 Furti
2893 4002 2981 4041 me
3010 3992 3163 4046 vobis
3188 3969 3338 4051 reum
3367 4009 3563 4065 statuo,

1996 4067 2051 4112 et
2076 4059 2378 4130 depositum
2407 4077 2639 4123 vestrum
2664 4087 2770 4137 me,
2792 4075 3160 4144 ignorantibus
3184 4087 3353 4154 vobis,
3382 4059 3564 4146 illicito

1993 4157 2399 4223 przesumpsisse
2440 4165 2747 4229 pronuntio.
2792 4168 2940 4236 Quod
2970 4182 3026 4228 ut
3053 4184 3227 4231 tamen
3257 4184 3559 4239 committe-

1996 4260 2130 4308 rem,
2154 4251 2493 4306 occasionem
2529 4260 2871 4326 perpetrandi
2912 4263 3160 4321 facinoris
3191 4284 3283 4324 vos
3311 4271 3558 4334 dedistis.

1990 4331 2082 4391 a'ut
2112 4347 2373 4397 tentantes
2401 4347 2673 4414 cupidum,
2696 4364 2788 4406 aut
2813 4355 3080 4412 indoctum
3109 4362 3323 4418 erudire
3342 4366 3560 4435 cupien-

1918 4464 1966 4522 Β
1992 4439 2090 4483 tes.
2124 4430 2370 4488 Codicem
2419 4453 2665 4509 namque,
2714 4458 2870 4512 quem
2900 4449 2967 4501 de
2994 4449 3158 4506 fratre
3189 4470 3311 4509 meo
3336 4430 3558 4514 Leontio

1993 4535 2076 4575 me
2098 4523 2338 4593 recipere
2360 4527 2658 4597 jusseratis,
2708 4538 3041 4594 transtulisse
3069 4558 3156 4597 me
3185 4544 3375 4603 fateor.
3404 4549 3553 4617 Quod

1992 4612 2036 4664 si
2059 4614 2320 4680 probatis,
2352 4614 2378 4652 ἀ
2408 4618 2701 4686 ignoscite;
2724 4624 2768 4677 si
2800 4627 3087 4695 imputatis,
3114 4612 3551 4707 agnosciterQuia

1990 4701 2307 4757 confessioni
2354 4711 2564 4774 querela
2610 4711 2861 4768 sociatur.
2911 4716 3041 4773 Nam
3075 4701 3386 4789 primumut
3429 4746 3550 4787 eum

1992 4788 2220 4857 l--gerem
2247 4793 2488 4849 voluntas
2511 4796 2739 4866 impulit.
2784 4803 2984 4861 Deinde
3011 4788 3099 4864 ille
3130 4822 3186 4865 ut
3232 4800 3546 4874 transferre-

1988 4887 2074 4934 tur
2120 4883 2363 4939 extorsit.
2412 4886 2543 4942 Nam
2592 4906 2711 4946 cum
2760 4895 2828 4950 de
2882 4898 3108 4968 dapibus
3165 4906 3329 4973 ipsius
3375 4911 3543 4970 adbut

1987 4985 2150 5034 pauca
2176 4973 2443 5043 libassem,
2492 4980 2667 5036 taliter
2703 5001 2791 5041 me
2830 5000 2987 5057 gustu
3020 4993 3315 5054 illecebrosi
3342 5006 3547 5072 saporis

1980 5060 2169 5130 illexit,
2196 5074 2250 5117 ut
2283 5067 2435 5133 primi
2459 5072 2852 5139 quodammodo
2895 5088 3128 5149 parentis
3160 5060 3421 5160 imitator,
3444 5093 3548 5148 Do-

1981 5153 2124 5204 mino
2170 5166 2388 5221 repente
2416 5168 2747 5230 Contempto,
2796 5169 2859 5220 ad
2900 5174 3199 5231 satietatem
3248 5153 3542 5235 ειιιάιιέι-ἰιιι

1981 5244 2286 5307 pervenire;
2337 5247 2612 5317 magisque
2640 5258 2921 5313 consilium
2954 5266 3226 5322 suadentis
3256 5286 3413 5337 quam
3445 5273 3544 5324 im-

1980 5332 2182 5397 perium
2206 5332 2529 5393 dominantis
2557 5344 2836 5403 audierim.
2869 5350 3000 5406 Nam
3025 5365 3081 5409 ut
3108 5332 3288 5411 omnia
3312 5360 3543 5428 pectoris

1979 5422 2080 5475 mei
2126 5436 2316 5479 arcana
2362 5429 2729 5501 manifeslem,
2776 5439 2995 5496 videbar
3039 5446 3167 5499 mihi
3209 5447 3330 5501 libri
3376 5449 3541 5518 ipsius

2049 5562 2071 5643 ξ
2093 5553 2579 5643 Arvernorum
2597 5567 2783 5643 episc.,
2801 5569 3363 5643 isqueceleberrimus.
3381 5582 3535 5643 Bassi.

2044 5622 2071 5657 εί
2096 5623 2254 5683 Forte
2280 5633 2571 5700 agnoscite;
2596 5622 2645 5689 si
2663 5622 3211 5709 imputaiis'igrtos'cite.

3153 5735 3191 5793 3
