4022 6168
432 264 504 318 75
1775 253 2032 312 RURICII
2071 255 2374 314 EPISCOPI
3621 262 3689 317 τε

437 377 595 431 verba
626 369 960 430 adhortantis
981 368 1167 424 audire
1192 386 1203 421 :
1227 367 1363 434 Quid
1402 381 1606 435 cessas,
1635 368 1860 438 ingrate,
1888 370 2013 438 quid
2045 380 2096 433 Α
2122 372 2356 442 ambigo.
2396 373 2530 428 Cum
2577 381 2631 429 et
2678 388 2772 428 vos
2812 372 3093 429 abundetis
3142 373 3465 440 tabeitoriis,
3507 384 3562 430 et
3603 393 3692 435 me

432 464 677 519 dubitas?
704 463 851 518 Nosti
880 476 1002 531 erga
1024 468 1078 514 te
1096 458 1399 514 communis
1420 460 1630 513 Domini
1660 460 2006 525 voluntatem,

431 573 591 626 quam
637 554 862 609 diversis
906 550 1280 606 occasionibus
1331 559 1382 605 te
1428 552 1651 605 elimare
1697 551 2008 616 contendat,

432 665 588 720 quam
616 650 709 704 tibi
740 648 901 703 etiam
931 646 1098 699 invito
1124 643 1394 713 spiritales
1434 642 1583 697 cibos
1626 644 1798 697 soleat
1840 643 2011 697 bonus

433 751 614 811 pastor
642 741 905 809 ingerere.
951 736 1077 791 Mihi
1108 735 1290 800 crede,
1339 734 1457 803 plus
1488 733 1607 799 tibi,
1648 737 1693 786 si
1719 734 2009 797 distuleris,

430 850 589 906 quam
631 832 970 888 transtuleris
1006 828 1308 898 imputabit.
1366 826 1500 893 Quia
1532 824 2009 897 studiosis_favere,

430 944 538 982 non
567 925 807 981 invidere
832 922 1129 977 consuevit.
1180 919 1272 974 His
1302 928 1357 974 et
1398 918 1594 972 talibus
1622 918 1843 973 silentio
1877 919 2012 972 allo-

431 1020 571 1090 quiis
594 1020 645 1073 in
663 1014 873 1072 vincula
891 1015 1009 1083 ejus
1036 1028 1120 1067 me
1144 1012 1477 1065 voluntarius
1502 1013 1699 1080 pariter
1714 1020 1768 1064 et
1793 1020 2013 1064 coactus

431 1119 623 1178 sponte
639 1105 871 1174 conieci,
891 1104 956 1158 ad
974 1118 1126 1158 exem
1136 1101 1385 1171 plandttm
1405 1116 1529 1155 eum
1552 1101 1771 1155 festinus
1788 1101 2011 1163 accessi,

431 1202 599 1270 Quem
632 1200 813 1254 nescio
840 1208 1043 1259 utrum,
1086 1194 1223 1247 sicut
1254 1201 1358 1256 εει,
1410 1192 1793 1260 transcriptum
1821 1205 1887 1243 an
1918 1205 2013 1259 pa-

432 1307 603 1351 ratum
650 1293 875 1348 reddere
920 1289 1144 1343 debeam
1199 1286 1252 1340 in
1291 1294 1472 1339 vestro
1522 1285 1719 1353 pendet
1763 1274 1935 1338 arbitr
1956 1297 2005 1336 0.

433 1386 545 1456 Ego
589 1394 767 1439 tamen
798 1381 971 1435 libens
1021 1377 1243 1431 multam
1297 1389 1457 1445 quam
1503 1372 1812 1436 intuleritis,
1860 1373 1979 1426 exci

432 1475 603 1543 piam;
649 1472 773 1542 quia
832 1468 1128 1525 remedium
1176 1481 1355 1520 meum
1398 1474 1635 1518 vestrum
1682 1463 1844 1517 credo
1888 1476 2010 1516 esse

432 1566 735 1628 decretum,
787 1570 844 1617 et
893 1561 1211 1614 sententiam
1263 1564 1496 1610 vestram
1542 1553 1807 1608 medelam
1871 1554 2011 1606 duco

433 1669 574 1720 esse,
601 1668 705 1707 non
738 1664 970 1720 pinnam.

1054 1779 1268 1833 EPIST.
1311 1778 1403 1832 IX.

434 1876 655 1932 Domino
681 1872 932 1945 peculiari
972 1873 1026 1924 in
1065 1868 1270 1991 Cllsriato
1302 1868 1519 1923 Domino
1547 1877 1760 1939 patrono
1796 1846 2015 1923 Sidonio

1142 1955 1354 1991 unctas.

1142 1955 1354 1993 111⁸112188.

505 2035 580 2090 Ita
610 2048 694 2087 me
722 2044 915 2087 recens
959 2029 1301 2098 praedicatio,
1344 2037 1398 2082 et
1434 2028 1652 2098 antiqua
1681 2028 1898 2082 dilectio
1927 2043 2016 2082 ve.

435 2135 561 2181 ιιι-ω
592 2124 804 2193 pietatis
844 2120 1056 2184 illexit,
1086 2128 1147 2172 ut
1169 2118 1396 2172 audeam
1426 2118 1644 2172 auribus
1672 2119 1865 2172 vestris
1898 2118 2015 2171 ine—

436 2216 562 2285 ptiis
602 2214 735 2268 meis
783 2209 961 2265 facere
1013 2208 1209 2276 saepius
1251 2207 1535 2276 injuriam;
1583 2206 1710 2261 dum
1758 2218 2013 2272 vestram,

436 2316 692 2379 quantum
715 2302 883 2357 sterili
910 2303 1180 2370 ingeniolo
1209 2300 1545 2365 conceditur,
1575 2302 1840 2369 attingere
1860 2302 2017 2367 cupio

437 2395 794 2464 disciplinam.
838 2393 1009 2457 Quam
1049 2389 1150 2445 etsi
1202 2392 1414 2458 assequi
1463 2391 1663 2459 grande
1700 2401 1811 2456 est,
1856 2402 2017 2458 atque

437 2488 686 2557 difﬁcile,
715 2488 867 2559 sequi
898 2497 1074 2542 tamen
1117 2487 1394 2556 pulcbrnm
1442 2496 1525 2541 est
1566 2501 1725 2556 atque
1764 2487 2014 2542 sublime.

438 2582 699 2651 Quoaiam
734 2568 1073 2636 ‘sutumarum
1125 2596 1302 2635 rerum
1355 2596 1461 2633 non
1509 2580 1723 2648 adeptio
1771 2589 2014 2648 tantum,

437 2673 531 2728 sed
561 2672 722 2727 etiam
757 2672 979 2725 imitatio
1010 2672 1120 2741 ipsa
1143 2669 1377 2737 jucunda
1417 2679 1519 2727 est.
1561 2670 1693 2736 Quia
1745 2685 2017 2740 numquam

438 2765 551 2820 fere
594 2762 787 2831 aliquis
820 2762 937 2831 ejus
962 2762 1040 2817 rei
1071 2764 1318 2830 portione
1352 2760 1419 2813 ad
1453 2763 1715 2829 integrum
1743 2770 1918 2823 caret,
1951 2761 2017 2814 ad

440 2870 598 2927 qustu
641 2852 903 2910 scandere
946 2867 1010 2905 ac
1060 2850 1340 2920 pervenire
1381 2851 1732 2905 contenderit.
1768 2850 2020 2904 Desidero

440 2952 652 3019 itaque,
689 2946 908 3001 domine
949 2945 1056 3011 mi,
1104 2943 1386 3008 desidero,
1435 2944 1684 3009 inquam,
1733 2943 1836 2997 tuis
1886 2942 2019 2997 cibis

440 3039 621 3101 reﬁci,
669 3044 761 3089 tuo
803 3035 947 3089 fonte
987 3033 1188 3102 potari,
1232 3034 1337 3087 tuis
1383 3033 1575 3101 repleri
1616 3031 1872 3101 dapibus,
1917 3032 2019 3084 tuis

441 3130 617 3199 epulis
645 3127 877 3197 saginari
914 3143 925 3179 :
959 3140 1091 3195 quas
1117 3125 1165 3180 si
1186 3126 1306 3194 quis
1326 3169 1340 3191 ,
1372 3123 1811 3178 distribuentibus
1836 3121 1984 3175 vobis
2002 3161 2017 3187 ,

443 3238 549 3277 non
579 3235 792 3277 summo
816 3236 910 3275 ore
940 3220 1218 3283 Iibaverit,
1267 3218 1361 3271 sed
1403 3218 1526 3270 totis
1566 3208 2019 3269 anintm'visceri-

443 3315 545 3367 bus
571 3320 829 3381 appetens
856 3310 1079 3365 conviva
1110 3307 1378 3363 sorbuerit
1399 3349 1415 3372 ,
1447 3317 1609 3376 atque
1637 3308 1822 3360 intimo
1844 3314 2026 3374 pecto-

443 3402 518 3456 ris
568 3400 909 3471 postmodum
957 3399 1174 3453 easdem
1230 3399 1597 3451 ruminaturus
1642 3395 2019 3460 absconderit;

444 3494 665 3563 incipiet
715 3493 944 3548 assiduis
995 3491 1385 3545 ructationibus
1436 3490 1488 3544 in
1542 3490 1753 3544 laudem
1811 3490 2021 3543 Domini

444 3585 826 3654 omnipotentis
847 3598 1161 3653 erumpere;
1194 3582 1421 3637 refertus
1451 3583 1639 3648 corde,
1671 3596 1764 3636 ore
1787 3581 2022 3651 jejunus.

444 3676 570 3730 dum
619 3684 767 3729 satur
800 3676 998 3735 esurit.
1028 3683 1083 3727 et
1110 3682 1381 3727 saturatur
1423 3674 1701 3737 esuriens;
1752 3674 1919 3741 magis
1972 3672 2024 3725 in

443 3769 849 3838 regeneratione
879 3767 1220 3822 siturandus.
1251 3767 1362 3822 Nec
1388 3767 1580 3823 deesse
1610 3768 1805 3836 poterit
1834 3768 1985 3822 cibus
2005 3806 2022 3833 ,

444 3858 597 3927 cujus
627 3870 808 3926 pasuis
836 3858 889 3911 in
920 3858 1083 3910 verbo
1112 3864 1216 3911 est.
1261 3855 1331 3911 Ut
1366 3871 1466 3925 ego
1495 3856 1682 3912 harum
1712 3858 2024 3913 deliciarum

444 3950 711 4017 particeps
751 3960 874 4002 esse
912 3962 1123 4002 merear
1152 3947 1346 4001 vestris
1389 3948 1701 4016 patrociniis
1746 3947 2022 4013 obtinete,

445 4037 684 4108 mihique
709 4052 872 4106 supra
902 4050 1208 4091 mensnram
1244 4038 1438 4092 virium
1469 4037 1765 4093 connitenti
1805 4036 2027 4090 auxilia-

446 4140 590 4184 tores
629 4129 903 4193 accedite,
936 4129 1202 4197 simulque
1249 4138 1303 4182 et
1345 4130 1414 4182 ab
1455 4127 1583 4181 ovili
1623 4124 1777 4179 vobis
1822 4124 2026 4180 credito

447 4236 552 4276 non
601 4208 841 4275 inveniar
882 4219 1110 4272 alienus.
1142 4220 1333 4281 Orate,
1385 4225 1761 4284 errantemque
1794 4231 1947 4270 ovem
1995 4231 2024 4270 a

446 4310 658 4379 pascuis
692 4307 870 4365 saeculi
905 4307 971 4360 ad
1002 4308 1183 4359 caulas
1217 4304 1515 4359 dominicas
1557 4313 1860 4373 reportate;
1902 4305 2023 4374 quia

447 4400 658 4456 conﬁdo
707 4397 851 4469 quod
898 4394 1390 4459 intercessionibus
1442 4394 1634 4450 vestris
1687 4395 1801 4450 ﬁeri
1857 4397 2027 4466 possit

447 4504 635 4559 agnus,
667 4491 755 4557 qui
779 4496 954 4543 vester
982 4484 1242 4541 meruerit
1268 4498 1387 4541 esse
1417 4484 1731 4556 discipulus.

1077 4614 1292 4672 EPIST.
1332 4616 1398 4671 Χ.

665 4726 910 4797 Domino,
940 4730 1129 4796 pectori
1155 4747 1267 4794 suo,
1300 4729 1469 4800 Lupo,
1499 4740 1525 4768 ι
1551 4731 1816 4785 Ruricius.

519 4823 718 4891 Accepi
747 4823 953 4877 litteras
983 4824 1435 4892 magnanimitatis
1469 4831 1571 4877 tua:
1591 4865 1605 4885 ,
1640 4825 1833 4894 quibus
1862 4839 2029 4879 exeo-

448 4931 570 4970 sare
618 4916 854 4986 dignaris
899 4915 1039 4984 quod
1091 4924 1147 4969 ut
1192 4931 1280 4970 me
1341 4916 1514 4970 rarius
1563 4916 1880 4985 eloquentia:
1924 4927 2027 4971 tum

449 5020 570 5060 rore
600 5021 877 5075 respergas
911 5006 1073 5074 bajuli
1125 5006 1282 5061 faciat
1325 5007 1536 5075 inOpia;
1565 5007 1833 5076 simulque
1864 5008 2023 5061 etiam

452 5101 655 5156 indicas
697 5110 746 5154 te
776 5100 957 5154 mirari
999 5116 1116 5164 cur,
1165 5117 1285 5155 cum
1326 5103 1456 5155 mihi
1509 5117 1694 5157 eorum
1732 5104 2026 5171 frequentia

451 5204 718 5264 suppetat,
751 5193 1031 5249 verborum
1060 5208 1271 5262 quoque
1301 5193 1449 5263 copia
1479 5207 1689 5262 compta
1716 5211 1820 5248 non
1863 5195 2028 5261 desit,

452 5288 603 5342 vobis
646 5286 881 5342 scribere
922 5289 1116 5354 smpins
1147 5288 1461 5341 detrectent.
1493 5287 1643 5353 Quod
1684 5303 1777 5341 VUS
1805 5303 1896 5353 per
1925 5288 2034 5341 iro-

456 5377 633 5444 niam,
677 5387 737 5432 ut
784 5388 863 5432 est
904 5375 1101 5444 leporis
1129 5376 1290 5429 vestri
1337 5374 1615 5443 facundia,
1659 5378 1897 5446 jactasse
1928 5394 2032 5432 non

534 5584 555 5608 τι
589 5574 708 5627 Fuit
729 5574 1010 5641 episcopus
1040 5572 1399 5629 Tricassinus.

528 5642 553 5678 υ
596 5643 703 5696 Vox
734 5655 1004 5711 corrupta.

2112 463 2295 517 sciatis
2325 465 2568 518 laborare
2595 472 2832 533 egestate
2861 464 3145 529 sermonis,
3182 480 3245 519 ac
3273 467 3552 521 sterilitate
3578 470 3690 522 exi-

2113 552 2174 602 lis
2199 551 2420 619 ingenii,
2458 554 2602 606 velut
2623 552 2822 607 aestivis
2852 552 3125 606 mensibus
3154 554 3358 606 arentis
3385 568 3535 608 venae
3561 570 3690 608 cur-

2110 656 2226 692 sum
2256 640 2468 706 sudare,
2496 656 2601 694 non
2624 642 2809 696 fluere.
2826 640 3117 695 Addidistis
3137 642 3323 709 etiam,
3341 643 3476 696 sicut
3495 644 3689 698 Achilli

2113 729 2436 795 Patroclum,
2469 740 2561 785 aut
2599 731 2807 786 Herculi
2831 731 3119 796 Theseum,
3161 732 3247 786 vel
3282 732 3493 787 Theseo
3538 734 3689 805 Pyri-

2114 823 2322 888 thoum,
2380 823 2452 875 ita
2497 836 2593 876 vos
2630 822 2762 875 mihi
2808 822 3008 877 debere
3052 823 3265 877 sociari.
3299 822 3355 877 In
3383 822 3466 877 bis
3485 823 3692 879 fabulis

2115 916 2371 988 factisque
2412 919 2671 987 majorum
2709 934 2814 974 non
2855 918 3256 989 praerogativam
3308 932 3686 986 personarum.

2113 1008 2208 1063 sed
2257 1011 2712 1077 comparationem
2754 1010 3012 1064 debemus
3057 1007 3363 1063 dilectionis
3411 1009 3689 1076 accipere;

2114 1111 2171 1155 ut
2197 1106 2492 1155 amicorum
2520 1103 2821 1155 recolentes
2844 1103 3081 1166 nomini,
3107 1117 3394 1170 sequamur
3413 1107 3688 1171 exempta;

2114 1202 2169 1248 et
2193 1209 2379 1247 eorum
2410 1193 2465 1247 in
2497 1209 2596 1246 nos
2622 1193 2880 1247 vocabula
2908 1192 3311 1256 transferentes,
3337 1192 3525 1246 merita
3555 1207 3690 1245 con-

2114 1285 2386 1349 feramus;
2419 1294 2576 1352 atque
2598 1300 2661 1336 ex
2701 1286 2932 1351 ipsorum
2962 1285 3126 1352 gestis
3158 1282 3437 1351 magniﬁca
3468 1270 3691 1351 qumque

2114 1382 2170 1429 et
2208 1375 2431 1429 honesta
2478 1387 2795 1442 carpentes,
2828 1374 2950 1427 vita:
2980 1386 3181 1427 nostrae
3229 1374 3433 1427 utiliter
3469 1381 3683 1442 coopte-

2116 1482 2268 1531 mus;
2300 1478 2353 1521 et
2384 1470 2681 1521 serviamus
2729 1466 2883 1519 nobis
2914 1466 2965 1518 in
3008 1465 3229 1519 caritate
3283 1464 3541 1531 candida,
3583 1480 3687 1517 non

2118 1558 2424 1612 adulatione
2466 1558 2659 1611 fucata.
2704 1556 3130 1624 Studeamusque
3158 1555 3299 1625 quod
3347 1556 3401 1608 in
3444 1556 3690 1609 amicitiis

2117 1650 2329 1703 illorum
2363 1659 2634 1725 poetarum
2673 1648 2879 1703 falsitas
2906 1649 3091 1712 tinxit,
3130 1649 3179 1701 in
3210 1649 3363 1701 nobis
3391 1650 3689 1702 animorum

2040 1735 2089 1796 Β
2118 1742 2314 1795 veritas
2343 1751 2599 1809 peragat;
2644 1751 2700 1794 ut
2738 1741 2862 1793 dum
2907 1738 3102 1793 imitari
3151 1739 3395 1792 videmur
3433 1753 3499 1790 an
3528 1738 3645 1805 iqua
3674 1778 3689 1800 ,

2116 1830 2482 1900 relinquamus
2515 1830 2803 1894 imitanda;
2835 1838 2889 1884 ct
2915 1831 3187 1883 seniorum
3218 1829 3354 1883 facta
3377 1827 3653 1881 laudantes
3677 1868 3690 1887 .

2118 1922 2400 1975 laudemur
2420 1937 2450 1974 a
2481 1923 2728 1990 posteris.
2759 1921 2882 1975 Hmc
2911 1934 3058 1989 ergo,
3106 1918 3323 1973 domine
3349 1917 3452 1983 mi,
3482 1918 3690 1971 ﬂamma

2117 2022 2350 2078 pectoris
2393 2011 2533 2074 mei,
2591 2010 2918 2078 persuasioni
2969 2022 3101 2072 tuae,
3147 2022 3304 2076 quam
3352 2006 3695 2060 conscientia;

2115 2115 2249 2154 mea:
2288 2101 2515 2169 amplius
2561 2098 2822 2165 credens,
2863 2098 3048 2167 gerulo
3082 2097 3401 2164 festinante,
3451 2096 3695 2148 breviter

2114 2190 2419 2256 cursimque
2458 2189 2653 2243 dictavi
2682 2205 2697 2243 :
2744 2203 2863 2255 quae
2888 2188 3079 2255 peritia
3104 2194 3193 2239 tua
3224 2195 3277 2238 et
3305 2184 3540 2252 probitas
3570 2194 3689 2247 tui,

2116 2280 2160 2334 si
2188 2280 2343 2334 amici
2388 2279 2727 2335 verecundia:
2767 2278 3031 2345 consulit,
3079 2284 3171 2331 aut
3211 2276 3392 2332 celare
3436 2274 3695 2339 debebit,

2116 2378 2210 2423 aut
2236 2368 2524 2424 emendare
2550 2368 2782 2423 curabit.

2738 2478 2955 2535 EPIST.
2998 2476 3093 2532 XI.

2119 2569 2341 2625 Domino
2382 2570 2587 2625 sublimi
2631 2585 2925 2693 senipelrique
2952 2566 3242 2650 .magniﬁco
3283 2565 3433 2634 fratri
3468 2563 3693 2619 Fredar.

2834 2655 3042 2692 unctus.

2834 2655 3042 2692 artatus.

2190 2734 2453 2801 Quoniam
2500 2733 2791 2788 ammnitati
2825 2729 3065 2786 nemoris
3099 2728 3259 2785 vestri
3291 2728 3451 2782 etiam
3499 2725 3699 2782 deserti

2120 2827 2287 2881 nostri
2318 2827 2544 2893 ineptias
2576 2824 2819 2877 voluistis
2848 2822 3060 2892 adjungi
3081 2862 3095 2887 ,
3124 2818 3416 2885 transmisi,
3448 2818 3584 2872 sicut
3615 2817 3699 2868 in-

2115 2917 2388 2987 junxistis,
2424 2916 2658 2971 abietum
2688 2916 2894 2984 plantas
2920 2954 2935 2980 ,
2963 2928 3068 2968 non
3097 2911 3307 2981 specie,
3348 2910 3442 2964 sed
3466 2911 3702 2977 proceri-

2124 3019 2232 3063 tate
2262 3009 2579 3075 placituras;
2604 3024 2708 3060 non
2734 3006 3016 3069 fructibus,
3042 3004 3135 3058 sed
3163 3003 3243 3057 sui
3269 3000 3706 3071 peregrinatione

2049 3089 2094 3152 C
2127 3101 2428 3162 mirabiles;
2478 3114 2581 3154 non
2614 3114 2712 3153 usu
2742 3106 2921 3167 aptas,
2954 3097 3049 3152 sed
3077 3096 3386 3150 amoenitate
3417 3094 3701 3163 jucundas.

2125 3191 2338 3258 Quippe
2383 3206 2501 3259 quae
2540 3204 2660 3242 cum
2690 3188 2989 3243 coaluerint
3014 3184 3367 3241 crassitudine
3397 3183 3705 3239 umbrarum

2127 3281 2152 3320 δ
2175 3281 2506 3337 Cevenarum
2529 3281 2690 3348 frigus
2716 3290 2738 3319 ο
2754 3280 2984 3335 Oceanis
3004 3280 3055 3333 in
3076 3278 3349 3333 aestatibus
3374 3275 3705 3347 praebitura.

2127 3376 2192 3430 Et
2242 3374 2344 3429 hoc
2395 3376 2535 3429 inter
2582 3374 2702 3427 illas
2749 3372 3191 3442 praeclarissimas
3243 3370 3439 3426 diversi
3487 3370 3706 3438 generis

2125 3465 2379 3536 arbores,
2417 3475 2524 3520 tam
2554 3464 2747 3519 decore
2768 3478 2926 3532 quam
2956 3462 3184 3516 utilitate
3213 3468 3548 3529 praestantes,
3572 3474 3708 3527 opu-

2127 3562 2301 3617 lentas
2326 3576 2512 3625 onere,
2543 3559 2821 3614 distinctas
2852 3557 3016 3621 ﬂore,
3048 3555 3216 3610 odore
3244 3554 3560 3623 fragrantes.
3593 3552 3707 3606 illis

2127 3654 2269 3708 enim
2311 3652 2563 3706 industria
2595 3659 2770 3704 vestra
2800 3648 3058 3712 contulit,
3088 3645 3231 3716 quod
3254 3645 3354 3699 soli
3384 3653 3570 3700 natura
3596 3658 3706 3696 non

2126 3744 2367 3815 protulit.
2401 3742 2533 3796 Nam
2578 3750 2635 3794 ut
2663 3739 2913 3793 ruborem
2942 3753 3217 3800 rosarum,
3248 3737 3479 3791 liliorum
3506 3735 3708 3790 calido-

2130 3851 2277 3899 rem,
2310 3833 2446 3888 lauri
2475 3839 2787 3902 perpetuum
2811 3830 3044 3885 virorem
3063 3871 3079 3895 ,
3112 3837 3167 3884 et
3185 3829 3287 3883 alia
3315 3828 3704 3897 hujuscemodi,

2127 3925 2320 3979 similia
2353 3923 2549 3977 vilibus
2578 3921 2981 3991 praetermittam
3014 3919 3177 3990 (quia
3216 3933 3362 3987 sirpe
3401 3932 3495 3987 per
3536 3916 3708 3970 abun-

2128 4013 2362 4067 dantium
2396 4012 2630 4082 pretioia
2658 4010 2948 4075 vilescunt,
2979 4019 3033 4065 ct
3062 4009 3185 4065 facit
3216 4008 3367 4078 capia
3398 4007 3709 4079 quotidiana

2128 4105 2419 4173 fastidium)
2450 4104 2559 4158 illic
2596 4104 2755 4157 etiam
2777 4103 3098 4170 graminum,
3127 4102 3447 4171 germinum,
3483 4101 3709 4155 fruteto-

2128 4212 2247 4252 rum
2272 4196 2567 4266 peregrinae
2603 4194 2812 4249 collatae
2844 4202 2967 4247 sunt
2995 4193 3303 4256 suavitates,
3320 4191 3457 4246 visui
3480 4192 3711 4261 usuique

2128 4296 2432 4345 vernantes.
2463 4286 2570 4341 Sed
2600 4285 2726 4355 quid
2753 4285 2862 4338 illic
2895 4284 3123 4352 primum
3155 4282 3474 4336 laudandum
3497 4282 3586 4347 sit,
3614 4295 3714 4335 ant

2129 4377 2453 4437 mirandum.
2496 4376 2584 4430 ubi
2624 4374 2783 4429 etiam
2818 4374 3074 4443 temporis
3115 4372 3460 4440 intemperies
3503 4382 3715 4439 tempe-

2052 4457 2105 4516 D
2131 4469 2314 4523 ratur?
2334 4466 2609 4536 Siquidem
2633 4465 2763 4519 inibi
2792 4463 3007 4518 torrida:
3030 4462 3212 4518 fervor
3231 4462 3431 4517 aestatis
3452 4471 3561 4516 tam
3585 4476 3712 4516 um-

2130 4558 2344 4612 brarum
2367 4571 2523 4626 quam
2548 4554 2807 4610 undarum
2832 4554 3006 4624 rigore
3028 4553 3554 4623 depellitur.iliemis
3578 4567 3712 4605 vero

2133 4651 2184 4705 in
2216 4658 2419 4705 tantum
2447 4665 2553 4702 non
2583 4650 2810 4702 sentitur
2832 4648 3116 4714 asperitas,
3147 4656 3203 4700 ut
3230 4647 3369 4700 intra
3398 4646 3585 4699 eadem
3614 4661 3717 4714 po-

2133 4744 2237 4795 tius
2275 4750 2427 4808 tepor
2460 4738 2619 4803 aeris,
2653 4748 2704 4790 et
2734 4746 2926 4791 cantus
2954 4737 3152 4800 avium,
3191 4736 3332 4789 veris
3363 4734 3553 4788 reddat
3587 4735 3714 4787 ct'ii-

2132 4832 2292 4901 giem.
2328 4829 2433 4884 Sed
2466 4830 2589 4895 quid
2622 4843 2722 4897 ego
2753 4828 3034 4880 immemor
3063 4826 3344 4895 imperitia:
3373 4840 3541 4888 mete,
3575 4841 3713 4894 pau-

2138 4937 2262 4991 pere
2289 4934 2559 4984 sermone,
2593 4919 2663 4972 ini
2694 4917 2938 4981 domine,
2973 4919 3111 4970 ruris
3139 4917 3301 4969 vestri
3328 4916 3578 4980 divitias,
3610 4916 3712 4970 dc»-

2134 5013 2284 5067 licias
2322 5011 2650 5074 describere,
2696 5022 2784 5062 aut
2822 5024 3075 5063 enarrare
3115 5009 3406 5072 contendo,
3450 5008 3514 5060 ad
3557 5008 3715 5075 cujus

2134 5103 2346 5157 laudem
2390 5101 2549 5156 etiam
2596 5101 2805 5169 ingenia
2849 5102 3051 5169 majora
3090 5099 3533 5159 succumberent?
3581 5098 3715 5151 Date

2136 5196 2313 5263 itaque
2358 5193 2701 5261 impudentia:
2744 5206 2876 5246 meae
2917 5192 3147 5256 veniam,
3185 5204 3342 5258 quam
3384 5190 3711 5255 extorsiStis,

2138 5288 2226 5356 qui
2268 5293 2327 5338 ut
2363 5285 2579 5339 auribus
2620 5286 2810 5339 vestris
2840 5286 3098 5339 verbosus
3129 5286 3433 5340 existert-m.
3474 5284 3716 5353 dignati.»
3760 5294 3763 5297 ‘

2138 5388 2312 5432 vestra
2344 5394 2430 5431 me
2452 5378 2743 5447 compeHLt.
2776 5376 3063 5431 Conﬁdens
3085 5377 3224 5446 quod
3256 5375 3479 5445 cpistola
3503 5377 3715 5445 longior

2217 5583 2237 5609 τ
2282 5572 2391 5627 Vox
2423 5583 2690 5640 corrupta.
