4022 6168
414 263 481 317 77
1713 271 1975 328 EPISTOI

2078 274 2187 330 illi!
2227 275 2351 332 LIB.
2393 276 2430 329 I.

3602 291 3676 351 78

408 374 586 440 vobis,
624 374 862 433 dominis
900 378 1056 445 meis,
1095 379 1140 434 si
1180 378 1487 451 displiceret
1530 382 1715 451 atl‘atu,
1759 384 1993 453 placeret
2020 389 2070 449 Α
2096 389 2287 459 cymba
2311 390 2544 444 instabili
2570 391 2935 461 fluctuantem,
2960 396 3113 465 quasi
3137 397 3250 465 jam
3271 397 3342 455 de
3366 400 3665 459 sublimiori

406 466 627 521 aﬂ‘ectu.
664 466 801 523 Cum
840 469 1219 525 intellexeritis
1252 486 1370 526 eam
1410 488 1517 526 non
1544 488 1640 542 pro
1671 475 1991 542 eloquentiae

404 556 620 625 lepore,
657 559 754 614 sed
804 575 901 629 pro
930 571 1110 614 vestro
1136 576 1325 617 amore
1359 564 1669 632 copiosam;
1701 565 1988 635 simulque,

404 648 530 717 quia
568 649 808 704 sciebam
833 651 1215 705 sublimitatem
1243 661 1474 706 vestram
1509 654 1563 707 in
1593 654 1777 709 amicis
1800 655 1992 709 vestris

401 739 527 808 plus
565 741 965 811 reprehendere
991 743 1372 798 taciturnitatis
1402 746 1799 816 verecundiam,
1832 763 1990 816 quam

406 832 687 902 loquacem
720 833 1102 888 familiaritatis
1130 835 1431 891 audaciam.

1008 970 1225 1026 EPIST.
1274 972 1387 1025 XII.

679 1057 901 1112 Domino
932 1062 1149 1126 pectoris
1177 1063 1256 1113 sui
1283 1060 1429 1115 Celso
1463 1063 1715 1119 Ruricius.

472 1145 711 1215 Trepido
753 1149 808 1201 in
845 1134 1172 1218 praeconium
1212 1162 1448 1206 vestrum
1488 1169 1549 1210 os
1591 1155 1804 1226 elingue
1847 1173 1990 1213 rese-

399 1252 544 1300 rare,
567 1238 654 1292 cui
684 1239 938 1305 sciojure
957 1240 1117 1293 etiam
1149 1241 1355 1310 ingenia
1384 1243 1584 1312 majora
1614 1248 1984 1304 Succumbere.

398 1327 536 1392 Quid
566 1327 712 1381 enim
745 1330 971 1397 primum
1001 1331 1068 1384 de
1092 1331 1390 1385 aﬂ'ectiouis
1418 1344 1508 1387 aut
1534 1334 1857 1405 dignationis
1898 1355 1988 1394 ve-

398 1430 526 1473 stra:
567 1420 728 1475 laude
770 1424 1228 1478 commemorem?
1268 1422 1357 1492 qui
1403 1440 1588 1481 omnes
1640 1428 1770 1483 mihi
1823 1431 1983 1499 ruris,

398 1518 426 1545 ι
457 1511 649 1569 moris.
703 1521 779 1577 et,
817 1512 959 1579 quod
1001 1512 1083 1565 his
1111 1514 1359 1567 omnibus
1404 1516 1575 1585 majus
1609 1528 1714 1585 est,
1745 1521 1985 1574 caritatis

395 1602 624 1656 delicias
653 1604 981 1670 contulistis,
1012 1617 1103 1658 aut
1132 1620 1301 1672 certe,
1335 1607 1377 1661 si
1409 1609 1536 1677 quid
1568 1610 1758 1665 horum
1791 1612 1980 1679 defuit,

394 1692 764 1761 deputandum
814 1696 1062 1763 tempori,
1111 1712 1216 1751 non
1263 1699 1415 1753 vobis
1458 1708 1541 1754 est
1586 1700 1978 1769 imputandum.

395 1782 532 1837 Nam
578 1793 749 1847 totum
777 1786 915 1854 apud
948 1801 1063 1849 vos,
1096 1790 1235 1855 quod
1262 1802 1446 1843 carum
1473 1802 1655 1859 pectus
1674 1833 1690 1858 ,
1718 1794 1857 1862 qttod
1887 1794 1984 1847 ha-

396 1872 512 1925 buit
536 1872 739 1927 clarum
766 1877 1016 1940 mundus,
1049 1878 1247 1931 inveni.
1273 1877 1426 1933 Nulla
1450 1896 1536 1935 me
1564 1884 1772 1949 penitus
1791 1884 1982 1952 jocun-

393 1961 564 2016 ditate
603 1964 923 2030 fraudastis;
963 1968 1091 2037 quin
1128 1971 1289 2022 etiam
1330 1970 1686 2027 desiderabile
1712 1974 1840 2027 mihi
1884 1974 1981 2029 ho-

394 2054 597 2120 spitioli
640 2054 743 2107 mei
787 2055 1060 2110 desertum
1108 2068 1285 2112 vestra
1336 2060 1612 2116 vicinitate
1651 2062 1870 2118 fecistis.
1917 2067 1982 2119 Et

394 2143 600 2197 ideirco
645 2160 731 2200 me
768 2148 937 2216 magis
983 2148 1266 2205 finitimum
1297 2152 1446 2206 vobis
1476 2167 1597 2207 esse
1632 2154 1977 2223 congaudeo,

390 2234 521 2304 quia
552 2252 656 2288 non
690 2251 760 2291 ex
793 2247 903 2290 toto
928 2240 1101 2293 malus
1129 2253 1231 2305 est,
1275 2243 1364 2310 qui
1393 2243 1545 2298 bonis
1567 2244 1826 2315 jungitur.
1870 2247 1977 2302 Sed

390 2342 460 2379 ne
492 2326 744 2381 exhibeat
771 2330 924 2382 vobis
957 2330 1069 2399 ipsa
1111 2331 1310 2402 ineptia
1342 2336 1422 2389 sui
1455 2336 1666 2402 longior
1694 2352 1874 2393 sermo
1903 2339 1980 2392 fa-

389 2418 649 2484 stidium,
677 2419 823 2474 salve
852 2421 1213 2489 largissimum
1242 2423 1395 2489 dico;
1431 2434 1485 2480 et
1514 2427 1811 2490 vitrarium,
1841 2430 1979 2485 sicut

387 2509 652 2578 iussistis.
686 2526 772 2565 me
802 2510 1101 2567 destinasse
1131 2514 1375 2584 signiﬁco
1401 2533 1413 2566 :
1446 2516 1596 2584 cujus
1620 2532 1755 2586 opus
1780 2521 1975 2585 nitore,

390 2613 499 2651 non
529 2599 815 2669 fragilitate
836 2612 1049 2670 oportet
1070 2598 1329 2670 imitetur,
1344 2614 1402 2658 ut
1427 2605 1664 2671 dilectio,
1679 2624 1798 2677 qua:
1823 2610 1976 2665 nobis

389 2706 419 2745 a
453 2694 767 2761 parentibus
795 2697 1001 2762 relicta,
1032 2699 1289 2766 magistro
1325 2697 1542 2765 tradita,
1572 2702 1698 2754 vita:
1735 2716 1977 2757 cumulu-

388 2784 579 2850 nione,
614 2785 818 2838 firmata
849 2795 932 2840 est
961 2787 1229 2853 secundis,
1258 2787 1510 2843 elimetur
1538 2790 1800 2855 adversis,
1832 2793 1973 2847 nulla

392 2875 609 2943 penitus
636 2877 905 2929 turbinum
937 2878 1172 2945 procella
1206 2878 1497 2948 frangatur.
1531 2880 1662 2935 Nam
1693 2882 1831 2937 sicut
1857 2886 1972 2939 auri

391 2977 555 3035 atque
576 2968 780 3035 argenti
812 2968 1043 3037 pretiosa
1071 2970 1376 3037 sinceritas,
1397 2974 1441 3025 si
1472 2976 1618 3039 atris,
1637 2983 1727 3029 aut
1748 2976 1967 3045 plumbi,

390 3057 478 3111 vel
509 3056 799 3126 cujuslibet
826 3058 1050 3113 alterius
1080 3061 1319 3116 materia:
1349 3063 1551 3118 vilioris
1579 3064 1738 3119 fuerit
1766 3065 1971 3121 admix-

389 3149 541 3201 tione
566 3158 836 3216 corrupta,
883 3149 987 3202 nisi
1030 3152 1231 3220 ignium
1271 3154 1669 3209 examinatione
1696 3167 1970 3228 purgatur,

390 3253 494 3291 nec
510 3237 851 3305 Splendorem
873 3240 1171 3295 naturalem
1190 3244 1387 3310 poterit
1405 3243 1621 3309 habere,
1643 3261 1741 3300 nec
1760 3262 1968 3301 sonum.

388 3329 525 3384 Nam
568 3344 666 3384 nec
692 3331 827 3384 visui
859 3334 1182 3396 claritatem,
1215 3347 1315 3386 nec
1344 3333 1592 3388 tinnitum
1622 3337 1797 3391 reddit
1823 3338 1973 3392 audi-

391 3423 497 3488 tui,
526 3422 800 3492 magisque
830 3438 1049 3478 raucum
1080 3434 1321 3494 resonat,
1354 3428 1397 3478 si
1424 3424 1668 3495 feriatur,
1699 3439 1752 3482 et
1771 3430 1971 3487 stridu-

390 3516 524 3569 lum.
559 3514 706 3568 Hanc
734 3529 860 3583 ergo
887 3516 1235 3583 sententiain,
1263 3531 1367 3569 non
1400 3531 1595 3582 meam,
1618 3518 1710 3573 sed
1738 3519 1968 3587 Domini,

390 3607 557 3660 frater
594 3610 818 3674 optime,
858 3614 1173 3661 contuentes
1213 3608 1415 3675 pariter
1452 3616 1508 3661 et
1542 3618 1852 3676 sequentes,
1900 3612 1972 3663 ita

388 3699 554 3753 vitam
587 3708 826 3753 nostram
872 3698 1051 3753 medio
1095 3713 1279 3765 cursu,
1321 3699 1677 3769 gubernatore
1707 3701 1822 3770 ipso
1863 3700 1971 3754 Do-

390 3790 568 3853 mino,
602 3799 987 3858 temperemus,
1022 3798 1081 3847 ut
1117 3804 1240 3845 cum
1267 3790 1531 3844 serenitas
1562 3792 1818 3855 arrideat,
1851 3808 1974 3859 pro-

388 3883 598 3950 sperior
642 3882 801 3936 flatus
848 3882 1075 3943 invitet,
1123 3896 1272 3936 mare
1316 3880 1580 3949 placidum
1628 3881 1967 3943 blandiatur;

387 3974 623 4028 scientes
661 3982 841 4027 tamen
885 3973 1031 4027 illam
1062 3976 1296 4040 aequoris
1338 3972 1564 4042 subjeCti
1598 3972 1872 4042 planitiem
1902 3971 1970 4026 ad

388 4064 561 4119 instar
586 4064 847 4117 montium
880 4074 1100 4132 repente
1127 4078 1491 4134 consurgere;
1525 4078 1697 4132 neque
1725 4065 1778 4117 in
1804 4066 1968 4117 altum

390 4169 582 4210 navem
609 4162 846 4208 nostram
876 4155 1142 4225 patiamur
1167 4156 1402 4225 impelli;
1430 4155 1517 4211 ubi
1561 4170 1680 4210 eam
1717 4165 1808 4208 aut
1836 4162 1973 4209 tem-

390 4256 570 4319 pestas
597 4246 793 4314 solvat,
824 4255 917 4301 aut
947 4247 1083 4301 unda
1110 4247 1403 4319 demerget.

979 4377 1189 4433 EPIST.
1233 4378 1371 4432 XIII.

659 4470 886 4525 Domino
914 4472 1131 4538 pectoris
1158 4472 1238 4525 sui
1264 4470 1412 4525 Celso
1440 4471 1698 4525 Ruricius.

462 4561 661 4631 Recepi
696 4560 879 4624 apices
914 4562 1283 4629 germanitatis
1306 4572 1430 4628 tuae,
1466 4562 1556 4632 qui
1588 4563 1717 4617 mihi
1743 4579 1848 4617 non
1878 4578 1971 4634 pa-

387 4673 509 4713 rum
540 4658 776 4726 scrupuli
807 4658 1129 4712 retulerunt.
1183 4659 1382 4712 Vereor
1420 4660 1563 4715 enim
1610 4675 1677 4715 ne
1710 4676 1865 4715 secus
1902 4666 1971 4716 dc

386 4748 582 4802 litteris
611 4748 748 4802 meis
774 4762 934 4818 quam
962 4764 992 4802 a
1032 4763 1119 4802 me
1146 4748 1325 4803 missa:
1353 4759 1479 4803 sunt
1508 4753 1845 4806 censueritis.
1902 4753 1969 4806 Et

388 4841 593 4897 idcirco
629 4842 780 4911 quasi
813 4842 1107 4896 temerariae
1135 4843 1567 4912 prmsumptioni.
1596 4860 1862 4899 memores
1890 4846 1967 4898 vi-

387 4934 644 4998 deamini,
672 4932 799 4985 dum
827 4940 886 4985 ut
912 4948 1010 5001 pro
1035 4933 1184 4986 vobis
1212 4948 1383 4999 orent,
1417 4949 1479 4987 ac
1507 4936 1703 5004 saepius
1730 4950 1968 4989 commo-

387 5039 566 5089 neam,
588 5024 895 5093 postulatis.
920 5024 1127 5094 Egone,
1146 5023 1310 5080 frater
1334 5024 1560 5095 optime,
1584 5027 1849 5098 castigare
1870 5044 1965 5083 vos

384 5116 635 5180 audeam,
651 5116 742 5184 qui
772 5131 857 5171 me
876 5132 1084 5186 nequeo
1108 5120 1406 5188 castigare?
1428 5119 1612 5189 Egone
1638 5135 1750 5187 vos,
1767 5122 1853 5191 qui
1879 5138 1963 5179 me

384 5207 569 5263 sa’culi
595 5209 771 5262 adhuc
791 5208 845 5262 in
874 5210 1173 5264 turbinibus
1198 5218 1449 5279 tanquam
1477 5212 1529 5265 in
1558 5202 1722 5266 maris
1742 5213 1960 5268 testibus

464 5424 487 5451 ⁵
525 5414 687 5470 Forte
715 5416 839 5467 oris.

463 5483 490 5521 ι»
522 5485 688 5538 Deest
715 5486 957 5538 verbum.

466 5565 488 5592 ⁸
532 5554 689 5607 Forte
717 5556 1041 5608 committere.

464 5621 489 5660 δ
529 5625 689 5678 Forte
720 5621 966 5679 Fartura.

474 5704 497 5731 °
541 5694 591 5749 ls
625 5695 726 5749 fuit
767 5696 1093 5752 Arelatensis
1141 5696 1444 5767 episcOpus.
1504 5692 1650 5750 Lites
1700 5695 1966 5765 quasdam

2092 478 2308 545 specula
2334 479 2418 533 vel
2448 478 2791 535 eminentiori
2828 484 2969 539 colle
3000 486 3264 555 respicitis
3278 488 3311 555 ι,
3334 488 3520 559 Egone
3548 508 3660 560 vos,

2092 569 2181 637 qui
2209 570 2278 624 ad
2307 580 2517 639 portum
2548 572 2717 626 venia
2759 589 2853 643 per
2883 578 3213 643 paenitentiae
3258 581 3663 653 indulgentiam,

2093 658 2319 714 Domino
2361 663 2759 730 gubernatore?
2788 665 2816 703 δ
2857 666 2972 721 Non
3002 684 3102 739 ego
3130 673 3364 740 penitus,
3394 676 3560 732 frater
3586 679 3667 734 di-

2093 751 2252 819 lecte,
2281 754 2359 807 sic
2386 756 2598 824 scripsi,
2630 767 2687 810 ut
2715 758 2843 813 mihi
2873 760 3071 830 aliquid
3098 761 3399 831 blandiens,
3439 782 3539 823 vos
3564 769 3667 824 im-

2094 841 2261 909 probo
2302 842 2469 899 dente
2509 846 2834 915 morderetn,
2870 864 2967 904 nec
3013 858 3073 904 ut
3112 867 3205 907 vos
3238 853 3520 923 luderem;
3569 859 3666 916 sed

2094 932 2225 986 mihi
2270 935 2511 1003 epistola:
2545 935 2906 995 familiaritate
2944 942 3223 999 vincirem.
3271 946 3409 1003 Nam
3446 952 3491 1004 si
3528 953 3666 1008 bene

2090 1024 2464 1093 consideretis,
2498 1035 2745 1084 votorum
2786 1044 2913 1087 sunt
2942 1033 3027 1089 illa
3060 1037 3240 1106 verba,
3269 1055 3379 1095 non
3408 1052 3662 1110 actuum;

2090 1122 2143 1166 et
2164 1119 2397 1182 optantis
2420 1121 2594 1187 potius
2620 1136 2776 1189 quam
2801 1126 3087 1180 monentis.
3101 1128 3231 1194 Quia
3257 1146 3368 1187 non
3390 1135 3519 1203 quid
3542 1150 3664 1205 θεε-
3705 1137 3731 1155 ⁸

2092 1218 2294 1268 remus,
2326 1208 2419 1260 sed
2458 1210 2689 1276 qualiter
2716 1212 2908 1267 vellem
2955 1224 3010 1269 ut
3039 1217 3365 1288 viveremus,
3416 1226 3661 1293 exposui.

2089 1292 2354 1347 Ceterum
2384 1296 2429 1350 si
2459 1309 2609 1353 actus
2636 1300 2758 1354 vitae
2786 1317 2923 1356 mea:
2954 1307 3240 1373 praecl-itte
3277 1292 3663 1381 praesentisque

2089 1382 2367 1448 discutias,
2410 1388 2630 1454 pudebit
2666 1396 2741 1456 te,
2790 1392 2979 1446 intimo
3013 1402 3071 1448 et
3108 1398 3472 1454 secretissima
3502 1400 3664 1457 fratre

2091 1479 2248 1535 teste,
2275 1473 2440 1541 ferre,
2472 1491 2597 1546 quin
2619 1493 2726 1532 non
2758 1482 2944 1548 puduit
2972 1483 3080 1539 Deo
3106 1493 3243 1541 teste
3271 1497 3297 1525 ο
3325 1491 3660 1561 promittere,

2090 1578 2185 1631 pro
2204 1565 2396 1632 quibus
2424 1566 2750 1625 facinoribus
2780 1574 2915 1628 meis
2937 1589 3096 1643 spero
3119 1593 3216 1633 vos
3243 1582 3420 1647 potius
3439 1582 3661 1638 Domino

2087 1656 2418 1725 supplicetis,
2464 1669 2520 1711 ut
2559 1674 2694 1728 quos
2738 1660 2790 1715 in
2838 1665 2938 1718 hoc
2976 1666 3175 1723 saeculo
3217 1671 3570 1727 amicitiarum
3605 1685 3662 1730 et

2014 1750 2061 1812 Β
2088 1746 2496 1815 propinquitatis
2524 1751 2689 1805 voluit
2719 1768 2841 1808 esse
2867 1767 3164 1825 consortes,
3210 1760 3263 1814 in
3289 1762 3464 1817 futuno
3496 1765 3662 1821 bono-

2085 1852 2202 1891 rum
2225 1838 2411 1906 jubeat
2438 1856 2561 1896 esse
2588 1845 2899 1914 participes.

2682 1976 2895 2039 EPIST.
2932 1980 3068 2035 XIV.

2326 2062 2590 2119 ’Domino
2626 2070 2844 2134 pectoris
2869 2070 2953 2123 sui
2973 2071 3119 2126 Celso
3142 2071 3407 2131 Ruricius.

2154 2150 2360 2220 Equum
2404 2154 2618 2223 qualem
2657 2156 2897 2223 iusseras
2941 2159 3222 2227 destinavi,
3257 2166 3662 2224 mansuetudine

2082 2240 2371 2310 placidum,
2395 2246 2652 2300 membris
2682 2248 2938 2314 validum,
2973 2250 3189 2306 firmum
3226 2255 3440 2320 robore,
3487 2259 3659 2314 forata

2082 2341 2451 2398 praestantem,
2478 2333 2505 2373 ἀ
2531 2335 2736 2391 factura
2760 2342 3138 2409 compositum,
3171 2344 3370 2399 animis
3398 2355 3661 2416 tempera-

2080 2432 2212 2489 tum,
2235 2440 2333 2479 nec
2351 2441 2747 2497 pmproperum
2768 2431 2973 2487 scilicet
2993 2435 3293 2501 velocitate,
3306 2439 3655 2510 necpigrum;

2078 2513 2164 2585 cui
2192 2514 2376 2569 frenos
2407 2526 2461 2571 et
2481 2517 2727 2574 stimulus
2751 2521 2822 2575 sit
2859 2523 3098 2579 sedentis
3121 2526 3435 2601 arbitrium,
3465 2532 3551 2584 cui
3589 2532 3656 2588 ad

2078 2605 2411 2660 evehendum
2442 2624 2600 2677 onus,
2631 2612 2834 2667 etvelle
2871 2626 3122 2683 suppetat
3159 2625 3215 2671 et
3244 2633 3442 2686 posse;
3486 2623 3561 2676 ita
3599 2635 3658 2678 ut

2080 2709 2177 2748 nec
2202 2698 2353 2752 cedat
2386 2704 2746 2768 superposito,
2777 2719 2876 2758 nee
2917 2705 3154 2774 deponat
3198 2708 3526 2778 impositum.
3565 2715 3657 2769 llis

2077 2788 2274 2855 Itaque,
2302 2789 2441 2845 sicut
2466 2794 2704 2859 oportuit
2720 2792 2997 2860 intimatis,
3037 2798 3354 2855 salutatione
3399 2805 3613 2869 praelata
3635 2846 3653 2872 ,

2077 2878 2466 2943 pollicitatione
2495 2881 2767 2951 dispensa,
2800 2887 3063 2955 promissa
3104 2888 3462 2959 deposcimus,
3493 2904 3553 2949 ut
3588 2897 3656 2951 ad

2075 2968 2473 3028 solemnitatem
2507 2988 2816 3032 sanctorum
2845 2979 2911 3033 ad
2943 2995 3064 3051 nos,
3113 2982 3225 3036 fleo
3264 2985 3515 3053 propitio,
3548 3002 3655 3042 una

2074 3075 2195 3116 cum
2225 3078 2413 3121 sorore
2459 3068 2645 3123 venire
2684 3068 3022 3139 dignemini,
3075 3072 3336 3129 honorem
3394 3079 3655 3147 patronis,

2078 3152 2335 3210 fratribus
2358 3155 2627 3225 affectum,
2659 3162 2889 3230 gratiam
2919 3164 3133 3233 populis
3154 3165 3469 3234 prmituri.

2678 3293 2895 3352 EPIST.
2943 3293 3038 3351 XV

2149 3405 2373 3461 Domino
2408 3423 2525 3475 suo,
2542 3408 2787 3478 peculiari
2809 3409 2862 3462 in
2889 3408 3090 3461 Christo
3108 3406 3330 3465 Domino
3343 3420 3587 3478 patrono,

2543 3477 2708 3532 Eonio
2730 3479 2965 3547 episcopo
2987 3478 3246 3532 Ruricius.

2146 3566 2342 3635 Agnito
2397 3570 2622 3621 transitu
2664 3552 2872 3635 sancto,
2927 3577 2984 3622 et
3027 3567 3351 3621 venerabilis
3393 3568 3531 3636 apud
3562 3583 3650 3623 me

2076 3656 2468 3710 recordationis
2494 3657 2699 3711 domini
2728 3658 2829 3711 mei
2856 3656 3158 3711 decessoris
3201 3658 3365 3712 vestri
3416 3657 3651 3720 Leontii,

2074 3746 2256 3800 animo
2306 3755 2362 3801 et
2412 3755 2590 3800 mente
2617 3745 2875 3802 confusus
2912 3747 3004 3801 diu
3043 3748 3378 3818 multumque
3413 3748 3657 3803 tristatus

2076 3850 2193 3890 sum
2212 3838 2353 3906 quod
2377 3845 2432 3892 et
2460 3837 2872 3906 impedientibus
2902 3837 3133 3907 peccatis
3159 3838 3313 3904 meis,
3345 3848 3491 3893 tanto
3509 3838 3656 3892 anti-

2074 3927 2187 3982 stiti
2213 3943 2499 3983 occurrere
2529 3945 2636 3982 non
2662 3942 2983 3994 merueram,
3017 3938 3073 3983 et
3112 3930 3200 3984 tali
3224 3944 3400 3986 essem
3437 3941 3657 3999 parente

2072 4020 2331 4089 privatus.
2362 4020 2525 4087 Cujus
2555 4019 2656 4074 etsi
2687 4020 2969 4075 exterioris
3014 4019 3247 4074 hominis
3284 4036 3390 4074 non
3445 4020 3658 4075 fruebar

2074 4120 2313 4183 aspectu,
2338 4110 2602 4166 interioris
2620 4120 2797 4165 tamen
2825 4110 2995 4180 gratia
3021 4108 3352 4177 delectabar,
3376 4119 3430 4165 et
3458 4111 3656 4164 mentis

2073 4211 2191 4262 acie
2214 4206 2412 4276 jugiter
2448 4204 2818 4267 adhaerebam;
2872 4216 2967 4270 per
3005 4215 3163 4270 quem
3209 4210 3266 4255 et
3311 4200 3365 4255 in
3391 4216 3495 4268 quo
3524 4202 3653 4255 milii

2076 4312 2312 4366 praesens
2337 4296 2730 4367 quodammodo
2747 4303 2800 4348 et
2823 4292 3140 4348 cernebatur
3165 4290 3376 4356 obtutu,
3403 4300 3457 4345 et
3483 4292 3657 4345 audie-
3714 4302 3721 4307 ‘

2076 4394 2232 4445 batur
2276 4391 2488 4455 affectu,
2539 4400 2594 4445 et
2641 4389 2961 4458 palpabatur
3001 4394 3233 4449 attactu,
3276 4395 3333 4440 et
3377 4384 3657 4440 tenebatur

1997 4479 2051 4538 D
2076 4486 2348 4555 amplexu.
2378 4484 2654 4554 Siquidem
2677 4482 2787 4537 cari
2834 4481 2985 4535 nullo
3010 4494 3069 4533 se
3102 4478 3293 4533 melius
3343 4477 3463 4532 loco
3496 4493 3654 4546 quam

2074 4578 2125 4631 in
2166 4576 2348 4641 corde,
2380 4573 2619 4629 caritatis
2666 4572 2832 4639 ipsius
2860 4570 3009 4634 sede,
3042 4564 3396 4638 conspiciunt.
3432 4567 3582 4624 Unde
3603 4577 3657 4622 et

2073 4667 2301 4735 amplius
2323 4664 2698 4719 desiderabam
2733 4661 2903 4715 oculis
2929 4659 3111 4714 videre
3135 4659 3462 4727 carnalibus,
3493 4673 3653 4728 quem

2076 4761 2148 4812 ita
2178 4756 2505 4827 spiritalibus
2532 4754 2797 4833 intuebar.
2828 4751 2933 4808 Sed
2958 4752 3129 4807 dolori
3167 4766 3289 4805 meo
3334 4750 3657 4805 consolatio-

2077 4866 2201 4905 nem
2231 4864 2294 4905 ea
2323 4864 2440 4918 quae
2464 4850 2612 4917 prius
2633 4846 2955 4911 tribuerant,
2988 4844 3241 4898 solatium
3276 4842 3444 4911 ipsius
3467 4842 3654 4896 merita

2073 4940 2354 4996 dederunt.
2403 4937 2534 5006 Quia
2567 4936 2781 4992 confido
2821 4935 2963 5006 quod
3000 4949 3157 5004 quem
3201 4943 3420 5000 paterna
3465 4931 3658 4999 pietate

2071 5034 2281 5099 dilexit,
2322 5043 2376 5087 et
2406 5031 2589 5087 sedula
2636 5030 3027 5085 intercessione
3053 5027 3341 5083 custodiat.
3386 5026 3492 5082 Sed
3544 5028 3658 5078 haec

2071 5125 2344 5183 sanctitati
2382 5132 2579 5178 vestrae
2624 5120 2776 5190 quasi
2822 5118 3099 5175 vobiscum
3137 5118 3466 5189 colloquens,
3498 5124 3656 5180 atque

2069 5230 2097 5268 a
2126 5216 2278 5270 vobis
2300 5213 2550 5269 maeroris
2579 5212 2747 5281 ipsius
2772 5210 3019 5265 levamen
3065 5211 3367 5280 requirens,
3414 5208 3653 5262 dictante

2073 5430 2193 5469 cum
2220 5412 2423 5467 llilario
2450 5412 2643 5467 Leonis
2687 5424 3001 5487 successore
3025 5407 3229 5487 imbuit,
3255 5404 3375 5485 dein
3415 5418 3443 5456 a
3472 5407 3652 5487 ponti-

2076 5486 2173 5538 llce
2203 5484 2448 5557 Romano
2462 5498 2715 5557 concessa
2738 5491 2863 5535 sunt
2891 5481 2963 5534 illi
2988 5480 3267 5557 vicariatus
3290 5477 3433 5557 jura,
3462 5477 3652 5557 quibus

2078 5556 2247 5609 inscio
2271 5552 2520 5621 pontifice
2547 5554 2621 5607 uti
2645 5561 2963 5607 tentaverat.
2996 5548 3426 5621 De_illo_l.eontio
3455 5548 3652 5617 saepius

2082 5617 2328 5681 Ruricius
2359 5625 2392 5678 Ι.
2430 5640 2485 5690 ιι,
2518 5639 2605 5694 ep.
2634 5623 2724 5690 59,
2758 5632 2915 5689 etep.
2952 5620 3036 5683 ll,
3066 5617 3157 5671 48.
3192 5617 3351 5673 BASN.
