4022 6168
358 285 419 338 ,9
1657 265 1908 323 RURICII
1948 263 2254 321 EPISCOPI
3527 261 3596 314 80

345 393 650 461 dilectione,
683 390 974 446 retulerim.
1006 386 1155 440 Nunc
1182 400 1336 450 vero,
1368 392 1426 438 ut
1470 382 1649 437 dicere
1672 383 1915 436 institue-
1943 382 1995 440 Α
2024 378 2288 432 undosum
2315 390 2486 442 mare,
2522 373 2882 430 excitantibus
2933 380 3211 428 ventorum
3255 372 3594 426 saevientium

347 502 482 551 ram,
523 485 830 540 accersione
886 480 1054 549 ipsius
1097 477 1298 532 domini
1341 476 1445 530 mei
1495 486 1547 530 et
1584 475 1916 542 aposwlatus

347 578 509 634 vestri
559 575 892 629 ordinatione
935 578 1230 638 comperta,
1285 567 1353 621 ad
1406 567 1637 621 officium
1682 575 1916 619 vestrum

348 669 559 722 mittere
584 664 899 732 cogitabam.
925 660 1029 716 Sed
1052 658 1362 714 muneribus
1386 657 1579 710 vestris
1608 655 1922 709 humilitatis

349 773 482 812 meae
537 752 872 824 praevenistis
911 750 1226 818 obsequium
1264 764 1278 801 :
1312 761 1432 816 quae
1486 745 1617 798 mihi
1663 745 1920 812 majorem

348 846 618 902 scribendi
650 844 894 897 fiduciam
924 841 1266 895 contulerunt
1292 878 1306 901 ,
1338 837 1457 907 quia
1486 851 1756 905 praesumo
1780 835 1920 904 quod

347 955 504 1008 quem
536 937 854 991 liberalitate
878 932 1111 987 feceritis
1136 932 1372 999 dignum,
1405 929 1473 984 ab
1509 929 1703 982 animis
1733 929 1922 982 vestris

350 1045 455 1083 non
487 1028 728 1082 habeatis
756 1026 1010 1079 alienum.
1060 1023 1125 1076 Et
1157 1022 1278 1076 ideo
1304 1022 1443 1075 sicut
1465 1020 1622 1074 dictis
1664 1019 1920 1083 intellexi,

273 1130 292 1142 '
347 1121 598 1190 quoniam
628 1119 757 1173 tanti
788 1117 981 1170 habere
1009 1114 1320 1184 diguamini,
1365 1113 1770 1180 sospitationem
1800 1110 1925 1163 bea-

352 1211 592 1266 titudinis
623 1216 814 1263 vestrae
849 1221 945 1274 per
975 1206 1180 1258 litteras
1205 1204 1419 1258 uberem
1453 1202 1607 1266 dico;
1659 1200 1924 1268 simulque

352 1303 602 1374 peculiari
645 1312 804 1369 prece
830 1301 1063 1365 deposco
1091 1311 1156 1350 eo
1197 1308 1406 1349 mecum
1445 1308 1605 1363 agere
1657 1301 1804 1346 tanto
1832 1291 1924 1344 ha—

353 1397 520 1452 beatis
546 1393 755 1456 affectu,
797 1400 856 1445 ut
885 1389 1157 1444 dominum
1189 1387 1468 1442 Leontium
1499 1385 1842 1454 praemisisse,
1871 1391 1927 1438 et

351 1495 708 1543 commutasse
729 1483 906 1553 potius
930 1496 1091 1550 quam
1117 1478 1411 1550 perdidisse
1431 1491 1774 1546 cognoscam.

934 1614 1151 1671 EPIST.
1197 1612 1337 1668 XVI.

2022 467 2222 532 flabris,
2255 476 2440 534 erepto
2466 465 2534 519 ab
2565 465 2735 519 oculis
2777 464 2974 516 nostris
3029 462 3234 516 nebulis
3262 475 3324 514 ac
3365 460 3597 516 nubibus

2019 559 2130 621 die,
2159 558 2259 611 iter
2281 572 2440 625 agere
2475 559 2838 609 crederemus.
2867 553 2997 620 Quia
3030 551 3238 606 etiamsi
3278 551 3476 606 mundo
3513 568 3597 605 ra-

2021 647 2139 703 dius
2193 647 2324 700 solis
2372 646 2565 711 illuxit,
2613 644 2678 697 ad
2712 658 2830 706 nos,
2878 658 2984 711 prie
3023 641 3288 697 densitate
3351 642 3586 694 nemoris

2021 740 2274 808 splendor
2295 738 2482 806 ipsius,
2507 745 2561 790 et
2599 736 2746 789 calor
2779 735 3056 800 pervenire
3100 749 3204 786 non
3254 732 3437 794 valuit,
3469 731 3594 785 dum

2023 846 2120 883 nos
2151 829 2222 882 ita
2271 844 2365 894 per
2413 827 2514 881 iter
2545 826 2832 879 infelicium
2881 824 3108 878 felicium
3157 822 3447 892 proceritas
3479 837 3594 891 pre-

2025 922 2141 984 mit,
2167 929 2219 974 et
2245 917 2329 974 sic
2363 919 2636 972 inundatio
2667 919 2803 970 roris
2833 917 3084 984 aspergit,
3118 924 3175 968 ut
3204 915 3461 968 contracti
3509 914 3598 967 fri-

2023 1025 2173 1079 gore,
2225 1010 2310 1064 vel
2347 1010 2516 1062 coacti
2563 1009 2890 1075 apricitatem
2951 1006 3086 1074 ignis
3127 1005 3366 1074 plurimis
3410 1005 3598 1058 diebus

2024 1103 2419 1174 cynocaumatis
2436 1101 2743 1170 qumrimus.
2772 1098 2876 1153 Sed
2902 1113 3022 1151 cum
3041 1098 3106 1150 ad
3125 1098 3322 1159 locum,
3355 1097 3420 1148 ad
3441 1111 3598 1164 quem

2027 1195 2275 1248 tendebat
2307 1193 2533 1247 intentio
2561 1191 3013 1259 pervenissemus,
3047 1188 3228 1241 vallati
3259 1188 3412 1255 aquis
3442 1198 3599 1256 atque

2029 1283 2331 1350 madefacti,
2360 1283 2447 1336 siti
2480 1282 2787 1349 occepimus
2813 1279 3078 1347 deperire.
3109 1278 3240 1344 Quia
3270 1293 3391 1331 cum
3422 1288 3595 1339 esset,

2029 1381 2086 1424 ut
2110 1371 2364 1434 diximus,
2395 1370 2536 1438 rigor
2563 1369 2614 1422 in
2651 1383 2794 1433 aere,
2823 1376 2939 1421 erat
2967 1375 3144 1420 tamen
3175 1375 3326 1434 tepor
3356 1368 3407 1420 in
3433 1367 3596 1425 fonte.

2027 1462 2230 1517 odorin
2261 1462 2498 1526 flumine,
2523 1459 2682 1513 ardor
2705 1460 2756 1512 in
2785 1473 2993 1527 campo,
3023 1465 3187 1511 {estus
3214 1457 3266 1510 in
3308 1465 3518 1518 castro;
3547 1467 3598 1510 et

2031 1562 2086 1604 ut
2117 1551 2262 1605 brevi
2313 1564 2563 1604 sermone
2623 1549 2872 1603 universa
2917 1547 3254 1610 concludam,
3306 1561 3402 1614 per
3440 1547 3598 1600 talem

2030 1642 2168 1694 viam
2202 1655 2299 1694 nos
2326 1641 2425 1694 iter
2453 1640 2625 1708 egisse
2647 1638 2971 1707 cognoscite.
3004 1652 3100 1705 per
3119 1651 3276 1704 quam
3303 1653 3402 1692 nec
3421 1637 3486 1690 ad
3512 1652 3600 1706 pa-

354 1718 571 1773 Domiuo
613 1711 916 1796 uenerabili”,
968 1707 1404 1796 adrnir‘abiiiuiet‘
1445 1705 1635 1796 sanctis
1678 1700 1923 1782 omnibus

2032 1733 2285 1793 radisum,
2332 1746 2434 1784 non
2466 1731 2638 1784 dicam
2666 1729 2731 1782 ad
2755 1729 2995 1783 exsilium
3025 1728 3103 1781 ire
3131 1728 3410 1796 quisquam
3449 1730 3596 1782 desi-

456 1783 840 1858 aequiparartdo,
873 1773 1021 1850 fratri
1048 1777 1264 1834 Sidonio
1309 1775 1530 1839 Videnti,
1563 1773 1816 1824 Ruricius.

424 1881 562 1935 Olim
594 1888 666 1944 te,
695 1877 860 1931 frater
883 1873 1177 1932 carissime,
1207 1869 1343 1922 fama
1369 1867 1711 1922 celeberrima
1739 1864 1927 1933 praedi-

353 1982 530 2036 cante,
554 1968 801 2038 cognovi,
827 1975 880 2020 et
920 1965 973 2018 in
1003 1962 1137 2018 sede
1166 1960 1403 2016 caritatis
1442 1957 1546 2012 illis
1593 1956 1784 2025 quibus
1816 1954 1928 2022 ipse

356 2064 547 2118 melius
575 2070 780 2115 terrena
804 2056 1055 2125 despicis,
1079 2063 1133 2109 et
1159 2051 1398 2108 calestia
1433 2049 1715 2118 divinaque
1750 2046 1928 2101 consi-

353 2155 531 2216 deras,
584 2149 755 2204 oculis
808 2147 1002 2200 mentis
1048 2143 1283 2212 aspexi:
1339 2139 1483 2195 unde
1522 2139 1688 2207 ipsius
1735 2152 1925 2191 nomen

353 2241 598 2311 ascripsi,
624 2240 776 2306 cujus
802 2250 1024 2290 munere
1043 2237 1297 2286 donatum
1319 2243 1442 2285 esse
1475 2238 1527 2284 te
1557 2228 1681 2282 vidi.
1701 2227 1780 2281 Et
1806 2226 1928 2279 ideo

354 2333 479 2388 dum
513 2340 564 2384 te
593 2330 645 2382 in
674 2326 892 2394 Speculo
917 2325 1096 2378 cordis
1134 2323 1440 2392 diligenter,
1491 2328 1546 2374 et
1586 2316 1930 2386 pulchritudi-

357 2436 480 2477 nem
507 2420 775 2474 interioris
803 2416 1033 2470 hominis
1062 2415 1136 2468 tui
1167 2414 1513 2468 vehementer
1558 2411 1814 2473 admiror,
1861 2406 1928 2461 ad

355 2509 767 2567 desiderandum
803 2507 965 2560 animi
1009 2504 1113 2559 mei
1143 2505 1347 2558 viscera
1387 2498 1684 2558 concitasti.
1718 2514 1836 2568 qua:
1874 2499 1927 2552 in

357 2591 567 2655 tantum
589 2600 836 2654 allectum
867 2607 1012 2650 tuum
1038 2591 1400 2649 meracissima
1449 2590 1737 2646 dilectione
1783 2602 1930 2642 com-

357 2702 498 2748 mota
530 2699 674 2753 sunt,
721 2696 778 2742 ut
818 2701 976 2756 quem
1012 2684 1342 2753 spiritalibus
1367 2681 1536 2736 oculis
1573 2680 1925 2747 contemplor,

356 2784 516 2839 etiam
545 2779 848 2836 carnalibus
869 2791 1092 2832 cernere
1112 2773 1509 2843 concupiscam.
1547 2770 1924 2837 Quamobrem,

356 2876 504 2928 salve
528 2874 581 2927 in
602 2871 814 2924 Christo
831 2869 1058 2922 Domino
1082 2865 1386 2935 plurimum,
1409 2864 1592 2919 dicens
1622 2862 1924 2931 specialius,

356 2981 560 3036 quaeso,
590 2975 648 3017 ut
678 2977 779 3016 una
804 2975 925 3014 cum
955 2960 1154 3013 domno
1183 2972 1304 3012 meo
1351 2958 1626 3026 episc0po,
1660 2970 1819 3024 quem
1859 2953 1926 3007 ad

357 3071 454 3111 nos
479 3062 760 3108 venturum
801 3066 898 3117 pro
927 3065 1022 3104 sua
1051 3049 1358 3118 dignatione
1383 3047 1617 3110 confido,
1643 3049 1816 3110 vobis,

358 3146 708 3201 humilitatem
754 3151 988 3196 nostram
1018 3140 1358 3206 visitandam,
1409 3139 1614 3193 faciatis
1653 3136 1922 3205 injuriam,

358 3248 414 3291 ut
453 3235 717 3304 possimus
754 3233 807 3286 in
837 3245 1000 3286 unum
1023 3231 1181 3298 positi
1234 3229 1460 3283 fructum
1480 3230 1548 3283 de
1574 3237 1753 3282 nostra
1793 3228 1929 3281 invi-

358 3345 471 3384 cem
495 3341 714 3396 carpere
735 3323 1051 3394 prresentia;
1081 3323 1206 3376 dum
1257 3323 1578 3376 sciscitantis
1619 3322 1844 3376 intentio
1870 3321 1928 3376 fit

360 3418 736 3488 respondentis
763 3415 1028 3480 eruditio;
1052 3421 1108 3470 et
1136 3424 1350 3467 mutuus
1369 3413 1766 3483 quodammodo
1804 3427 1928 3482 pro-

359 3512 529 3565 fectus
559 3508 816 3563 discentis
841 3504 1088 3568 efficitur,
1118 3515 1171 3559 et
1195 3503 1458 3559 docentis.
1485 3504 1613 3568 Pax,
1648 3517 1770 3572 pax,
1804 3518 1924 3572 pax.

938 3640 1153 3696 EPIST.
1187 3639 1352 3694 XVII.

361 3757 558 3810 Damno
579 3756 764 3808 anima:
802 3769 929 3816 suw,
983 3762 1029 3806 et
1074 3755 1189 3806 totis
1238 3753 1289 3804 in
1322 3750 1523 3805 Christo
1547 3751 1766 3804 Domino
1797 3753 1930 3805 dile-

429 3826 608 3907 ctionis
631 3824 901 3878 visceribus
925 3822 1200 3876 excolendo
1227 3819 1464 3874 Pomerio
1484 3821 1656 3874 abbati
1683 3822 1928 3875 Ruricius

429 3910 715 3964 episcopus.
1140 3947 1148 3956 α

428 3983 692 4051 Scriptum
715 3988 819 4046 est,
858 3979 996 4034 sicut
1022 3977 1120 4047 ipsi
1168 3978 1359 4032 melius
1381 3979 1571 4047 nostis,
1605 3978 1738 4031 Mihi
1764 3979 1931 4030 vindi-

359 4087 511 4138 ctam,
542 4090 632 4144 ego
659 4071 952 4135 retribuam,
978 4069 1104 4124 dicit
1134 4069 1407 4124 Dominus.
1425 4071 1599 4142 (Deut.
1624 4084 1792 4133 xxxlt,
1825 4069 1927 4133 55;

363 4169 509 4227 Rom.
539 4165 881 4236 xtt,19).Jam
900 4177 996 4218 vos
1014 4162 1141 4217 mihi
1160 4164 1204 4217 si
1227 4163 1351 4232 quid
1369 4163 1639 4230 imputatis
1653 4162 1929 4230 ignoscite,

359 4260 478 4329 quia
505 4258 686 4312 sciatis
715 4255 995 4308 Dominum
1027 4253 1345 4306 vindicasse.
1376 4252 1506 4304 Tam
1535 4253 1666 4305 aviis
1691 4265 1787 4306 nos
1813 4267 1932 4306 esse

360 4350 635 4403 itineribus
649 4344 982 4409 noveritis,in
997 4354 1101 4396 tam
1115 4342 1320 4396 abditas
1334 4341 1648 4395 solitudines
1662 4341 1927 4405 inductos,

359 4450 417 4494 ut
445 4454 535 4493 eas
556 4449 794 4493 retexere
813 4435 1021 4491 animus
1036 4433 1270 4500 horreat,
1296 4447 1449 4488 mens
1475 4431 1726 4501 refugiat,
1757 4449 1934 4488 sermo
1963 4432 2010 4491 Ι)

359 4549 462 4587 non
488 4540 666 4601 queat.
687 4531 1009 4584 lncurrimus
1044 4541 1273 4597 namque
1305 4527 1551 4581 semitam
1595 4525 1927 4580 obstructam

360 4629 541 4694 ramis,
594 4628 764 4696 Spatio
795 4627 1162 4695 constrictam,
1194 4626 1362 4695 spinis
1408 4625 1623 4690 hirtam,
1673 4625 1929 4692 stirpibus

358 4723 614 4782 clausam,
634 4718 859 4771 obsitam
882 4717 1141 4782 sentibus,
1159 4719 1264 4770 situ
1294 4733 1560 4786 asperam,
1577 4732 1824 4773 saxorum
1841 4734 1932 4788 ag-

357 4811 570 4879 geribus
608 4808 936 4878 impeditam,
959 4806 1198 4860 radicum
1229 4810 1562 4862 connexione
1584 4817 1928 4878 constratam,

358 4915 511 4956 cceno
537 4901 925 4969 voraginosam,
949 4907 1004 4951 ut
1033 4897 1086 4950 in
1116 4907 1222 4950 tam
1252 4896 1414 4950 variis
1444 4899 1927 4966 tamqnemultipli-

357 4993 506 5046 cibus
527 4991 682 5044 malis
701 5005 802 5043 non
821 4997 964 5043 esset
979 4989 1200 5058 simplex
1225 4988 1391 5043 forma
1407 4990 1624 5058 periculi
1651 5008 1665 5054 ;
1696 4992 1820 5045 dum
1837 5007 1928 5046 ca-

359 5083 615 5138 ballorum
631 5082 791 5149 pedes
815 5081 1053 5135 radicum
1079 5083 1250 5134 virtus
1264 5081 1487 5149 detinet,
1518 5084 1680 5137 etsoli
1700 5084 1927 5152 putredo

359 5195 465 5234 non
494 5177 756 5241 sustinet;
802 5177 1068 5231 montibus
1099 5191 1227 5230 vero
1258 5178 1328 5231 ita
1373 5179 1424 5230 in
1466 5178 1695 5234 sublime
1743 5196 1927 5248 porre-

358 5283 519 5340 ctam,
554 5278 609 5325 et
637 5269 856 5323 vallibus
889 5272 938 5321 in
964 5266 1224 5336 profunda
1254 5266 1576 5333 demersam,
1609 5278 1667 5323 ut
1706 5285 1804 5326 nos
1831 5286 1924 5343 per

440 5489 466 5517 ⁸
485 5481 600 5533 Fuit
630 5479 718 5533 ille
748 5478 1024 5547 presbyter
1073 5475 1450 5547 dilectissimus
1477 5473 1739 5547 Rnricio,_
1765 5473 1920 5547 cujus

357 5565 458 5617 ope
487 5565 610 5602 usus
637 5559 715 5603 est
759 5545 1082 5616 Eparetiins,
1117 5553 1175 5599 ut
1214 5546 1418 5599 litteras
1461 5545 1920 5598 commendatitias

2030 1822 2202 1876 deret.
2237 1822 2575 1889 Quapropter
2603 1820 2725 1888 quia
2754 1819 2867 1872 haec
2895 1818 3072 1871 omnia
3120 1818 3376 1872 Dominus
3418 1829 3600 1872 noster

2029 1923 2083 1967 et
2113 1928 2197 1966 me
2229 1913 2525 1974 incurrere,
2554 1917 2608 1962 et
2634 1923 2729 1962 vos
2753 1908 2914 1977 jussit
2943 1907 3208 1971 evadere;
3241 1917 3456 1977 peccata
3481 1922 3598 1961 mea

2029 2016 2059 2054 a
2086 2002 2278 2054 veStris
2311 1999 2515 2053 meritis
2545 1999 2704 2051 etiam
2735 1996 2931 2050 visibili
2961 1998 3149 2051 itinere
3175 1996 3523 2059 discernens;
3546 2007 3600 2051 et

2029 2104 2124 2143 vos
2152 2089 2242 2158 qui
2287 2098 2435 2142 arcta
2481 2097 2534 2141 et
2581 2087 2846 2140 laboriosa
2896 2086 3207 2154 spiritaliter
3236 2087 3454 2154 pergitis
3494 2087 3599 2152 via,

2029 2181 2156 2235 istas
2180 2195 2283 2233 non
2335 2177 2644 2232 ittcidcretis
2687 2177 2998 2260 angustiasn
3032 2185 3086 2230 et
3130 2192 3229 2230 nos
3273 2177 3360 2245 qui
3406 2177 3509 2230 lata
3549 2191 3602 2233 et

2028 2271 2286 2339 spatiosa,
2321 2279 2617 2322 retrorsum
2650 2281 2862 2335 semper
2901 2267 3250 2335 respicientes
3282 2268 3599 2334 incedimus,

2031 2359 2187 2427 hujus
2245 2359 2570 2411 incurrimus
2620 2356 2861 2422 injurias.
2915 2357 3077 2410 Orate
3148 2357 3461 2422 Dominum,
3516 2359 3601 2412 cui

2028 2448 2205 2503 omnia
2239 2447 2511 2516 possibilia
2568 2446 2906 2510 confitemur,
2961 2456 3018 2499 ut
3056 2446 3157 2500 etsi
3210 2461 3304 2514 per
3336 2447 3603 2504 diversum

2029 2539 2154 2606 iter,
2188 2539 2255 2592 ad
2291 2554 2448 2591 unam
2478 2553 2573 2590 nos
2606 2546 2781 2590 tamen
2806 2538 2989 2591 urbem
3023 2539 3178 2592 faciat
3204 2541 3517 2602 convenire;
3552 2542 3603 2594 in

2029 2646 2190 2698 quam
2219 2644 2317 2683 nos
2345 2628 2710 2683 misericordia
2746 2637 2921 2696 potest
2952 2627 3170 2694 inferre,
3199 2646 3291 2684 vos
3322 2631 3532 2685 merita.

2599 2741 2813 2795 EPIST.
2848 2740 3033 2793 XVIII.

2102 2833 2409 2888 Dulcissimo
2459 2842 2505 2887 ct
2539 2835 2783 2912 unanimo
2828 2833 2935 2900 ﬁlio
2970 2842 2994 2869 ι
3038 2834 3249 2887 Omacio
3297 2834 3535 2890 Ruricius

2689 2918 2974 2971 episcopus.

2103 3002 2167 3056 Ut
2201 3015 2297 3068 per
2325 2999 2610 3054 Venerium
2655 2998 2922 3052 dulcedini
2977 3007 3080 3052 tuze
3124 3013 3228 3052 non
3280 2998 3598 3061 scriberem,

2104 3045 2167 3056 ν-
2203 3045 2287 3068 ,νυ-
2341 3045 2610 3054 -ν--ν---η-
2660 3045 2922 3052 ----ν------
2978 3045 3080 3052 --η
3124 3045 3228 3052 --νη
3280 3045 3598 3061 --ηη--ν-η.

1857 3045 1923 3157 id
1954 3077 2000 3139 C
2031 3106 2136 3142 non
2167 3089 2524 3157 negligentiae,
2559 3102 2656 3141 nec
2694 3087 3063 3154 imputationis
3088 3089 3335 3157 alicujus,
3376 3089 3466 3143 sed
3514 3104 3604 3143 oc-

2030 3182 2329 3251 eupationis
2376 3179 2537 3234 fuisse
2577 3196 2863 3247 cognosce.
2900 3181 3048 3235 Unde
3096 3183 3190 3235 bas
3220 3199 3314 3250 per
3340 3182 3602 3236 Amelium

2030 3273 2172 3336 dedi,
2205 3273 2396 3341 quibus
2437 3272 2582 3326 salve
2624 3271 2911 3340 plurimttm
2956 3271 3099 3338 dico,
3154 3282 3208 3327 et
3253 3283 3308 3327 ut
3351 3275 3605 3344 propositi

2031 3364 2104 3417 tui
2135 3378 2346 3430 semper
2382 3362 2766 3427 reminiscaris,
2820 3377 3157 3418 commoneo.
3205 3363 3312 3420 Nec
3365 3367 3599 3420 animum

2030 3464 2174 3508 tuum
2198 3454 2307 3522 jam
2341 3454 2449 3508 Deo
2478 3455 2710 3508 dicatum
2745 3463 2835 3507 aut
2863 3470 2892 3507 a
2918 3467 3096 3524 ccepto
3129 3457 3322 3511 itinere
3361 3457 3606 3511 blandior

2032 3545 2176 3598 visus
2206 3555 2415 3610 avocet,
2447 3551 2540 3596 aut
2569 3543 2891 3596 modulatior
2920 3555 3226 3614 corrumpat
3255 3545 3483 3610 auditus,
3513 3559 3605 3601 aut

2032 3635 2239 3688 dulcior
2263 3644 2450 3703 gustus
2479 3633 2696 3698 inliciat,
2729 3642 2820 3686 aut
2862 3634 3071 3688 mollior
3112 3635 3363 3690 sollicitet
3411 3647 3602 3702 tactus,

2031 3737 2121 3780 aut
2147 3728 2366 3780 suavior
2404 3727 2658 3780 odoratus
2709 3725 2916 3789 illiciat,
2957 3734 3010 3778 et
3041 3742 3135 3794 per
3177 3726 3437 3781 fenestras
3484 3744 3609 3782 cor-

2033 3821 2177 3886 poris
2210 3832 2352 3871 mors
2379 3817 2764 3870 intromittatur
2784 3816 2848 3869 ad
2876 3817 3127 3871 animam.
3165 3819 3270 3873 Sed
3313 3834 3488 3888 neque
3513 3821 3608 3875 sti-

2032 3925 2151 3963 vam
2203 3919 2409 3972 tenens,
2443 3919 2628 3961 contra
2665 3909 2873 3963 Domini
2902 3911 3220 3964 sententiam
3261 3921 3406 3965 retro
3434 3912 3603 3980 respi-

2033 4002 2165 4063 cias,
2199 4011 2253 4053 ut
2282 4000 2541 4053 directum
2571 4000 2727 4053 lineae
2767 4001 2948 4056 sulcus
2992 4004 3236 4056 amittat:
3269 4005 3394 4071 quin
3436 4006 3608 4072 potius

2033 4093 2103 4144 ita
2135 4091 2189 4144 in
2214 4105 2356 4153 eum,
2389 4091 2473 4143 cui
2503 4099 2576 4154 te,
2610 4091 2725 4159 ipso
2766 4091 3086 4160 inspirante,
3120 4094 3330 4158 vovisti,
3360 4096 3608 4149 omnibus

2033 4180 2277 4234 sensibus
2308 4180 2500 4243 inhies,
2525 4189 2578 4234 et
2601 4181 2763 4235 corde
2789 4183 2994 4238 defixus
3047 4183 3344 4248 adhaereas,
3376 4199 3431 4239 ut
3484 4202 3606 4240 cum

2036 4281 2085 4325 te
2108 4271 2192 4324 vel
2221 4286 2320 4324 una
2351 4271 2688 4339 praefatorum
2716 4273 2966 4326 vitiorum
2994 4274 3117 4328 illex
3151 4274 3321 4328 forma
3355 4277 3605 4343 pulsave-

2034 4365 2123 4430 rit,
2150 4364 2251 4418 fide
2283 4364 2454 4429 firma,
2475 4375 2528 4419 et
2567 4365 2746 4418 divina
2777 4366 3124 4421 meditatione
3143 4370 3400 4423 munitum
3424 4380 3608 4437 pectus

2038 4457 2185 4510 adire
2212 4471 2317 4509 non
2342 4457 2526 4525 possit.
2561 4457 2627 4510 Et
2651 4457 2943 4525 quamlibet
2984 4459 3035 4510 in
3064 4459 3232 4513 turbis
3259 4460 3462 4528 positus
3489 4474 3609 4513 esse

2037 4548 2284 4612 videaris,
2308 4548 2516 4602 intrans
2548 4550 2601 4602 in
2629 4549 2932 4604 cubiculum
2957 4551 3134 4604 cordis
3163 4551 3236 4605 tui
3261 4552 3441 4620 clauso
3469 4554 3608 4606 ostio

2039 4649 2149 4708 tuo,
2177 4640 2456 4695 Dominum
2483 4657 2639 4696 orare
2692 4657 2796 4695 non
2824 4643 3037 4697 desinas
3058 4642 3275 4710 (Matth.
3309 4660 3379 4712 vt,
3413 4644 3502 4712 6),
3553 4655 3610 4698 ut

2039 4731 2125 4799 qui
2159 4730 2297 4783 videt
2327 4732 2377 4782 in
2420 4731 2649 4796 occulto,
2684 4731 2825 4785 dicat
2879 4731 2994 4793 tibi,
3024 4732 3160 4785 sicut
3205 4743 3392 4787 sancto
3440 4734 3605 4804 Moysi

2040 4821 2351 4876 vociferanti
2375 4822 2439 4876 ad
2467 4838 2524 4877 se
2553 4839 2657 4876 non
2691 4838 2841 4887 voce,
2873 4824 2963 4876 sed
2989 4825 3171 4889 corde,
3197 4826 3404 4880 dicebat
3430 4843 3442 4877 :
3475 4826 3608 4890 Quid

2034 4914 2223 4966 clamas
2250 4913 2316 4963 ad
2336 4929 2414 4964 me
2434 4912 2624 4981 (Exod.
2657 4915 2914 4983 xtv,15)‘i
2945 4915 3009 4968 Ει
3044 4930 3204 4982 spero
3234 4925 3290 4968 ut
3316 4917 3366 4969 in
3415 4916 3608 4970 talibus

2031 5003 2360 5057 orationibus
2390 5002 2550 5056 etiam
2582 5004 2682 5057 mei
2716 5005 3024 5059 meminisse
3064 5006 3324 5074 digneris,
3356 5018 3408 5059 et
3449 5009 3610 5062 citius

2033 5101 2086 5147 te
2115 5092 2182 5146 ad
2205 5107 2323 5153 nos,
2346 5092 2504 5146 etiam
2536 5092 2580 5146 si
2607 5094 2746 5146 inter
2775 5110 2870 5148 nos
2893 5093 3099 5149 reducit
3128 5096 3370 5161 allectus,
3399 5097 3611 5152 deside.

2035 5183 2173 5236 rium
2202 5179 2527 5236 dulcissimae
2557 5191 2612 5237 et
2631 5183 2997 5238 saluberrima:
3023 5185 3218 5254 quietis
3248 5186 3497 5240 adducat.

2027 5474 2483 5598 ﬂt‘IsAGDrlllznlillIum
2515 5475 2803 5530 obtineret.
2838 5476 2969 5530 Vide
2993 5475 3217 5532 inferius
3249 5479 3284 5532 Ι.
3306 5493 3363 5543 ιι,
3400 5493 3487 5546 ep.
3512 5478 3605 5549 i7,

2027 5562 2055 5598 e
2184 5582 2197 5597 .
2290 5565 2313 5597 ,ι
2349 5561 2398 5598 n.

2027 5561 2081 5599 Cl
2108 5561 2197 5598 οι).
2242 5561 2398 5598 ηιεκ.
