4022 6168
398 340 458 396 8i
1682 332 2016 391 EPISTOLA]

2114 333 2149 389 li
2188 332 2316 389 LIB.
2357 332 2419 386 ιι.
3578 312 3667 383 ες

1375 578 1843 693 LIBER
1930 576 2759 684 SECUNDUS.

1910 782 2196 796 ψ

906 918 1233 974 ΕΡΙδΤΟΙιΑ
1273 916 1504 969 PRIMA.

416 1008 632 1064 Domnis
660 1009 1037 1063 sublimissimis
1061 1022 1109 1063 et
1141 1012 1192 1062 in
1217 1008 1415 1062 Christo
1441 1008 1660 1061 Domino
1682 1007 2000 1060 devinctissi-

533 1082 628 1133 mis
654 1080 902 1147 fratribus
926 1090 950 1114 ⁸
973 1078 1223 1132 Namacio
1258 1090 1303 1132 et
1328 1076 1593 1131 Ceraunia:
1622 1077 1881 1130 Ruricius.

492 1184 713 1252 Antiqui
743 1188 1013 1252 sapientes
1039 1186 1241 1238 amicos
1278 1184 1413 1237 duos
1452 1199 1608 1236 unam
1640 1182 1869 1236 animam
1903 1182 2001 1235 ha-

420 1272 551 1327 bere
593 1273 891 1328 dixerunt:
945 1265 1086 1343 quod
1133 1272 1287 1327 valde
1330 1286 1515 1327 verum
1564 1286 1687 1325 esse
1734 1272 1999 1339 praedico,

420 1363 718 1433 proboque.
772 1362 901 1417 Nam
932 1374 1216 1434 postquam
1246 1378 1275 1417 a
1307 1372 1477 1418 vestra
1511 1364 1861 1431 germanitate
1889 1362 2003 1416 dis-

418 1452 592 1517 cessi,
643 1452 871 1506 divisum
917 1466 1038 1511 esse
1084 1468 1169 1507 me
1214 1453 1421 1518 sentio,
1472 1462 1783 1522 partemque
1829 1467 2002 1507 meam

420 1542 700 1596 vobiscum
742 1543 1009 1597 resedisse
1039 1557 1324 1613 cognosco.
1374 1544 1482 1598 Nec
1519 1543 1826 1598 absentibus
1856 1544 2005 1599 vobis

419 1635 630 1703 integer
659 1649 781 1689 esse
810 1635 940 1688 mihi
970 1635 1173 1688 videor.
1225 1635 1288 1689 Et
1317 1650 1437 1689 cum
1472 1650 1557 1689 me
1597 1636 1649 1688 in
1678 1650 1763 1690 me
1793 1650 1897 1688 non
1925 1638 2006 1688 in-

420 1726 635 1779 veniam
663 1767 679 1791 ,
727 1724 865 1792 apud
903 1740 1000 1779 vos
1042 1741 1160 1789 me,
1206 1726 1273 1779 ad
1318 1740 1414 1780 vos
1455 1740 1722 1791 reversus,
1769 1726 2002 1792 inquiro,

420 1827 585 1887 atque
624 1817 843 1883 ibidem,
877 1827 1128 1886 quantum
1161 1834 1246 1872 me
1272 1818 1428 1887 jubes
1468 1816 1768 1887 reliquisse,
1802 1826 2001 1871 tantum

422 1908 590 1962 vestri
620 1922 828 1962 mecum
855 1907 1139 1964 abstulisse
1167 1909 1457 1978 conspicio.
1506 1910 1568 1962 Et
1601 1910 1669 1962 ita
1698 1910 2005 1978 priusquam

425 2001 554 2065 fiat,
584 2010 852 2056 annuente
881 2001 1135 2067 Domino,
1181 2002 1457 2071 pignorum
1497 2011 1804 2057 nostrorum
1831 2004 2004 2058 votiva

423 2094 736 2162 coltjunctio
777 2094 1078 2148 animorum
1125 2096 1263 2148 inter
1311 2110 1410 2149 nos
1458 2095 1591 2149 facta
1640 2095 1748 2164 jam
1793 2095 2003 2161 divisio,

424 2201 551 2255 qua:
585 2183 816 2240 bdivino
864 2187 1232 2254 amplectenda
1283 2187 1450 2256 magis
1497 2196 1580 2241 est
1630 2186 2004 2256 diligentibus,

2020 918 2073 977 Α
2101 914 2243 970 dico.
2296 915 2405 969 Iter
2451 928 2663 975 meum,
2713 921 3058 983 vestrumque
3105 922 3445 981 conspectum
3497 922 3676 968 mente

2105 1006 2396 1077 prtevenio,
2428 1015 2588 1074 atque
2618 1004 2819 1069 omnia,
2850 1005 2987 1058 sicut
3008 1005 3261 1069 jussistis,
3292 1012 3345 1058 et
3370 1004 3586 1073 dignum
3615 1018 3677 1059 ac

2104 1098 2341 1152 debitum
2393 1096 2523 1160 fuit,
2576 1096 2845 1164 inspecta,
2894 1094 3113 1159 tradita,
3168 1096 3372 1148 ﬁrmata
3409 1095 3679 1165 signiﬁco.

2103 1188 2212 1243 Nec
2241 1203 2430 1243 vereor
2459 1188 2599 1256 quod
2630 1187 2820 1242 debeat
2851 1189 3055 1241 animos
3081 1198 3289 1241 veStros
3318 1188 3400 1241 vel
3440 1188 3679 1256 aliquan-
3732 1210 3739 1216 ~

2104 1280 2270 1345 tisper
2298 1277 2600 1344 oﬂ'endere,
2651 1277 2790 1346 quod
2841 1293 3005 1331 unum
3049 1278 3369 1333 vocabulum
3401 1279 3466 1333 de
3496 1278 3679 1334 libello

2104 1368 2243 1424 dotis
2272 1370 2455 1424 vident
2482 1383 2600 1423 esse
2628 1369 2992 1433 subtractum;
3046 1383 3165 1421 cum
3203 1368 3304 1422 hoc
3344 1368 3484 1438 quod
3524 1368 3677 1424 deest

2105 1473 2351 1525 numero,
2380 1474 2483 1521 non
2508 1457 2682 1513 solum
2710 1466 3131 1526 compensatum,
3158 1457 3255 1512 sed
3283 1458 3443 1513 etiam
3464 1466 3676 1514 auctum

2105 1548 2395 1619 agnoscitis
2422 1548 2477 1602 in
2504 1548 2720 1603 merito.
2744 1624 2747 1627 η

2722 1658 2939 1714 EPIST.
2980 1658 3068 1712 Ill.

2106 1752 2341 1806 Dominis
2366 1750 2666 1805 sublimibus
2689 1759 2737 1805 et
2755 1752 2809 1804 in
2829 1749 3029 1803 Christo
3051 1748 3270 1802 Domino
3296 1748 3680 1804 derinctissimis

2294 1822 2541 1889 fratribus
2571 1822 2822 1874 Namacio
2851 1832 2897 1875 et
2925 1820 3191 1875 Cerauniw
3221 1819 3481 1873 Ruricius.

2177 1913 2347 1983 Quam
2371 1916 2609 1984 graviter
2634 1914 2732 1968 sim
2756 1913 2823 1968 de
2848 1913 2990 1967 luctu
3013 1920 3191 1967 vestro
3214 1912 3384 1966 nuntii
3408 1913 3681 1968 atrocitate

2108 2008 2420 2077 perculsus,
2460 2006 2670 2061 facilius
2711 2020 2808 2060 vos
2856 2020 2952 2072 pro
2998 2013 3185 2059 mutuo
3231 2004 3452 2072 potestis
3499 2019 3682 2061 amore

2108 2099 2407 2165 conjicere,
2450 2109 2609 2166 quam
2652 2111 2753 2167 ego
2784 2096 2982 2166 possim
3012 2096 3205 2152 litteris
3236 2097 3504 2151 intimare.
3551 2096 3683 2163 Quia

2110 2190 2321 2245 animus
2351 2189 2516 2243 nimio
2560 2204 2793 2243 maerore
2820 2188 3121 2256 confectus,
3152 2188 3294 2258 quod
3328 2189 3509 2243 horret
3534 2203 3684 2244 reco-

425 2291 591 2345 quam
620 2277 864 2342 vitanda;
900 2293 993 2346 per
1017 2294 1175 2346 quam
1209 2278 1266 2331 ﬁt
1295 2279 1346 2332 in
1377 2278 1627 2333 cordibus
1653 2294 1839 2333 eorum
1871 2282 2009 2333 cari-
2041 2276 2085 2333 Β
2116 2280 2244 2346 lere,
2276 2281 2453 2334 renuit
2479 2280 2761 2348 expedire.
2813 2280 2995 2345 Doleo,
3038 2280 3229 2333 fratres
3267 2278 3677 2340 devinctissimi,

428 2368 561 2423 tatis
600 2370 818 2438 integra:
854 2371 1063 2426 sincera
1102 2370 1428 2433 transfusio;
1478 2372 1631 2441 cujus
1659 2387 1760 2441 ego
1785 2372 2013 2427 vinculis

428 2462 739 2530 colligatum
771 2476 797 2512 a
822 2462 974 2516 vobis
1000 2477 1120 2517 eSse
1148 2478 1233 2516 me
1257 2463 1485 2531 gaudeo,
1509 2470 1564 2516 et
1595 2462 1786 2517 talibus
1810 2464 2014 2518 catenis

430 2559 647 2613 vinctus
676 2560 905 2625 exsulto,
933 2558 1303 2627 obstringiQue
1335 2574 1419 2612 me
1446 2572 1627 2613 earum
1657 2557 1879 2612 nexibus
1906 2572 2016 2609 ma-

434 2651 520 2720 gis
566 2651 728 2720 cupio
770 2666 928 2721 quam
966 2650 1184 2706 resolvi.
1234 2650 1437 2717 Quibus
1474 2660 1525 2704 et
1574 2665 1669 2704 vos
1697 2650 2016 2703 constrictos

434 2753 561 2795 esse
584 2740 815 2794 conﬁdo.
849 2739 1213 2795 Rcdeuntibus
1239 2740 1413 2805 itaque
1440 2738 1632 2792 veStris
1658 2737 1804 2792 salve
1831 2736 2015 2805 largis-

438 2832 636 2885 simum
658 2831 799 2895 dico,
839 2840 893 2887 et
916 2847 978 2886 ex
1008 2831 1256 2886 omnibus
1285 2830 1482 2900 gratias
1518 2842 1682 2897 agens
1706 2828 2016 2898 derelinquo

439 2938 563 2991 qua:
602 2922 667 2977 ad
710 2922 1034 2991 prmeonium
1078 2931 1319 2976 nostrum
1361 2919 1649 2990 pertinent.
1698 2919 1902 2974 Idcirco
1931 2935 2017 2974 me

442 3012 660 3068 siluisse
702 3012 964 3083 signiﬁco,
1014 3012 1136 3081 quia
1188 3012 1240 3065 in
1291 3011 1519 3081 propriis
1564 3010 1829 3075 laudibus,
1881 3011 2019 3065 sicut

437 3102 658 3168 dicitur,
690 3114 771 3158 est
810 3103 995 3157 odiosa
1031 3102 1319 3172 jactantia;
1365 3113 1542 3157 vestra
1581 3102 1723 3156 enim
1754 3103 1870 3157 laus
1898 3119 2016 3157 mea
2047 3084 2056 3093 ’

440 3192 583 3246 facta
607 3202 717 3256 est;
762 3201 817 3248 et
845 3192 983 3255 ideo,
1013 3200 1071 3245 ut
1096 3192 1235 3259 dixi,
1277 3192 1344 3247 de
1370 3192 1809 3259 magnanimitate
1839 3201 2015 3248 vestra

440 3294 624 3337 tacere
654 3285 844 3338 melius
874 3283 1031 3348 duxi;
1076 3284 1198 3353 quia
1239 3284 1496 3354 quidquid
1535 3284 1603 3339 de
1628 3283 1780 3340 vobis
1809 3284 2016 3352 dixero,

439 3374 574 3427 mihi
599 3374 781 3428 videor
806 3374 1115 3430 contulisse.

1072 3489 1287 3544 EPIST.
1327 3491 1390 3545 II.

444 3576 675 3631 Dominis
696 3577 1071 3632 sublimissimis
1097 3588 1143 3632 et
1168 3581 1221 3633 in
1243 3579 1445 3634 Christo
1464 3579 1684 3634 Domino
1708 3582 2018 3635 devinctissi-

585 3650 681 3701 mis
704 3650 949 3718 fratribus
973 3648 1223 3702 Namacio
1252 3661 1299 3704 et
1324 3650 1589 3706 Ceraunia:
1613 3651 1873 3706 Ruricius.

512 3742 658 3796 Inter
686 3742 919 3811 reliquas
948 3752 1143 3811 grates,
1178 3758 1296 3812 quae
1335 3759 1362 3795 a
1406 3759 1491 3799 me
1532 3744 1682 3799 vobis
1715 3745 1837 3813 jure
1874 3743 2014 3799 refe-

442 3831 626 3887 renda:
652 3842 807 3898 sunt,
854 3834 1131 3901 praesentia
1164 3848 1224 3888 ac
1249 3833 1454 3889 visione
1485 3837 1690 3903 patroni
1720 3835 2018 3888 communis

441 3922 624 3976 domui
666 3922 962 3976 Postumini
1007 3924 1248 3993 ingentes
1277 3927 1477 3994 gratias
1505 3940 1625 3994 ago,
1656 3926 1795 3995 quod
1832 3924 2019 3991 hospi-

444 4011 634 4066 tiolum
666 4020 905 4066 vestrum
947 4013 1149 4067 fecistis
1180 4014 1347 4080 ipsius
1376 4014 1707 4068 orationibus
1743 4014 2018 4068 illustrari.

445 4101 583 4167 Quia
613 4102 739 4155 dum
774 4103 927 4157 vobis
957 4103 1177 4157 exhibet
1205 4104 1386 4169 ﬁdem,
1420 4105 1578 4160 nobis
1623 4106 1807 4160 tribuit
1855 4114 2020 4161 bene-

445 4192 768 4256 dictionem;
812 4201 867 4246 et
909 4193 1034 4248 licet
1064 4192 1224 4249 fuerit
1253 4196 1691 4263 vigilantissimus
1728 4195 2018 4265 inspector,

446 4281 936 4347 importunissimus
966 4292 1206 4348 exactor,
1242 4283 1676 4361 .districtissimus
1716 4297 2021 4351 exsecutor,

446 4370 588 4424 levia
619 4380 796 4424 tamen
840 4374 955 4427 hazc
992 4373 1169 4427 omnia
1212 4377 1377 4445 gratia
1410 4385 1587 4430 vestra
1632 4384 1686 4430 et
1728 4376 2023 4431 sanctitatis

446 4479 565 4517 sua:
594 4464 975 4531 ponderatione
1007 4469 1381 4534 pensavimus;
1432 4470 1549 4536 quia
1591 4468 1728 4522 sicut
1766 4472 2021 4538 scriptum

448 4562 580 4605 est:
611 4552 812 4607 Caritas
856 4556 1025 4609 omnia
1075 4557 1309 4621 sustinet,
1360 4560 1547 4611 caritas
1592 4575 1853 4628 nunquam
1884 4563 2021 4614 erci-

448 4644 526 4696 dit
559 4642 610 4712 (Ι
635 4641 757 4699 Cor.
786 4661 896 4711 xm,
926 4646 998 4715 7),
1050 4647 1346 4715 praesertim
1392 4662 1510 4701 cum
1561 4648 1683 4713 hoc,
1713 4651 1853 4717 quod
1883 4649 2027 4705 visus

450 4734 688 4802 exigere,
710 4736 864 4788 nobis
884 4750 1004 4789 eum
1029 4736 1296 4790 credimus
1320 4736 1413 4790 Dei
1436 4737 1693 4792 beneﬁcio
1714 4739 2022 4795 contulisse.

451 4824 633 4891 Itaque
668 4839 733 4879 eo
763 4835 785 4863 ε
811 4816 1022 4895 propria
1055 4827 1270 4881 civitate
1300 4838 1603 4893 remeante,
1644 4844 1749 4883 non
1778 4829 1897 4897 quia
1935 4846 2028 4885 ne-

454 4915 702 4967 cessaria:
727 4925 928 4981 essent,
958 4917 1051 4971 sed
1083 4916 1207 4986 quia
1235 4917 1419 4981 voluit,
1447 4918 1589 4987 dedi,
1619 4919 1808 4987 quibus
1837 4920 2025 4974 indivi-

2118 2384 2222 2425 tam
2265 2373 2461 2426 acerbo
2491 2372 2637 2426 casui
2665 2380 2867 2437 vestro,
2919 2380 2972 2426 et
3023 2381 3135 2427 toto
3179 2372 3343 2427 corde
3371 2372 3683 2439 compatior.

2114 2463 2249 2517 Nam
2279 2462 2379 2517 etsi
2410 2462 2473 2515 ad
2506 2477 2743 2532 prmsens
2765 2478 2795 2517 a
2816 2462 2967 2516 vobis
2988 2471 3265 2529 separatus
3293 2476 3410 2515 sum
3437 2475 3684 2527 corpore,

2113 2565 2292 2609 tamen
2338 2570 2551 2622 semper
2596 2564 2773 2607 mente
2815 2554 3133 2621 conjungor,
3181 2561 3234 2607 et
3282 2552 3404 2604 dum
3460 2567 3488 2603 a
3535 2550 3686 2605 vobis

2116 2647 2317 2699 animo
2340 2660 2443 2699 non
2492 2643 2710 2707 recedo,
2745 2643 3043 2710 planctibus
3072 2643 3266 2697 vestris
3310 2641 3572 2696 interesse
3601 2655 3686 2695 me

2115 2735 2294 2790 credo.
2328 2735 2462 2802 Quia
2493 2733 2784 2788 secundum
2812 2733 3046 2787 divinam
3077 2732 3395 2787 sententiam
3426 2731 3565 2800 quod
3596 2744 3687 2799 pa-

2116 2828 2245 2881 titur
2272 2840 2437 2881 unum
2464 2825 2786 2891 membrum,
2818 2824 2997 2878 omnia
3024 2822 3263 2877 membra
3293 2820 3688 2889 compatiuntur

2118 2917 2172 2972 in
2202 2930 2449 2986 corpore.
2477 2914 2587 2969 Nos
2615 2915 2755 2970 enim
2786 2929 2889 2967 non
2917 2913 3090 2967 solum
3116 2912 3220 2966 ﬁde
3240 2924 3688 2978 concorporamur

2118 3009 2170 3063 in
2197 3006 2445 3072 Christo,
2488 3007 2579 3061 sed
2621 3006 2782 3061 etiam
2826 2990 3058 3058 ﬁliorum
3085 3004 3460 3072 conjunctione
3485 3015 3690 3057 conne-

2118 3102 2331 3156 ctimur.
2384 3098 2535 3155 Unde
2578 3098 2739 3153 etiam
2787 3098 2833 3153 si
2877 3110 3127 3152 curarum
3174 3104 3314 3151 tanta
3347 3094 3690 3163 intemperies

2117 3193 2481 3261 permisisset,
2521 3189 2588 3244 ad
2618 3190 2869 3243 solandos
2894 3203 3010 3255 vos,
3046 3203 3142 3258 pro
3172 3187 3415 3257 epistolis
3446 3187 3561 3255 ipse
3593 3202 3689 3242 ve-

2120 3285 2339 3338 nissem.
2389 3280 2496 3337 Sed
2525 3281 2651 3350 quid
2682 3279 2926 3344 facimus,
2958 3279 3149 3334 fratres
3177 3277 3399 3351 optimi,
3439 3276 3579 3347 quod
3608 3275 3690 3329 di-

2119 3374 2258 3427 vinat
2286 3372 2537 3427 resistere
2562 3370 2787 3440 jussioni
2805 3410 2821 3435 ,
2866 3370 3003 3425 sicut
3029 3368 3226 3425 virtute
3252 3383 3357 3424 non
3386 3382 3689 3436 possumus,

2121 3463 2191 3517 ita
2221 3477 2320 3517 nec
2346 3462 2616 3517 voluntate
2643 3461 2920 3525 debemus,
2944 3468 2998 3514 et
3025 3460 3170 3514 omni
3193 3458 3531 3528 advigilantia
3557 3472 3689 3525 prae.

2120 3569 2312 3608 cavere
2352 3568 2423 3608 ne
2458 3553 2585 3607 dum
2615 3552 2791 3606 dulcia
2823 3551 2978 3604 nobis
3016 3551 3237 3621 pignora
3286 3551 3451 3604 nimio
3504 3549 3692 3605 dolore

2042 3629 2088 3689 (ἶ
2121 3646 2401 3711 deflemus,
2433 3640 2765 3713 blasphemi,
2804 3653 2894 3697 aut
2918 3641 3312 3712 quodammodo
3344 3642 3585 3711 injuriosi
3616 3643 3691 3694 vi-

2119 3735 2340 3789 deamur
2392 3734 2443 3787 in
2498 3733 2759 3797 Domino;
2810 3740 2864 3787 et
2908 3733 3124 3803 gravius
3170 3733 3400 3787 animam
3457 3741 3692 3786 nostram

2118 3836 2304 3880 auctor
2343 3826 2507 3894 ipsius
2552 3825 2758 3880 meritis
2807 3825 3020 3880 inventa
3070 3826 3353 3881 occasione
3389 3825 3692 3888 confodiat.

2121 3934 2279 3987 quam
2323 3933 2575 3974 carorum
2614 3918 2906 3975 amissione
2950 3919 3233 3988 percussit.
3283 3920 3412 3974 Ideo
3454 3922 3511 3973 in
3547 3918 3693 3973 omni

2122 4010 2477 4066 amaritudine
2506 4011 2592 4066 vel
2622 4010 2808 4066 dolore
2848 4011 2915 4064 ad
2958 4011 3109 4065 illum
3140 4010 3296 4066 nobis
3325 4010 3693 4081 refugiendum

2123 4112 2235 4165 est,
2268 4112 2322 4155 et
2350 4101 2416 4155 ad
2449 4101 2591 4156 illum
2620 4115 2808 4156 omnes
2835 4115 2992 4156 casus
3019 4101 3190 4156 nostri
3220 4109 3332 4155 toto
3360 4100 3522 4155 corde
3552 4101 3695 4156 rele-

2124 4190 2298 4251 rendi.
2329 4191 2417 4261 qui
2450 4198 2603 4245 sanat
2628 4191 2958 4258 vulneratos,
2985 4190 3076 4261 qui
3103 4191 3305 4246 relevat
3332 4199 3579 4257 maestos,
3602 4191 3696 4261 qui

2124 4283 2436 4338 conSolatur
2488 4283 2736 4339 afﬂictos.
2799 4283 2865 4338 Et
2912 4283 3002 4338 illa
3052 4286 3319 4338 sententia
3369 4282 3539 4337 sancti
3593 4282 3696 4338 Job

2125 4376 2344 4429 omnino
2372 4376 2595 4429 dicenda
2625 4384 2745 4430 est:
2777 4372 3027 4427 Dominus
3057 4375 3216 4439 dedit,
3249 4373 3498 4427 Dominus
3525 4371 3697 4428 abstu-

2127 4470 2203 4533 lit,
2236 4470 2367 4521 sicut
2392 4466 2612 4521 Domino
2639 4468 2864 4533 placuit,
2906 4467 2977 4519 ita
3004 4475 3053 4521 et
3080 4466 3269 4536 factum
3298 4476 3389 4534 est,
3424 4466 3489 4519 sit
3516 4482 3698 4520 nomen

2129 4560 2337 4613 Domini
2366 4558 2681 4610 benedictum
2721 4555 2839 4627 (Job
2884 4573 2922 4620 l,
2963 4557 3072 4623 21).
3129 4557 3255 4612 Ilaec
3295 4572 3452 4627 ergo,
3488 4557 3697 4612 Domini

2130 4650 2356 4721 pectoris
2386 4649 2518 4713 mei,
2569 4649 2804 4704 scribere
2830 4650 2982 4704 vobis
3019 4650 3217 4707 idcirco
3246 4651 3595 4720 praesumpsi,
3642 4658 3699 4706 ut

2128 4742 2366 4796 dolorem
2407 4754 2782 4807 communem,
2830 4754 2985 4807 quem
3029 4740 3299 4805 sciebam,
3336 4740 3477 4809 quod
3522 4740 3700 4795 verbis

2129 4832 2264 4886 meis
2290 4830 2534 4900 mitigare
2563 4846 2667 4884 non
2696 4840 2962 4899 poteram,
2991 4831 3074 4885 vel
3112 4831 3307 4885 divinis
3346 4831 3573 4900 eloquiis
3615 4842 3701 4886 ut-

2130 4937 2340 4991 cunque
2368 4920 2697 4976 moderarcr.
2749 4922 2816 4975 Et
2843 4936 2969 4976 vere
3006 4936 3113 4976 non
3154 4922 3430 4977 minimum
3470 4922 3699 4988 potestis

454 5004 575 5057 dure
596 5008 931 5073 germanitati
953 5018 1143 5063 vestra:
1164 5007 1309 5061 salve
1333 5008 1684 5078 largissimum
1711 5010 2023 5067 desiderans
2050 4991 2108 5061 Di
2128 5027 2323 5081 capere
2351 5012 2418 5067 de
2442 5010 2638 5066 Christi
2665 5012 2939 5066 voluntate
2968 5011 3241 5078 solatium,
3269 5010 3409 5081 quod
3436 5019 3700 5081 quatenus

528 5169 557 5197 ⁸
580 5161 701 5216 Fuit
725 5160 1031 5225 Namacius,
1060 5161 1112 5214 ui
1140 5159 1315 5222 fallor.
1352 5160 1492 5214 idem
1537 5177 1657 5215 cum
1685 5160 1936 5215 Namacio
1960 5162 2027 5217 ad

456 5245 613 5297 quem
647 5232 864 5298 scripsit
892 5230 1135 5285 Sidonius
1160 5230 1499 5297 Apollinaris,
1546 5232 1597 5284 in
1631 5234 1910 5299 Aquitania
1940 5247 2029 5288 se-

456 5301 629 5353 cunda
656 5300 876 5367 degens.
912 5300 1002 5354 Vir
1030 5301 1234 5361 doctus.
1268 5301 1357 5367 qui
1398 5301 1448 5353 in
1484 5304 1674 5355 castris
1705 5303 1843 5357 inter
1867 5316 2027 5357 excu-

461 5371 626 5426 biales
658 5386 817 5426 curas
861 5370 1052 5425 litteris
1095 5371 1353 5424 incubuit.
1404 5370 1499 5425 Ubi
1530 5372 1755 5425 vacabat
1782 5387 1810 5425 a
1838 5373 2023 5426 militia

460 5444 755 5511 etipugnis
797 5442 1077 5495 maritimis
1125 5442 1380 5511 adversus
1432 5440 1673 5497 Saxones
1719 5441 1806 5495 illa
1848 5442 2022 5497 littora

460 5510 806 5577 infestantes,
849 5511 1114 5565 venationi
1153 5510 1252 5565 fuit
1290 5510 1532 5578 deditus,
1576 5513 1827 5579 solusque
1863 5528 2024 5567 canes

461 5584 734 5637 venaticos
761 5581 903 5649 apris
933 5581 1210 5635 movendis
1237 5591 1388 5649 aptos
1418 5580 1629 5645 habuit,
1665 5581 1815 5636 dives
1845 5584 2028 5648 procul

462 5651 657 5712 .tuhio,
706 5662 889 5719 utpote
932 5653 1021 5719 qui
1072 5658 1183 5704 tum
1232 5662 1520 5706 venaretur
1563 5660 1673 5705 tum
1721 5652 2025 5708 aediﬁcaret.

463 5719 780 5778 Cerauniatn
811 5721 994 5777 habuit
1020 5720 1324 5791 conjugem,
1354 5721 1420 5777 ad
1448 5734 1607 5793 quam
1637 5722 1855 5793 saepius,
1879 5730 1938 5777 ut
1965 5723 2034 5778 ad

2132 5161 2306 5226 illum,
2331 5163 2519 5218 scribit
2543 5162 2789 5219 Ruricius
2817 5174 3018 5219 noster.
3045 5163 3152 5218 Illis
3174 5161 3302 5217 Nata
3332 5161 3447 5227 fuit,
3479 5178 3599 5232 quae
3616 5163 3704 5230 ju-

2134 5236 2287 5287 venis
2306 5234 2481 5304 obiit,
2519 5242 2577 5287 nt
2604 5245 2744 5302 patet
2778 5250 2841 5289 ex
2871 5234 3095 5304 epistola
3120 5233 3320 5287 Ruricii
3349 5235 3524 5287 tertia.
3576 5232 3703 5304 Fuit

2129 5303 2265 5358 alter
2290 5302 2571 5356 Namacius
2602 5314 2719 5373 post
2743 5302 2943 5359 obitum
2972 5304 3171 5360 Rustici
3195 5304 3556 5358 Arvernorum
3586 5302 3706 5374 epi-

2127 5387 2342 5442 scopus,
2373 5388 2403 5426 a
2428 5383 2611 5428 nnSIro
2636 5374 3065 5445 distinguendus.
3094 5375 3253 5429 Basn.

2199 5443 2228 5481 δ
2254 5443 2413 5497 Forte
2436 5444 2633 5496 divisio.

2298 5459 2413 5498 orte
2436 5459 2633 5496 αιυιδιο.

2205 5524 2227 5552 ο
2257 5513 2378 5577 Ms.,
2411 5514 2618 5584 propria
2646 5514 2913 5569 dicivitatc.
2958 5513 3063 5569 Sed
3091 5512 3274 5567 vocula
3303 5513 3360 5568 di
3387 5524 3469 5570 est
3496 5517 3696 5578 deleta.

2136 5585 2216 5709 ita
2264 5585 2481 5709 psam-ia
2523 5586 2587 5639 de
2632 5586 2869 5651 civitate,
2920 5598 2986 5639 an
3037 5584 3295 5655 propriam
3343 5587 3399 5641 in
3443 5589 3709 5649 civitatem

2157 5668 2286 5709 eaea
2329 5668 2439 5709 um.

2157 5668 2439 5725 egentium.
