4022 6168
401 360 469 414 sa
566 329 574 336 ’
1686 356 1935 412 nunc”
1977 358 2274 416 EPlSCOPl
3574 356 3656 416 84

403 478 576 543 ipsum
606 474 915 529 immaturus
943 472 1192 528 manebat
1219 471 1489 535 interitus,
1533 471 1690 525 talem
1731 487 1852 527 eum
1887 482 1967 527 est
1994 480 2042 535 Α
2074 478 2268 544 stepius
2300 475 2505 531 dicam:
2538 477 2664 543 Quis
2693 478 2833 532 dabit
2860 479 3015 547 capiti
3042 493 3152 531 meo
3174 492 3383 548 aquam,
3410 485 3460 531 et
3484 478 3650 531 oculis

400 567 650 636 dignatus
677 579 980 631 assumere,
1020 565 1257 631 qualium
1297 578 1518 632 regnum
1554 562 1690 619 dixit
1717 576 1836 620 esse
1862 578 1973 621 cae-

404 659 573 711 lorum
602 655 816 728 (Matth.
846 670 960 718 ιιι,
986 653 1109 723 14);
1141 663 1200 708 ιιι
1223 662 1277 709 et
1304 661 1585 721 patronum
1613 653 1879 711 haberetis
1900 668 1972 711 ex

404 748 534 813 ﬁlio,
565 756 619 802 et
644 750 821 802 minus
848 746 1109 801 doleretis
1135 745 1411 807 amissum,
1462 759 1621 814 quem
1668 758 1699 797 a
1746 745 1973 799 Domino

402 839 663 896 videbatis
691 848 1042 907 assumptum.

1017 970 1232 1025 EPIST.
1273 969 1362 1024 IV.

405 1082 637 1136 Dominis
661 1082 955 1135 sublimibus
979 1090 1023 1134 et
1049 1083 1100 1134 in
1123 1079 1324 1135 Christo
1350 1078 1567 1134 Domino
1594 1080 1976 1135 deuinctissimis

540 1148 545 1153 ’
598 1153 843 1221 fratribus
872 1152 1124 1205 Namaeio
1153 1160 1198 1204 et
1221 1150 1487 1204 Ceraunia:
1515 1151 1773 1204 Ruricius.

474 1263 718 1332 Saepius,
757 1263 1017 1317 carissimi
1047 1260 1269 1327 fratres,
1313 1268 1533 1330 propter
1560 1261 1859 1315 communis
1888 1260 1975 1314 lu-

403 1365 521 1409 ctus
548 1354 952 1408 acerbissimum
984 1367 1167 1405 casum
1196 1352 1347 1406 vobis
1372 1351 1630 1418 scribere,
1668 1359 1760 1405 aut
1787 1351 1851 1407 ad
1882 1366 1979 1407 vos

404 1445 590 1499 venire
617 1443 874 1515 disposui,
928 1443 1024 1499 sed
1052 1458 1265 1513 semper
1290 1458 1377 1498 me
1419 1451 1475 1498 et
1515 1442 1584 1498 ab
1624 1444 1829 1499 itineris
1858 1459 1980 1512 pro-

403 1538 581 1591 cinctu
622 1536 904 1590 inﬁrmitas
941 1534 1214 1602 corporis,
1263 1546 1318 1590 et
1362 1534 1430 1589 ab
1478 1535 1754 1604 epistulari
1801 1534 1978 1589 officio

405 1628 600 1681 nimius
628 1627 781 1681 dolor
801 1626 980 1680 cordis
1006 1626 1247 1680 retraxit.
1279 1624 1411 1679 Nam
1441 1627 1485 1680 si
1516 1626 1729 1695 quando
1755 1627 1819 1680 ad
1847 1626 1981 1684 scri-

406 1718 637 1772 bendum
667 1718 902 1771 animum
931 1725 1155 1772 conatus
1182 1731 1300 1770 sum
1330 1716 1630 1783 intendere,
1656 1718 1834 1771 statim
1857 1733 1977 1772 sen-

2076 567 2199 620 meis
2241 567 2431 635 fontem
2472 569 2812 639 lacrymarum
2860 567 3070 638 (Jerem.
3110 584 3193 633 tx,
3233 567 3359 638 1.)?
3408 567 3512 623 Sed
3556 568 3649 623 ille

2076 657 2258 725 populi
2286 658 2369 711 sui
2400 668 2618 726 peccata
2642 659 2903 723 deﬂebat;
2948 674 3047 728 ego
3075 673 3201 714 vero
3240 659 3486 728 propria,
3525 674 3648 727 qua:

2075 753 2130 798 et
2150 760 2233 800 me
2256 756 2307 800 et
2327 762 2423 800 vos
2446 749 2682 816 pondere
2702 764 2798 803 suo
2825 758 2879 803 et
2902 747 3281 803 numerositate
3303 758 3645 816 presserunt;

2077 845 2176 902 ego
2215 846 2273 888 ut
2315 836 2455 890 illius
2491 848 2739 902 mortem,
2772 846 2834 915 et
2861 853 3034 892 meam
3067 838 3254 902 vitam,
3284 839 3428 893 illam
3460 838 3649 893 defun-

2076 933 2237 992 ctam,
2266 936 2321 980 et
2347 942 2433 980 me
2459 930 2801 997 superstitem
2832 931 3096 997 plangam.
3140 928 3322 997 Longe
3351 929 3493 983 aliud
3525 930 3644 991 tibi,

2077 1017 2397 1071 venerabilis
2426 1033 2602 1082 soror,
2634 1021 2783 1088 quasi
2812 1019 2878 1075 de
2902 1022 3097 1075 nostris
3124 1020 3330 1075 meritis
3358 1035 3649 1089 praesume-

2079 1108 2206 1170 bas,
2249 1124 2369 1164 cum
2411 1119 2612 1163 tantum
2656 1111 2781 1174 tibi,
2831 1110 2992 1165 nimia
3021 1111 3244 1165 caritate
3281 1110 3537 1178 decepta,
3578 1111 3649 1163 de

2080 1200 2276 1253 nostris
2303 1200 2663 1266 orationibus,
2709 1216 2795 1256 me
2822 1201 3132 1264 refellente,
3177 1202 3547 1270 prontitteres,
3589 1212 3649 1254 ttt

2079 1286 2296 1342 domum
2343 1300 2486 1344 tuam
2534 1299 2716 1345 nostra
2766 1276 3151 1345 intercessione
3197 1291 3546 1355 salvandam,
3592 1284 3651 1343 et

2081 1376 2242 1431 tiliam
2269 1393 2364 1447 per
2388 1395 2494 1442 me,
2527 1390 2582 1434 ut
2608 1380 2678 1435 ita
2706 1380 2914 1445 dicam,
2958 1381 3069 1435 fore
3098 1381 3347 1436 crederes
3374 1381 3649 1435 immorta-

2082 1467 2205 1521 lem.
2254 1468 2358 1523 Sed
2386 1469 2494 1522 cito
2518 1478 2877 1539 apparuerunt
2918 1471 3105 1524 merita
3135 1485 3277 1536 mea,
3310 1486 3429 1540 qua:
3462 1487 3549 1525 me
3576 1471 3650 1525 ir-

2080 1558 2410 1615 remediabili
2462 1561 2685 1617 vulnere
2722 1561 3053 1624 sauciarent.
3098 1570 3155 1617 et
3195 1571 3249 1617 te
3286 1576 3441 1616 secus
3490 1577 3647 1632 quam

2080 1659 2391 1716 oportuerat
2435 1650 2504 1706 de
2545 1660 2821 1720 peccatore
2861 1652 3198 1720 credentem,
3239 1654 3372 1707 tanti
3418 1655 3651 1722 pignoris

2054 1740 2312 1795 .orbitate
2361 1751 2722 1809 percuterent.
2771 1741 2866 1795 Vel
2915 1758 3055 1796 nunc
3104 1753 3284 1809 certe,
3337 1745 3391 1797 in
3438 1743 3651 1797 Christo

406 1821 499 1862 sus
528 1809 758 1870 horruit.
788 1820 938 1861 mens
973 1807 1198 1876 refugit;
1251 1814 1306 1861 et
1349 1807 1422 1860 ita
1466 1806 1596 1860 mihi
1638 1821 1733 1875 pro
1770 1822 1980 1861 sermo-

2084 1829 2308 1883 Domino
2346 1806 2664 1886 venerabilis
2694 1845 2881 1895 soror,
2913 1842 2964 1885 et
2996 1840 3046 1885 te
3084 1830 3215 1885 falsa
3252 1806 3565 1895 credidisse.
3598 1843 3652 1888 et

407 1899 564 1953 nibus
613 1913 827 1968 semper
876 1899 1035 1953 ﬂetus
1084 1899 1356 1963 occurrit;
1416 1907 1475 1953 ttt
1529 1899 1678 1967 prius
1730 1898 1974 1970 pagina."

408 1989 763 2062 lacrymarum
797 1990 965 2045 imbre
996 1990 1391 2059 periunderem,
1423 2005 1583 2061 quam
1622 1992 1762 2062 stylo
1791 1992 1980 2062 pinge-

408 2096 545 2143 rem,
573 2082 713 2157 sicut
739 2081 874 2137 dixit
901 2081 993 2137 ille
1022 2092 1297 2153 paternam
1331 2080 1574 2136 indicans
1599 2079 1666 2135 de
1691 2081 1781 2136 lilii
1821 2082 1983 2138 amis-

411 2174 563 2228 sione
589 2172 867 2238 pietatem:
1591 2244 1595 2248 ι

588 2282 680 2336 Bis
710 2292 923 2337 conatus
952 2292 1057 2336 erat
1087 2298 1234 2336 casus
1261 2283 1491 2351 efﬁngere
1519 2281 1573 2335 in
1603 2297 1761 2346 auro;

591 2351 681 2405 Bis
711 2354 892 2421 patria:
919 2353 1144 2407 cecidere
1172 2368 1371 2405 manus.

488 2466 580 2519 Vel
610 2466 754 2532 quod
794 2466 971 2534 potius
1015 2480 1043 2517 a
1084 2479 1170 2519 me
1207 2464 1438 2518 dicitur:
1471 2462 1733 2530 Quoniam
1774 2467 1986 2534 negabat

412 2555 669 2613 Consolart'
698 2557 870 2607 anima
908 2570 1020 2608 mea
1047 2551 1221 2622 (Psal.
1252 2568 1426 2613 Lxxv1,
1454 2553 1533 2622 5).
1585 2552 1738 2606 Haud
1769 2552 1981 2622 injuria.

414 2646 624 2702 Perdidi
656 2647 796 2703 enim
830 2644 987 2699 filiam
1009 2686 1024 2709 ,
1059 2660 1216 2713 quam
1246 2652 1412 2699 etme
1438 2643 1768 2710 suscepisse,
1811 2652 1865 2696 et
1893 2659 1985 2697 vos

411 2737 663 2809 genuisse
706 2737 1030 2807 gratulabar,
1066 2734 1272 2805 perdidi
1301 2735 1426 2790 vitae
1455 2735 1730 2799 solatium,
1757 2736 1985 2803 posteri-

414 2828 537 2882 tatis
578 2842 757 2899 spc-m,
802 2827 965 2881 decus
997 2826 1242 2889 familiae,
1275 2824 1453 2901 cordis
1481 2823 1762 2893 gaudium,
1806 2824 1985 2881 lumen

412 2917 710 2971 oculorum.
745 2916 852 2970 Nec
876 2915 1104 2983 simplici
1128 2930 1243 2967 sum
1274 2913 1503 2967 orbitate
1529 2917 1819 2981 perculsus.
1851 2913 1983 2969 Nam

412 3023 532 3063 cum
557 3009 661 3062 ﬁlia
689 3019 742 3062 et
766 3008 958 3061 fratres
978 3006 1154 3069 amisi,
1184 3020 1407 3077 quorum
1434 3020 1519 3059 me
1539 3005 1752 3059 solabar
1770 3004 1983 3072 affectu,

412 3113 639 3166 quorum
681 3112 765 3151 me
804 3096 1181 3164 conjunctione
1204 3094 1496 3162 jactabam.
1543 3093 1849 3163 Disruptum
1880 3105 1983 3159 est,

2087 1936 2173 1976 me
2188 1936 2309 1977 vera
2325 1921 2530 1978 dixisse
2541 1937 2850 1989 cognosces.
2876 1922 2980 1978 Sed
2996 1923 3215 1977 nimium
3245 1923 3356 1991 diu,
3376 1924 3653 1979 immemo-

2085 2027 2173 2068 res
2218 2020 2605 2081 praeceptorum
2648 2014 2969 2077 ctelestium,
3001 2015 3231 2068 humano
3251 2013 3423 2069 dolori
3453 2014 3654 2082 praebe-

2085 2119 2206 2158 mus
2229 2117 2533 2162 assensum.
2566 2104 2647 2161 Ad
2670 2105 2845 2160 divina
2873 2106 3025 2160 nobis
3049 2114 3313 2176 praecepta
3331 2106 3654 2161 redeundum

2083 2206 2198 2259 est;
2236 2209 2303 2249 ne
2332 2195 2402 2249 ita
2451 2196 2762 2265 plangamus
2816 2211 3043 2265 corpore
3095 2207 3399 2263 mortuam,
3453 2209 3513 2251 ut
3555 2197 3656 2267 ipsi

2084 2284 2247 2340 corde
2271 2285 2580 2340 moriamur.
2613 2285 2958 2342 Discedentes
2983 2301 3111 2356 ergo
3139 2287 3408 2355 paululum
3434 2287 3503 2341 de
3522 2303 3657 2357 pra:-

2085 2376 2343 2439 sentibus.
2367 2391 2580 2431 rursum
2602 2376 2777 2432 futura
2806 2378 3128 2447 cogitemus;
3155 2388 3210 2431 ut
3232 2392 3364 2448 quos
3388 2378 3656 2434 inﬁrmant

2085 2465 2392 2531 praesentia,
2423 2464 2598 2519 futura
2625 2468 2999 2521 corroborent.
3026 2466 3134 2522 Nos
3162 2467 3442 2537 debemus,
3472 2469 3657 2524 fratres

2085 2554 2368 2619 carissimi.
2402 2554 2545 2611 illam
2578 2555 2714 2610 ferre
2743 2557 3101 2612 conditionem
3130 2558 3375 2612 humana
3402 2557 3657 2626 fragilita-

2088 2646 2174 2710 tis,
2201 2660 2357 2713 quam
2385 2656 2436 2699 et
2464 2645 2761 2716 prophetas,
2790 2658 2841 2703 et
2869 2648 3128 2716 apostoli,
3151 2657 3205 2703 et
3232 2648 3401 2703 sancti
3422 2649 3659 2718 justique

2086 2749 2292 2799 omnes,
2315 2736 2416 2797 vel,
2437 2736 2578 2805 quod
2602 2736 2774 2805 majus
2802 2746 2905 2805 est,
2936 2739 3173 2793 omnium
3202 2736 3456 2794 Dominus
3478 2748 3659 2794 noster
3709 2802 3712 2805 Α

2086 2826 2358 2894 suscipere
2400 2826 2646 2896 dignatus
2685 2835 2788 2882 est.
2836 2828 3127 2897 Deplorare
3176 2828 3293 2898 (sed
3339 2830 3506 2897 magis
3548 2829 3657 2883 Deo

2085 2915 2283 2985 gratias
2309 2930 2466 2985 agere
2494 2927 2549 2973 et
2577 2916 2833 2987 gaudere)
2862 2931 2967 2971 non
2998 2920 3269 2980 convenit,
3301 2918 3442 2987 quod
3473 2917 3658 2981 tiliam,

2085 3006 2295 3074 qualem
2339 3008 2550 3077 quidem
2578 3009 2863 3073 voluimus,
2904 3024 3061 3075 quam
3109 3008 3254 3063 Divis
3305 3009 3396 3077 qui
3439 3009 3659 3066 dederat

2087 3099 2351 3165 promisit,
2385 3100 2690 3165 habuimus;
2720 3101 3003 3169 etquidem
3032 3102 3370 3165 mutavimus,
3396 3116 3501 3155 non
3532 3116 3658 3171 per-

414 3184 606 3240 fratres
652 3183 917 3245 carissimi
944 3223 960 3249 ,
1010 3182 1281 3236 vinculum
1334 3182 1699 3253 germanitatis
1745 3192 1941 3237 nostrae
1967 3225 1982 3249 ,
2011 3187 2056 3248 C
2088 3187 2317 3245 didimus
2338 3205 2351 3253 ;
2374 3189 2468 3243 sed
2490 3190 2553 3243 ad
2571 3189 2863 3256 Christum,
2888 3190 3005 3258 ipso
3019 3188 3262 3258 jubente,
3284 3190 3657 3258 prtemisimus.

413 3276 645 3329 ablatum
673 3274 825 3331 nobis
850 3283 932 3329 est
963 3275 1150 3343 pignus
1179 3284 1373 3326 mutua:
1400 3271 1657 3326 caritatis.
1690 3274 1800 3328 ileu
1830 3276 1979 3339 mihi,

414 3365 605 3420 fratres
646 3365 863 3433 optimi,
910 3365 1033 3419 dum
1078 3363 1378 3431 depositum
1420 3376 1652 3418 vestrum
1701 3365 1851 3433 cujus
1896 3381 1983 3420 me

414 3454 698 3509 traditione
723 3454 1004 3524 ceperatis,
1030 3455 1238 3515 amitto,
1266 3467 1368 3505 una
1388 3467 1484 3507 vos
1510 3453 1737 3521 perdidi.
1776 3454 1843 3507 Et
1864 3454 1984 3508 ideo

414 3546 466 3600 itt
495 3545 652 3601 unius
682 3543 1095 3599 necessitudinis
1118 3542 1314 3612 gradu,
1351 3542 1701 3612 complurium
1732 3542 1862 3596 mibi
1893 3560 1986 3598 ue-

413 3636 796 3692 cessitudinum
837 3636 1025 3691 solatia
1066 3636 1275 3689 sublata
1306 3634 1538 3702 suspiro.
1586 3633 1767 3690 Solam
1809 3644 1983 3689 tamen

413 3729 659 3797 patriam,
701 3744 818 3796 quae
857 3727 983 3780 mihi
1019 3741 1111 3793 per
1140 3727 1308 3799 ipsam
1343 3723 1600 3793 acquisita
1632 3725 1833 3791 fuerat,
1878 3741 1981 3779 non

413 3818 684 3879 amittam,
729 3819 818 3885 qui
860 3817 998 3869 hanc
1045 3817 1173 3868 mihi
1208 3816 1539 3883 potissimum
1575 3823 1771 3869 terram
1824 3831 1982 3886 quam

412 3908 501 3961 illa
530 3920 756 3975 corpore
797 3920 895 3959 suo
933 3904 1243 3973 occupavit,
1291 3905 1514 3971 patriam
1557 3904 1827 3974 judicabo.
1879 3905 1983 3960 Sed

413 4014 518 4070 quo
549 4000 829 4052 immemor
854 3996 1046 4061 otiicii,
1091 4010 1298 4050 memor
1324 3997 1537 4065 gratiae,
1577 3997 1767 4051 dolore
1798 3996 1985 4062 impel-

412 4093 577 4159 lente,
602 4090 953 4163 progrediur?
976 4099 1031 4145 et
1054 4099 1294 4156 tempore
1316 4088 1652 4157 aliquatenus
1677 4088 1865 4140 vulnus
1890 4086 1983 4141 ob-

412 4184 650 4246 ductum,
668 4182 901 4236 rediviva
919 4180 1305 4240 recordatione,
1327 4188 1575 4246 tanquam
1597 4191 1728 4229 nova
1750 4178 1984 4233 sectione

411 4273 704 4329 resciudo?
755 4282 809 4326 et
850 4271 939 4341 qui
986 4270 1255 4324 consolari
1297 4281 1393 4321 vos
1442 4267 1615 4335 potius
1663 4282 1758 4335 per
1804 4267 1983 4322 divina

412 4366 678 4432 promissa
706 4363 1009 4433 cupiebam,
1043 4359 1467 4417 consolationem
1511 4358 1626 4428 ipse
1663 4374 1770 4413 non
1810 4359 1983 4428 capio.

411 4457 612 4511 Causas
643 4465 818 4511 tamen
846 4454 999 4510 vobis
1029 4453 1247 4508 rccidivi
1283 4450 1440 4521 hujus
1467 4450 1667 4505 doloris
1693 4465 1979 4518 exponam.

2095 3275 2303 3330 ilabere
2347 3278 2490 3335 enim
2558 3278 2696 3332 filios
2746 3278 3009 3346 generalis
3052 3286 3135 3332 est
3178 3277 3451 3341 beneficii;
3491 3278 3659 3332 bonos

2088 3380 2216 3420 vero
2244 3367 2438 3421 habere
2468 3368 2715 3433 Specialis
2742 3375 2825 3422 est
2854 3368 3080 3436 praemii.
3132 3368 3281 3422 Sicut
3302 3369 3486 3425 vivere
3512 3383 3661 3422 com-

2089 3469 2248 3507 mune
2274 3465 2353 3507 est
2374 3455 2642 3520 omnium;
2677 3455 2811 3508 bene
2840 3470 2969 3510 vero
2996 3456 3175 3509 vivere
3197 3464 3250 3509 et
3276 3455 3412 3509 bene
3438 3455 3661 3509 descen-

2089 3546 2216 3599 dere
2244 3544 2313 3599 de
2355 3544 2452 3598 hac
2508 3546 2611 3597 vita
2649 3558 2938 3614 paucorum
2969 3553 3078 3609 est;
3118 3559 3225 3598 non
3256 3554 3430 3599 tamen
3458 3553 3661 3598 natura

2088 3636 2414 3698 conditione,
2445 3634 2538 3689 sed
2562 3635 2762 3704 culpae;
2792 3649 2889 3691 nec
2916 3634 3094 3689 divina
3127 3633 3541 3703 praescriptione,
3566 3634 3659 3688 sed

2090 3729 2301 3797 propvia
2330 3728 2618 3782 voluntate.
2646 3728 2711 3779 Et
2738 3726 2859 3781 ideo
2884 3740 2985 3779 non
3009 3725 3250 3780 turbetur
3279 3740 3373 3779 cor
3395 3735 3657 3791 nosmttn,

2092 3833 2189 3872 nec
2211 3818 2374 3871 tiliam
2398 3834 2495 3886 pro
2512 3818 2819 3881 amissione,
2838 3816 2931 3872 sed
2953 3830 3048 3885 pro
3066 3815 3328 3871 desiderio
3340 3815 3657 3871 deﬂeamus:

2089 3924 2188 3964 nec
2216 3919 2273 3961 ttt
2311 3908 2593 3962 dominicis
2641 3907 2915 3975 promissis
2960 3906 3238 3971 increduli,
3287 3915 3379 3960 aut
3410 3908 3658 3975 pracepti

2089 4000 2237 4053 obliti
2265 4014 2385 4053 esse
2428 3999 2723 4053 videamur.
2769 3998 2953 4053 Fle.~nt
2985 3999 3180 4055 liberos
3210 4013 3359 4062 suos,
3389 3998 3477 4068 qui
3507 4014 3658 4066 spem

2089 4091 2492 4145 resurrectionis
2516 4091 2712 4144 habere
2735 4104 2838 4143 non
2869 4098 3121 4156 possunt;
3152 4102 3307 4157 quam
3340 4089 3418 4143 eis
3439 4090 3657 4156 pertidia

2088 4196 2182 4234 sua
2208 4180 2414 4245 adimit,
2439 4195 2543 4234 non
2565 4179 2740 4233 divina
2770 4180 3051 4233 sententia.
3083 4177 3271 4231 Fleant
3300 4178 3491 4230 mortui
3517 4191 3661 4235 mor-

2091 4286 2211 4323 tuos
2249 4256 2413 4337 suos,
2457 4270 2596 4339 quod
2636 4269 2687 4323 in
2733 4277 3044 4338 perpetuum
3078 4266 3345 4325 mtimant
3388 4269 3657 4321 interisse.

2087 4361 2164 4415 Illi
2211 4360 2410 4415 nullam
2454 4358 2700 4415 maeroris
2739 4361 2818 4413 sui
2844 4358 3084 4412 babeant
3117 4357 3388 4427 requiem,
3422 4357 3512 4425 qui
3553 4373 3661 4412 non

2087 4450 2313 4504 credunt
2359 4465 2479 4504 esse
2509 4450 2743 4519 requiem
2775 4460 3129 4505 mortuorum.
3163 4446 3328 4502 Nobis
3356 4443 3504 4513 vero,
3536 4447 3659 4515 qui-

412 4550 695 4617 l'tcunque
735 4550 878 4602 enim
919 4548 1129 4602 animus
1168 4560 1401 4600 maerore
1438 4543 1712 4599 confectus
1744 4544 1984 4613 recipere
2012 4544 2062 4604 D
2087 4541 2185 4596 bus
2228 4551 2281 4595 et
2300 4556 2425 4611 spes
2450 4550 2504 4595 et
2532 4542 2703 4608 portio
2720 4540 2966 4595 Christus
2992 4550 3096 4607 est,
3128 4553 3252 4610 spes
3281 4539 3337 4593 in
3366 4550 3507 4593 terra
3539 4554 3658 4593 mo-

413 4638 830 4694 cousolationem
859 4638 1145 4705 apostolica
1172 4636 1544 4691 exhortatione
1578 4635 1688 4704 jam
1719 4645 1978 4702 coeperat,

410 4745 531 4800 qua:
558 4731 668 4783 ait:
702 4727 843 4783 Nolo
868 4744 973 4791 vos,
1002 4730 1206 4796 fratres,
1237 4731 1470 4799 ignorare
1497 4728 1559 4780 de
1590 4727 1976 4795 darmientibus,

412 4837 475 4875 ne
512 4818 904 4883 contristemini,
951 4818 1082 4871 sicut
1123 4819 1319 4882 caeteri,
1365 4818 1450 4886 qui
1479 4833 1619 4884 spem
1661 4832 1761 4871 non
1796 4816 1982 4870 habent

412 4911 465 4983 (1
497 4910 674 4965 Thess.
699 4926 774 4976 tv,
811 4910 920 4978 15).
973 4908 1079 4965 Sed
1122 4908 1209 4962 ubi
1253 4907 1436 4962 infelix
1464 4917 1645 4961 noster
1683 4908 1981 4962 communis

410 5003 646 5069 advenit,
664 5013 717 5057 et
738 5017 858 5057 eum
883 5001 999 5056 sine
1024 5016 1108 5066 ea,
1131 5016 1232 5070 qua
1254 5000 1401 5068 prius
1421 5000 1753 5068 Splendebat,
1771 5015 1980 5068 gemma

408 5091 694 5160 conspexi,
736 5106 831 5160 per
859 5106 1016 5159 quam
1049 5090 1178 5144 mihi
1217 5098 1270 5145 et
1306 5089 1573 5157 acceptior
1595 5104 1715 5143 esse
1744 5090 1979 5155 solebat,

407 5193 464 5240 et
488 5184 710 5253 gratior,
732 5191 786 5237 et
807 5182 956 5252 quasi
982 5191 1300 5241 ornamento
1326 5181 1541 5249 proprio
1568 5184 1828 5250 Spoliatus
1850 5180 1979 5237 mibi

406 5284 463 5335 et
492 5274 773 5332 indecorus
799 5272 1063 5344 apparuit.
1112 5271 1267 5326 Novit
1309 5271 1419 5335 ille,
1464 5270 1655 5325 fratres
1694 5272 1979 5336 carissimi,

410 5367 499 5437 qui
528 5362 769 5423 cordium
814 5364 1021 5421 occulta
1064 5365 1306 5429 rimatur,
1352 5364 1493 5433 quod
1541 5364 1623 5418 ita'
1665 5365 1792 5417 mihi
1824 5365 1982 5419 dolor

408 5469 631 5527 repente
659 5459 957 5530 geminatus
984 5468 1088 5527 est,
1125 5466 1179 5512 et
1218 5458 1288 5510 ita
1318 5458 1445 5511 mihi
1479 5473 1574 5527 per
1604 5457 1841 5526 singulos
1866 5456 1981 5511 dies

407 5550 474 5605 de
501 5560 643 5605 tanta
673 5552 848 5607 indole
876 5551 1050 5617 illius,
1094 5560 1150 5604 et
1193 5549 1345 5605 istius
1385 5549 1721 5604 desolatione
1758 5549 1980 5603 affectus

406 5641 704 5709 dttplicatus
722 5652 807 5696 est
828 5642 1020 5707 luctus,
1048 5650 1105 5697 ut
1125 5656 1224 5695 nec
1245 5640 1386 5694 hunc
1411 5639 1682 5707 aspicere,
1715 5654 1813 5694 nec
1838 5639 1980 5692 illius

406 5735 716 5790 meminisse
736 5734 850 5789 sine
870 5734 1120 5803 lacrymis
1139 5748 1359 5804 queam;
1383 5741 1437 5787 et
1459 5732 1825 5803 propheticum
1849 5730 1977 5785 illud

2086 4633 2368 4700 rientium,
2417 4636 2591 4701 portio
2633 4649 2685 4686 tn
2718 4635 2936 4701 regione
2966 4633 3239 4696 vivorum;
3291 4631 3483 4701 quibus
3511 4646 3658 4689 mors

2085 4724 2182 4778 ista
2214 4740 2321 4779 non
2369 4733 2603 4793 naturas,
2648 4724 2740 4778 sed
2771 4725 2892 4776 vita:
2929 4724 3204 4790 praesentis
3233 4729 3317 4776 est
3354 4721 3503 4785 ﬁnis;
3533 4725 3660 4790 quia

2084 4832 2199 4871 eam
2223 4817 2275 4870 in
2306 4816 2493 4871 melius
2512 4817 2778 4871 credimus
2800 4831 2922 4873 esse
2943 4815 3315 4885 reparandam,
3344 4815 3492 4883 juxta
3518 4817 3645 4881 Apo

2084 4908 2210 4961 stoli
2246 4908 2565 4961 sententiam
2609 4923 2622 4959 :
2664 4906 2794 4961 Cum
2828 4908 3150 4983 corruptibite
3189 4907 3283 4961 hoc
3325 4905 3550 4961 induerit
3579 4907 3660 4958 iu-

2080 5001 2452 5069 corruptionem
2477 4997 2526 5067 (I
2551 4997 2669 5052 Cor.
2694 5013 2782 5064 xv,
2801 4997 2924 5069 54);
2946 5014 3067 5051 cum
3094 4996 3347 5066 propheta
3374 4996 3658 5050 dicendum

2083 5100 2167 5144 est
2196 5107 2210 5142 :
2240 5088 2489 5142 Dominus
2518 5087 2676 5152 dedit,
2724 5087 2972 5141 Dominus
3016 5088 3244 5150 abstulit,
3274 5087 3405 5140 sicut
3440 5085 3658 5139 Domino

2079 5182 2241 5236 visum
2266 5189 2357 5242 est,
2400 5179 2474 5231 ita
2516 5178 2727 5242 factum,
2770 5178 2838 5231 sit
2876 5192 3056 5229 nomen
3096 5176 3303 5227 Domini
3344 5175 3657 5227 benedictum

2073 5269 2217 5342 (Job.
2254 5285 2294 5333 t,
2323 5265 2439 5335 21).
2468 5265 2607 5331 Quia
2653 5262 2884 5319 tenenda
2923 5271 3006 5316 est
3054 5261 3107 5314 in
3153 5260 3455 5319 tentatione
3482 5261 3657 5331 poeni-

2076 5363 2265 5425 tentia,
2298 5375 2363 5414 ne
2391 5368 2551 5429 cogat
2581 5365 2677 5411 aut
2706 5371 2804 5411 ore
2831 5363 2924 5409 aut
2955 5355 3122 5409 corde
3147 5353 3487 5419 delinquere.

2150 5453 2333 5507 Fletus
2359 5451 2535 5517 itaque
2561 5458 2765 5503 vestros
2792 5445 2924 5500 fides
2950 5452 3193 5515 prompta
3225 5446 3505 5511 delet-gat;
3534 5441 3659 5512 quia

2080 5542 2346 5598 credimus
2372 5554 2530 5595 caros
2559 5548 2772 5592 nostros
2796 5534 2960 5588 vitam
2984 5549 3091 5588 non
3118 5543 3222 5588 tam
3249 5533 3473 5602 perdere
3499 5547 3658 5600 quam

2082 5646 2324 5697 mutare;
2375 5632 2675 5699 relinquere
2719 5625 2974 5681 sacculum
3023 5627 3289 5681 cernimus
3323 5632 3379 5679 et
3427 5623 3657 5677 luctibus

2082 5727 2317 5797 plenum,
2348 5733 2403 5780 et
2428 5722 2495 5777 ad
2522 5720 2794 5791 regionem
2822 5716 3167 5775 beatitudinis
3196 5716 3477 5781 festinare;
3507 5711 3656 5772 exire
