4022 6168
412 254 494 310 85

1661 235 2137 294 EPISTULABUM
2177 235 2305 291 LIB.
2344 235 2407 291 ll.
3638 233 3709 291 86

411 366 493 419 de
536 358 971 431 peregrinatione
1016 354 1313 419 laboriosa,
1359 361 1414 407 et
1441 353 1506 406 ad
1550 352 1745 423 quietis
1777 352 2001 422 patriam
2030 359 2081 413 Α
2115 364 2301 404 sermo
2345 346 2656 415 meditatus,
2698 347 2789 417 qui
2834 336 3132 412 emittitur,
3173 354 3227 401 et
3264 361 3368 400 non
3407 344 3695 405 amittitur;

416 452 725 521 pervenire.
759 448 915 505 Unde
941 458 994 501 et
1021 446 1281 516 propheta
1318 444 1487 497 dicit:
1520 440 1669 495 Educ
1708 442 1769 495 de
1809 457 2013 494 carcere

411 547 650 597 animum
710 557 873 592 meam
925 538 991 591 ad
1041 535 1386 604 conﬁtendum
1444 534 1637 586 nomini
1688 542 1775 585 tuo
1836 532 2009 601 (Paul.

412 650 566 696 uti,
610 634 687 698 8).
732 631 947 684 Credite
976 628 1135 694 mihi,
1185 627 1373 680 fratres
1410 623 1708 688 carissimi,
1752 623 1874 692 quia
1922 622 2011 676 illa

407 724 529 792 iam
553 728 620 777 de
658 740 753 775 sua
782 722 959 790 quiete
980 735 1167 773 secura
1188 759 1202 782 ,
1234 718 1301 770 de
1332 725 1512 769 nostra
1543 725 1627 769 est
1654 714 1829 768 salute
1858 713 2014 767 solli-

417 821 564 875 cita;
595 827 715 880 qum
744 813 787 863 si
818 811 1092 863 uobiscum
1122 818 1302 875 posset
1331 807 1557 860 miscere
1587 803 1878 872 colloquia,
1909 802 2015 857 hoc

420 905 676 956 diceret:
708 900 903 963 Nolite,
933 900 1003 969 pii
1055 908 1325 967 parentes,
1376 896 1545 948 nolite
1576 909 1660 948 me
1702 894 1864 956 ﬂere;
1912 905 2013 946 nec

415 995 763 1060 ingrati_tam
816 993 1046 1058 benigno
1076 990 1299 1050 Domino
1335 987 1631 1055 planctibus
1669 984 1848 1038 nimiae
1876 982 2016 1037 dile-

414 1054 905 1137 ctionis.existere.
942 1083 1089 1143 Esto,
1118 1081 1362 1133 habuerit
1388 1087 1630 1145 tempore
1662 1093 1795 1130 mete
1826 1075 2014 1129 arcisi-

417 1176 589 1229 tionis
614 1177 717 1227 hoc
748 1174 948 1240 pietas,
995 1172 1103 1239 jam
1146 1170 1304 1224 debet
1336 1172 1577 1223 dolorem
1619 1178 1850 1222 tetrum
1887 1167 2017 1221 fides

418 1282 547 1319 cum
605 1275 852 1333 tempore
907 1273 1227 1330 temperare.
1278 1263 1409 1326 Quia
1458 1261 1560 1314 etsi
1608 1260 1760 1313 vobis
1809 1270 2019 1313 mortua

417 1372 582 1420 sum,
643 1355 757 1409 Deo
822 1354 963 1406 vivo.
1005 1359 1111 1405 Aut
1154 1353 1388 1418 nunquid
1432 1364 1527 1402 vos
1573 1350 1741 1417 magis
1790 1350 2018 1418 potestis

417 1462 611 1500 amare
642 1461 801 1514 quam
833 1445 1103 1503 Dominus,
1131 1445 1217 1509 qui
1249 1458 1333 1495 me
1364 1441 1522 1495 fecit?
1567 1442 1655 1510 qui
1682 1456 1767 1495 me
1796 1441 2019 1494 donavit

415 1539 555 1602 vita,
586 1535 738 1599 emit,
778 1534 1025 1599 redemit,
1071 1534 1195 1602 quia
1244 1534 1438 1594 voluit;
1484 1541 1538 1585 et
1590 1531 1803 1598 quando
1851 1530 2019 1584 voluit

420 1647 526 1699 pro
544 1647 641 1685 sua
674 1631 870 1697 pietate
898 1632 1150 1696 suscepit.
1194 1630 1302 1682 Ant
1327 1626 1467 1695 quod
1496 1628 1661 1693 magis
1692 1626 1738 1678 d-
1764 1626 1891 1678 loris
1922 1642 2015 1679 ve-

413 1724 521 1774 stri
575 1723 797 1789 potestis
843 1721 1037 1772 habere
1066 1718 1346 1781 Solatium,
1376 1734 1533 1784 quam
1566 1718 1705 1785 quod
1751 1720 2003 1769 Dominus
2041 1725 2083 1783 Β
2117 1718 2429 1784 pervasione
2478 1720 2749 1771 contentio
2801 1735 2811 1769 :

418 1822 613 1863 noster
662 1813 871 1863 unicum
903 1809 1095 1862 Filium
1141 1822 1294 1861 suum
1339 1823 1433 1876 pro
1482 1808 1634 1861 nobis
1678 1816 1763 1862 est
1792 1808 2003 1860 tradere

414 1903 676 1969 dignatus
704 1886 768 1954 ad
811 1902 1073 1954 mortem“!
1105 1901 1168 1953 Et
1210 1914 1330 1952 cum
1360 1899 1524 1952 Filius
1569 1899 1657 1951 Dci
1709 1900 2000 1951 secundum

415 2007 643 2045 carnem
693 1992 823 2044 mori
855 1992 1103 2055 voluerit,
1139 1989 1299 2043 homo
1328 2000 1432 2042 tam
1463 1992 1655 2044 acerbe
1684 1990 1843 2042 debet
1872 2006 2001 2042 con-

421 2081 695 2134 ditionetn
747 2082 992 2134 humanae
1041 2081 1200 2133 sortis
1252 2079 1542 2148 excipere?
1603 2080 2000 2145 Quamobrem,

421 2170 652 2237 piissimi
703 2182 980 2238 parentes,
1018 2182 1191 2224 vestra
1236 2171 1411 2238 potius
1452 2178 1667 2237 peccata
1696 2168 1920 2238 deflete,
1950 2179 2000 2223 et

416 2266 490 2316 de
521 2264 889 2317 satisfactione
933 2274 1229 2317 vestierunt
1272 2263 1551 2316 criminum
1580 2263 1842 2331 cogitate;
1876 2274 1933 2315 ut
1959 2264 2003 2317 si

417 2368 513 2407 me
544 2355 597 2405 in
642 2353 854 2407 Christo
893 2353 1111 2422 diligitis
1155 2352 1303 2424 (quia
1347 2367 1431 2406 me
1461 2367 1585 2406 vere
1630 2354 1851 2423 diligere
1896 2370 2001 2408 non

420 2445 671 2514 potesds,
714 2444 817 2498 nisi
848 2446 901 2499 in
931 2446 1157 2498 Domino
1202 2444 1456 2514 diligatis)
1496 2446 1552 2499 in
1581 2446 1752 2499 sinum
1778 2448 2004 2514 patriar-

420 2540 543 2590 chae
577 2538 758 2591 venire
783 2538 1115 2601 mereatnini,
1148 2536 1239 2591 ubi
1267 2537 1526 2591 Dominus
1558 2554 1653 2605 pro
1684 2539 2002 2592 innocentia:

422 2643 562 2681 mea:
603 2628 759 2699 [forte
781 2624 908 2695 suae]
940 2626 1198 2695 puritate,
1231 2635 1286 2680 et
1326 2642 1421 2695 pro
1450 2641 1542 2679 sua
1578 2627 1771 2694 pietate
1800 2630 2003 2681 consti-

420 2719 558 2782 tuit,
616 2721 737 2782 quia
788 2719 1136 2772 misericordia
1179 2720 1295 2788 ejus
1353 2717 1534 2771 melior
1580 2729 1653 2771 est
1704 2736 1854 2789 super
1903 2724 2004 2773 vita

422 2808 600 2879 (Psal.
622 2824 753 2873 tht,
790 2813 866 2878 6).
898 2809 965 2864 Ut
996 2809 1193 2862 ibidem
1223 2823 1326 2863 non
1358 2809 1524 2874 falsis,
1558 2808 1652 2862 sed
1684 2810 1854 2873 veris;
1897 2826 2001 2862 non

427 2903 841 2969 temporalibus,
886 2898 980 2957 sed
1012 2903 1226 2957 aeternis
1267 2903 1474 2970 gaudiis
1507 2906 1703 2971 pariter
1733 2905 2003 2959 exsultare

422 2994 713 3061 possimus.
742 2993 959 3048 Talibus
984 3002 1213 3063 oportet,
1243 3005 1302 3047 ut
1350 3010 1463 3059 vos,
1490 2995 1675 3062 optimi
1708 2995 1920 3057 fratres,
1948 3006 2002 3048 et

2123 442 2401 503 tribuitur.
2432 450 2485 494 et
2515 439 2771 505 habetur;
2792 440 3001 494 vitietur
3026 439 3321 503 discedere,
3347 450 3448 492 nec
3467 436 3701 501 recedit;

2122 552 2149 587 a
2184 550 2270 589 me
2296 533 2560 602 dirigitur,
2608 547 2638 586 a
2672 542 2722 586 te
2747 533 3065 600 suscipitur;
3094 548 3124 587 a
3156 548 3241 587 me
3288 530 3560 598 scribitur,
3589 544 3620 583 a
3651 540 3704 586 te

2124 625 2346 695 legitur;
2381 638 2479 679 nec
2511 633 2686 677 tamen
2711 623 2981 688 dividitur,
3016 639 3137 677 cum
3172 623 3322 692 quasi
3345 624 3546 676 divisus
3566 621 3705 675 inte-

2121 733 2216 785 ger
2246 718 2520 784 utriusque
2546 715 2709 770 corde
2737 724 3001 768 teneatur.
3026 715 3157 781 Quia
3186 714 3335 768 verbi
3362 728 3510 767 more
3535 712 3701 766 divini

2124 807 2381 871 traditur,
2426 816 2480 862 et
2511 824 2615 860 non
2663 806 2965 875 egreditur;
3004 804 3284 859 confertur
3329 801 3615 873 indigenti,
3648 812 3703 858 et

2125 913 2229 953 non
2273 898 2513 953 aufertur
2540 898 2775 959 auctori;
2820 895 3131 965 accipientis
3159 895 3388 958 lucrum,
3431 893 3548 947 sine
3586 893 3700 946 dis-

2123 994 2318 1063 pendio
2367 993 2677 1061 largientis;
2724 992 2898 1044 ditatis
2956 990 3190 1058 inopcni,
3259 1001 3359 1042 nec
3418 993 3703 1039 attentions

2125 1097 2508 1150 possessorem.
3070 1110 3073 1115 -

2740 1170 2957 1226 EPIST.
2986 1170 3074 1225 Vl.

2126 1263 2323 1316 Damno
2345 1280 2437 1317 suo
2464 1273 2511 1316 et
2534 1264 2776 1328 pctuliari
2800 1264 2853 1315 in
2882 1262 3081 1315 Christo
3108 1262 3323 1315 Domino
3344 1272 3560 1332 patrona
3576 1264 3698 1319 Creo

2415 1335 2564 1403 nOpio
2594 1335 2827 1403 episcopo
2853 1333 3090 1385 Ruricius
3118 1334 3401 1401 epitroims.

2197 1442 2250 1496 ln
2293 1441 2589 1496 ordinando
2615 1457 2775 1511 grege
2806 1442 3098 1508 dominico,
3132 1444 3212 1497 vel
3259 1445 3513 1513 regendo,
3560 1445 3697 1502 inter

2124 1537 2490 1602 speculatores
2516 1545 2675 1604 atque
2706 1535 3019 1604 praepositos
3042 1549 3144 1587 non
3170 1538 3514 1603 praesumptio
3538 1536 3695 1595 debet

2124 1641 2277 1693 e-se,
2326 1628 2419 1680 sed
2454 1628 2619 1690 ratio;
2660 1636 2712 1678 et
2746 1627 2812 1678 de
2844 1625 3083 1678 custodia
3130 1626 3462 1692 sollicitudo,
3496 1643 3600 1681 non
3630 1630 3695 1685 de

2863 1734 2929 1771 ne
2974 1720 3427 1774 mercenariorum
3470 1722 3692 1776 subeant

2109 1817 2322 1873 notam,
2377 1809 2501 1861 dum
2555 1816 2826 1875 pastorum
2867 1823 2971 1861 non
3008 1819 3189 1864 tenent
3232 1810 3594 1880 disciplinam;
3639 1821 3692 1867 et

2109 1900 2468 1964 inveniantur,
2492 1899 2629 1952 sicut
2650 1900 2941 1966 Aposwlus
2967 1899 3117 1967 dicit,
3136 1916 3238 1955 non
3256 1901 3450 1956 Christi
3468 1903 3691 1972 gloriam

2104 1988 2376 2053 aﬂ'ectare,
2410 1990 2503 2043 sed
2549 1992 2813 2058 propriam
2842 1988 2889 2059 (ι
2926 1988 3079 2043 Thes.
3112 2007 3146 2044 ll
3168 2032 3185 2057 ,
3212 1992 3300 2061 6);
3331 1994 3456 2047 dum
3488 1993 3693 2048 malunt

2104 2081 2173 2131 ab
2220 2079 2525 2132 hominibus
2572 2082 2846 2149 percipere
2894 2079 3136 2145 laudem,
3177 2097 3334 2151 quam
3385 2097 3415 2136 a
3459 2082 3690 2138 Domino

2105 2178 2417 2237 exspectare
2457 2170 2791 2236 mercedem;
2838 2172 3118 2239 pnes-entia
3160 2173 3489 2240 appetitores
3531 2172 3687 2240 lucri,

2104 2270 2158 2313 et
2211 2262 2411 2325 przeniii
2453 2272 2853 2329 contemptores
2905 2265 3110 2318 mterni.
3157 2264 3327 2327 Unde,
3374 2274 3511 2318 scut
3548 2265 3686 2319 idem

2107 2351 2395 2417 Apostolus
2441 2351 2616 2421 (Rom.
2659 2353 2753 2421 xit)
2777 2353 2953 2419 docet,
2994 2355 3039 2409 si
3071 2354 3289 2424 pacifica
3311 2355 3375 2408 ad
3407 2369 3541 2421 opus
3565 2369 3688 2409 san-

2106 2450 2249 2493 ctum
2280 2444 2692 2512 congregatione
2739 2446 3065 2511 concordes,
3102 2429 3148 2499 si
3194 2446 3312 2499 sine
3351 2445 3688 2501 simulatione

2106 2533 2406 2601 diligentes,
2431 2536 2473 2588 si
2504 2552 2623 2588 cum
2654 2537 3011 2592 sollicitudine
3042 2539 3426 2604 ministrantes,
3463 2540 3506 2592 si
3530 2541 3687 2594 unius

2106 2623 2296 2688 capitis
2319 2626 2557 2679 membra
2590 2641 2797 2691 sumus,
2827 2628 3068 2695 corporis
3090 2629 3409 2683 unanimiter
3430 2629 3685 2684 debemus

2105 2728 2225 2767 esse
2256 2724 2517 2769 rectores.
2561 2716 2693 2782 Quia
2734 2720 2900 2772 caulae
2946 2720 3124 2788 gregis
3170 2721 3424 2776 dominici
3460 2730 3686 2790 possunt

2104 2819 2222 2859 esse
2245 2807 2630 2861 numerositate
2656 2811 2855 2875 multm,
2882 2827 2987 2866 non
3008 2811 3129 2865 fidei
3152 2812 3410 2867 varietate
3431 2814 3678 2870 diversae.

2107 2893 2201 2957 Ut,
2245 2896 2383 2949 sicut
2429 2898 2542 2965 ipse
2590 2899 2845 2953 Dominus
2887 2903 3247 2969 prmnuntiare
3288 2903 3533 2973 dignatus
3567 2914 3679 2971 est,

2106 3001 2211 3039 non
2242 2988 2394 3041 nobis
2426 3003 2519 3056 per
2548 2990 2801 3044 invidiam
2833 2991 3235 3055 dissidentibus,
3265 3005 3317 3049 et
3348 3010 3445 3064 per
3470 2997 3679 3051 dissen-

422 3086 508 3137 his
538 3085 799 3139 sunilibus
844 3088 1122 3154 praeceptis
1165 3100 1229 3139 ac
1274 3084 1674 3157 [sponsionibus]
1716 3086 2000 3154 SpOnSibus
2026 3087 2070 3147 ρ
2104 3076 2308 3131 sionem
2338 3093 2552 3147 gregem
2592 3080 2919 3137 dominicum
2965 3083 3677 3157 dividentibuS.-multiplex

418 3176 707 3231 dominicis
752 3178 1113 3232 consolemur.
1165 3179 1296 3242 Quia
1343 3177 1481 3230 sicut
1524 3178 1662 3245 apud
1714 3177 1996 3230 Dominum

420 3270 599 3319 futura
626 3268 735 3334 jam
763 3268 899 3320 facta
926 3277 1069 3332 sunt,
1100 3268 1167 3320 ita
1200 3267 1373 3321 fidelis
1404 3267 1698 3322 catholicus
1737 3269 1999 3337 promissa

417 3357 685 3419 cmlestia,
716 3372 839 3425 quas
869 3367 1109 3427 tempore
1144 3372 1240 3411 suo
1264 3358 1529 3426 implenda
1567 3359 1808 3423 confidit,
1841 3360 1998 3413 debet

420 3448 584 3501 etiam
626 3450 1018 3515 quodammodo
1041 3449 1237 3503 habere
1260 3449 1559 3517 praesentia,
1592 3465 1685 3518 spe
1708 3452 1997 3519 praecipere

420 3538 700 3606 possidere
748 3538 882 3604 ﬁde,
933 3539 1184 3608 operibus
1214 3540 1475 3595 obtinere.
1519 3541 1642 3594 llam
1694 3544 1835 3595 enim
1875 3549 1998 3594 sunt

417 3644 539 3696 qua:
566 3630 720 3682 nobis
746 3629 1004 3683 exhibent
1051 3634 1105 3683 in
1134 3632 1453 3686 meroribus
1480 3632 1753 3697 solatium,
1778 3632 1832 3685 in
1861 3646 1991 3686 con-

417 3722 600 3773 trariis
642 3722 909 3784 fiduciam,
954 3724 1005 3774 in
1037 3723 1305 3791 prosperis
1328 3725 1781 3789 moderationem;
1815 3739 1883 3779 ne
1905 3732 1996 3779 aut

416 3811 743 3863 extollamur
784 3810 1067 3878 secundis,
1093 3822 1185 3866 aut
1212 3813 1464 3867 cedamus
1495 3814 1755 3880 adversis,
1780 3822 1870 3867 aut
1898 3814 1995 3867 tri-

416 3902 590 3955 stibus
631 3917 1027 3957 consumamur.
1077 3903 1203 3959 llaec
1256 3920 1417 3975 ergo,
1472 3905 1660 3961 fratres
1693 3909 1992 3975 carissimi,

415 3995 825 4049 transmittenda
858 3996 1005 4051 vobis
1031 3998 1097 4050 ad
1123 4014 1461 4053 communem
1484 4000 1768 4067 quamdam
1797 4016 1995 4055 conso-

414 4087 700 4151 lationem,
736 4104 838 4140 non
869 4090 985 4142 sine
1014 4104 1204 4156 magno
1231 4091 1394 4144 animi
1423 4091 1607 4145 dolore
1635 4092 1854 4149 dictavi.
1887 4093 1996 4147 Nec

416 4193 505 4232 me
535 4179 693 4246 paulo
720 4178 878 4231 latius
907 4181 1219 4247 protrahere
1244 4195 1545 4236 sermonem
1577 4182 1847 4238 affluentia
1874 4200 1996 4238 ver-

414 4271 604 4324 borum
628 4270 908 4337 compulit,
931 4271 1023 4325 sed
1045 4275 1513 4327 aastusanimornm
1536 4292 1550 4341 ;
1570 4284 1628 4329 ut
1645 4270 1989 4345 desiderium,

414 4363 557 4430 quod
606 4358 910 4416 re‘cordatio
958 4364 1294 4431 accenderat,
1329 4370 1764 4421 commemoratio
1789 4369 1990 4422 diutina

413 4452 602 4507 crebra
652 4453 881 4518 leniret;
906 4462 960 4508 et
988 4453 1039 4508 in
1072 4456 1170 4508 hoc
1197 4458 1356 4511 etiam
1404 4474 1583 4527 parem
1613 4461 1835 4527 gratiam
1864 4477 1987 4531 erga
2015 4445 2068 4504 D

413 4559 756 4600 communem
786 4545 947 4600 filiam
977 4549 1413 4616 comprobemus,
1453 4562 1506 4605 et
1543 4552 1682 4606 sicut
1730 4569 1827 4608 nos
1873 4536 1989 4623 ejus

411 4636 521 4687 vita
547 4636 886 4704 devinxerat,
912 4639 982 4692 ita
1008 4638 1124 4708 ejus
1145 4644 1468 4697 memoriain
1496 4644 1679 4700 eadem
1706 4645 1990 4703 dilectione

412 4727 701 4781 custodiat.

1047 4842 1254 4898 EPIST.
1294 4845 1354 4898 V.

416 4930 617 4985 Damno
636 4931 845 4986 sublimi
864 4940 913 4985 et
933 4933 989 5010 i_n_
1001 4932 1073 4986 Ch
1081 4936 1202 4988 risto
1217 4934 1435 5010 pentina
1446 4938 1817 4993 devinctissimo
1840 4944 1988 5010 fratri

936 5002 1188 5058 Namacio
1213 5005 1474 5061 Ruricius.

486 5092 584 5158 Qui
622 5093 964 5147 occasionem
1011 5096 1280 5151 scribendi
1311 5113 1405 5166 pro
1435 5100 1843 5156 necessitudinis
1867 5103 1989 5172 jure

413 5186 774 5252 perquirimus
814 5185 1043 5240 oblatam
1068 5229 1083 5253 ,
1120 5191 1526 5257 praetermittere
1550 5208 1655 5247 non
1684 5194 1983 5262 debemus;

413 5286 472 5329 ut
533 5277 723 5332 reddat
768 5277 924 5332 nobis
977 5279 1265 5348 quamdam
1325 5285 1623 5351 praesentiae
1682 5287 1981 5355 portionem

491 5442 513 5501 ξ
541 5430 709 5486 Locus
740 5447 1043 5501 corruptus.

492 5499 520 5540 δ
549 5505 605 5557 In
628 5505 847 5579 castello
882 5499 1247 5565 Rutbenorum
1282 5510 1549 5564 montibus
1585 5509 1759 5566 cincto
1785 5514 1977 5579 altare,

417 5576 529 5650 imo
552 5575 831 5650 ecclesiam
853 5588 1246 5650 construxerat,
1271 5596 1337 5636 eo
1359 5590 1598 5648 tempore
1626 5598 1722 5650 quo
1738 5586 1820 5635 uia:
1846 5575 1980 5640 aliut

417 5644 640 5699 audebat
662 5654 879 5702 vetustas
903 5649 1125 5715 sarcire;
1152 5660 1216 5707 ad
1235 5644 1355 5707 eam
1387 5644 1799 5708 consecrandam
1827 5654 1981 5712 Sidu-

2106 3180 2200 3233 per
2228 3180 2324 3219 nos
2366 3168 2597 3222 schisma
2629 3171 2900 3238 procedat,
2932 3172 3027 3227 sed
3076 3175 3245 3245 magis
3288 3190 3383 3245 per
3422 3178 3676 3232 unitatem

2103 3257 2359 3312 doctrinae
2402 3261 2675 3329 simplices
2711 3278 2838 3319 oves
2876 3265 3174 3322 dominicas
3208 3270 3674 3339 congregantibus,

2101 3346 2192 3401 fiat
2220 3349 2271 3402 in
2303 3350 2460 3404 nobis
2489 3368 2625 3405 unus
2647 3369 2796 3423 grex,
2827 3364 2880 3410 et
2906 3372 3042 3411 unus
3060 3367 3241 3427 pastor
3262 3358 3442 3429 (Joan.
3474 3377 3527 3423 x,
3563 3362 3675 3432 16),

2100 3439 2188 3507 qui
2236 3442 2375 3495 sicut
2402 3453 2485 3498 est
2510 3459 2603 3497 rex
2644 3461 2826 3514 regum
2848 3491 2861 3515 ,
2893 3457 2945 3501 et
2976 3448 3231 3503 Dominus
3263 3450 3675 3524 dominantium,

2098 3535 2349 3586 sacerdos
2369 3537 2728 3603 sacerdotum,
2762 3547 2815 3591 et
2854 3540 3090 3608 pontifex
3121 3543 3461 3610 pontificum;
3496 3546 3566 3599 ita
3593 3548 3677 3600 in-

2101 3621 2368 3689 telligatur
2397 3632 2450 3678 et
2481 3634 2658 3696 pastor
2684 3640 2805 3681 esse
2832 3637 3127 3697 pastorum.
3160 3631 3517 3698 Quamobrem
3557 3646 3672 3688 stu-

2097 3713 2187 3767 dio
2229 3715 2499 3783 caritatis,
2528 3733 2633 3772 non
2663 3720 2988 3789 cupiditatis,
3022 3722 3179 3794 [forte
3203 3721 3319 3779 cum
3361 3726 3461 3798 his]
3492 3729 3585 3782 has
3606 3730 3672 3783 ad

2097 3806 2433 3861 sanctitatem
2460 3820 2691 3864 vestram
2720 3813 3093 3885 presbyterum
3129 3831 3306 3872 meum
3332 3835 3426 3887 pro
3454 3820 3671 3875 dimcesi

2098 3895 2494 3965 Gemiliacensi,
2518 3900 2660 3954 unde
2676 3900 2996 3971 jampridem
3020 3905 3173 3961 vobis
3211 3909 3554 3977 scripseram,
3579 3910 3672 3964 de-

2095 3990 2399 4057 stinavi;ne
2422 3994 2465 4048 si
2492 3996 2772 4050 tacuissem
2804 3998 3137 4068 negligentiae
3166 4000 3529 4071 deputaretur,
3563 4019 3670 4058 non

2096 4087 2420 4140 concordiae.
2450 4089 2659 4142 Rationi
2690 4098 2716 4126 α
2744 4091 3118 4145 irrationabilis
3140 4091 3288 4146 vides
3305 4096 3533 4149 cessisse
3563 4111 3669 4151 non

2092 4178 2273 4247 pauci,
2302 4188 2359 4233 ut
2401 4180 2444 4233 si
2478 4181 2766 4249 agnoscitis
2795 4197 2921 4237 vera
2945 4197 3067 4237 esse
3091 4198 3209 4250 quae
3238 4183 3380 4251 dico,
3414 4195 3503 4239 aut
3524 4184 3667 4254 justa

2094 4282 2215 4335 quae
2240 4280 2454 4337 repeto;
2476 4286 2572 4324 nec
2594 4287 2680 4328 me
2708 4273 2950 4341 injuriam
2973 4274 3190 4342 diutius,
3224 4288 3324 4330 nec
3345 4289 3440 4331 vos
3461 4275 3668 4346 inquie-

2096 4358 2331 4413 tudinem
2362 4359 2560 4415 diutius
2587 4363 2853 4417 sustinere
2885 4363 3174 4431 patiamini.

2704 4496 2914 4551 EPIST.
2952 4497 3058 4552 VII.

2094 4581 2299 4636 Damno
2320 4584 2525 4636 sublimi
2548 4600 2846 4661 semperque
2872 4588 3141 4661 magniﬁco
3157 4591 3306 4659 fratri
3322 4590 3488 4661 Elaﬁo
3509 4590 3672 4647 Ruri-

2535 4685 2553 4693 ο
2643 4655 2752 4709 cius
2783 4655 2809 4693 ι)
2835 4655 3120 4727 episcopus.

2164 4743 2238 4797 lta
2270 4743 2497 4812 propitio
2529 4744 2637 4800 Deo
2666 4760 2886 4815 operum
2925 4755 3135 4803 tuorum
3165 4749 3301 4803 fama
3339 4753 3660 4819 percrebuit,

2095 4842 2150 4887 ut
2174 4849 2361 4888 omnes
2390 4834 2442 4889 in
2475 4835 2746 4891 laboribus
2770 4839 3040 4893 constituti
3068 4841 3431 4896 commendari
3457 4859 3517 4899 se
3543 4859 3661 4914 ger-

2098 4926 2337 4979 tnanitati
2384 4935 2578 4980 vestra;
2604 4927 2749 4981 omni
2788 4944 3001 4998 precum
3035 4931 3323 4986 ambitione
3351 4932 3660 5002 deposcant.

2095 5017 2228 5083 Quia
2250 5017 2606 5087 fatigationem
2625 5034 2774 5074 suam
2796 5021 2933 5089 apud
2955 5037 3049 5076 vos
3070 5023 3313 5078 effectum
3338 5025 3534 5081 habere
3556 5043 3658 5081 non

2094 5108 2358 5163 dubitant.
2389 5110 2541 5166 Unde
2563 5111 2720 5166 etiam
2753 5114 2975 5181 portitor
3003 5115 3213 5182 harum,
3245 5120 3456 5175 nomine
3484 5119 3660 5185 Ulfila,

2091 5214 2250 5267 quem
2272 5200 2398 5254 mihi
2431 5211 2454 5240 ο
2488 5201 2789 5257 Fraretrius
2834 5204 3113 5276 presbyter
3149 5210 3261 5263 suis
3295 5209 3482 5263 litteris
3509 5223 3658 5262 com-

2092 5292 2387 5360 mendavit,
2418 5292 2485 5346 ad
2510 5306 2605 5347 vos
2633 5295 3092 5351 commendatitias
3124 5298 3429 5367 postulavit,
3462 5312 3599 5366 quas
3615 5304 3661 5355 ei

2090 5447 2235 5523 nium
2263 5450 2522 5523 invitavit,
2558 5462 2614 5506 ut
2644 5463 2789 5521 patet
2812 5471 2877 5510 ex
2898 5454 3012 5523 ejus
3032 5469 3118 5521 ep.
3146 5454 3228 5514 15.
3264 5452 3299 5506 l.
3333 5468 3405 5518 tv,
3427 5454 3514 5509 alii
3536 5469 3658 5509 eum

2088 5520 2392 5645 Ετέρῧὲιῖηέ
2427 5523 2585 5645 mealle,
2618 5520 2673 5579 ni
2696 5524 2869 5593 fallor,
2904 5520 3194 5593 appellant.
3225 5524 3385 5580 Bas».

2387 5607 2467 5645 ras
2520 5609 2646 5650 rius.
