4022 6168
422 295 489 349 87
1743 292 1987 349 RUHICII

2089 295 2341 352 PISCOPI
3592 297 3661 351 88

418 414 475 458 et
498 419 596 474 pro
618 404 855 473 jussione
878 405 1078 474 divina,
1101 413 1152 459 et
1174 406 1521 474 projussione
1543 413 1725 458 mutua
1752 406 1978 461 libenter
2004 418 2053 475 Α
2081 409 2200 477 quia
2228 408 2457 463 eruditio
2481 418 2658 464 nostra
2689 424 2893 463 merces
2922 418 3093 463 vestra
3135 417 3247 473 est;
3276 407 3301 446 d
3331 418 3384 463 et
3425 416 3661 476 tempora

418 495 629 550 indulsi.
675 498 875 562 Quibus
903 496 1193 551 individua;
1225 497 1431 551 caritati
1464 507 1660 551 vestra:
1695 498 1843 553 salve
1872 499 1989 567 plu-

419 586 610 639 rimum
654 586 804 649 dico,
845 596 899 641 et
936 587 1207 655 praefatum
1247 602 1345 657 pro
1382 588 1664 643 aﬂ'ectione
1702 604 1987 657 germana,

418 693 524 732 non
568 693 664 748 pro
718 680 1005 748 pontificali
1058 682 1373 735 auctoritate
1428 681 1806 735 commendare
1852 696 1989 750 pra:-

416 771 640 839 sumpsi.
672 771 805 835 Quia
850 772 903 824 in
945 782 1223 838 peccatore
1254 772 1453 826 amittit
1491 771 1723 841 dignitas
1761 770 1981 841 dignitas

356 900 357 903 η
416 870 552 924 tem;
584 860 668 913 cui
703 863 872 913 honor
910 861 1175 915 indebitus
1200 861 1351 915 oneri
1390 870 1477 916 est
1505 862 1678 930 potius
1706 877 1864 932 quam
1894 861 1989 916 ho-

417 954 553 1006 nori.
586 954 735 1019 Quod
764 954 889 1010 licet
919 955 1067 1008 vobis
1095 955 1303 1023 placere
1334 968 1429 1023 pro
1455 962 1631 1008 nostra
1653 954 1989 1008 devinctione

415 1045 698 1107 confidam,
723 1054 896 1099 tamen
926 1045 970 1099 si
993 1046 1114 1111 quid
1144 1045 1296 1098 nobis
1318 1046 1428 1100 veri
1461 1046 1548 1100 vel
1581 1045 1759 1099 vicarii
1789 1045 1988 1098 amoris

418 1135 746 1202 impenditis,
775 1150 932 1203 spero
957 1134 1285 1188 condoleatis
1313 1136 1484 1202 potius
1507 1149 1662 1203 quam
1685 1132 1984 1201 gaudeatis.

417 1227 547 1291 Quia
596 1227 865 1295 indignum
894 1242 1010 1288 me,
1038 1235 1091 1280 et
1134 1226 1343 1294 penitus
1386 1241 1492 1280 non
1536 1235 1830 1279 merentem
1883 1239 1986 1276 non

417 1320 613 1374 attollit
639 1333 725 1372 res
753 1326 916 1382 tanta,
942 1316 1033 1371 sed
1066 1316 1337 1380 deprimit.

1012 1472 1224 1527 EPIST.
1256 1472 1389 1527 Vlll.

424 1585 639 1638 Domino
679 1593 855 1636 sancto
890 1595 937 1638 et
988 1585 1267 1652 apostolico
1307 1595 1351 1636 et
1392 1584 1517 1636 mihi
1556 1598 1662 1651 pro:
1704 1582 1900 1635 caeteris
1936 1581 1988 1633 in

489 1653 689 1708 Christo
736 1655 949 1705 Domino
994 1654 1135 1705 cultu
1179 1654 1456 1720 all'ectuque
1487 1655 1789 1717 peculiarius
1833 1668 1987 1704 exco-

487 1725 637 1776 lendo
656 1764 671 1787 ,
709 1735 922 1786 patrono
943 1732 989 1776 et
1007 1738 1155 1790 papa:
1194 1724 1350 1775 Aeuio
1380 1733 1405 1759 α
1436 1722 1677 1775 Ruricius
1698 1724 1986 1789 episcoPus.

489 1855 853 1922 Quotiensque
904 1854 1065 1923 [forte
1091 1852 1508 1924 quotiescunque]
1544 1853 1847 1921 quicunque
1871 1865 1993 1903 san-

417 1958 534 2001 ctos
568 1958 654 1999 aut
694 1947 1021 2014 apostolicos
1052 1946 1195 1998 viros
1224 1959 1355 2013 quos
1398 1944 1777 1998 misericordia:
1805 1956 1988 2009 opera,

418 2052 640 2105 operum
694 2037 880 2089 merita
902 2079 916 2103 ,
952 2035 1261 2089 meritorum
1295 2036 1401 2087 vita
1444 2032 1800 2099 commendat,
1833 2040 1992 2099 atque

420 2130 657 2180 omnium
683 2128 933 2180 virtutum
959 2126 1094 2179 fama
1117 2126 1450 2187 disseminat,
1468 2139 1825 2177 mrumuarum
1854 2125 1992 2177 mole

421 2217 661 2283 depressi
688 2227 947 2285 coguntur
974 2228 1248 2285 expetere,
1276 2216 1401 2271 dum
1426 2218 1717 2271 litterarum
1747 2226 1993 2284 quarunt

420 2286 590 2360 labori
638 2322 770 2371 suo,
815 2308 1128 2361 beneficium
1166 2308 1444 2361 conferunt
1483 2305 1752 2361 desiderio
1786 2316 1989 2359 nostro.

422 2396 485 2449 Et
511 2410 631 2449 cum
656 2400 724 2448 sit
750 2396 962 2449 illorum
997 2398 1145 2450 labor
1176 2406 1354 2450 noster
1384 2396 1569 2461 dolor,
1604 2397 1659 2447 fit
1690 2404 1863 2449 tamen
1898 2412 1992 2463 per

418 2487 576 2540 officii
630 2484 981 2542 collationem'
1027 2502 1212 2542 eorum
1262 2490 1555 2540 necessitas
1600 2486 1992 2554 quodammodo

414 2580 608 2632 caritas
635 2588 838 2645 nostra,
885 2595 986 2649 qua
1016 2580 1141 2632 dum
1172 2580 1405 2648 ipsorum
1436 2579 1821 2647 acquiescimus
1854 2579 1995 2647 peti-

418 2671 571 2737 tioni,
598 2683 793 2725 nostra:
821 2672 1177 2725 satisfacimus
1205 2672 1487 2735 voluntati,
1519 2679 1573 2724 et
1599 2674 1669 2724 ita
1702 2671 1760 2723 fit
1787 2679 1843 2723 ut
1869 2687 1991 2741 ege-

415 2774 528 2819 stas
576 2766 804 2833 petentis
843 2766 912 2818 sit
959 2765 1235 2834 largientis
1266 2764 1486 2818 utilitas.
1520 2764 1691 2818 Fratri
1734 2766 1910 2834 itaque
1938 2776 1990 2820 et

415 2858 851 2926 compresbytero
900 2866 1114 2921 nostro,
1158 2857 1458 2912 PoSscssori
1505 2858 1757 2921 nomine,
1807 2854 1835 2894 ι’
1885 2873 1990 2925 quo

416 2949 533 3018 pius
557 2960 638 3004 est
684 2953 894 3017 potius,
944 2966 1101 3018 quam
1152 2952 1425 3013 facultate;
1473 2952 1593 3018 quia
1637 2949 1777 3018 quod
1808 2949 1991 3003 habuit

417 3056 512 3109 pro
538 3042 712 3095 fratris
739 3042 1109 3109 redemptione
1134 3042 1383 3109 profudit,
1410 3041 1578 3095 factus
1608 3049 1690 3094 est
1716 3054 1990 3108 possesspr

418 3132 681 3198 paradisi,
712 3132 837 3185 dum
887 3132 1226 3200 proprietatis
1252 3133 1433 3186 saeculi
1477 3132 1673 3185 desinit
1707 3146 1826 3185 esse
1868 3146 1989 3199 pos-

414 3236 611 3277 sessor.
640 3223 718 3276 Ad
743 3223 1094 3291 apostolatum
1118 3233 1352 3276 vestrum
1395 3219 1857 3274 commendatitias
1888 3237 1976 3286 po-

416 3312 629 3366 stulanti
670 3314 897 3367 libenter
942 3313 1155 3365 indulsi.
1203 3312 1367 3380 Cujus
1414 3313 1785 3365 necessitatem
1826 3313 1870 3364 si
1906 3312 1987 3363 di-

416 3412 603 3471 gnatur
633 3402 839 3471 plenius
860 3405 1114 3457 sanctitas
1142 3411 1315 3457 vestra
1339 3416 1681 3472 cognoscere,
1707 3402 1984 3469 epistolam

416 3510 572 3561 quam
603 3497 667 3548 ad
702 3495 1049 3549 liutnilitatr-m
1079 3511 1250 3549 meam
1282 3495 1445 3550 frater
1476 3509 1656 3551 noster
1706 3497 1987 3550 Eumerins

416 3584 695 3652 cpiscopus
724 3601 821 3653 per
849 3587 1017 3654 ipsum
1052 3586 1267 3651 direxit,
1297 3585 1427 3639 tanti
1450 3585 1637 3639 habeat
1671 3601 1983 3650 recensere;

417 3683 468 3727 rt
497 3675 638 3729 illico
665 3686 917 3744 agnoscet
952 3678 1176 3745 qualiter
1203 3677 1300 3744 ipsi
1342 3676 1532 3731 debeat
1560 3686 1612 3730 et
1642 3692 1735 3744 pro
1762 3691 1987 3731 consue-

418 3767 598 3821 tudine
643 3770 953 3833 cousulerc,
1002 3778 1054 3821 et
1086 3783 1180 3837 pro
1210 3769 1431 3821 caritate
1463 3780 1643 3822 mutua
1677 3770 1982 3823 condolere.

418 3855 515 3922 Qui
550 3865 605 3909 ut
634 3859 847 3910 fraticm
875 3859 942 3911 ab
966 3859 1207 3911 hostibus
1235 3859 1483 3912 redderet
1516 3859 1763 3924 liberum,
1792 3875 1849 3913 se
1871 3877 1988 3914 cre-

419 3950 647 4000 ditorum
671 3949 853 4001 maluit
882 3963 1001 4002 esse
1030 3951 1318 4017 captivum,
1341 3958 1395 4004 et
1423 3962 1477 4004 ut
1506 3951 1597 4006 ille
1617 3953 1985 4007 crudelissima

418 4048 588 4091 morte
617 4054 720 4092 non
767 4040 1065 4107 privaretur
1095 4040 1220 4105 vita,
1251 4042 1363 4110 ipse
1389 4045 1619 4098 extorris
1651 4052 1732 4097 est
1762 4044 1928 4097 factus
1958 4060 1988 4096 e

419 4133 608 4200 patria.

489 4222 665 4275 Sancti
706 4223 930 4291 apostoli
967 4224 1109 4276 Pauli
1151 4225 1467 4278 sententiam
1501 4235 1523 4261 ο
1562 4225 1941 4279 εοιιειίῑυειιιας
1969 4271 1982 4290 ,

419 4328 517 4377 qua
549 4310 801 4364 Roiuauis
851 4312 1087 4365 scribens
1118 4313 1187 4364 ait
1218 4330 1231 4363 :
1288 4312 1426 4365 Nolo
1476 4329 1559 4365 vos
1590 4314 1844 4383 ignorate,
1881 4318 1983 4383 fra-

421 4417 537 4467 tres,
569 4405 687 4471 quia
712 4419 844 4470 strpe
876 4405 1116 4471 proposui
1146 4405 1311 4456 venire
1359 4405 1426 4457 ad
1455 4420 1557 4468 ros,
1591 4408 1677 4457 sed
1708 4404 1986 4466 prohibitus

2091 501 2305 554 collatio
2334 500 2583 554 desiderii
2612 502 2793 566 vestri,
2824 503 2983 556 vestri
3013 511 3091 556 est
3112 502 3374 555 sermonis
3420 499 3658 554 affectus.

2092 590 2168 643 Ita
2196 591 2337 643 enim
2370 592 2552 657 paucis
2581 591 2789 656 diebus,
2827 607 2959 656 quos
2988 592 3116 645 mihi
3148 607 3273 645 vere
3300 600 3351 645 et
3390 606 3581 658 paucos
3609 603 3663 644 et

2091 681 2436 735 brevissimos
2454 674 2633 735 'veSIer
2662 681 2787 735 fecit
2807 681 3045 749 affectus,
3071 682 3194 737 dum
3221 680 3664 745 contemplatione

2092 781 2266 827 vestra
2299 787 2401 823 nou
2431 772 2603 825 solum
2635 771 2814 824 satiari
2846 782 3028 825 uoster
3059 772 3261 841 nrquit,
3294 788 3475 826 verum
3505 771 3661 825 etiam

2089 860 2319 915 videndo
2349 863 2513 929 magis
2544 860 2842 915 exardescit
2871 862 3092 915 intuitus
3118 878 3131 925 ;
3156 876 3275 914 cum
3310 876 3406 915 nos
3439 868 3494 913 et
3525 862 3662 913 desi-

2090 952 2397 1007 deraremus
2430 953 2735 1021 prmsciites,
2767 965 2819 1009 et
2860 954 2925 1007 ad
2958 954 3057 1009 hoc
3079 969 3256 1009 coram
3285 956 3484 1023 positos
3518 971 3663 1023 qure-

2092 1060 2327 1098 reremus
2352 1062 2367 1107 ;
2392 1060 2577 1098 sensus
2607 1054 2816 1099 nostros
2845 1044 2990 1100 fonte
3021 1046 3305 1114 purissimo
3336 1045 3545 1114 ben‘gui
3574 1062 3662 1113 pte-

2090 1136 2254 1188 ctoris
2283 1135 2556 1202 irrigastis,
2585 1144 2641 1188 ut
2663 1134 2957 1204 quamlibet
2982 1135 3122 1189 nulla
3141 1135 3334 1189 deinde
3364 1118 3533 1189 sancti
3556 1137 3663 1188 oris

2092 1239 2309 1279 munera
2343 1227 2573 1293 pretiosa
2598 1226 2952 1293 perciperem,
2986 1228 3323 1293 praesentiam
3367 1234 3540 1279 tamen
3573 1240 3663 1279 ve-

2090 1324 2257 1368 stram
2290 1314 2425 1367 iutra
2469 1316 2661 1368 mentis
2702 1330 2834 1367 mere
2885 1329 3080 1368 arcana
3113 1314 3437 1383 possideam,
3469 1324 3523 1370 et
3550 1314 3662 1369 efti-

2090 1408 2228 1475 giem
2266 1415 2496 1461 vestram
2535 1407 2586 1459 in
2627 1408 2841 1474 speculo
2888 1408 2991 1461 mei
3024 1408 3201 1462 cordis
3237 1409 3479 1472 intuear,
3506 1424 3660 1477 quani

2092 1497 2182 1550 illa
2213 1506 2298 1550 tua
2329 1497 2521 1551 caritas
2564 1499 2795 1565 perfecta
2844 1498 3102 1566 depinxit,
3158 1508 3214 1553 ut
3253 1500 3447 1553 nullius
3494 1502 3662 1554 anatis

2091 1590 2363 1644 oblivione
2415 1590 2581 1657 pos~it
2625 1590 2825 1653 deleri;
2856 1590 2975 1659 quia
3005 1590 3113 1664 jugi
3142 1592 3509 1646 recordatione
3553 1609 3662 1646 mo-

2093 1682 2285 1735 mentis
2328 1681 2551 1749 singulis
2594 1682 2896 1733 innovatur.
2952 1681 3065 1736 Illic
3107 1683 3248 1735 enim
3296 1684 3569 1737 vobiscum
3598 1700 3663 1736 ex

2027 1792 2070 1850 Β
2098 1769 2480 1823 consuetudine
2507 1770 2712 1837 pietatis
2742 1782 2932 1825 vestra:
2956 1772 3214 1826 secretius
3236 1773 3530 1843 colloqnor.
3556 1774 3610 1827 ΙΙΙ
3635 1790 3662 1828 c

2095 1860 2253 1913 etiam
2273 1860 2339 1914 de
2370 1862 2486 1912 vitae
2516 1860 2751 1913 melioris
2773 1860 3106 1915 institutione
3130 1872 3410 1928 pertracto.
3435 1864 3546 1916 lllic
3568 1879 3663 1917 vos

2095 1951 2248 2005 labiis
2294 1950 2487 2003 mentis
2528 1952 2829 2017 exosculor,
2876 1960 2929 2007 et
2964 1952 3205 2005 manibus
3249 1953 3426 2007 cordis
3466 1954 3663 2020 amplo-

2092 2048 2228 2094 ctor.
2258 2040 2375 2105 Quo
2399 2040 2474 2104 fit,
2505 2048 2559 2092 ut
2580 2055 2706 2093 vera
2738 2040 2972 2107 dilectio,
2998 2057 3118 2109 quae
3139 2042 3190 2095 in
3221 2041 3509 2095 visceribus
3532 2044 3665 2096 meis

2092 2130 2207 2183 viva
2240 2130 2414 2182 vultus
2445 2129 2606 2183 vestri
2636 2130 2948 2199 figuratione
2974 2132 3201 2183 nutritur
3226 2141 3279 2185 et
3313 2131 3545 2199 igniculo
3575 2147 3662 2184 ca-

2094 2222 2264 2274 ritatis
2294 2220 2621 2287 accenditur,
2654 2223 2849 2275 amoris
2876 2222 3040 2275 vestri
3072 2222 3487 2275 vicissitudinem
3535 2224 3661 2275 milii

2093 2312 2451 2380 repromittat,
2485 2320 2539 2365 et
2570 2313 2779 2367 animus
2815 2329 2966 2367 meus
2995 2313 3121 2365 mihi
3151 2314 3309 2367 animi
3340 2314 3498 2367 vestri
3532 2313 3662 2365 fide-

2088 2401 2266 2469 juSsor
2293 2402 2537 2465 assistat;
2572 2401 2695 2453 dum
2728 2411 2981 2469 quantum
3013 2403 3141 2454 mihi
3184 2402 3251 2455 de
3279 2403 3429 2455 vobis
3459 2418 3661 2469 prrsu-

2093 2510 2241 2547 mere
2268 2493 2526 2553 debeam,
2574 2494 2845 2546 conscium
2892 2503 3086 2546 mutuae
3137 2492 3437 2546 dilectionis
3478 2505 3662 2561 pertus

2094 2585 2381 2653 interrogo.
2416 2582 2565 2637 Unde
2594 2582 2859 2637 scribendi
2884 2583 3010 2636 mihi
3044 2584 3185 2636 aditu
3209 2584 3538 2638 orationibus
3567 2601 3659 2638 vc-

2092 2676 2216 2733 stris
2239 2673 2451 2727 tandem
2494 2674 2778 2742 aliquando
2827 2683 3085 2739 reserato,
3121 2674 3256 2728 hanc
3288 2676 3660 2730 salutationem

2092 2764 2297 2827 defero,
2330 2772 2385 2815 et
2412 2765 2851 2818 intercessionem
2887 2776 3228 2832 peccatorum
3261 2769 3493 2835 requiro.
3529 2766 3661 2819 Illud

2091 2853 2306 2921 speciali
2334 2868 2491 2921 prece
2514 2854 2828 2920 deposcens.
2854 2863 2910 2905 ut
2938 2854 3357 2908 misericordiam
3378 2854 3469 2908 Dei
3496 2858 3662 2908 nostri

2091 2945 2320 2998 assiduis
2353 2945 2697 3009 petitionibus
2730 2944 2975 3012 ﬂagitetis
3002 2946 3250 2999 omnibus
3280 2947 3483 3001 delicts
3508 2950 3661 3013 meis,

2091 3046 2251 3102 atque
2276 3036 2546 3099 omnibus,
2578 3036 2960 3101 Opitulantibus
3008 3037 3157 3089 vobis
3199 3038 3659 3092 consuetudinaria

2092 3125 2374 3179 clementia
2406 3136 2457 3178 et
2486 3129 2697 3193 c0piosa
2748 3125 3017 3187 bonitate,
3049 3127 3276 3190 delictis,
3320 3128 3417 3181 etsi
3460 3143 3563 3182 non
3595 3128 3659 3179 ad

2095 3218 2232 3269 idem
2266 3220 2563 3284 prmmium,
2589 3217 2774 3269 saiti-m
2804 3217 2868 3270 ad
2892 3218 3134 3271 eumdem
3161 3230 3257 3270 nos
3285 3226 3490 3284 portum
3515 3218 3603 3286 qui
3638 3244 3661 3256 -

2090 3310 2154 3362 tis
2182 3308 2367 3376 jubeat
2400 3307 2711 3374 pervenire;
2742 3317 2799 3361 ut
2838 3319 3099 3376 quatenus
3139 3309 3222 3361 hic
3254 3317 3467 3375 propter
3492 3308 3660 3375 Spatia

2090 3397 2364 3466 interiecta
2396 3410 2657 3451 terrarum
2690 3398 2860 3451 oculis
2885 3400 3125 3467 corporis
3146 3399 3338 3466 saepius
3366 3413 3461 3452 nos
3485 3399 3663 3453 videre

2088 3508 2193 3545 non
2225 3506 2528 3560 possumus,
2574 3491 2655 3545 vel
2688 3490 2884 3544 ibidem
2911 3490 2981 3545 de
3009 3499 3188 3544 mutua
3221 3491 3500 3558 praesentia
3532 3507 3660 3560 gau-

2088 3585 2340 3646 deamus;
2374 3591 2429 3635 ut
2461 3583 2674 3651 quando
2718 3581 2913 3635 vobisa
2935 3580 3080 3649 justo
3114 3581 3295 3635 Judice
3338 3581 3661 3635 retribuatur

2087 3688 2282 3729 corona
2324 3672 2833 3745 meritorumhmihi
2872 3686 2902 3725 a
2947 3670 3187 3741 piissimo
3224 3671 3580 3739 redemptore,
3606 3681 3663 3723 et

2087 3766 2343 3818 advocato
2367 3763 2753 3832 perfectissimo
2785 3772 2807 3798 ε
2830 3762 3236 3815 commissorum
3262 3760 3410 3813 venia
3442 3774 3544 3813 non
3568 3776 3660 3812 ne-

2087 3870 2261 3919 getur.
2308 3857 2424 3926 Ipse
2449 3866 2573 3908 ante
2597 3854 2851 3923 judicium
2883 3854 3175 3919 peccatoris
3224 3868 3380 3921 agere
3407 3852 3656 3921 dignetur

2087 3964 2335 4013 causam,
2382 3962 2447 4001 nc
2497 3948 2547 3999 in
2593 3947 2790 4015 judicio
2836 3947 3019 4015 puniat
3061 3946 3291 4013 culpam,
3338 3944 3457 4013 quia
3507 3945 3656 3997 novit

2087 4042 2278 4110 quippe
2307 4041 2645 4109 omnipotens
2673 4053 2771 4092 nec
2800 4038 2850 4091 in
2880 4037 3115 4091 bonitate
3154 4036 3452 4090 clementia:
3472 4034 3656 4104 judii-ii

2090 4132 2311 4200 perdere
2338 4133 2642 4195 veritatem,
2674 4145 2771 4183 nec
2798 4129 2980 4196 judicii
3030 4128 3314 4181 severitate
3358 4125 3659 4179 clementia-

2087 4224 2337 4276 amittere
2366 4223 2680 4275 bonitatem.
2714 4221 2775 4273 Et
2810 4222 2929 4273 ideo
2962 4235 3057 4287 per
3101 4218 3417 4271 ineffabilem
3450 4217 3663 4269 miseri-

2086 4315 2283 4368 cordia:
2300 4328 2359 4368 ac
2381 4315 2588 4366 virtutis
2612 4313 2974 4379 operationem
3012 4310 3161 4364 vobis
3188 4320 3444 4379 prmstare
3474 4309 3660 4376 digne-

2089 4417 2195 4471 tur,
2221 4416 2279 4459 ut
2307 4420 2441 4472 quos
2481 4406 2565 4458 hic
2596 4407 2821 4459 veritate
2858 4403 3133 4473 conjunxit
3153 4445 3166 4467 ,
3199 4403 3302 4456 illic
3330 4402 3661 4455 habitatione

421 4508 532 4543 sum
564 4509 718 4560 usque
737 4494 903 4545 adhuc
929 4494 1105 4561 (Rom.
1139 4510 1174 4549 ι.
1206 4495 1329 4561 15);
1358 4503 1411 4549 et
1441 4511 1536 4547 nos
1576 4496 1751 4549 dicere
1783 4498 1983 4563 pudore.
2013 4507 2065 4566 ι)
2091 4514 2197 4551 non
2221 4510 2460 4567 separet;
2486 4496 2887 4565 promissionem
2912 4506 3142 4559 Vestram
3168 4495 3409 4547 recolens
3429 4493 3659 4560 peculia-

422 4582 703 4651 inStigaute
734 4586 1134 4650 compellimur:
1160 4586 1409 4639 Crebrius
1431 4585 1691 4638 voluimus
1720 4586 1784 4637 ad
1812 4586 1985 4637 since-

421 4673 684 4725 rissimam
714 4673 960 4741 pietatem
983 4686 1216 4727 VOsll‘ﬂﬂ]
1247 4678 1441 4745 scripta
1474 4678 1723 4746 dirigere,
1744 4676 1835 4729 sed
1868 4693 1989 4744 pro-

423 4762 571 4815 hibiti
598 4780 782 4817 sumus
821 4778 987 4830 usque
1032 4780 1198 4830 nunc;
1251 4768 1563 4831 prohibente
1602 4767 1848 4819 nimirum
1901 4766 1990 4818 illo

420 4855 507 4921 qui
534 4855 685 4907 bona:
714 4855 965 4908 voluntati
995 4858 1270 4909 consuevit
1298 4872 1511 4925 semper
1540 4858 1821 4923 obsistere,
1857 4860 1988 4911 invi-

423 4948 553 5000 deus
578 4949 784 5001 scilicet
806 4949 1057 5016 profectui
1083 4960 1284 5013 nostro,
1318 4959 1372 5003 et
1395 4949 1603 5003 affectui
1635 4961 1831 5015 vestro,
1859 4968 1872 5013 ;
1905 4950 1985 5001 af-

423 5035 576 5091 fectui
609 5053 789 5091 nostro
811 5049 863 5092 et
890 5042 1141 5107 prol'ectui
1182 5054 1381 5095 vestro.
1413 5042 1677 5096 Profectui
1711 5056 1893 5095 nostro
1936 5050 1988 5094 et

420 5128 627 5183 affecmi
677 5139 886 5193 vestro;
934 5132 1055 5199 quia
1104 5132 1343 5185 doetrina
1393 5142 1565 5186 vestra
1618 5132 1845 5186 eruditio
1889 5146 1988 5184 no-

419 5231 525 5276 stra
555 5231 656 5288 est,
686 5230 741 5275 et
767 5221 990 5289 epistola
1028 5232 1207 5275 nostra
1231 5222 1528 5276 consolatio
1555 5222 1803 5277 desiderii
1826 5221 1987 5275 veSIri

417 5323 535 5378 est;
565 5324 618 5369 et
646 5327 831 5368 rursus
867 5314 1123 5385 profecmi
1171 5324 1346 5369 vestro
1392 5326 1445 5370 ct
1499 5315 1706 5370 affectui
1763 5328 1985 5380 nostro;

488 5470 669 5541 FLeg.
713 5470 938 5534 Ennio,
991 5472 1078 5536 qui
1122 5473 1213 5525 fuit
1255 5488 1319 5526 eo
1361 5482 1598 5541 tempore
1650 5472 1986 5526 Arelatensis

416 5540 725 5613 cpisigipns,
760 5550 813 5594 et
860 5553 915 5594 ut
944 5549 1125 5606 aiunt,
1174 5545 1402 5599 vicarius
1448 5540 1715 5613 pontificis
1755 5543 1982 5597 Romani

421 5624 511 5677 per
538 5608 755 5662 Gallias.
790 5613 944 5665 lissx.

486 5676 514 5715 δ
544 5679 643 5733 Ms.
673 5680 887 5747 vitiose,
918 5684 1051 5749 quod
1075 5688 1219 5750 prjus
1251 5694 1342 5739 est.

2090 4589 2202 4643 rius
2227 4603 2373 4659 rugo,
2404 4596 2461 4640 ut
2490 4588 2703 4639 fratrem
2738 4584 3035 4639 Pomerium
3068 4586 3321 4638 sanctitas
3344 4594 3517 4636 vestra
3551 4598 3657 4635 non

2092 4681 2262 4735 solum
2291 4695 2395 4733 non
2427 4680 2672 4740 retineat,
2696 4693 2877 4729 verum
2911 4678 3067 4729 etiam
3098 4675 3161 4727 ad
3187 4688 3283 4727 nos
3304 4674 3485 4727 venire
3514 4688 3661 4727 com-

2094 4771 2273 4838 pellat,
2308 4779 2617 4836 partemque
2647 4782 2796 4822 suam
2838 4766 2989 4818 nobis
3017 4766 3067 4819 in
3091 4764 3367 4819 dividuum
3386 4763 3661 4831 utriusque

2093 4860 2437 4914 transmittat.
2470 4857 2575 4910 Nec
2606 4870 2727 4909 eum
2749 4871 2778 4908 a
2803 4855 2951 4907 vobis
2974 4853 3272 4918 discedere,
3296 4854 3337 4905 si
3368 4852 3431 4905 ad
3460 4866 3545 4907 me
3571 4866 3661 4905 ac-

2090 4951 2333 5014 cesserit,
2360 4948 2628 5017 judicetis,
2651 4948 2771 5014 quia
2800 4956 2853 5000 et
2878 4961 2972 4999 vos
3003 4945 3089 5000 hic
3119 4943 3353 4997 inveniet
3392 4943 3445 4995 in
3474 4958 3581 5005 rue,
3604 4952 3661 4995 et

2090 5058 2208 5097 Cum
2237 5059 2303 5096 eo
2333 5058 2448 5105 vos,
2471 5041 2738 5093 residente
2764 5053 3008 5107 corpore,
3040 5047 3093 5089 ut
3134 5036 3469 5099 conﬁdimus,
3497 5035 3659 5090 corde

2091 5135 2333 5187 venietis.
2357 5130 2459 5185 Sed
2482 5140 2535 5183 et
2560 5129 2681 5183 inde
2706 5144 2809 5182 non
2837 5143 3051 5195 parvum
3077 5127 3299 5180 frurtum
3330 5125 3525 5179 habere
3569 5141 3659 5192 po-

2094 5226 2285 5287 teritis,
2316 5220 2361 5275 si
2394 5221 2662 5274 rusticitas
2698 5228 2880 5272 nostra
2919 5218 3155 5271 doctrina
3182 5217 3348 5285 ipsius
3373 5215 3570 5285 aliquid
3604 5215 3657 5269 iu

2095 5315 2185 5368 Dei
2218 5315 2411 5366 timore
2441 5311 2743 5379 profecerit.

2161 5480 2185 5509 ο
2217 5470 2367 5523 Prius
2387 5477 2501 5522 erat
2527 5467 2578 5521 in
2614 5482 2710 5519 tus.
2743 5471 3054 5517 rontumter.

2160 5542 2187 5577 ει
2223 5539 2289 5591 Et
2335 5555 2531 5606 semper
2570 5536 2849 5590 consolatio
2900 5534 3139 5587 desiderii
3187 5535 3364 5601 nostri,
3414 5535 3557 5588 vestri
3585 5546 3654 5587 est

2090 5610 2334 5663 sermonis
2359 5609 2592 5675 a/fcctus.

2161 5690 2182 5717 ο
2211 5679 2305 5733 Ms.
2329 5682 2705 5745 ommissorum,
2736 5675 2870 5731 forte
2911 5677 3229 5731 amissorum.
