4022 6168
354 329 428 387 89
1602 338 2082 398 EPISTOLARUM
2120 340 2247 396 LIB.
2290 342 2350 396 Il.
3523 353 3591 407 9t)

1950 460 1997 519 Α
2021 451 2267 521 juvenes,
2292 455 2413 523 quia
2438 455 2635 509 vicistis
2664 458 2969 527 malignum.
3003 461 3192 519 Scribe
3219 462 3386 527 vobis,
3416 466 3583 533 pueri,

2018 546 2138 615 quia
2166 546 2491 615 cognovistis
2522 547 2753 607 Patrem.
2786 552 2896 616 Qua
2939 553 3258 609 discretione
3306 555 3585 611 verborum

2017 649 2120 687 non
2143 645 2354 688 :etatem
2385 638 2667 691 exterioris
2714 632 2965 707 hominis,
2995 643 3087 697 sed
3116 645 3417 711 qualitatem
3452 647 3586 700 inte-

958 449 1173 507 EPIST.
1232 450 1324 505 IX.

345 560 540 612 Damno
578 559 766 611 animm
812 576 919 613 suae
963 572 1010 614 et
1050 562 1102 613 in
1147 561 1349 617 Christo
1382 560 1597 615 Domino
1643 563 1914 616 visceribus

464 630 740 681 excolendo
774 629 1009 683 Pomerio
1038 632 1204 685 abbati
1234 631 1472 685 Ruricius
1500 636 1783 702 episcopus.

407 735 685 802 Sapientes
708 736 889 791 strculi
913 739 1113 793 amitos
1131 742 1263 794 duos
1281 757 1439 795 unam
1462 742 1690 795 animam
1716 743 1911 797 habere

339 827 623 888 dixerunt.
673 830 816 897 quod
845 846 943 897 ego
988 833 1146 885 etiam
1186 832 1555 886 ecclesiastico
1606 832 1909 887 testimonio

335 932 515 970 Vt’l’ltm
566 931 689 972 esse
746 918 1026 984 conﬁrmo,
1077 920 1213 987 qttod
1238 921 1348 973 ait:
1379 920 1701 974 Credentium
1739 932 1906 975 autem

332 1019 436 1059 erat
455 1010 633 1061 anima
654 1020 701 1062 et
730 1026 820 1063 cor
859 1027 1013 1063 unum
1062 1011 1195 1081 (Act.
1230 1028 1302 1075 tv,
1351 1010 1465 1080 32).
1514 1012 1685 1067 Unum
1727 1014 1906 1079 utique

328 1103 572 1166 Caritate,
600 1119 707 1156 non
738 1119 990 1167 numero;
1021 1113 1074 1158 et
1107 1104 1225 1158 ﬁdei
1256 1104 1617 1171 simplicitate,
1661 1121 1765 1157 non
1793 1107 1905 1158 sin-

326 1194 613 1260 gularitate
661 1210 925 1261 personae.
976 1195 1083 1247 Hoc
1138 1210 1265 1262 ergo
1321 1196 1554 1263 praedico
1595 1197 1899 1264 proboque;

325 1296 449 1335 nam
480 1298 546 1336 ex
574 1299 737 1352 quoa
787 1294 958 1339 vestra
1000 1285 1345 1339 unanimitate
1380 1287 1625 1351 discessi,
1670 1287 1898 1341 divisum

322 1386 556 1428 eeseme
600 1375 814 1438 sentio,
871 1385 1181 1444 partemque
1225 1391 1394 1429 meam
1440 1377 1710 1431 vobiscum
1756 1393 1901 1432 rese-

320 1461 466 1516 disse
492 1478 782 1532 cognosco.
815 1464 919 1519 Nec
945 1465 1253 1519 absentibus
1288 1466 1454 1532 vobis,
1489 1467 1749 1536 integrum
1780 1485 1901 1524 esse

321 1568 409 1607 me
434 1554 630 1618 credo;
660 1564 712 1608 et
743 1570 865 1608 cum
895 1570 979 1609 me
1004 1556 1053 1608 in
1083 1569 1168 1609 me
1191 1570 1294 1608 non
1327 1557 1616 1620 inveniam,
1642 1559 1777 1625 apud
1803 1573 1897 1612 vos

317 1659 407 1696 tne
433 1646 499 1697 ad
529 1660 628 1699 vos
656 1661 930 1714 regressus
957 1647 1193 1714 inquiro;
1231 1656 1387 1715 atque
1415 1648 1609 1702 ibidem
1642 1659 1893 1715 quantum

314 1734 425 1786 mei
447 1734 599 1788 vobis
627 1736 937 1801 reliquisse,
965 1745 1166 1788 tantum
1195 1738 1354 1789 vestri
1385 1753 1589 1792 mecum
1614 1739 1893 1794 abstulisse

2013 728 2167 781 rioris
2206 730 2460 799 assignat.
2508 732 2562 785 In
2614 746 2868 799 quantum
2900 736 3038 790 enim
3071 738 3122 792 in
3161 739 3251 793 Dei
3282 740 3583 808 cognitione

2011 832 2075 872 ac
2102 820 2387 877 dilectione
2419 824 2743 890 proficimus,
2786 837 2964 895 patres
2992 827 3110 883 sine
3131 829 3291 884 dubio
3311 846 3583 901 nuncupa-

2009 926 2146 964 mur.
2177 912 2229 965 In
2253 926 2505 981 quantum
2538 931 2667 970 vero
2712 927 2895 971 contra
2933 920 3318 987 adversarium,
3351 924 3436 991 qui
3465 932 3579 977 tan-

2006 1018 2157 1070 quam
2197 1006 2275 1057 leo
2317 1006 2514 1070 circuit,
2539 1024 2770 1075 qutrrens
2797 1026 2944 1077 quem
2964 1011 3167 1065 devoret
3210 1006 3400 1081 (1Ῥει.
3420 1028 3473 1081 ν,
3496 1014 3574 1083 8),

2007 1093 2232 1148 viriliter
2278 1096 2611 1163 dimicamus,
2668 1098 2892 1166 juvenes
2932 1116 3051 1156 esse
3094 1098 3486 1170 cognoscimur.
3518 1104 3575 1158 In

2003 1191 2259 1250 quantum
2282 1200 2412 1240 vero
2431 1187 2693 1241 socordia:
2734 1190 3057 1258 desidiaeque
3084 1194 3487 1263 committimur,
3522 1206 3576 1251 et

2003 1272 2067 1326 ad
2095 1274 2439 1331 incedendam
2485 1279 2854 1334 mandatorum
2906 1282 3043 1337 viam
3098 1284 3218 1338 ﬁdei
3267 1286 3574 1343 inﬁrmitate

2003 1364 2303 1432 deﬁcimus,
2334 1376 2490 1435 atque
2513 1369 2577 1421 ad
2618 1372 2913 1423 contuenda
2939 1387 2999 1425 ac
3030 1376 3325 1443 peragenda
3374 1392 3574 1444 prmee-

2000 1464 2086 1523 pta
2117 1456 2290 1510 divina
2320 1473 2350 1511 a
2382 1460 2713 1513 saecularium
2763 1475 2974 1516 actuum
3025 1464 3317 1520 intentione
3362 1469 3509 1533 quasi
3540 1485 3571 1522 e

1998 1560 2190 1601 somno
2234 1552 2506 1617 segniores
2552 1553 2901 1618 assurgimus,
2948 1554 3244 1609 rectissime
3284 1572 3568 1625 puerorum

1999 1634 2213 1691 levitate
2237 1652 2537 1693 censemur.
2565 1640 2715 1694 Unde
2742 1652 2795 1694 et
2817 1644 3085 1709 apostvlus
3114 1644 3306 1698 Paulus
3328 1647 3396 1699 ita
3424 1663 3570 1701 cont-

1997 1736 2179 1780 mouet
2226 1728 2580 1797 negligentem
2610 1748 2623 1783 :
2657 1731 2821 1800 Surge
2850 1734 2936 1799 qui
2966 1734 3177 1799 dormis,
3219 1744 3264 1788 et
3289 1752 3503 1805 exsurge
3538 1756 3568 1789 a

310 1826 609 1893 conSpicio.
638 1826 699 1879 Et
727 1828 1081 1893 omnipotenti
1114 1828 1218 1880 Deo
1245 1828 1442 1895 gratias
1474 1844 1635 1896 super
1663 1838 1767 1882 tam
1799 1832 1861 1883 ad

1994 1817 2225 1881 mortuis,
2271 1824 2324 1870 et
2351 1820 2628 1887 continges
2679 1820 2967 1887 Christum,
3015 1823 3125 1877 sive
3164 1825 3473 1880 illuminabit
3519 1836 3567 1881 te

310 1915 545 1968 mirabili
575 1915 712 1968 facto
736 1916 853 1984 ejus
893 1916 1086 1975 refero.
1120 1918 1259 1984 quod
1290 1916 1361 1970 ita
1392 1919 1624 1983 generali
1655 1919 1886 1975 tribuere

307 2003 715 2071 dispensatione
741 2005 988 2075 dignatus
1015 2014 1118 2070 est,
1144 2017 1198 2060 ut
1224 2006 1365 2060 inter
1380 2022 1473 2062 eos
1490 2024 1622 2076 quos
1646 2012 1883 2063 locorum

306 2094 591 2148 intervalla
619 2095 1010 2159 d:scriminant,
1036 2096 1168 2150 liber
1195 2111 1257 2150 ae
1304 2098 1461 2151 nullis
1484 2099 1767 2153 conclusus
1792 2102 1884 2157 ab-

302 2184 497 2236 sentia:
550 2184 753 2252 legibus
798 2185 1008 2239 animus
1051 2197 1403 2251 commearet;
1453 2188 1691 2257 nihilque
1740 2202 1882 2244 esset

301 2280 416 2325 tam
448 2273 872 2341 impenetrabile,
922 2274 1063 2345 quod
1094 2278 1289 2329 mentis
1324 2278 1625 2345 aspectibus
1647 2294 1751 2332 non
1785 2296 1879 2346 pa-

298 2372 472 2426 les-rt;
503 2364 594 2417 sed
637 2381 729 2431 per
758 2366 937 2420 cordis
971 2366 1219 2419 intuitum
1267 2367 1391 2421 inde
1420 2382 1477 2421 se
1506 2369 1729 2421 invicem
1746 2370 1876 2433 cari,

295 2455 472 2524 gratia
506 2455 920 2521 intercurrente,
953 2459 1358 2525 conspicerent,
1394 2457 1483 2511 ubi
1528 2460 1721 2512 caritas
1766 2459 1876 2526 ipsa

293 2546 566 2599 consistit.
596 2546 657 2599 Et
690 2546 808 2601 ideo
828 2547 1050 2602 salutem
1080 2547 1384 2617 plenissime
1411 2563 1534 2615 erga
1563 2564 1667 2610 me.
1701 2565 1837 2617 quan
1866 2577 1889 2588 ο

294 2647 419 2689 tum
451 2638 659 2705 propria
693 2650 867 2692 mente
895 2639 1147 2707 conjicio,
1172 2641 1355 2707 pietati
1386 2650 1576 2694 vestra:
1604 2641 1871 2707 deferens,

291 2727 449 2779 omni
478 2742 690 2796 precum
721 2730 1012 2784 ambitione
1032 2731 1295 2799 deposco;
1321 2730 1366 2785 si
1388 2731 1541 2785 nobis
1572 2746 1752 2800 parem
1785 2747 1873 2785 re-

292 2819 541 2883 pensatis
567 2817 836 2885 affectum,
883 2823 925 2874 si
955 2821 1118 2874 simili
1155 2823 1376 2876 caritate
1419 2836 1517 2877 nos
1557 2824 1795 2893 diligitis,
1826 2827 1870 2877 si

290 2909 501 2977 aliquid
537 2910 586 2963 in
611 2913 905 2967 visceribus
936 2914 1130 2968 vestris
1152 2929 1305 2968 amor
1327 2929 1511 2970 noster
1532 2926 1803 2985 operatur,
1825 2920 1869 2972 si

288 3018 468 3071 usque
492 3003 555 3056 at!
580 3005 834 3059 medullas
850 3006 1027 3061 cordis
1050 3009 1210 3062 vestri
1232 3008 1446 3063 dilectio
1477 3020 1655 3064 nostra
1681 3025 1868 3079 perve.

286 3095 398 3157 nit,
429 3096 476 3148 si
503 3097 569 3149 ita
596 3112 688 3149 vos
719 3113 813 3165 pro
848 3113 953 3162 me,
982 3114 1140 3168 quam
1174 3114 1262 3153 me
1291 3116 1387 3168 pro
1411 3101 1563 3156 vobis
1587 3101 1867 3156 dulcedine

1992 1903 2223 1960 Christus
2252 1905 2466 1975 (Ep/tes.
2500 1926 2552 1971 v,
2583 1910 2674 1977 14)
2727 1911 2854 1964 Nam
2880 1922 2933 1965 et
2959 1913 3213 1969 Dominus
3242 1918 3292 1967 in
3328 1916 3565 1987 Evange-

1991 1994 2081 2055 lio,
2108 2010 2227 2048 cum
2257 1997 2306 2050 ei
2350 2012 2379 2050 a
2408 1998 2874 2053 circumstantibus
2904 2000 3210 2056 diceretur:
3245 2003 3377 2057 Ecce
3403 2016 3563 2059 mater

1988 2094 2093 2150 tua,
2123 2094 2171 2139 et
2196 2087 2378 2154 fratres
2408 2090 2480 2140 tui
2502 2099 2731 2156 quwrunt
2761 2099 2826 2155 te,
2846 2090 3064 2143 volentes
3085 2093 3253 2146 videre
3273 2105 3319 2146 te
3343 2093 3555 2161 (Matth.

1987 2190 2083 2240 xu,
2111 2174 2228 2243 47),
2259 2177 2328 2230 ita
2374 2178 2650 2244 respondit
2675 2219 2687 2231 .
2713 2180 2841 2244 Quae
2870 2190 2951 2234 est
2991 2192 3159 2235 mater
3184 2198 3321 2247 mea,
3353 2195 3443 2238 aut
3471 2188 3556 2253 qni

1983 2276 2106 2320 sunt
2132 2266 2321 2322 fratres
2348 2270 2449 2323 mei
2476 2262 2499 2321 ἲ)
2523 2270 2587 2322 Et
2608 2271 2896 2325 ostendens
2934 2275 3221 2340 apostolos,
3272 2286 3557 2345 sequentes

1983 2371 2075 2424 se,
2103 2357 2290 2412 Nonne
2322 2359 2411 2422 hi,
2453 2361 2541 2428 qui
2592 2360 2792 2414 faciunt
2830 2363 3153 2419 voluntatem
3195 2366 3365 2420 Patris
3409 2362 3557 2421 mei?

1982 2448 2147 2501 Mater
2168 2451 2307 2503 enim
2339 2450 2539 2504 Christi
2572 2451 2674 2504 dici
2709 2467 3010 2519 possumus,
3039 2456 3250 2523 quando
3286 2456 3552 2511 Christum

1986 2540 2148 2595 corde
2176 2551 2464 2609 gestamus.
2493 2543 2620 2595 Nam
2644 2554 2695 2596 et
2726 2544 2783 2597 S.
2815 2546 2998 2609 Maria,
3030 2562 3145 2613 qua:
3168 2556 3222 2599 et
3251 2548 3396 2615 virgo
3428 2562 3554 2603 con-

1982 2636 2144 2699 cepit,
2168 2635 2317 2700 virgo
2341 2636 2565 2702 peperit,
2602 2639 2750 2705 virgo
2782 2639 3100 2704 permansit,
3134 2638 3413 2693 Dominum
3453 2657 3549 2694 no-

1976 2732 2144 2775 strum
2180 2738 2280 2776 non
2311 2724 2589 2792 complexu
2622 2726 2778 2789 virili,
2804 2728 2897 2780 sed
2927 2727 3029 2781 ﬁde
3058 2728 3341 2783 maritante
3360 2744 3552 2785 conce-

1976 2810 2071 2879 pit.
2100 2812 2313 2867 Fratres
2340 2828 2469 2866 vero
2494 2814 2661 2882 ipsius
2701 2815 2979 2881 efﬁcimur,
3029 2819 3241 2887 quando
3286 2822 3353 2872 ita
3387 2822 3546 2874 vitam

1976 2915 2210 2957 nostram
2246 2906 2389 2957 omni
2414 2906 2667 2960 virtutum
2686 2924 2880 2973 genere
2902 2909 3252 2978 disponimus,
3283 2912 3547 2979 fulcimus,

1973 3009 2243 3059 ornamus,
2270 3005 2324 3049 nt
2348 2995 2587 3050 hmredes
2611 2998 2699 3052 Dci
2724 3014 2842 3053 esse
2865 3000 3151 3069 possimus,
3171 3013 3220 3056 et
3239 3004 3547 3059 cohzeredes

1971 3084 2359 3147 Cbrisﬁlflom.
2382 3104 2492 3154 vni,
2514 3088 2624 3157 17).
2648 3088 2743 3143 Cui
2758 3090 2897 3145 enim
2915 3092 3305 3160 dubium,quod
3322 3096 3363 3147 si
3382 3097 3549 3149 Intere-

286 3189 573 3256 potestatis
603 3187 854 3253 edomuit,
888 3198 945 3243 ut
972 3190 1194 3257 imperio
1224 3190 1391 3259 ipsius
1416 3206 1513 3245 nec
1543 3191 1755 3260 passitis
1779 3208 1862 3246 re-
1892 3186 1937 3248 Ο
1971 3176 2064 3231 des
2095 3177 2186 3231 Dei
2218 3178 2388 3232 Patris
2410 3177 2689 3245 efﬁcimur,
2715 3180 3011 3235 rectissime
3045 3192 3098 3236 et
3127 3181 3320 3237 fratres
3350 3182 3545 3249 Christi

286 3282 515 3346 sinere,
543 3295 640 3334 nec
669 3281 872 3345 velitis;
893 3282 958 3335 ad
986 3282 1379 3338 desiderantem
1404 3284 1621 3339 fratrem
1651 3284 1865 3340 deside-

286 3386 422 3424 rans
451 3372 764 3440 quantocius
790 3376 972 3428 venire
1016 3375 1308 3440 festinabo,
1344 3376 1602 3431 beneﬁcio
1630 3387 1684 3432 et
1735 3394 1862 3448 pro-

286 3462 519 3516 missum
558 3464 824 3517 soluturus
850 3464 1124 3530 debitum,
1154 3476 1209 3521 et
1256 3478 1499 3522 mutuum
1530 3469 1866 3538 mitigaturns

287 3554 563 3608 allectum.
592 3555 722 3622 Quia
767 3572 945 3611 coram
976 3559 1132 3625 positi
1162 3561 1421 3629 aequalem
1466 3561 1618 3614 vobis
1645 3563 1865 3630 gratiam

289 3643 362 3697 de
407 3655 591 3698 nostra
633 3648 1083 3715 contemplatione
1111 3659 1165 3702 et
1194 3650 1551 3705 collocatione
1586 3652 1864 3718 praestabi-

290 3751 435 3799 mus,
470 3745 801 3805 tantnuique,
840 3738 886 3792 si
937 3750 993 3793 ut
1018 3740 1275 3809 diligeris,
1308 3741 1503 3811 diiigis,
1536 3758 1566 3796 a
1598 3758 1682 3798 me
1712 3744 1869 3798 retri-

289 3829 489 3880 buetur
516 3830 722 3883 caritati
754 3841 879 3895 tute,
909 3840 1165 3899 quantum
1198 3841 1251 3886 ttt
1274 3848 1410 3887 mea:
1444 3834 1559 3903 ipse
1587 3834 1862 3890 detuleris.

286 3918 403 3973 Nec
429 3934 559 3974 sane
586 3921 908 3976 inveniendo
934 3924 1294 3993 fatigationem
1322 3926 1521 3993 poteris
1556 3926 1860 3982 formidare.

287 4012 445 4076 Quia.
480 4022 537 4065 tit
584 4012 673 4067 ille
702 4013 861 4079 dixit,
892 4014 1011 4089 vicit
1057 4017 1155 4071 iter
1180 4019 1375 4070 durum
1408 4016 1597 4085 pietas.
1627 4018 1692 4071 Et
1714 4018 1865 4086 juxta

287 4104 607 4168 Apostolum
640 4118 877 4158 nostrum
904 4122 916 4155 :
960 4104 1161 4159 Caritas
1193 4109 1369 4160 omnia
1406 4108 1623 4161 sustinet
1665 4106 1720 4178 (Ι
1744 4108 1861 4161 Cor.

287 4208 402 4256 xm,
436 4192 515 4263 7),
549 4211 667 4262 qua:
698 4209 797 4249 nec
834 4196 1026 4264 quatit
1063 4213 1183 4264 quae
1216 4212 1310 4250 sua
1337 4206 1479 4263 sunt,
1507 4213 1606 4252 nec
1633 4213 1863 4268 unquam

286 4288 439 4338 novit
466 4285 749 4340 excedere.
797 4286 1105 4356 Opportune
1133 4289 1291 4342 etiam
1320 4289 1647 4343 desideranti
1676 4291 1864 4344 viatori

288 4377 611 4430 autumnalis
627 4380 881 4443 temporis
897 4380 1141 4447 congruit
1161 4394 1279 4432 cum
1306 4381 1529 4434 caritate
1552 4382 1860 4449 temperies,

290 4467 334 4517 si
359 4481 478 4518 eam
501 4478 674 4520 tamen
706 4470 989 4535 praeteritae
1012 4469 1213 4523 aestatis
1242 4470 1420 4526 fervor
1442 4471 1722 4539 accendat,
1755 4487 1860 4526 non

292 4558 617 4611 advenientis
648 4558 841 4612 hiemis
867 4560 1016 4629 algor
1038 4561 1363 4631 exstinguat.

915 4690 1129 4745 EPIST.
1170 4692 1243 4747 X.

660 4778 797 4834 Item
820 4781 1031 4851 epistola
1059 4784 1231 4835 damni
1263 4783 1481 4837 Ruricii.

358 4891 585 4946 Relectis
614 4893 809 4948 litteris
839 4893 991 4961 meis,
1016 4893 1241 4950 fortasse
1274 4894 1571 4962 miraberis,
1601 4898 1741 4967 quod
1766 4913 1857 4954 ve-

288 4986 545 5039 nerationi
576 4995 681 5039 tua:
711 4985 860 5039 fratri
907 4987 1240 5054 scripserim;
1290 5004 1409 5042 cum
1442 4989 1544 5043 hoc
1593 5005 1693 5044 nec
1715 4992 1857 5045 aatati

286 5086 484 5130 nostra:
526 5076 829 5141 conveniat,
872 5090 971 5131 nec
1000 5075 1209 5132 honori.
1237 5077 1368 5145 Quia
1399 5079 1537 5133 sicut
1577 5095 1661 5133 me
1691 5080 1861 5147 major

285 5182 349 5221 es
378 5178 521 5233 natu,
544 5169 613 5221 ita
644 5169 822 5222 minor
844 5183 904 5223 es
929 5169 1117 5237 gradu.
1160 5169 1227 5223 Et
1258 5170 1378 5224 ideo
1397 5170 1440 5222 si
1462 5171 1527 5223 ad
1561 5181 1723 5235 tuam,
1750 5171 1861 5227 Deo

287 5258 533 5327 propitio,
559 5260 947 5329 longaevitatem
973 5270 1063 5314 aut
1088 5260 1153 5315 ad
1186 5270 1420 5314 nostram
1442 5262 1862 5331 respexissemus

285 5348 820 5420 administrationem,
844 5364 934 5407 aut
964 5352 1105 5407 Patri
1132 5352 1369 5409 scribere
1393 5353 1746 5410 debueramus
1769 5363 1863 5409 aut

289 5441 415 5495 tilio.
454 5442 558 5498 Sed
587 5444 710 5513 quia
752 5456 804 5497 et
848 5443 904 5499 S.
936 5445 1172 5499 Joannes
1218 5445 1490 5513 apostolus
1536 5448 1589 5500 in
1634 5447 1859 5517 epistola

286 5529 347 5601 (1
368 5550 483 5604 cap.
514 5537 553 5607 ι)
576 5551 672 5591 sua
702 5540 819 5592 unis
843 5537 1175 5607 eisdemque,
1199 5536 1269 5591 et
1293 5538 1549 5606 patribus,
1571 5547 1627 5593 et
1650 5538 1860 5608 juveni-

292 5637 389 5681 nus
415 5630 620 5695 scribit,
651 5639 704 5683 et
726 5632 923 5697 pueris,
955 5630 1173 5684 dicens:
1218 5629 1410 5686 Scribo
1439 5630 1620 5698 vobis,
1649 5642 1857 5703 patres,

287 5720 409 5787 quia
433 5721 755 5790 cognovistis
775 5735 894 5779 eum
927 5720 1017 5790 qui
1044 5718 1114 5774 ab
1144 5719 1295 5777 initio
1316 5730 1423 5778 est.
1467 5721 1656 5778 Seribo
1685 5722 1853 5788 vobis,

1971 3268 2097 3331 dici,
2130 3269 2244 3337 ipso
2272 3270 2578 3338 adoptante,
2608 3272 3040 3340 poterimus?qui
3067 3288 3162 3326 nos
3184 3275 3468 3341 plasmavit
3488 3287 3546 3331 ut

1969 3371 2116 3422 suos,
2144 3358 2372 3412 redemit
2405 3366 2462 3412 ut
2500 3360 2736 3425 alienos;
2766 3362 2926 3431 elegit
2965 3373 3017 3415 ut
3049 3378 3254 3431 servos,
3284 3364 3467 3418 ascivit
3491 3379 3559 3418 ut.

1970 3450 2129 3504 ﬁlios.
2164 3450 2397 3505 Plasmat
2428 3452 2571 3505 enim
2600 3467 2697 3507 nos
2722 3463 3004 3521 potestate,
3032 3456 3241 3509 redimit
3265 3458 3538 3523 passione;

1972 3543 2304 3611 praeseientia
2332 3544 2547 3598 asciscit
2568 3545 2617 3597 in
2635 3547 2824 3613 gratia.
2856 3546 2963 3600 Nos
2987 3555 3162 3601 tamen
3187 3546 3274 3601 ﬁlii
3300 3563 3390 3615 per
3409 3549 3539 3602 ado-

1974 3632 2231 3699 ptionem,
2272 3632 2365 3686 ille
2393 3633 2540 3686 solus
2572 3634 2709 3686 ﬁlius
2738 3648 2834 3701 per
2860 3642 3133 3699 naturam;
3163 3640 3249 3705 qui
3275 3648 3332 3689 ut
3363 3653 3458 3690 nos
3478 3637 3543 3691 ad

1969 3720 2213 3775 eamdem
2253 3737 2355 3789 qua
2385 3722 2754 3776 excideramus
2802 3722 3180 3779 beatitudinem
3234 3735 3538 3794 revocaret,

1969 3825 2089 3864 cum
2123 3812 2332 3878 penitus
2364 3826 2467 3865 non
2498 3812 2714 3866 desierit
2756 3828 2875 3868 esse
2903 3814 3045 3883 quod
3078 3826 3213 3878 erat,
3258 3818 3423 3870 voluit
3469 3829 3545 3871 ta-

1968 3918 2092 3956 men
2128 3918 2248 3957 esse
2276 3903 2416 3973 quod
2447 3919 2550 3957 non
2582 3914 2715 3968 erat,
2746 3914 2807 3958 ut
2843 3906 3064 3960 verbum
3107 3921 3233 3960 caro
3276 3908 3446 3963 ﬁeret.
3480 3911 3541 3963 Et

1968 3991 2095 4046 dum
2127 3993 2349 4047 Creator
2384 3993 2435 4046 in
2480 4001 2742 4047 creatura:
2791 3994 3089 4049 humilitate
3134 3997 3443 4063 descendit,
3474 4000 3539 4051 ad

1969 4079 2243 4136 Creatoris
2284 4082 2666 4137 sublimitatem
2694 4094 2937 4137 creatura
2970 4086 3302 4139 conscendit.
3328 4086 3443 4152 Quo
3485 4089 3540 4141 ﬁt

1969 4182 2023 4224 ut
2053 4172 2370 4226 humanitati
2397 4172 2571 4226 divina
2601 4173 3016 4227 communicent.
3047 4174 3114 4229 Et
3152 4163 3540 4231 divinitatibu-

1969 4278 2120 4315 mana
2156 4263 2490 4331 participent,
2522 4263 2813 4316 secundum
2847 4263 2977 4318 illud
3010 4268 3279 4333 Apostoli:
3308 4268 3405 4329 Qui
3427 4284 3539 4320 cum

1965 4352 2017 4404 in
2048 4352 2213 4421 [arma
2241 4351 2333 4404 Dei
2374 4362 2519 4416 esset,
2553 4369 2652 4405 non
2697 4354 2932 4419 rapinam
2959 4357 3233 4409 arbitratus
3254 4366 3324 4408 est
3353 4372 3457 4433 esse
3485 4374 3538 4411 se

1964 4443 2209 4512 azqualem
2236 4442 2364 4509 Deo,
2387 4444 2473 4497 sed
2496 4444 2817 4508 semetipsum
2845 4446 3143 4509 exinanivit,
3172 4447 3389 4515 formam
3408 4452 3539 4503 servi

1884 4547 1940 4607 ι)
1967 4540 2242 4608 accipiens,
2270 4541 2321 4592 in
2347 4540 2732 4593 similitudinem
2775 4540 3032 4591 hominum
3063 4539 3245 4607 factus,
3290 4552 3337 4593 et
3363 4540 3538 4595 habitu

1966 4639 2194 4699 repertus
2251 4639 2305 4684 ut
2354 4630 2524 4683 homo.
2567 4629 2873 4683 Humiliavit
2929 4631 3178 4701 seipsum,
3213 4632 3380 4700 [artus
3423 4634 3539 4687 obe-

1966 4723 2110 4775 diens
2140 4738 2297 4787 usque
2334 4723 2402 4776 ad
2423 4733 2655 4787 mortem,
2675 4731 2884 4775 mortem
2913 4733 3079 4776 autem
3104 4726 3285 4778 crucis.
3318 4724 3537 4795 Propter

1965 4813 2104 4881 quod
2127 4812 2264 4866 Deus
2293 4812 2529 4866 exaltavit
2571 4812 2736 4877 illum,
2768 4822 2814 4866 et
2850 4814 3054 4867 donavit
3082 4814 3161 4867 illi
3197 4830 3374 4867 nomen
3400 4816 3535 4885 quod

1962 4914 2035 4958 est
2060 4919 2213 4974 super
2233 4919 2380 4957 omne
2426 4920 2629 4970 nomen,
2662 4886 2715 4955 ul
2741 4905 2793 4956 in
2830 4906 3033 4957 nomine
3070 4903 3195 4957 Iesu
3236 4920 3380 4958 omne
3403 4922 3534 4974 genu

1961 4998 2218 5065 ﬂectatur,
2243 4996 2535 5059 caelestium,
2557 4996 2864 5050 terrestrium
2894 5006 2940 5050 et
2970 4999 3271 5066 inferorum,
3302 5006 3346 5051 et
3371 5000 3536 5052 antnis

1959 5086 2145 5155 lingua
2171 5089 2469 5152 conﬁteatur
2489 5089 2730 5157 quoniam
2761 5087 3012 5142 Dominus
3033 5088 3179 5143 Iesus
3210 5089 3440 5144 Christus
3478 5092 3533 5143 in

1963 5179 2129 5246 gloria
2159 5188 2230 5232 est
2256 5178 2347 5231 Dei
2371 5177 2539 5232 Patris
2570 5177 2791 5247 (Philip.
2813 5194 2870 5241 tt,
2899 5172 2978 5247 6).
3006 5180 3154 5234 Unde
3174 5191 3227 5234 et
3254 5182 3317 5233 ad
3346 5180 3531 5235 Corin-

1967 5269 2106 5323 thios
2139 5268 2276 5322 idem
2305 5267 2493 5323 doctor
2522 5269 2761 5322 scribens
2787 5269 2897 5322 ait:
2932 5268 3114 5339 Itaque
3151 5286 3241 5323 nos
3286 5270 3530 5322 neminem

1962 5362 2187 5414 novimus
2215 5359 2489 5413 secundum
2520 5374 2758 5425 carnem;
2779 5360 2875 5413 etsi
2894 5363 3215 5429 regnavimus
3236 5358 3368 5411 enim
3384 5356 3531 5410 Chri-

1960 5458 2096 5503 stum
2135 5449 2417 5503 secundum
2462 5464 2697 5507 carnem;
2741 5448 2830 5502 sed
2854 5463 2990 5502 nunc
3019 5449 3127 5516 iant
3166 5462 3265 5499 non
3299 5447 3530 5501 novimus

1961 5539 2051 5611 (ll
2075 5539 2194 5595 Cor.
2222 5556 2277 5607 v,
2307 5540 2419 5610 16).
2448 5539 2580 5607 Quia
2602 5546 2847 5594 cessante
2894 5538 2946 5591 in
2979 5552 3044 5590 eo
3074 5537 3377 5591 inﬁrmitate
3403 5526 3528 5593 cor-

1962 5645 2145 5702 porea,
2175 5640 2315 5686 totus
2337 5629 2571 5686 creditur
2600 5629 2653 5684 in
2684 5629 2877 5682 virtute
2915 5626 3115 5680 divina.
3151 5628 3217 5682 Et
3244 5628 3527 5698 ideojuxta

1960 5722 2205 5777 eumdem
2232 5721 2546 5793 apostolum,
2572 5720 2817 5789 quoniam
2846 5731 3028 5774 omnes
3048 5718 3100 5774 in
3127 5719 3340 5776 Christo
3362 5735 3523 5775 unum
