4022 6168
479 324 543 381 9i
1802 318 2046 375 RURlCll
2089 319 2393 377 EPlSCOI’l
3664 324 3734 379 θῇ

478 450 662 490 sumus
692 433 889 502 (Colat.
923 449 1000 499 ιιι,
1039 432 1156 502 28),
1212 432 1400 487 fratres
1429 433 1725 489 recdSsime
1772 449 2046 502 nuncupa-
2078 435 2128 492 Α
2156 449 2247 501 vn,
2278 433 2357 503 2).
2405 433 2635 503 ldeoque
2665 449 2760 503 pro
2792 433 2930 489 Urso
2973 443 3029 490 et
3059 434 3349 504 Lupicino,
3389 436 3479 504 qui
3512 439 3577 490 ad
3622 455 3729 500 me,

479 544 619 591 mur,
647 531 767 595 quia
800 542 896 580 nos
927 536 980 580 et
1009 542 1144 579 unus
1170 535 1353 580 uterus
1397 527 1538 580 sacri
1570 526 1731 581 fontis
1758 528 1965 595 eil‘udit,
1998 537 2053 582 et

462 618 663 677 eadem
696 618 854 670 ubera
885 618 1067 670 matris
1097 615 1370 683 Ecclesia),
1394 617 1582 685 spiritu
1614 617 1938 680 viviﬁcante,
1973 617 2051 670 la-

476 715 686 759 ctarunt
711 708 887 760 simul.
922 708 1156 770 ldctrco,
1184 706 1346 759 frater
1368 747 1380 767 ,
1428 706 1641 774 scripsi,
1689 707 1812 775 quia
1858 717 1912 760 et
1943 709 2050 762 Deo

480 798 759 869 propitios
790 799 966 851 saeculi
994 798 1199 851 actibus
1226 798 1289 850 ad
1320 809 1573 852 mternam
1599 800 1977 855 beatitudinem
1999 811 2049 855 te

478 890 706 941 anitnam
747 887 1082 941 convertisse
1131 889 1385 956 Cognovi,
1437 896 1489 942 et
1539 890 1859 945 imitatorem
1908 892 2050 946 illius

479 979 781 1045 Evangeliei
816 977 1165 1046 negotiatoris
1186 978 1455 1043 ell‘ectnm,
1491 980 1579 1046 qui
1616 981 1844 1033 venditis
1872 982 2049 1034 omni-

480 1069 577 1121 bus
608 1070 721 1122 suis
750 1068 1073 1134 comparavit
1107 1068 1543 1131 pretiosissimam
1571 1073 1911 1139 margaritam
1933 1088 1947 1135 ;
1968 1073 2048 1125 vel

477 1160 641 1222 illius,
686 1160 773 1226 qui
809 1168 1019 1226 reperto
1052 1158 1102 1209 in
1129 1173 1256 1223 agro
1287 1158 1536 1211 thesauro
1557 1200 1570 1220 ,
1603 1159 1891 1222 distractis.
1932 1176 2049 1228 qua:

484 1250 729 1309 habebat,
765 1250 1049 1311 universis,
1082 1263 1264 1317 agrum
1294 1248 1464 1317 ipsum
1490 1250 1735 1303 laudabili
1763 1251 2051 1319 cupiditate

479 1351 745 1392 mercatus
761 1350 841 1392 est
868 1337 1079 1402 (Matth.
1106 1354 1216 1404 xm,
1233 1338 1322 1408 44)
1345 1355 1359 1401 ;
1385 1339 1685 1392 nonaliente
1700 1341 2051 1403 possessionis

479 1429 815 1495 importunus
849 1429 1102 1495 inhiator,
1134 1428 1227 1482 sed
1262 1430 1487 1497 propria:
1511 1429 1771 1483 facultatis
1796 1432 2050 1499 providus

476 1518 814 1582 distlibutor,
845 1519 1143 1586 caritatem,
1182 1527 1363 1587 utpote
1390 1510 1776 1585 Sincerrimam,
1813 1523 2050 1577 retinens

476 1614 636 1663 corde
669 1611 934 1677 perfecto;
969 1626 1072 1664 non
1114 1618 1171 1663 ut
1197 1611 1405 1679 parcius
1436 1612 1708 1677 venderet,
1742 1613 1835 1667 sed
1861 1621 1919 1667 ut
1946 1615 2051 1667 lar-

476 1703 594 1767 gius
636 1701 917 1757 feneraret.
951 1706 1122 1768 Super
1152 1716 1257 1769 quo
1284 1701 1422 1756 facto
1458 1703 1685 1772 gaudeo,
1717 1714 1771 1759 et
1796 1704 1905 1758 Deo
1931 1720 2051 1774 gra-

480 1792 580 1845 tias
605 1807 724 1860 ago.
751 1792 888 1859 quod
913 1792 1202 1845 secundum
1232 1791 1443 1846 divitias
1473 1793 1726 1847 bonitatis
1754 1809 1865 1848 suae
1893 1803 2050 1863 atque

478 1881 709 1942 virtutis,
744 1896 837 1948 per
862 1879 1288 1934 inaestimabilem
1308 1879 1728 1935 misericordiam
1747 1898 1897 1936 suam
1930 1898 2054 1951 pro-

480 1972 801 2038 remodum,
832 1980 887 2024 ut
917 1972 985 2025 ita
1031 1970 1280 2035 dixerim,
1330 1981 1513 2025 contra
1554 1975 1872 2027 sententiam
1903 1988 2053 2027 suam

477 2063 661 2119 venire
701 2057 967 2130 dignatur.
1001 2062 1134 2127 Quia
1167 2077 1286 2116 cum
1319 2064 1434 2131 ipse
1469 2062 1684 2128 dixerit,
1716 2064 1932 2117 difﬁcile
1960 2079 2056 2119 eos

480 2153 567 2221 qui
595 2153 843 2220 pecunias
868 2153 1084 2219 habent,
1109 2168 1327 2220 regnum
1346 2153 1568 2222 adipisci
1594 2167 1751 2222 posse
1770 2154 2053 2208 caelorum.

484 2244 621 2296 Ecce
647 2251 698 2296 te
728 2251 780 2295 et
802 2242 883 2295 his
908 2242 1144 2310 dignavit
1178 2242 1229 2295 in
1260 2243 1478 2307 saeculo,
1504 2253 1558 2297 et
1588 2242 1886 2311 provehere
1909 2243 2057 2296 festi-

480 2342 572 2387 nat
616 2333 667 2385 in
714 2348 899 2401 regno.
939 2332 1043 2387 Sed
1080 2342 1255 2386 tamen
1308 2332 1446 2409 idem
1497 2334 1752 2387 Dominus
1798 2335 2055 2387 continuo

483 2423 710 2491 rigorem
747 2425 935 2489 prioris
969 2424 1331 2492 hujuscemodi
1382 2426 1682 2489 sententite,
1734 2439 1891 2494 quam
1928 2440 2057 2494 apo-

480 2516 603 2568 stoli
627 2515 995 2570 vehementius
1018 2517 1390 2583 formidabant,
1415 2517 1796 2571 misericordia:
1816 2531 1927 2571 sua:
1952 2533 2060 2573 mo-

480 2607 755 2663 deramine
781 2610 1111 2677 temperavit,
1142 2609 1355 2664 dicens:
1379 2610 1530 2678 Quod
1562 2612 1888 2679 impossibile
1914 2622 2058 2667 esset

480 2699 531 2752 in
562 2713 622 2753 se
652 2697 954 2752 hominibus
987 2717 1079 2767 per
1111 2711 1377 2768 naturam,
1432 2702 1684 2768 possibile
1734 2703 1842 2757 Deo
1886 2703 1937 2757 in
1979 2703 2058 2758 cis

478 2804 598 2844 esse
629 2806 723 2860 per
745 2793 1157 2861 gratiamzquod
1190 2793 1241 2846 in
1268 2802 1338 2861 te,
1370 2795 1455 2847 cui
1486 2796 1633 2863 Operi
1662 2805 1720 2849 ut
1748 2796 1869 2850 totis
1890 2812 2058 2864 usque

478 2878 765 2948 impendiis
795 2895 995 2948 pronus
1022 2882 1319 2945 incumbas,
1350 2899 1446 2949 pro
1477 2884 1666 2938 all'ectu
1693 2895 1888 2941 mutua:
1922 2889 2059 2941 cari-

479 2970 600 3022 tatis
628 2970 907 3033 admOneo.
945 2982 1001 3025 ut
1029 2973 1098 3027 ita
1123 2973 1338 3028 fabrica:
1368 2976 1529 3030 turris
1570 2978 1729 3041 illius,
1764 2994 1917 3046 quam
1953 2978 2057 3031 Do-

479 3059 653 3113 minus
680 3059 732 3113 in
764 3060 1050 3129 Evangelio
1080 3064 1319 3117 construi
1348 3065 1620 3133 praecepit,
1653 3076 1902 3119 strenuus
1922 3068 2053 3120 auli-

2154 525 2305 594 quasi
2334 525 2483 580 vobis
2514 525 2872 595 peculiariter,
2902 526 3037 578 sicut
3058 529 3303 593 Superius
3332 526 3464 587 dixi,
3493 527 3733 583 caritatis

2151 615 2271 682 jure
2297 613 2635 681 devinctum,
2668 630 2762 682 pro
2783 617 3066 667 crnninum
3096 631 3313 667 suorum
3343 616 3733 671 intercessione

2154 715 2436 763 venerunt.
2465 716 2708 772 precator
2737 705 2964 769 accedo;
3014 715 3070 758 ut
3111 706 3339 771 primum
3366 707 3497 771 Deo,
3536 708 3735 763 deinde

2154 798 2306 851 nobis
2351 799 2453 852 hoc
2484 799 2622 867 quod
2654 800 3044 852 commiserunt
3084 798 3287 853 donare
3339 800 3574 868 digneris
3621 812 3675 855 et
3702 812 3732 839 ι

2153 888 2351 952 inﬁeri;
2399 904 2495 943 nec
2542 903 2639 941 nos
2688 889 2755 943 de
2801 904 2985 944 eorum
3035 890 3375 945 damnatione
3405 892 3729 958 eonfttndas,

2151 979 2238 1047 qui
2270 994 2329 1033 se
2354 979 2626 1032 absolutos
2653 995 2772 1033 esse
2800 996 2919 1033 cum
2953 981 3021 1033 ad
3055 980 3403 1035 humilitatem
3438 966 3611 1037 meam
3634 987 3735 1038 de-

2151 1070 2295 1123 ducti
2322 1081 2463 1134 sunt,
2492 1071 2851 1124 crediderunt.

2760 1218 2973 1273 EPIST.
3014 1218 3130 1273 ΧΠ.

2222 1330 2278 1384 In
2298 1329 2411 1383 salo
2438 1329 2617 1382 saeculi
2651 1329 2803 1382 istius
2835 1330 3075 1384 adversis
3104 1346 3167 1385 ac
3191 1326 3416 1385 diversis
3435 1339 3731 1401 tempesta-

2152 1419 2293 1473 tibus
2312 1420 2655 1472 lluctuantem
2688 1430 2737 1473 te
2760 1428 2925 1473 ratem
2955 1420 3018 1473 ad
3052 1430 3258 1489 portum
3288 1422 3474 1475 salutis
3508 1425 3724 1476 tandem

2152 1508 2459 1576 aliquando,
2488 1508 2711 1561 Domino
2749 1508 3104 1577 gubernante,
3134 1511 3455 1579 applicuisse
3492 1526 3731 1580 congau-

2152 1600 2274 1654 deo.
2308 1598 2365 1653 In
2404 1599 2552 1665 cujus
2580 1598 2681 1651 lida
2710 1613 2773 1653 ac
2796 1600 3079 1668 tranquilla
3110 1602 3340 1655 statione
3370 1603 3724 1671 compositus,

2153 1699 2315 1743 arstus
2343 1688 2508 1757 ipsius
2531 1688 2740 1757 perﬁdi,
2772 1698 2827 1743 et
2853 1689 3037 1758 iniqui,
3064 1693 3300 1744 etamari
3323 1691 3538 1745 ridebis.
3567 1692 3728 1746 Dein-

2084 1797 2127 1856 Β
2154 1792 2282 1846 ceps
2324 1793 2427 1831 non
2476 1777 2684 1832 timebis
2714 1778 2781 1832 de
2820 1777 3011 1846 quibus
3063 1794 3248 1848 parum
3299 1780 3621 1845 formidinis,
3654 1782 3732 1834 ita

2158 1870 2381 1924 multum
2403 1868 2579 1938 gaudii
2604 1868 2799 1923 habere
2816 1868 2925 1937 jam
2950 1870 3171 1938 poteris,
3201 1870 3341 1940 quod
3364 1885 3457 1924 eos
3480 1873 3559 1926 vel
3582 1879 3733 1926 retro

2155 1962 2439 2018 derelictos
2458 1963 2709 2033 respicis,
2742 1964 2825 2017 vel
2857 1964 2907 2016 in
2930 1964 3143 2018 celsiori
3173 1965 3389 2033 Specula
3410 1966 3733 2020 constitutus

2156 2054 2410 2121 despicis,
2440 2064 2495 2109 et
2549 2064 2600 2109 te
2644 2054 2879 2109 evasisse
2908 2056 3137 2109 miraris.
3178 2056 3434 2124 Superest
3474 2065 3531 2110 ut
3576 2056 3735 2111 clavo

2157 2161 2374 2200 manum
2404 2148 2678 2212 inserens,
2710 2154 2852 2201 astra
2879 2161 3093 2214 semper
3126 2148 3360 2203 intentus
3389 2149 3645 2217 aspicias,
3674 2157 3737 2204 et

2157 2236 2229 2290 ita
2272 2246 2459 2305 empta:
2507 2239 2831 2308 navigationi
2875 2241 3050 2294 velum
3084 2241 3302 2308 pandas,
3349 2258 3415 2295 ne
3461 2250 3512 2297 te
3557 2252 3647 2295 aut
3675 2244 3734 2298 in

2157 2329 2319 2381 altum
2351 2330 2717 2384 vehementior
2754 2330 2910 2384 ﬂatus
2938 2335 3190 2397 excutiat,
3223 2343 3313 2386 aut
3354 2333 3405 2386 in
3437 2333 3609 2387 vicina
3645 2336 3739 2389 lit-

2158 2422 2361 2475 toribus
2391 2437 2518 2475 saxa
2545 2422 2783 2477 collidat.
2818 2422 2996 2491 Neque
3022 2424 3373 2492 etiam,juxta
3404 2426 3733 2479 sententiam

2162 2506 2369 2563 Domini
2402 2510 2719 2577 Salvatoris,
2760 2511 2869 2580 jam
2902 2515 3315 2568 stivam.tenens
3340 2515 3505 2568 aratri
3536 2524 3738 2569 retror~

2158 2614 2275 2652 sum
2296 2644 2310 2668 ,
2344 2590 2667 2656 clamoribus
2692 2603 2939 2656 Sodoma:
2962 2603 3279 2659 collabentis
3311 2606 3566 2673 percitus,
3596 2604 3735 2658 forte

2159 2690 2453 2756 respiciens
2485 2690 2616 2745 Loth
2649 2692 2872 2747 imiteris
2898 2708 3120 2747 uxorem
3153 2692 3307 2763 (Gen.
3336 2710 3448 2759 XIX,
3476 2694 3592 2763 26).
3629 2696 3737 2759 Aut

2159 2781 2225 2836 de
2250 2781 2482 2852 Egypto
2522 2782 2631 2852 jam
2682 2783 2973 2851 profectus,
3020 2793 3075 2838 et
3120 2784 3312 2838 ﬂuctus
3356 2785 3520 2840 Rubri
3570 2785 3736 2839 maris

2158 2871 2342 2926 dextra
2400 2874 2637 2943 ltevaque
2686 2875 2976 2941 pendentes
3030 2874 3226 2944 (Exod.
3255 2891 3362 2938 XVI,
3401 2874 3481 2943 4),
3528 2861 3735 2928 tantum

2160 2964 2255 3017 tibi
2288 2964 2517 3018 ferentes
2537 2965 2816 3027 auxilium,
2849 2975 2899 3019 et
2929 2966 3371 3035 persequentibus
3404 2976 3453 3019 te
3484 2976 3736 3033 parantes

2158 3055 2401 3117 exitium,
2436 3055 2658 3109 Domino
2685 3056 2823 3110 viam
2856 3065 2997 3109 tuam
3020 3066 3071 3110 ει
3099 3067 3433 3126 praeparante
3467 3050 3737 3111 etillumi-

481 3149 668 3203 ﬁcator
693 3149 930 3218 insistas,
967 3161 1021 3206 ut
1067 3153 1360 3207 adversarii
1408 3155 1479 3208 tui
1519 3154 1746 3209 habeant
1779 3159 1951 3223 potius
1989 3156 2054 3210 de
2083 3161 2128 3221 (ζ
2161 3156 2340 3213 "ante,
2374 3161 2758 3217 WHSBI‘BSSUS.
2791 3158 2844 3203 ει
2866 3150 3030 3203 eremi
3061 3154 3283 3203 arduum
3316 3152 3416 3204 ilel‘
3445 3152 3733 3219 arripiens,

480 3239 597 3307 cjus
622 3241 949 3309 perfectione
976 3244 1116 3314 quod
1147 3243 1381 3310 doleant,
1414 3260 1572 3315 quam
1608 3247 1674 3301 de
1706 3248 2055 3303 intermissio-

481 3343 574 3393 ne,
607 3329 746 3399 quod
776 3331 1003 3386 rideant.

1096 3444 1311 3502 EPIST.
1354 3445 1441 3502 Xl.

479 3530 699 3586 Domino
744 3532 947 3587 sublimi
994 3551 1283 3607 semperque
1316 3536 1586 3606 magni/ica
1616 3537 1765 3607 fratri
1807 3538 2055 3592 Pratsidio

990 3604 1228 3659 Ruricius
1255 3604 1540 3676 episcopus.

546 3691 792 3759 Plerique
819 3693 944 3747 dum
978 3710 1063 3748 me
1088 3694 1226 3763 apttd
1254 3695 1577 3751 individuam
1609 3698 1739 3752 mihi
1761 3700 2056 3754 sublimita-

480 3790 584 3835 tem
611 3791 840 3861 vestram
873 3799 979 3837 non
1007 3784 1127 3838 vita:
1158 3787 1370 3849 merito,
1395 3788 1488 3841 sed
1509 3789 1863 3844 amicitiarum
1894 3794 2055 3861 privi.

480 3873 617 3941 legio
648 3858 869 3927 mulluin
899 3890 1054 3942 posse
1084 3877 1382 3944 confidunt,
1409 3884 1870 3936 connm'ndatitias
1896 3899 1925 3937 a
1960 3902 2050 3937 no-

480 3962 592 4029 bis,
643 3964 835 4034 quibus
883 3968 1036 4020 vobis
1064 3980 1405 4035 excusentnr,
1456 3971 1756 4039 inquirunt;
1789 3987 1920 4040 quas
1972 3974 2052 4027 eis

479 4068 577 4121 pro
617 4055 777 4109 ofﬁcii
806 4056 973 4109 nostri
1015 4059 1330 4112 necessitate
1359 4075 1550 4128 negare
1589 4077 1692 4116 non
1738 4076 2048 4129 possumus;

482 4159 585 4198 non
611 4147 1039 4216 prwsumptionis
1066 4148 1305 4212 audacia,
1330 4150 1423 4202 sed
1452 4150 1729 4203 ministerii
1751 4151 2047 4219 disciplina.

480 4236 611 4289 Dum
640 4237 814 4291 etillis
836 4239 1111 4305 prtcsentis
1137 4239 1255 4291 vita:
1277 4240 1356 4292 sol
1376 4239 1487 4303 itia,
1513 4251 1564 4293 et
1590 4240 1737 4292 vobis
1766 4242 2051 4309 providere

478 4323 846 4380 desideramus
887 4336 1131 4392 aeternae;
1173 4336 1229 4380 ut
1264 4338 1318 4379 et
1355 4328 1427 4381 illi
1461 4342 1556 4397 per
1595 4328 1902 4394 patientiam
1942 4346 2053 4384 ve—

478 4418 641 4469 stram
672 4428 1014 4471 reserventur
1039 4418 1103 4473 ad
1131 4419 1530 4488 paenitentiam;
1560 4429 1615 4471 et
1645 4436 1739 4475 vos
1768 4436 1862 4490 per
1890 4422 2046 4476 mise-

2156 3238 2277 3291 ollae
2303 3239 2540 3291 carnium
2570 3239 2888 3303 recorderis,
2914 3249 3005 3294 aut
3034 3255 3233 3310 caepas.
3271 3257 3388 3308 quae
3417 3242 3470 3295 in
3514 3241 3733 3295 modum

2157 3332 2512 3399 corporalium
2549 3332 2879 3397 voluptatum
2913 3333 3023 3402 ipsa
3076 3334 3155 3386 sui
3187 3334 3440 3403 qualitate
3482 3345 3736 3401 corrupta

2158 3433 2472 3485 noscuntur,
2503 3430 2557 3475 et
2588 3422 2770 3487 fetida,
2800 3437 2899 3476 nec
2941 3437 3036 3476 usu
3068 3435 3240 3492 grata,
3287 3439 3384 3478 nec
3410 3424 3576 3478 odore
3603 3440 3733 3477 sua-

2154 3512 2259 3577 via,
2293 3528 2389 3566 nec
2411 3513 2707 3587 siabilitate
2728 3530 3015 3579 mansura;
3047 3516 3301 3584 quidquid
3326 3517 3375 3570 in
3406 3516 3506 3570 hoc
3534 3519 3737 3571 sarcqu

2156 3604 2351 3657 mulcet
2373 3606 2576 3668 auditu,
2602 3603 2868 3658 mollescit
2887 3612 3110 3670 attactu,
3139 3606 3468 3659 lenocinatur
3488 3618 3730 3675 aspectu,

2154 3693 2424 3749 blanditur
2446 3705 2501 3747 ut
2528 3697 2720 3760 capiat,
2748 3694 3032 3748 famulatur
3054 3706 3107 3747 ut
3138 3704 3343 3759 teneat,
3375 3695 3526 3749 illicit
3555 3704 3611 3748 ut
3637 3710 3731 3748 oc-

2155 3784 2316 3838 cidnt.
2346 3784 2475 3835 Nam
2506 3798 2875 3853 quamcunque
2904 3799 3098 3852 capere
3123 3786 3355 3838 volueris
3376 3785 3725 3853 voluptatem,

2154 3884 2432 3942 permanet
2458 3876 2599 3942 quod
2636 3877 2846 3939 puniat,
2881 3878 3272 3945 prwteritqnoil
3306 3878 3573 3941 delectat;
3613 3875 3729 3929 dul-

2153 3964 2284 4015 cedo
2314 3964 2531 4032 fugitiva
2579 3966 2882 4032 pertransit,
2941 3968 3265 4020 conscientia
3306 3966 3615 4021 dan‘inzttnra
3646 3967 3733 4019 vel

2152 4053 2448 4106 damnanda
2482 4056 2749 4109 subsistit.
2787 4055 2911 4109 Inde
2935 4057 3259 4110 etiam°dicit
3287 4059 3539 4111 Salomon
3568 4074 3581 4110 :
3606 4056 3735 4110 Lin-

2152 4162 2255 4213 gua
2305 4147 2581 4200 meretricis
2611 4149 2710 4200 mel
2752 4149 2948 4214 stillat;
3000 4149 3051 4201 in
3078 4148 3359 4201 novissimis
3396 4159 3568 4202 autem
3616 4149 3732 4200 die-

2152 4236 2244 4289 bus
2283 4240 2585 4291 amariorem
2631 4237 2750 4307 felle
2779 4240 2996 4293 invenies
3023 4256 3135 4292 eam
3185 4239 3366 4312 (Prov.
3388 4256 3442 4301 v,
3470 4238 3546 4309 5).
3575 4239 3733 4306 Quod

2154 4339 2329 4383 tamen
2360 4330 2700 4383 nihilominus
2720 4340 2772 4383 et
2795 4331 2909 4397 ipse
2934 4346 3052 4384 cum
3079 4331 3443 4398 praedixisset,
3475 4331 3724 4383 incurrit.

2154 4420 2220 4474 Et
2248 4422 2366 4476 ideo
2397 4422 2514 4475 vide
2541 4422 2679 4491 quod
2719 4423 2915 4475 malum
2945 4425 3042 4488 sit,
3076 4421 3238 4476 frater
3263 4421 3559 4484 carissime,
3584 4420 3729 4488 quod

479 4506 761 4559 ricortliam
812 4512 1130 4577 perveniatis
1168 4511 1235 4566 ad
1286 4512 1513 4565 veniam.
1566 4512 1713 4566 Sicut
1749 4513 1877 4567 dicit
1903 4512 2048 4568 Scri-
2076 4523 2129 4583 D
2153 4514 2275 4567 dum
2308 4515 2627 4577 detestatur,
2661 4513 2991 4579 admittitur;
3016 4513 3141 4567 dum
3176 4513 3457 4580 refugitur,
3484 4511 3569 4565 vix
3594 4515 3733 4565 vita-

480 4604 632 4664 ptura
676 4612 690 4649 :
726 4599 859 4661 Quia
893 4600 1152 4670 judicium
1199 4603 1306 4655 sine
1341 4601 1688 4654 misericordia
1738 4604 1835 4655 erit
1857 4603 1935 4656 illi
1963 4604 2049 4670 qui

482 4703 583 4739 non
605 4686 781 4754 fecerit
813 4689 1214 4743 misericordiam
1236 4691 1377 4761 (Jac.
1405 4708 1461 4757 ll,
1487 4690 1598 4762 13).
1619 4693 1749 4759 Quia
1772 4694 1858 4762 qui
1881 4694 2044 4748 dixit:

478 4777 691 4833 Dimitte
736 4794 781 4833 et
832 4779 1109 4833 dimittitur
1154 4783 1291 4835 vobis
1350 4784 1498 4854 (Luc.
1565 4801 1640 4849 vt,
1692 4784 1804 4853 58),
1866 4786 2048 4853 pncul

477 4870 669 4935 dubio,
698 4886 853 4938 quem
882 4870 1072 4926 viderit
1099 4870 1183 4924 hic
1214 4872 1384 4925 facere
1408 4874 1546 4943 quod
1580 4876 1857 4943 praecepit,
1884 4878 1936 4929 in
1966 4874 2069 4928 fit--

478 4970 596 5015 turo
623 4967 865 5017 restituet
884 4963 1023 5031 quod
1048 4964 1311 5031 promisit.
1336 4964 1497 5018 Nobis
1519 4968 1659 5020 enim
1686 4968 1824 5021 illius
1850 4968 2046 5021 veritas

478 5061 672 5120 prmsto
711 5063 820 5118 est;
855 5054 932 5106 illi
964 5054 1095 5108 ﬁdes
1140 5064 1319 5109 nostra
1354 5074 1456 5110 non
1487 5058 1643 5111 desit.
1690 5058 1841 5113 Unde
1872 5061 2043 5113 mani-

476 5143 759 5196 festissime
808 5144 1028 5211 potestis
1072 5144 1353 5199 advertere
1393 5147 1777 5201 absolutionem
1822 5150 2047 5202 misero-

475 5248 592 5285 rum
632 5242 955 5293 vestrorum,
986 5248 1108 5287 esse
1149 5236 1524 5304 indulgentiam
1569 5247 1940 5305 peccatorum:
1993 5248 2047 5293 et

477 5327 577 5380 hoc
594 5326 781 5379 vestris
801 5323 1181 5382 conferendum
1202 5329 1469 5402 precibus,
1494 5330 1633 5399 quod
1658 5346 1750 5384 vos
1780 5332 2046 5401 priestite-

475 5418 591 5472 ritis
616 5418 832 5483 alienis;
869 5418 1019 5487 juxta
1062 5419 1228 5488 ipsius
1259 5419 1309 5472 in
1344 5418 1640 5489 Evangelia
1681 5423 2039 5476 sententiam:

479 5509 590 5572 Quo
610 5509 807 5579 judicio
824 5510 1199 5583 judimveritis,
1231 5510 1554 5581 judicabitur
1573 5511 1635 5566 de
1663 5513 1799 5567 vobis
1821 5512 2036 5584 (Matth.

549 5694 576 5722 ⁸³
600 5684 713 5743 Vox
741 5686 1016 5740 mendosa.

2153 4614 2257 4659 tur.
2282 4603 2432 4659 Unde
2454 4616 2501 4658 et
2530 4614 2582 4656 tu
2601 4642 2614 4665 ,
2643 4604 2778 4657 sicut
2805 4603 2933 4655 dicit
2961 4603 3236 4666 Scriptura
3255 4645 3269 4665 ,
3304 4603 3457 4656 Omni
3490 4604 3729 4656 custodia

2151 4696 2294 4749 serva
2314 4712 2398 4748 cor
2420 4704 2562 4747 tuum
2593 4693 2772 4765 (Prov.
2802 4710 2875 4753 tv.
2906 4694 3021 4761 2'5),
3047 4694 3321 4747 etdiscute
3344 4694 3727 4747 conscientiam

2153 4796 2319 4851 tuam,
2342 4803 2407 4838 ne
2432 4788 2572 4839 unde
2595 4787 2771 4840 exisse
2791 4785 2985 4839 videris
3009 4794 3247 4851 aspectu,
3278 4785 3481 4839 Intereas
3498 4783 3726 4837 affectu:

2152 4874 2258 4929 Sed
2300 4875 2449 4929 dicas
2494 4875 2668 4942 potius
2717 4877 2939 4928 Domino
2985 4891 3104 4929 cum
3141 4876 3447 4943 propheta:
3496 4875 3731 4928 Adhwsit

2152 4966 2323 5017 anima
2371 4982 2482 5017 mea
2531 4976 2640 5033 post
2693 4977 2758 5030 te,
2786 4983 2864 5019 me
2916 4975 3093 5022 autem
3124 4969 3341 5033 suscepit
3390 4967 3596 5020 dextera
3640 4976 3731 5018 tua

2154 5053 2325 5124 (Psal.
2362 5070 2486 5115 uti,
2516 5054 2591 5123 9).
2625 5054 2720 5108 Vel
2751 5056 2877 5110 illud
2924 5058 3083 5111 etiam
3116 5073 3129 5116 ;
3161 5056 3291 5109 Mihi
3333 5065 3502 5109 autem
3545 5054 3724 5107 adlim-

2154 5163 2263 5200 rere
2290 5146 2397 5199 Deo
2427 5147 2610 5199 bonum
2638 5157 2730 5213 est,
2764 5164 2950 5217 ponere
2981 5150 3033 5201 in
3064 5147 3168 5200 Dco
3194 5164 3333 5214 spem
3360 5162 3523 5201 meam
3550 5144 3722 5218 (Psal.

2151 5234 2459 5305 Lxxtt,28).
2490 5234 2560 5290 Ut
2606 5247 2804 5305 quanto
2855 5238 3055 5303 labore,
3114 5246 3421 5306 quantaque
3474 5235 3725 5288 instantia

2151 5327 2387 5381 militasti
2429 5326 2648 5390 szeculo,
2692 5328 2893 5382 servias
2919 5326 3059 5392 Deo;
3088 5328 3299 5381 dicente
3332 5325 3607 5395 Apostolo,
3637 5324 3723 5379 vel

2149 5428 2397 5475 monente
2425 5435 2440 5472 :
2471 5417 2771 5472 Humanum
2799 5417 2933 5482 dico,
2956 5429 3162 5486 prapter
3190 5418 3533 5484 inﬁrmitatem
3553 5417 3725 5469 carnis

2146 5520 2339 5566 vestrm.
2373 5509 2518 5565 Sicut
2546 5507 2678 5563 enim
2724 5506 3020 5563 exhibuistis
3056 5507 3281 5562 membra
3333 5515 3498 5561 vestra
3535 5505 3727 5565 servire
