4022 6168
228 393 289 448 93
1471 372 1952 428 EPISTOLARUM
1994 371 2119 428 LIB.
2160 373 2225 428 ll.
3414 364 3483 419 94

224 500 552 557 immunditiis
581 504 631 552 et
678 493 976 563 iniquitati:
1008 491 1077 543 ita
1129 505 1263 543 nunc
1309 488 1536 542 exhibete
1577 487 1806 541 membra
1835 489 1886 549 Α
1912 497 2115 541 aeterno
2140 496 2194 540 et
2220 501 2349 540 vero
2374 484 2561 541 iudice
2589 484 2812 548 dictum,
2837 485 2976 554 quod
3005 485 3107 539 nisi
3131 499 3195 539 ex
3218 482 3382 538 corde
3401 481 3483 534 di-

223 605 375 649 restra
401 592 589 646 servire
623 587 844 661 justitite
891 586 943 637 in
989 581 1461 647 sancti/irationem.
1492 578 1619 632 Cum
1661 579 1797 631 enim

224 686 343 741 servi
379 682 559 736 essetis
599 678 819 748 peccati.
852 675 995 729 liberi
1022 673 1181 726 eratis
1217 671 1453 743 justitite.
1480 669 1641 735 Quem
1679 684 1798 740 ergo

226 780 435 845 ,‘ructum
466 770 716 823 habuistis
765 778 920 829 tunc,
964 766 1017 817 in
1068 764 1247 831 quibus
1294 777 1434 814 nunc
1476 760 1800 814 erubescitis?

225 866 354 920 Nam
378 864 500 931 ﬁnis
520 862 729 915 illorum
750 875 885 911 mors
926 866 1017 910 est.
1050 854 1206 908 Nunc
1230 870 1346 907 vero
1370 854 1569 907 liberali
1605 869 1638 905 a
1681 867 1799 922 pec-

224 965 345 1016 cato,
379 954 508 1008 servi
553 961 725 1005 autem
757 950 878 1019 {acti
907 946 1037 1012 Deo,
1070 945 1267 998 habetis
1311 948 1534 1014 fructum
1577 952 1798 996 oestrum

224 1047 268 1099 in
291 1044 745 1112 sanctiﬁcationent
763 1081 777 1103 ,
816 1041 969 1106 finem
998 1053 1113 1091 vero
1142 1038 1300 1089 vitam
1334 1044 1595 1089 aternam.
1617 1034 1795 1103 (Rom.

227 1154 293 1201 ﬂ,
333 1136 446 1202 19).
483 1134 768 1197 Patientia,
806 1131 974 1185 frater
996 1127 1299 1191 carissime,
1326 1142 1433 1180 non
1473 1126 1689 1180 nomine
1718 1134 1802 1179 est

224 1226 579 1293 suscipienda,
599 1225 693 1278 sed
722 1237 887 1291 opere
903 1238 918 1283 ;
943 1236 1047 1274 non
1065 1235 1161 1273 ore
1178 1219 1552 1274 tantummodo
1570 1220 1795 1286 agenda,

225 1319 307 1372 sed
329 1317 516 1371 corde.
554 1315 749 1368 Verum
778 1321 879 1369 est.
926 1311 1067 1381 quod
1096 1310 1233 1365 sicut
1265 1319 1516 1378 utroque,
1567 1309 1667 1362 hoc
1696 1317 1799 1370 est,

226 1408 477 1462 interiore
525 1415 581 1459 et
629 1404 900 1459 exteriore
946 1402 1163 1455 homine
1206 1400 1586 1468 delinquimus,
1644 1401 1712 1452 ita
1748 1409 1802 1453 et

225 1510 445 1567 utroque
476 1496 741 1565 paenitere
765 1494 1056 1554 debemus;
1088 1502 1164 1553 ut,
1190 1492 1328 1545 sicut
1349 1492 1479 1545 dicit
1510 1491 1651 1545 idem
1680 1505 1803 1558 apo-

227 1589 415 1648 stolus;
445 1585 615 1641 Corde
656 1584 882 1638 creditur
909 1583 979 1635 ad
1008 1582 1293 1653 justitiam,
1342 1598 1425 1634 ore
1465 1592 1637 1633 autem
1680 1596 1802 1633 con-

228 1681 367 1749 fessio
397 1679 458 1747 ﬁt
486 1678 543 1731 in
586 1675 802 1731 salutem
834 1690 853 1730 :
881 1674 955 1729 ita
992 1674 1219 1743 gemitus
1259 1688 1354 1728 cor
1400 1683 1638 1726 nostrum
1674 1686 1803 1726 con—

226 1772 441 1827 scientia
455 1779 850 1838 compungente
871 1768 1158 1836 concipiat,
1175 1777 1233 1820 ut
1256 1781 1350 1819 eos
1366 1779 1427 1818 os
1447 1775 1690 1819 nostrum
1707 1780 1802 1831 per

1904 578 2205 632 miserimus
2237 576 2505 639 fratribus,
2556 576 2707 629 nobis
2753 577 2947 629 dfuiitti
2996 591 3098 628 non
3135 575 3342 629 debeat.
3377 574 3483 627 Ηι-

1901 671 2037 725 betis
2073 673 2248 739 itaque
2285 672 2628 737 sponsionem
2659 685 2853 732 meam,
2908 668 3114 721 reddite
3162 667 3289 720 mihi
3322 666 3480 720 ﬁdem

1898 773 2156 818 vestram.
2189 763 2323 829 Quia
2378 761 2429 815 in
2484 761 2709 831 epistola
2745 776 2861 814 mea
2892 760 3071 825 procul
3110 759 3274 813 dubio
3301 760 3484 813 vincu-

1900 856 2009 909 lum
2041 856 2183 923 quod
2220 855 2489 923 elegeritis
2519 855 2727 907 habetis
2763 873 2773 905 :
2806 864 2897 906 aut
2924 852 3181 912 raritatis,
3214 852 3354 920 quod
3387 868 3479 907 sa-

1902 922 2128 1001 lubriter
2157 949 2489 1014 censtringnt
2516 953 2564 999 el
2592 945 2882 1006 custodiat;
2927 955 3015 997 aut
3048 922 3303 1008 perﬁdiaa,
3332 945 3473 1013 quod

1901 1037 2236 1105 culpabililer
2282 1038 2518 1088 intiectzit
2557 1047 2605 1088 et
2643 1036 2849 1103 perdat.
2882 1036 2990 1089 Nec
3020 1036 3145 1088 mihi
3186 1036 3383 1101 aliquid
3417 1034 3482 1088 de

1897 1129 2077 1197 judice
2126 1129 2318 1195 prioris
2370 1130 2627 1196 temporis
2659 1128 2953 1193 imputetis,
2987 1128 3107 1193 quia
3156 1127 3483 1180 definitionis

1904 1236 2036 1275 mete
2061 1229 2171 1284 est,
2208 1220 2260 1274 in
2291 1220 2525 1273 comitiis
2547 1234 2766 1273 servare
2800 1221 3162 1281 concordiam,
3190 1231 3243 1274 et
3264 1221 3316 1273 in
3344 1218 3481 1287 judi-

1902 1314 2000 1369 ciis
2023 1323 2203 1391 tenere
2226 1327 2530 1367 censuram.
2556 1311 2688 1365 Illud
2719 1312 2877 1363 etiam
2908 1313 3227 1380 peculiarius
3256 1313 3480 1379 gaudeo,

1902 1407 2042 1476 quod
2068 1422 2162 1460 vos
2194 1407 2245 1460 in
2270 1406 2530 1473 integram
2554 1404 2755 1458 domini
2784 1412 2836 1457 et
2857 1404 3036 1458 fratris
3066 1405 3168 1459 mei
3213 1406 3485 1459 familiari-

1904 1505 2064 1550 tatem
2095 1496 2321 1551 rediisse
2366 1497 2613 1565 cognovi.
2656 1495 2917 1561 Superest
2962 1505 3019 1547 ut
3061 1497 3200 1560 quod
3244 1497 3385 1548 illius
3430 1498 3479 1550 in

1903 1587 2046 1641 bono
2077 1587 2263 1639 tribuit
2292 1587 2481 1655 gratia,
2511 1596 2691 1639 vestra
2721 1586 2773 1637 in
2800 1585 3029 1639 Domino
3053 1586 3321 1639 custodiat
3346 1584 3373 1622 ά
3407 1588 3485 1639 ἰη-

1906 1679 2153 1746 seqnilla.

2498 1768 2714 1823 EPIST.
2756 1768 2897 1823 XIV.

225 1862 615 1916 confessionem
653 1859 985 1915 confusionis
1026 1857 1284 1911 efl'undat.
1314 1857 1796 1925 Quinquagesitnus
1832 1878 1876 1935 Β
1907 1858 2139 1913 Domina:
2168 1859 2437 1935 νει-νεῖαιρίιί
2467 1868 2511 1911 et
2538 1861 2593 1935 in
2616 1858 2817 1935 Christo
2840 1860 3067 1935 pomina
3096 1860 3486 1927 maqniﬁcandte

226 1969 345 2010 vero
377 1954 640 2019 psalmus,
672 1952 759 2023 qui
794 1949 1110 2019 pmnitudini
1139 1949 1347 2003 dicatus
1389 1953 1587 2017 pariter
1623 1955 1677 2001 et
1713 1962 1801 2001 re-

228 2044 484 2108 missioni,
515 2045 604 2098 die
633 2052 900 2111 noctuque
927 2056 1047 2095 cum
1071 2040 1244 2109 rugitu
1270 2038 1503 2108 ﬂetuque
1532 2045 1799 2104 cantetur,

228 2144 282 2189 ut
300 2151 424 2190 vere
453 2143 509 2189 et
552 2133 836 2188 salubriter
858 2132 959 2186 diei
993 2131 1162 2200 possit
1190 2150 1203 2184 :
1238 2130 1516 2199 Rttgiebam
1544 2147 1576 2183 a
1612 2130 1800 2202 gemitu

228 2228 387 2281 cordis
434 2229 536 2279 mei
582 2225 755 2293 (Psal.
810 2239 1012 2285 xxxv”,
1053 2222 1134 2292 9).
1169 2223 1275 2275 Et:
1324 2220 1632 2290 Iniqttilates
1666 2235 1802 2272 meas

226 2336 308 2391 ego
327 2334 554 2391 agnosco
583 2315 756 2384 (Psal.
790 2332 842 2378 ι,
886 2316 963 2382 5).
997 2313 1100 2368 Et:
1156 2311 1407 2367 Delirtum
1432 2328 1598 2365 meum
1626 2318 1803 2363 contra

228 2429 297 2464 me
329 2420 402 2464 est
452 2424 651 2479 semper
707 2406 917 2477 (lbid.).
978 2404 1072 2457 Vel
1130 2404 1256 2457 illud
1310 2404 1471 2457 etiam
1505 2420 1518 2456 :
1551 2401 1803 2465 Quattiam

226 2502 535 2570 iniquitatem
561 2515 725 2552 meam
758 2513 849 2565 e10
880 2495 1158 2563 pronuntio
1209 2504 1254 2547 et
1297 2492 1525 2563 cogitabo
1567 2508 1659 2563 pro
1688 2506 1804 2559 pec-

229 2601 331 2646 cato
366 2608 477 2646 meo
506 2590 684 2661 (Psal.
706 2604 906 2649 xxxvtt,
942 2589 1052 2655 19).
1084 2586 1177 2640 llic
1218 2585 1359 2639 enim
1390 2594 1513 2638 ante
1553 2600 1650 2638 nos
1681 2598 1803 2652 pec-

231 2693 339 2737 cata
369 2692 556 2736 nostra
588 2695 710 2735 esse
737 2681 958 2741 debent,
986 2688 1041 2731 ut
1084 2680 1136 2730 in
1185 2687 1442 2731 aeternum
1490 2686 1675 2729 centra
1705 2688 1803 2727 nos

229 2792 337 2830 esse
364 2790 470 2829 neu
505 2774 737 2841 possint.
771 2774 903 2841 Quia
936 2774 1004 2825 ita
1039 2772 1233 2840 legitur
1261 2770 1313 2822 in
1348 2766 1623 2835 pr0phetis
1657 2766 1803 2819 :'I)ic

231 2882 276 2921 tu
302 2869 440 2939 prior
462 2868 754 2934 iniquitates
776 2875 915 2931 tuas,
945 2875 997 2917 ut
1016 2862 1306 2930 iustificeris
1331 2859 1486 2929 (Isai.
1518 2874 1666 2919 thtt,
1689 2858 1800 2923 26).

230 2961 267 3014 Α
291 2976 393 3030 quo
425 2960 635 3028 priores
678 2958 872 3011 dicturi
904 2971 1087 3009 sumus
1119 2954 1422 3023 iniquitates
1469 2961 1679 3004 nostras
1713 2965 1805 3003 co-

230 3067 331 3104 ram
365 3050 594 3105 Domino
624 3050 709 3103 vel
756 3046 1052 3117 prolaturi?
1095 3045 1428 3098 nisidiabolo
1460 3044 1663 3111 utique,
1712 3042 1800 3110 qui

230 3143 536 3195 delictorum
564 3149 618 3194 et
645 3140 891 3194 incentor
915 3148 998 3192 est
1030 3146 1085 3191 et
1122 3137 1368 3191 delator:
1413 3134 1529 3202 Ipse
1568 3134 1709 3187 enim
1749 3142 1805 3186 ut

2171 1931 2295 1996 [ilice
2327 1928 2595 1983 Cerauniae
2624 1939 2648 1967 ο
2678 1930 2913 1983 Ruricius
2943 1931 3232 2000 episcOpus.

1974 2039 2045 2095 Ut
2090 2040 2346 2108 pictorem
2384 2040 2538 2092 vobis
2579 2050 2732 2092 antea
2767 2055 2871 2092 non
2912 2040 3327 2094 transmitterem
3376 2039 3489 2095 has".

1910 2131 1929 2168 τ
1954 2130 2170 2195 refecit;
2197 2132 2315 2197 quia
2334 2133 2566 2184 adventu
2590 2131 2710 2183 novi
2731 2130 2926 2199 judicis
2958 2139 3008 2184 te
3034 2140 3343 2199 Occupatam
3371 2146 3491 2186 esse

1904 2222 2128 2286 credidi,
2155 2231 2316 2289 atque
2340 2223 2412 2275 ita
2433 2222 2764 2282 deterritam,
2794 2231 2851 2272 nt
2872 2222 2938 2276 de
2962 2222 3042 2276 his
3072 2224 3229 2278 rebus
3258 2224 3492 2291 cogitare

1906 2331 2010 2371 non
2043 2315 2236 2383 possis.
2289 2314 2393 2371 Sed
2425 2330 2543 2381 quae
2572 2315 2681 2367 Deo
2722 2315 2952 2381 pro:.itio
2990 2330 3084 2367 vos
3121 2323 3175 2368 et
3214 2316 3407 2370 litteris
3440 2328 3494 2369 et

1906 2409 2164 2460 relatione
2226 2417 2525 2461 vestrorum
2573 2421 2637 2460 ex
2694 2406 2953 2459 sententia
3002 2420 3164 2472 agere
3208 2421 3271 2461 ac
3317 2407 3493 2461 valere

1903 2496 2160 2567 cognovi,
2204 2497 2521 2551 salutatione
2570 2498 2819 2564 praelata,
2868 2497 3156 2564 pictorem,
3204 2498 3493 2565 quamlibet

1907 2591 1992 2645 hic
2034 2603 2171 2644 esset
2213 2600 2522 2654 occupatus,
2552 2605 2672 2643 cum
2722 2587 2985 2654 discipulo
3027 2588 3324 2653 destinavi;
3370 2588 3489 2656 quia

1906 2682 2065 2735 malui
2118 2696 2251 2735 mea:
2277 2680 2557 2734 detrahere
2607 2678 2936 2741 necessitati,
2981 2678 3122 2731 unde
3167 2688 3359 2733 vestra:
3409 2693 3494 2732 sa-

1906 2775 2205 2829 tisfacerem
2238 2774 2500 2843 petitioni.
2527 2773 2629 2825 Sed
2658 2773 2777 2841 quia
2810 2781 2862 2826 et
2893 2772 3220 2839 propositum
3254 2781 3487 2826 vestrum

1904 2875 1958 2919 et
1986 2873 2227 2919 nostr'tm
2257 2864 2428 2931 poscit
2451 2863 2706 2925 ofﬁcium,
2732 2863 2813 2914 his
2834 2862 3234 2917 venerationem
3260 2872 3490 2916 vestram

1908 2959 2089 3027 paucis
2120 2972 2337 3011 monere
2366 2956 2704 3025 prtesunipsi,
2740 2966 2798 3010 ut
2837 2970 3003 3022 opere
3045 2955 3193 3009 illius
3218 2956 3284 3009 ad
3328 2972 3493 3025 agen-

1907 3049 2027 3101 dam
2070 3048 2466 3117 pteniteutiam,
2509 3058 2561 3101 et
2595 3062 2729 3099 nova
2761 3048 2882 3099 novi
2917 3046 3146 3102 hominis
3175 3048 3495 3102 vestimenta

1907 3142 2161 3195 Sumenda
2192 3140 2372 3208 capias
2410 3140 2736 3207 exemplum,
2776 3156 2880 3209 quo
2911 3141 3119 3195 facilius
3152 3141 3201 3196 in
3243 3152 3295 3196 te
3322 3142 3491 3197 Adam

231 3245 505 3297 peccemus
533 3231 773 3299 instigat,
803 3230 917 3299 ipse
942 3243 1061 3283 eum
1094 3227 1511 3296 peccaverimus,
1551 3232 1798 3288 accusat;
1828 3238 1873 3298 C
1908 3242 2145 3286 vetustus
2194 3234 2438 3299 intereat,
2482 3240 2537 3286 et
2580 3232 2876 3286 vivilieator
2916 3241 3194 3301 exsurgat;
3242 3235 3497 3299 quemad-

231 3332 280 3376 ut
307 3323 427 3376 ideo
450 3323 504 3375 in
528 3320 876 3376 confessione
906 3318 1190 3374 criminum
1233 3332 1264 3370 a
1309 3317 1463 3370 nobis
1512 3315 1806 3383 praivenia-

232 3424 308 3465 Iur
336 3414 388 3466 in
410 3413 639 3477 saeculo,
672 3426 740 3465 ne
769 3419 955 3465 contra
981 3424 1082 3464 nos
1105 3408 1298 3462 habeat
1326 3407 1464 3487 quod
1490 3406 1729 3477 proferat
1752 3408 1801 3460 in

233 3504 420 3558 futuro.

817 3592 1029 3648 EPIST.
1069 3591 1207 3646 Xlll.
1252 3631 1257 3635 «

234 3666 551 3743 Beatissimi;
574 3696 623 3743 et
670 3689 723 3741 in
752 3685 955 3741 Christo
1002 3685 1366 3739 renerabilibus
1415 3684 1660 3749 fratribus
1686 3681 1807 3738 Fae-

306 3760 475 3813 datuio
504 3769 532 3797 ⁸
572 3770 619 3812 et
661 3758 821 3811 Vilico
852 3757 1149 3827 presbyteris
1177 3756 1409 3809 Ruricius
1438 3756 1722 3825 episwpus.

296 3871 596 3938 Quamlibet
624 3870 833 3925 litteras
864 3868 1211 3923 fraternitatis
1241 3875 1433 3921 vestras
1463 3881 1558 3935 per
1585 3865 1613 3904 δ
1634 3866 1810 3920 subsi-

237 3969 504 4023 diaconem
517 3970 844 4025 Contimtutn
870 3983 972 4019 non
997 3967 1351 4036 perciperem,
1381 3976 1557 4021 tamen
1590 3964 1685 4018 has
1709 3977 1810 4033 ego

237 4074 291 4111 ac
319 4068 410 4122 per
440 4059 614 4127 ipsum
643 4057 710 4111 ad
756 4073 853 4111 vos
874 4057 1062 4129 affecnt
1093 4057 1380 4126 instigante
1428 4057 1596 4111 direxi
1622 4072 1635 4121 ;
1668 4063 1726 4109 ut
1756 4063 1811 4108 et

237 4152 495 4206 desiderio
539 4151 924 4213 satisfacerem,
967 4159 1020 4204 et
1066 4149 1332 4204 scribendi
1386 4148 1585 4201 aditum
1642 4146 1809 4215 prius,

238 4242 376 4307 prior
402 4251 615 4310 utpote.
651 4240 1027 4309 patefacerem,
1072 4255 1140 4295 ne
1170 4241 1220 4293 in
1251 4248 1524 4310 posterum
1553 4237 1702 4293 locus
1729 4251 1815 4290 re-

238 4332 559 4401 linqueretur
584 4330 953 4395 excusationi;
984 4339 1036 4384 et
1059 4344 1144 4384 res
1170 4330 1479 4396 voluntatis,
1504 4327 1816 4382 difﬁdentia:

240 4430 288 4474 et
343 4420 677 4475 verecundia:
722 4435 841 4473 esse
903 4421 1191 4473 diceretur.
1241 4419 1477 4472 Salutem
1539 4419 1713 4485 itaque
1762 4417 1815 4468 in

240 4512 446 4565 Christo
473 4511 701 4565 Domino
734 4510 1012 4577 plurimam
1042 4510 1164 4563 dico
1192 4510 1501 4563 beatitudini
1526 4518 1737 4574 vestrm,
1762 4516 1817 4562 et

1907 3325 2124 3379 modum
2157 3323 2246 3377 ille
2280 3323 2513 3390 parietes
2543 3322 2705 3375 variis
2732 3321 2975 3376 colorum
3019 3321 3153 3376 fucis
3184 3324 3494 3378 multimoda

1906 3426 2021 3471 arte
2064 3415 2334 3484 depingit,
2386 3415 2455 3468 ita
2502 3428 2599 3465 vos
2650 3414 2882 3466 animam
2935 3423 3203 3477 vestram,
3253 3429 3371 3482 qua:
3417 3424 3497 3469 est

1909 3506 2162 3574 templum
2195 3504 2321 3570 Dei,
2358 3503 2585 3558 diversis
2618 3503 2870 3557 virtutum
2904 3503 3191 3571 generibus
3218 3503 3497 3569 excolatis,

1908 3607 1966 3651 ut
2014 3612 2139 3653 vere
2183 3596 2249 3650 de
2301 3596 2524 3663 spiritali
2567 3596 2737 3647 'domo
2792 3604 2966 3647 vestra
3020 3594 3335 3661 spititaliter
3376 3610 3497 3648 cum

1912 3691 2167 3758 propheta
2214 3687 2396 3741 dicere
2440 3685 2712 3754 possitis:
2766 3684 3003 3752 Domine,
3056 3684 3215 3741 dilexi
3270 3687 3498 3741 decorem

1910 3780 2231 3833 habitationis
2259 3792 2376 3844 tute,
2399 3788 2446 3832 et
2475 3780 2639 3831 locum
2662 3777 2984 3831 habitationis
3006 3778 3187 3846 gloria:
3206 3789 3308 3834 tua:
3328 3779 3499 3851 (Paul.

1908 3890 2034 3934 xxv,
2067 3873 2134 3937 8;
2166 3874 2273 3924 Act.
2307 3886 2402 3935 vn,
2428 3870 2541 3938 48).
2591 3869 2722 3938 Quia
2754 3870 3045 3924 secundum
3099 3871 3265 3939 ipsius
3292 3871 3501 3927 Domini

1914 3970 2081 4023 nostri
2129 3968 2447 4022 sententiam
2470 4008 2485 4031 ,
2529 3966 2649 4019 Non
2690 3968 2744 4020 in
2774 3982 2926 4019 tnanu
2959 3967 3112 4036 factis
3142 3966 3333 4021 habitat
3367 3966 3502 4021 Deus

1913 4062 2051 4133 (Act.
2076 4075 2206 4123 xvn,
2228 4059 2344 4125 24),
2379 4072 2477 4113 nec
2507 4058 2560 4111 in
2591 4057 2951 4111 tabernaculis
2982 4058 3079 4110 viri
3106 4058 3500 4125 beneplacitum

1912 4154 1993 4219 ei;
2030 4152 2123 4205 sed
2163 4148 2556 4217 beneplacilum
2587 4157 2668 4202 est
2702 4147 2753 4202 ei
2780 4162 2943 4216 super
2976 4148 3230 4201 timentes
3265 4162 3343 4213 se,
3370 4158 3423 4203 et
3451 4152 3500 4201 in

1914 4259 1979 4297 eo
2009 4243 2096 4311 qui
2136 4251 2319 4311 sperat
2358 4239 2412 4294 in
2450 4238 2839 4295 misericordia.
2892 4239 2958 4291 Et
3008 4239 3120 4304 ipse
3162 4237 3353 4292 iterum
3402 4252 3499 4291 nos

1918 4352 2010 4404 per
2036 4336 2347 4403 prophetam
2379 4332 2574 4386 docere
2607 4331 2894 4400 dignatur:
2921 4328 3110 4384 Caelum
3140 4330 3264 4383 mihi
3292 4329 3505 4385 thronus

1917 4438 2011 4492 est,
2037 4436 2173 4481 terra
2197 4436 2361 4481 autem
2390 4422 2666 4478 scabellum
2689 4424 2875 4495 pedum
2907 4438 3132 4475 meorum
3157 4437 3175 4474 :
3196 4438 3347 4491 quant
3378 4424 3503 4476 mihi

1919 4521 2089 4574 sedem
2133 4517 2451 4587 trdiﬁcabitis
2477 4558 2492 4582 ,
2565 4524 2653 4567 aut
2700 4516 2814 4585 quis
2839 4516 2933 4567 erit
2994 4515 3131 4568 locus
3180 4516 3504 4585 requietionis

240 4616 413 4668 spero,
462 4611 522 4654 ut
566 4616 674 4665 me,
725 4602 861 4653 sicut
889 4600 1043 4654 decet
1072 4600 1460 4655 ecclesiasticos
1491 4602 1653 4664 viros,
1704 4614 1806 4652 non

1916 4627 2056 4673 mete,
2104 4624 2269 4662 nonne
2315 4608 2421 4660 haec
2463 4600 2635 4659 omnia
2675 4605 2793 4673 fecit
2836 4620 3019 4658 manus
3063 4606 3211 4659 mea?
3237 4614 3326 4658 aut
3355 4620 3505 4670 super

242 4690 417 4756 labiis,
448 4691 541 4744 sed
571 4690 735 4744 corde
760 4690 1025 4759 diligatis;
1057 4699 1111 4744 et
1147 4692 1211 4745 de
1243 4705 1327 4745 me
1356 4692 1577 4744 caritate
1604 4690 1812 4744 sincera

242 4780 292 4834 in
321 4782 553 4852 alloquio
600 4782 825 4853 pristina
873 4783 1053 4836 dicere
1098 4782 1453 4852 prtesumatis.
1480 4782 1614 4850 Quia
1651 4783 1695 4834 si
1727 4782 1816 4837 illa

242 4870 424 4925 {ul838l
472 4887 617 4939 vera,
663 4882 1064 4941 permanserat;
1120 4880 1175 4927 et
1210 4873 1255 4927 si
1306 4875 1492 4927 fuisset
1523 4884 1545 4912 ε
1592 4882 1812 4939 mutata,

244 4977 439 5022 mutata
484 4980 586 5019 non
619 4962 816 5018 fuerat.
860 4968 900 5017 Α
931 4964 1081 5032 cujus
1112 4974 1289 5018 tamen
1327 4964 1483 5019 fuetit
1517 4974 1667 5033 parte
1695 4980 1815 5019 mu-

245 5069 370 5123 tata,
398 5066 453 5111 et
478 5055 818 5111 CODSClelllilB
848 5067 1046 5109 nosme
1088 5057 1353 5121 noverint,
1383 5068 1436 5110 et
1467 5056 1820 5111 conscientia-

246 5165 356 5203 rum
401 5151 644 5219 cognitor
681 5149 801 5203 sine
845 5160 1116 5202 asserlore
1164 5150 1467 5218 cognoscit;
1520 5166 1679 5219 quem
1721 5165 1820 5220 ego

246 5236 429 5294 testem
448 5240 677 5294 adhibeo
701 5238 1021 5308 professioni
1043 5253 1178 5292 mea:
1202 5256 1214 5291 :
1246 5254 1343 5293 nec
1364 5240 1431 5295 de
1461 5241 1610 5297 initio
1635 5241 1823 5295 simul-

248 5334 364 5386 tatis
385 5350 467 5387 me
487 5347 605 5387 esse
635 5330 986 5399 culpabilem,
1015 5345 1115 5384 nec
1146 5330 1197 5383 in
1234 5330 1395 5386 corde
1418 5348 1539 5387 meo
1563 5334 1820 5405 quidquid

247 5436 417 5479 actum
466 5434 547 5479 est
578 5424 853 5477 dictumve
884 5423 1173 5491 resedisse,
1228 5422 1351 5494 quia
1394 5424 1506 5481 scio
1554 5428 1707 5481 nobis
1754 5430 1820 5485 ab

316 5589 338 5617 ι
369 5577 605 5650 Fuerunt
633 5576 1253 5650 presbyteridimceseos
1279 5577 1697 5642 Lemovicensis,
1726 5583 1815 5650 qui

245 5665 363 5776 gum
388 5649 606 5704 Ruricio
632 5664 823 5703 eorum
857 5648 1112 5717 episcopo
1150 5649 1271 5703 lites
1300 5651 1447 5719 prius
1497 5648 1819 5708 habuerunt.

292 5736 404 5774 Aris.

292 5742 534 5845 Λιοωιῖἳπιθ
562 5790 924 5845 subdiacanem
954 5786 1282 5844 Contimtum.

1918 4718 2063 4766 quem
2092 4700 2249 4751 alium
2279 4697 2569 4767 respiciam,
2598 4695 2697 4753 nisi
2726 4711 2879 4761 super
2898 4693 3161 4760 humilem,
3192 4706 3237 4748 et
3258 4696 3499 4765 quietum,

1920 4800 1967 4845 et
1989 4798 2278 4844 trementem
2304 4802 2561 4842 sermones
2588 4802 2723 4839 meos
2750 4782 2904 4855 (Isai.
2930 4800 3073 4851 un,
3098 4786 3174 4854 1).
3207 4785 3274 4839 Et
3306 4787 3419 4853 ipse
3452 4790 3500 4837 in

1922 4881 2213 4950 Evangelio
2240 4878 2498 4933 Dominus
2524 4879 2751 4932 clamat:
2790 4876 2962 4930 Venite
2987 4879 3054 4930 ad
3084 4892 3181 4942 me,
3216 4892 3390 4929 omnes
3419 4878 3505 4945 qui

1921 4972 2166 5027 laboratis
2205 4979 2253 5025 et
2294 4970 2490 5023 onerati
2530 4968 2672 5035 estis,
2714 4977 2762 5020 et
2789 4982 2881 5034 ego
2908 4966 3133 5034 reﬁciam
3164 4983 3250 5020 vos
3280 4965 3500 5033 (Matth.

1926 5079 1998 5129 tu,
2021 5063 2138 5132 28'),
2166 5072 2219 5117 et
2244 5062 2445 5129 reliqua
2468 5075 2587 5130 quas
2608 5066 2923 5128 sequuntur.
2953 5059 3015 5111 Et
3041 5056 3179 5120 ideo,
3206 5058 3257 5114 iu
3290 5056 3505 5113 Christo

1928 5157 2154 5210 Domino
2183 5154 2458 5209 carissima
2497 5167 2650 5211 soror
2684 5165 2747 5205 ac
2785 5150 2914 5214 lilia,
2949 5149 3187 5219 pristinas
3215 5165 3502 5205 conversa-

1929 5248 2086 5303 tionis
2120 5247 2410 5301 ambitione
2438 5246 2699 5314 deposita,
2730 5242 3082 5297 humilitatem
3121 5240 3287 5297 debes
3325 5239 3500 5293 cordis

1929 5340 2171 5404 induere,
2208 5337 2627 5393 misericordiam
2661 5332 3022 5404 indigentibus
3052 5331 3314 5395 fenerare,
3344 5327 3503 5383 casti-

1930 5438 2090 5486 tatem
2129 5445 2236 5486 non
2276 5429 2448 5485 solum
2490 5421 2754 5498 corporis,
2805 5425 2899 5482 sed
2942 5425 3134 5479 animas
3183 5431 3501 5489 procurare;

2002 5593 2023 5620 ε
2058 5582 2169 5636 lloc
2191 5590 2273 5635 est
2300 5580 2428 5635 alia.

1998 5652 2025 5688 ά
2058 5652 2173 5705 Vox
2206 5652 2491 5715 mendosa;
2530 5650 2664 5705 forte
2690 5646 2987 5717 insequella.

2004 5732 2027 5791 ἐ
2061 5722 2136 5776 De
2162 5737 2221 5775 ea
2250 5721 2497 5789 superius
2526 5722 2682 5791 epist.
2718 5720 2767 5785 1,
2801 5716 2894 5773 lib.
2928 5731 2964 5771 t.

2008 5790 2024 5828 ί
2060 5791 2220 5848 Forte
2245 5808 2323 5848 res
2354 5793 2493 5863 fecit.
