4022 6168
492 304 557 357 93
1837 300 1921 355 RU
1936 299 2085 353 RlCll
2129 300 2431 357 EPISCOPI
3657 287 3725 345 93

493 415 632 483 quod
650 415 930 483 adiurante
954 414 1178 467 Domino
1210 420 1266 467 ut
1290 414 1565 482 acquirrre
1585 416 1762 467 valeas
1792 413 1988 481 pariter
2013 422 2068 468 et
2095 415 2138 471 A
2170 407 2514 470 sed'Patrem
2542 426 2783 482 vestrum,
2822 417 2909 486 qui
2936 416 2990 469 in
3030 413 3165 469 cmlt's
3197 422 3270 469 est
3294 412 3507 484 (Matth.
3540 429 3597 479 v,
3623 414 3735 485 16).

490 506 779 569 custodire,
817 504 1159 574 jejunandum
1205 511 1288 557 est
1314 504 1530 573 saepius,
1569 514 1622 559 et
1654 518 1866 573 semper
1901 518 2062 557 oran-

489 594 638 660 dum,
684 594 808 663 quia
856 593 1024 648 Adam
1073 592 1299 660 paradisi
1357 604 1414 647 et
1468 602 1650 647 custos
1695 594 1970 661 delegatur
2008 602 2062 647 et

488 684 708 738 colonus
750 683 901 753 (Gen.
935 699 996 749 tt,
1033 684 1145 751 15),
1192 685 1398 738 scilicet
1439 692 1499 737 ut
1540 684 1762 738 haberet
1806 685 2057 752 opcraudi

490 780 767 834 materiam
799 778 1018 833 libertas
1059 779 1261 832 arbitrii
1296 787 1351 833 et
1401 779 1541 848 quod
1570 780 1873 833 orationum
1918 780 2059 833 oliti-

402 908 407 919 .
490 874 693 923 nuisset
739 869 1028 929 industria,
1072 869 1343 937 parcitatis
1388 867 1706 923 abstinentia
1750 869 2058 922 custodiret.

490 957 598 1011 Sed
644 959 890 1023 quoniam
945 954 1183 1025 neglexit
1225 958 1324 1010 sibi
1372 972 1588 1011 servare
1628 958 1910 1026 jejunium,
1968 972 2062 1026 per

488 1045 972 1112 concupiscentiam
1008 1046 1222 1098 vetitam
1254 1046 1430 1097 amisit
1467 1053 1522 1099 et
1549 1046 1710 1099 vitam
1752 1054 1805 1099 et
1847 1046 2063 1099 immor-

489 1135 764 1188 talitatem.
817 1135 927 1189 Sub
963 1143 988 1170 δ
1023 1134 1337 1188 Hierobabel
1378 1150 1558 1189 muros
1596 1135 1927 1189 Hierusalem
1972 1151 2058 1189 re-

488 1225 626 1277 versi
674 1224 740 1275 ad
793 1223 1145 1291 captivitatem
1206 1225 1562 1290 reparabant,
1620 1240 1739 1279 cum
1790 1227 1868 1280 eis
1919 1242 2056 1281 esso'

486 1322 670 1365 contra
707 1312 1032 1378 aliettigettas
1070 1328 1165 1379 pro
1191 1316 1502 1367 eorttmdetn
1546 1331 1815 1369 murorum
1853 1327 2061 1370 restau-

488 1404 695 1457 ratione
740 1414 1033 1465 certamen,
1083 1404 1441 1471 operabantur
1488 1406 1693 1473 dextra,
1743 1417 1798 1461 et
1848 1408 2061 1461 sinistra

487 1495 794 1561 pugnabant
839 1493 919 1560 (11
977 1493 1156 1547 Esdrte
1184 1510 1253 1559 tv,
1283 1496 1370 1564 l7)
1409 1514 1421 1547 :
1464 1496 1668 1551 scilicet
1702 1506 1907 1551 scutum
1940 1498 2059 1552 fidei

492 1586 619 1637 laeva
672 1596 853 1638 contra
903 1585 1239 1639 adversarios
1295 1586 1724 1654 praetendentes,
1777 1598 1831 1642 et
1874 1588 2060 1642 dextra

490 1673 748 1727 bonorum
792 1689 1011 1739 operum
1060 1685 1311 1741 tanquam
1362 1677 1595 1743 lapidum
1643 1680 2059 1742 compositorum

2163 506 2327 576 Cujus
2348 518 2427 562 est
2453 518 2508 561 et
2533 517 2591 561 ut
2607 507 2785 570 detur,
2807 517 2859 561 et
2883 521 3041 560 omne
3064 505 3205 575 quod
3230 505 3407 560 datur.
3436 505 3569 571 Quia
3591 503 3747 572 juxta

2166 601 2477 665 Aposto'um
2506 615 2519 650 :
2548 598 2720 652 Omne
2749 597 2930 651 datum
2964 597 3158 650 bonum
3190 612 3218 647 a
3248 610 3461 650 sursum
3491 593 3559 649 de
3588 595 3751 648 Patre

2166 691 2423 744 luminum
2465 690 2770 753 descendit,
2803 704 2831 742 a
2867 703 2973 757 quo
3012 697 3065 742 et
3103 688 3348 741 voluntas
3388 673 3660 749 tribuitur,
3691 696 3750 739 et

2167 789 2449 848 praestatur
2475 780 2717 833 effectus.
2750 779 2878 846 Quia
2908 777 3219 848 penitentia
3248 792 3354 832 non
3383 777 3599 832 nomine
3624 787 3750 830 tan-

2166 878 2275 924 tum
2311 870 2621 935 obtinenda,
2654 869 2747 924 sed
2781 877 2899 923 actu
2936 877 3016 923 est
3037 867 3396 937 exsequenda.
3426 865 3749 921 Poenitentia

2165 975 2268 1013 non
2310 968 2392 1013 est
2440 974 2637 1013 nomen
2685 962 2936 1020 otiosum,
2984 973 3105 1027 qure
3155 973 3219 1011 ex
3268 956 3526 1025 qualitate
3564 957 3749 1025 operis

2168 1051 2407 1118 possidet
2440 1050 2705 1104 laboriosa
2734 1049 3072 1104 vocabulum.
3106 1048 3222 1103 Non
3251 1048 3397 1103 enim
3429 1056 3602 1116 potest
3632 1062 3751 1115 pas:

2166 1141 2341 1194 nitens
2383 1139 2511 1202 dici,
2556 1139 2646 1196 oui
2694 1137 2999 1208 paenitenda
3042 1136 3348 1201 committit,
3392 1136 3488 1190 sed
3532 1136 3619 1190 ille
3656 1138 3751 1203 qui

2168 1231 2438 1299 przeterita
2499 1240 2712 1298 peccata
2770 1228 2851 1281 vel
2903 1227 3135 1281 maculas
3190 1226 3486 1280 humilitate
3542 1226 3751 1281 cordis.

2165 1321 2494 1388 subiectione
2532 1319 2791 1387 Corporis,
2845 1319 3104 1372 bonorum
3164 1331 3385 1385 operum
3440 1315 3749 1377 sedulitate,
3820 1352 3835 1359 -

2166 1411 2473 1465 assiduitate
2489 1410 2808 1473 orationum,
2825 1408 3218 1462 continuatione
3239 1408 3548 1476 gemituum,
3565 1420 3752 1473 peetu-

2165 1503 2240 1557 ris
2263 1502 2592 1564 contusione,
2616 1501 2965 1569 lacrymarnm
2991 1497 3296 1566 prolusione
3324 1496 3521 1565 detegit
3560 1494 3753 1565 [deter-

2165 1592 2289 1664 git];
2318 1603 2370 1647 ut
2394 1593 2561 1662 possit
2601 1590 2779 1646 dicere
2813 1605 2932 1644 cum
2971 1589 3227 1659 propheta
3274 1606 3287 1639 :
3339 1588 3415 1639 Ne
3456 1587 3753 1640 memineris

2166 1684 2456 1751 iniquitates
2494 1691 2695 1735 nostras
2728 1681 2965 1745 antiquas
3006 1679 3176 1750 (Psal.
3204 1694 3423 1741 Lxxvut,
3449 1679 3525 1747 8),
3570 1679 3755 1745 utique

490 1764 687 1818 moenia
715 1774 1105 1827 construentes,
1130 1764 1220 1818 sed
1264 1774 1317 1817 et
1349 1765 1446 1832 ipsi
1487 1767 1585 1819 viri
1613 1766 1701 1834 qui
1731 1766 2062 1820 aedificabant

2174 1788 2271 1827 non
2314 1772 2674 1841 quotidianas.
2722 1770 2788 1824 Et
2819 1770 2943 1823 illud
2978 1787 2992 1823 :
3028 1769 3278 1822 Laboravi
3315 1770 3367 1821 in
3397 1769 3581 1837 gemitu
3615 1784 3753 1831 meo,

488 1871 608 1909 cum
636 1856 908 1923 prophetis
929 1856 1060 1920 suis,
1088 1871 1249 1923 super
1273 1856 1479 1910 lumbos
1504 1858 1660 1912 cincti
1688 1858 2061 1925 operabantur,

489 1946 627 2014 quod
653 1953 705 1998 et
730 1944 981 1998 Dominus
1008 1946 1057 1998 in
1085 1945 1370 2011 Evangelio
1398 1946 1685 2002 observare
1711 1963 1807 2001 nos
1832 1950 2065 2017 prtecipit

489 2037 673 2090 dicens
703 2052 718 2090 :
752 2037 869 2090 Sint
895 2038 1054 2090 lumbi
1079 2038 1228 2090 vestri
1254 2039 1533 2105 prtecinc'i,
1563 2048 1609 2092 et
1642 2040 1864 2093 lucerna:
1893 2051 2067 2095 vestra:

491 2129 724 2183 ardentes
749 2128 899 2199 (Luc.
930 2146 1022 2192 xtt,
1048 2131 1137 2197 35)
1174 2147 1187 2183 :
1217 2131 1531 2198 prazciuctus
1560 2141 1643 2187 est
1673 2134 1886 2197 lumbis,
1914 2134 2066 2197 cujus

492 2234 618 2271 caro
646 2219 872 2273 castitati
914 2220 1124 2286 militat,
1156 2232 1207 2275 et
1237 2237 1340 2274 non
1385 2222 1620 2287 libidini;
1666 2233 1720 2276 et
1748 2238 1897 2276 mens
1930 2224 2067 2276 illius

491 2317 739 2377 tanquam
778 2310 973 2365 ardens
1022 2312 1236 2365 lucerna
1271 2313 1567 2382 praefulget,
1598 2330 1754 2382 quam
1788 2317 2068 2383 praeceptis

490 2399 601 2453 suis
638 2399 883 2457 Christus
924 2403 1185 2458 accendit.
1228 2404 1358 2471 Quia
1401 2412 1514 2458 haec
1554 2406 1730 2460 omnia
1774 2406 2064 2461 secundum

491 2494 804 2560 Apostolum
849 2494 899 2546 iu
935 2494 1097 2562 figura
1129 2499 1293 2549 nostri
1333 2495 1475 2559 facta
1501 2507 1628 2551 sunt
1663 2495 1715 2569 (Ι
1747 2497 1866 2551 Cor.
1899 2514 1951 2561 χ.
1986 2498 2064 2567 6);

492 2582 632 2637 scire
679 2597 775 2637 nos
819 2585 1101 2650 convenit,
1158 2587 1298 2655 quod
1345 2587 1577 2656 quanditt
1631 2589 1811 2645 seaculi
1865 2589 2068 2643 actibus

493 2670 686 2726 luimus
733 2675 995 2742 occupati,
1033 2683 1280 2744 tanquam
1316 2676 1617 2746 Babyloniis
1643 2686 1697 2732 et
1726 2680 1834 2747 regi
1878 2694 2063 2733 eorum

492 2763 686 2830 captivi
716 2779 744 2816 a
774 2765 954 2819 Judtea
986 2767 1227 2835 producti
1261 2768 1311 2820 itt
1344 2768 1572 2823 hostium
1606 2771 1823 2839 regione
1850 2771 2069 2826 servivi-

493 2867 631 2919 mus,
661 2854 801 2908 unde
832 2871 923 2922 per
949 2857 1313 2923 paenitentiam
1352 2859 1416 2912 ad
1454 2861 1700 2929 patriam,
1741 2861 1840 2914 hoc
1870 2869 1971 2927 est,
2003 2862 2069 2915 ad

494 2944 763 2999 caelestem
795 2945 1123 3001 Iiierusaletn
1164 2958 1387 3002 matrem
1432 2949 1668 3003 omnium
1707 2950 1939 3004 fidelium
1981 2966 2069 3005 re-

494 3044 781 3099 vertentes,
811 3035 1066 3090 debemus
1105 3040 1250 3091 omni
1296 3040 1550 3093 virtutum
1587 3056 1786 3110 genere
1822 3056 2071 3110 reparare

2169 1862 2347 1916 lavabo
2373 1880 2459 1931 per
2484 1862 2715 1932 singulas
2756 1871 2924 1914 noctes
2950 1858 3135 1913 lectum
3161 1874 3326 1911 meum
3366 1857 3537 1926 (Psal.
3566 1873 3638 1919 Vl,
3671 1857 3754 1925 7).

2169 1952 2236 2006 Et
2269 1969 2281 2005 :
2314 1952 2577 2021 Lacrymis
2611 1953 2734 2004 meis
2776 1961 2987 2004 stratum
3016 1965 3182 2003 meum
3224 1948 3402 2017 rigttbo
3432 1947 3643 2017 (lbid.).
3689 1948 3755 2003 Et

2168 2043 2357 2098 iterum
2391 2058 2405 2096 :
2435 2041 2710 2112 Rugiebam
2741 2057 2771 2092 a
2796 2042 2986 2113 gemitu
3012 2040 3182 2092 cordis
3212 2040 3307 2092 mei
3342 2037 3511 2104 (Psal.
3539 2053 3756 2101 xxxvtt,

2169 2136 2247 2203 9).
2291 2134 2357 2186 Ει
2401 2134 2588 2186 iterum
2623 2147 2643 2186 :
2678 2132 2931 2198 Quoniam
2982 2130 3275 2199 iniquitates
3316 2145 3452 2181 meas
3494 2143 3585 2196 ego
3633 2144 3757 2196 pro-

2170 2225 2349 2277 nuntio
2378 2236 2425 2277 et
2453 2224 2686 2291 cogitabo
2726 2238 2818 2293 pro
2866 2232 3068 2292 peccato
3107 2237 3215 2274 meo
3244 2218 3432 2288 (Ibid.,
3465 2218 3576 2287 19).
3631 2218 3760 2274 Sint

2170 2315 2291 2367 ideo
2323 2314 2406 2368 hic
2444 2314 2664 2367 etimina
2705 2320 2883 2367 nostra
2925 2321 3048 2365 ante
3079 2325 3195 2377 nos,
3239 2320 3292 2364 et
3320 2317 3505 2363 contra
3546 2323 3663 2371 nos,
3699 2320 3760 2363 ut

2173 2408 2223 2459 in
2250 2406 2338 2459 die
2378 2404 2563 2474 judicii
2599 2419 2718 2458 esse
2768 2418 2872 2458 non
2920 2402 3146 2472 possint,
3193 2409 3248 2454 et
3293 2398 3422 2453 illttd
3465 2399 3622 2453 etiam
3668 2399 3760 2452 hic

2169 2497 2327 2567 positi
2356 2511 2476 2550 cum
2509 2494 2694 2548 fiducia
2723 2493 2900 2547 dicere
2931 2506 3232 2547 mereamur
3259 2507 3272 2542 :
3302 2489 3556 2542 Delictum
3584 2504 3759 2540 meum

2172 2605 2263 2659 ego
2307 2602 2575 2657 cognosco,
2619 2594 2666 2638 et
2711 2586 2995 2651 injustitias
3041 2599 3179 2637 meas
3226 2599 3329 2636 non
3372 2582 3546 2652 operui
3576 2578 3757 2649 (Psal.

2173 2694 2320 2743 xxxi,
2346 2675 2423 2746 5).
2470 2676 2610 2741 Dixi,
2656 2674 3012 2744 pronuntiabo
3045 2672 3303 2727 adversus
3335 2687 3421 2726 me
3459 2680 3514 2725 et
3541 2671 3759 2738 injusti-

2174 2770 2273 2823 tias
2300 2783 2445 2822 meas
2477 2768 2723 2832 Domino,
2754 2778 2807 2822 et
2839 2776 2894 2821 tu
2923 2766 3173 2821 remisisti
3222 2766 3545 2834 impietatem
3576 2762 3759 2817 cordis

2172 2862 2298 2916 mei.
2342 2861 2560 2915 Certum
2607 2871 2691 2914 est
2740 2861 2881 2928 quod
2930 2860 2983 2912 in
3031 2868 3288 2927 quantum
3353 2857 3446 2911 tibi
3485 2857 3552 2911 de
3591 2855 3761 2925 priori

2172 2954 2579 3009 conversatione
2624 2952 2976 3021 displicueris,
3030 2952 3083 3004 in
3134 2958 3339 3004 tantum
3374 2948 3598 3003 Domino
3642 2947 3762 3015 pla-

2172 3044 2345 3113 cebis,
2379 3053 2433 3097 et
2464 3046 2515 3097 itt
2559 3053 2815 3112 quantum
2863 3042 2955 3096 tibi
3003 3041 3285 3109 placueris,
3335 3040 3408 3093 illi
3452 3040 3565 3093 sine
3595 3036 3763 3091 dubio

495 3122 751 3192 collapsa,
794 3125 995 3181 sarcire
1040 3127 1283 3193 discissa,
1326 3130 1507 3185 delere
1548 3132 1837 3199 praeterita,
1878 3146 2067 3186 cavere
2098 3132 2144 3193 C
2174 3134 2504 3201 displicebis,
2533 3133 2623 3200 qui
2649 3133 2780 3187 dicit
2811 3149 2827 3184 :
2854 3133 3118 3200 Quooiam
3157 3132 3381 3197 dissipat
3418 3145 3537 3183 ossa
3580 3130 3764 3183 homi-

498 3216 801 3283 prtesentia,
834 3231 1019 3284 parare
1048 3228 1297 3284 ventura;
1343 3231 1397 3273 ut
1428 3235 1521 3289 per
1552 3221 1929 3290 benignitatem
1971 3223 2071 3278 Do-

500 3304 625 3359 mini
652 3321 681 3359 a
712 3306 931 3374 pristina
964 3318 1300 3376 peccatorum
1334 3313 1639 3381 captivitate
1666 3313 1931 3379 distracti,
1968 3331 2073 3371 non

499 3396 908 3467 Babylonorum
962 3400 1101 3467 regi,
1160 3402 1253 3454 sed
1289 3402 1415 3469 Regi
1464 3403 1723 3457 cmlorum
1766 3402 1980 3459 Christo
2021 3406 2071 3459 iu

499 3487 854 3554 Hierusalem,
882 3504 1103 3557 quaeque
1133 3493 1530 3560 congregationi
1573 3504 1877 3548 sanctorum
1908 3495 2076 3549 aedifi-

499 3585 649 3632 catur
675 3579 885 3645 civitas,
927 3584 1247 3635 serviamus.
1295 3584 1361 3636 Et
1389 3584 1585 3639 idcirco
1616 3583 1804 3640 faciem
1836 3596 2071 3640 nostram

499 3667 775 3736 debemus,
813 3672 978 3739 magis
1022 3672 1269 3741 lacrytnis
1311 3673 1505 3743 rigare,
1537 3690 1693 3742 quam
1738 3676 1984 3740 lavacris,
2019 3686 2076 3729 ιιι

500 3757 676 3813 dicere
716 3773 837 3813 cum
885 3762 1139 3828 praplteta
1191 3764 1494 3829 possimus:
1532 3764 1663 3827 Quia
1703 3765 1920 3818 cinerem
1946 3766 2075 3818 sicut

504 3862 686 3915 partem
713 3849 1098 3914 manducabam,
1126 3862 1170 3904 et
1199 3863 1374 3919 potum
1404 3871 1569 3907 meum
1599 3873 1711 3909 cum
1747 3860 1873 3925 ﬂetu
1899 3858 2076 3909 misce-

503 3940 617 3992 bam
648 3939 817 4011 (Psal.
842 3956 913 4005 Ct,
943 3944 1048 4011 10).
1098 3943 1359 3999 Debemus
1403 3962 1598 4016 corpus
1642 3959 1881 4002 nostrum
1923 3948 2075 4002 inde-

504 4031 658 4088 fessis
689 4034 877 4102 vigiliis
902 4044 956 4089 et
981 4037 1246 4092 continuis
1270 4038 1520 4094 edomare
1543 4041 1780 4109 jejuniis,
1812 4051 1867 4093 ιιι
1894 4056 2075 4096 verum

503 4137 813 4182 exercentes
854 4128 992 4182 inter
1032 4131 1260 4185 animam
1299 4146 1621 4201 carnemque
1654 4133 1936 4200 judicium,
1970 4151 2074 4189 non

503 4231 627 4271 caro
666 4217 967 4274 dominetur
1006 4221 1238 4287 spiritui,
1276 4224 1370 4275 sed
1407 4223 1615 4290 spiritui
1654 4237 1780 4279 caro
1812 4226 1947 4278 victa
1985 4226 2079 4281 de—

505 4313 726 4365 serviat.
772 4312 937 4380 Cujus
986 4316 1057 4367 rei
1111 4315 1412 4383 exemplum
1463 4317 1615 4369 nobis
1639 4316 1919 4382 Dominus,
1951 4318 2077 4373 dum

506 4417 598 4471 per
622 4404 869 4472 angelum
901 4404 964 4459 ad
994 4406 1133 4474 Agar
1158 4407 1306 4461 Sara;
1335 4408 1578 4462 ancillam
1624 4408 1873 4478 loquitur.
1907 4410 2075 4477 dedit,

2177 3240 2303 3278 num
2333 3225 2431 3277 sibi
2457 3224 2776 3294 placentium
2802 3222 2977 3297 (Psal.
3005 3238 3125 3284 ch,
3150 3222 3226 3291 7).
3260 3223 3324 3275 Et
3352 3222 3471 3274 ideo
3502 3230 3755 3288 tanquam

2176 3315 2500 3369 severissimi
2545 3329 2575 3369 c
2611 3329 2797 3369 nsores
2841 3314 3026 3380 culpas
3074 3324 3282 3366 nostras
3325 3312 3375 3365 in
3417 3325 3515 3364 nos
3545 3310 3640 3379 ipsi
3670 3308 3763 3362 di-

2176 3407 2413 3461 strictius
2444 3405 2796 3465 vindicemus,
2828 3412 2884 3459 et
2912 3404 3011 3473 ipsi
3043 3403 3198 3457 nobis
3230 3418 3324 3471 per
3353 3401 3595 3455 diversos
3634 3413 3763 3452 cor-

2177 3496 2319 3566 poris
2364 3497 2631 3551 cruciatus
2673 3504 2900 3549 tortores
2928 3493 3327 3564 quodammodo
3366 3493 3656 3546 existamus
3701 3498 3763 3544 et

2172 3589 2413 3657 judices;
2454 3594 2508 3642 et
2536 3587 2588 3642 in
2628 3570 2720 3641 illo
2744 3587 2901 3656 justas
2942 3586 3351 3639 examinationis
3380 3594 3618 3652 tempore
3647 3596 3759 3636 non

2180 3681 2371 3736 habeat
2410 3681 2465 3735 in
2510 3695 2605 3734 nos
2632 3680 2790 3748 Regis
2835 3680 3121 3743 sententia,
3169 3678 3308 3743 quod
3354 3677 3590 3739 damnet,
3620 3690 3761 3741 quos

2173 3770 2281 3836 jam
2328 3769 2413 3823 hic
2456 3768 2821 3836 castigationis
2852 3769 2971 3820 vitae
3011 3768 3289 3834 disciplina
3335 3765 3587 3830 correxit,
3631 3763 3760 3833 quia

2172 3859 2346 3927 justus
2375 3870 2429 3914 et
2457 3859 2758 3913 misericors
2782 3859 2943 3927 jttdex
2969 3859 3049 3912 bis
3073 3874 3178 3912 non
3200 3857 3403 3925 judicat
3425 3857 3475 3909 in
3500 3855 3760 3923 idipsum,

2178 3950 2279 4004 hoc
2321 3958 2423 4013 est,
2470 3950 2520 4004 ei
2554 3964 2614 4004 se
2658 3948 2876 4004 exhibet
2916 3950 3120 4012 mitem,
3167 3963 3325 4016 quem
3376 3947 3636 4003 invenerit
3672 3944 3763 3998 hic

2179 4056 2298 4094 esse
2350 4056 2460 4110 prie
2511 4051 2847 4109 peccatorum
2910 4040 3273 4095 satisfaetione
3330 4039 3629 4101 crudelem;
3682 4037 3763 4091 illi

2181 4130 2488 4199 benignum,
2531 4146 2688 4199 quem
2736 4131 2787 4186 in
2830 4130 2931 4184 hac
2965 4131 3071 4184 vita
3111 4129 3419 4198 cognoverit
3453 4127 3553 4181 sibi
3591 4126 3764 4180 fuisse

2180 4222 2509 4287 districtum;
2540 4221 2836 4276 secundum
2867 4220 2993 4274 illud
3022 4219 3387 4288 evangelicum
3419 4236 3431 4270 :
3465 4216 3565 4280 Qui
3586 4217 3764 4285 perdi-

2183 4313 2315 4366 derit
2339 4312 2562 4365 animam
2586 4323 2790 4381 propter
2814 4326 2914 4374 me,
2944 4310 3159 4364 inveniet
3188 4325 3300 4362 eam
3323 4307 3536 4375 (Matth.
3561 4322 3615 4368 κ,
3639 4306 3762 4371 58).

2185 4401 2280 4457 Vel
2310 4403 2434 4456 illud
2472 4420 2485 4455 :
2516 4400 2661 4455 Beati
2688 4402 2776 4471 qui
2807 4417 2939 4455 nunc
2966 4400 3165 4471 lugetis,
3195 4400 3316 4470 quia
3344 4398 3570 4451 ridebitis
3605 4396 3762 4465 (Luc.

508 4509 629 4559 qua:
651 4495 917 4551 dominam
947 4514 1093 4551 suam
1117 4497 1367 4553 deserere
1396 4499 1656 4565 maluerat
1679 4514 1837 4569 quam
1869 4501 2074 4566 auare,
2113 4490 2160 4549 D
2186 4508 2257 4557 Vl,
2284 4492 2399 4561 Ἡ).
2447 4493 2616 4547 Breve
2664 4501 2746 4547 est
2791 4490 2935 4545 enim
2976 4505 3136 4544 omne
3166 4489 3306 4559 quod
3347 4489 3398 4541 itt
3433 4488 3534 4540 hoc
3562 4486 3765 4539 mundo

507 4583 690 4638 dicens
728 4586 777 4639 ei
821 4602 835 4637 :
876 4587 1160 4642 Revertere
1198 4598 1253 4643 et
1293 4599 1408 4645 esto
1449 4590 1657 4645 subdita
1701 4591 1931 4644 dominas
1977 4599 2079 4645 tua:

509 4674 661 4746 (Gen.
693 4691 799 4742 xVI,
827 4677 904 4743 9).
963 4679 1029 4732 Ut
1078 4679 1161 4732 bis
1216 4681 1482 4735 laboribus
1537 4681 1783 4735 omnibus
1832 4689 1887 4734 et
1930 4682 2084 4735 bonis

507 4767 757 4835 operibus
801 4767 977 4823 dedita
1025 4769 1195 4837 possis
1241 4784 1359 4824 esse
1406 4782 1459 4825 et
1508 4771 1913 4825 conversatione
1959 4785 2082 4839 per-

511 4856 668 4921 fecta,
708 4867 763 4912 et
801 4860 1136 4913 confessione
1178 4858 1392 4925 devota,
1430 4870 1483 4915 et
1522 4862 1576 4914 in
1616 4875 1781 4930 regno
1818 4861 1978 4929 patris
2008 4860 2082 4914 tui

510 4948 650 5003 illius
670 4951 737 5005 de
758 4966 862 5018 qtto
886 4951 1138 5005 Dominus
1167 4951 1219 5004 in
1243 4952 1527 5021 Evangelio
1552 4953 1681 5006 dicit
1708 4972 1720 5005 :
1746 4953 1921 5006 Nolite
1947 4954 2084 5007 vobis

507 5056 685 5093 vocare
704 5051 894 5111 patrem
920 5059 1068 5112 super
1096 5051 1305 5104 terram,
1338 5060 1468 5096 unus
1497 5044 1627 5096 enim
1642 5052 1728 5097 ’est
1759 5053 1900 5112 pater
1923 5052 2084 5098 vester

511 5128 725 5201 (Matth.
748 5146 896 5196 XXIII,
928 5132 1006 5201 9);
1035 5132 1324 5186 secundum
1353 5148 1545 5187 nomen
1579 5142 1724 5187 tuum
1752 5134 1803 5187 in
1830 5134 1917 5187 illa
1950 5135 2079 5187 bea-

511 5231 682 5275 torum
732 5221 882 5276 turba
926 5237 1050 5275 vera
1094 5222 1377 5291 splendere
1403 5221 1686 5289 Ceraunia,
1730 5233 1784 5278 et
1826 5223 2078 5279 vocabuli

507 5313 581 5368 tui
632 5321 816 5367 auctor
854 5313 1084 5368 existere
1124 5330 1139 5366 :
1184 5313 1251 5367 de
1278 5328 1381 5382 quo
1410 5314 1695 5383 splendore
1721 5330 1941 5384 operum
1977 5315 2081 5369 Do-

511 5404 684 5458 minus
723 5403 850 5458 dicit
877 5421 891 5457 :
922 5403 1014 5459 Sic
1043 5404 1207 5457 luceat
1245 5405 1333 5457 lux
1369 5416 1531 5457 vestra
1568 5422 1737 5458 coram
1768 5404 2077 5473 hominibus,

507 5503 561 5547 ut
588 5494 790 5549 videant
819 5512 970 5566 opera
997 5505 1161 5551 vestra
1183 5495 1335 5563 bona,
1363 5505 1408 5551 et
1438 5498 1783 5567 magni/iectu,
1815 5512 1921 5554 non
1963 5512 2078 5566 vos,

597 5681 619 5708 ⁸
648 5669 945 5724 Zorobabel.

2185 4586 2378 4653 agitur,
2410 4587 2522 4640 sive
2558 4585 2775 4649 bonum,
2804 4584 2920 4638 sive
2957 4583 3176 4645 malum,
3204 4584 3344 4635 sicut
3379 4571 3767 4646 experimentis

2186 4676 2443 4729 Dominus
2487 4685 2576 4729 aut
2627 4673 2873 4743 promisit
2921 4682 3013 4727 aut
3056 4673 3222 4726 voluit
3266 4671 3372 4739 jam
3410 4668 3647 4738 probari.
3697 4668 3766 4719 Et

2185 4766 2384 4820 idcirco
2439 4766 2506 4819 ad
2571 4764 2912 4819 sustinendas
2957 4777 3052 4831 pro
3102 4763 3194 4817 Dei
3245 4775 3429 4815 amore
3483 4772 3768 4825 pressuras

2184 4864 2492 4910 constantes
2529 4868 2650 4909 esse
2686 4854 2965 4908 debemus.
3008 4852 3139 4918 Quia
3168 4851 3211 4906 si
3251 4851 3319 4904 ad
3349 4862 3628 4917 vesperum
3664 4845 3766 4900 de-

2187 4947 2479 5003 morabitur
2504 4946 2680 5012 ﬂetus,
2703 4954 2757 4999 et
2779 4945 2844 4999 ad
2873 4945 3189 4998 matutinum
3215 4942 3395 4995 Iustitia
3420 4938 3767 5008 subsequitur

2186 5040 2360 5112 (Psal.
2391 5054 2536 5103 xxtx,
2575 5038 2653 5107 6).
2712 5040 2895 5107 Itaque
2928 5050 3070 5091 nunc
3116 5049 3357 5089 seramus
3396 5035 3449 5088 in
3487 5031 3763 5102 lacrymis,

2184 5132 2326 5204 quod
2366 5142 2492 5185 tunc
2520 5139 2781 5185 metemus
2822 5131 2873 5184 in
2908 5127 3114 5198 gaudiis
3140 5126 3308 5198 (Psal.
3340 5141 3497 5192 cxxv,
3527 5124 3603 5194 6).
3636 5124 3765 5178 iizec

2186 5238 2354 5294 pauca
2387 5222 2454 5278 ad
2479 5221 2881 5276 confortandam
2912 5220 3070 5274 tidem
3100 5226 3330 5273 vestram
3363 5232 3460 5286 pro
3500 5215 3759 5272 exhorta-

2186 5316 2347 5370 tionis
2394 5315 2585 5370 solatio
2628 5313 2768 5369 dicta
2815 5311 3104 5377 sufﬁciunt,
3155 5325 3274 5380 quze
3316 5309 3445 5365 licet
3492 5310 3607 5377 ipso
3652 5321 3761 5361 non

2186 5405 2395 5476 faciam,
2435 5418 2613 5461 tamen
2637 5415 2697 5460 ut
2722 5414 2778 5458 et
2806 5418 2900 5458 vos
2934 5388 3102 5472 agatis
3140 5402 3415 5456 exhortor.
3464 5402 3588 5456 Scio
3615 5398 3765 5483 enim

2185 5496 2546 5555 exbortationi
2577 5495 2804 5567 positam
2833 5507 2953 5549 esse
2988 5491 3322 5557 mercedem;
3354 5492 3471 5560 quia
3504 5491 3755 5560 legimus:
