4022 6168
196 262 258 313 97
1465 248 1937 307 EPISTULABUM
1980 248 2107 303 LIB.
2152 248 2210 301 η.
3375 256 3445 313 93

199 376 347 429 Flere
373 390 492 428 cum
519 372 756 444 ﬂentibus
787 370 961 440 (Rom.
995 384 1089 434 xtt,
1125 367 1236 437 l5).
1271 366 1338 421 Et
1372 380 1441 421 ne
1463 368 1597 420 forte
1627 376 1680 418 tu
1710 364 1761 417 in
1791 370 1840 426 Α
1866 364 2059 419 choata
2108 375 2357 417 sermone
2403 376 2615 431 semper
2660 377 2714 420 et
2758 366 2867 423 fota
2911 378 3014 437 est,
3056 372 3217 431 debet
3259 386 3441 451 augeri

194 468 388 537 judicio
413 466 621 521 diceres
656 482 669 518 :
702 464 923 531 Quasiri
964 463 1052 531 qui
1079 463 1235 516 simul
1264 476 1459 515 mecum
1501 460 1769 513 contrista-

194 568 348 621 retur,
391 568 441 610 et
480 573 580 609 non
610 556 732 625 fuit,
773 564 819 608 et
859 552 1175 608 consolantes
1205 556 1324 618 me,’
1361 562 1409 606 et
1453 568 1555 605 non
1598 550 1770 604 inveni

200 648 359 714 (Psal.
381 664 570 711 vam,
595 648 711 717 2i).
763 645 1084 700 Perfectiora
1112 661 1242 700 vero
1281 654 1440 712 atque
1473 644 1674 713 majora
1718 643 1771 696 in

198 740 491 805 Scripturis
530 738 743 802 divinis,
790 737 929 791 unde
969 738 1067 791 ista
1102 736 1353 804 decerpta
1385 744 1529 800 sunt,
1576 737 1775 789 instru-

200 842 370 885 menta
414 830 687 899 perquire,
717 829 761 883 si
798 828 880 883 vis
919 839 1008 881 aut
1047 840 1218 897 coepta
1269 827 1546 894 perlicere,
1576 837 1667 879 ant
1708 826 1773 879 ad

201 920 432 989 pollicita
460 918 759 988 pervenire.
792 919 945 972 Dabit
972 918 1065 972 tibi
1102 919 1277 972 taliter
1302 919 1560 987 quaerenti
1591 918 1776 970 Domi-

200 1027 293 1065 nus
323 1012 606 1064 scientiam
635 1011 835 1080 pariter
862 1020 914 1064 et
941 1012 1214 1075 virtutem,
1240 1018 1299 1062 ut
1324 1019 1378 1064 et
1413 1010 1547 1064 lecta
1576 1009 1776 1063 intelli-

202 1117 307 1169 gas,
352 1113 409 1156 et
437 1103 703 1155 intellecta
742 1101 1031 1154 custodias.
1075 1101 1207 1155 Nam
1242 1110 1390 1168 pater
1416 1101 1776 1169 orphanorutn

200 1204 247 1246 et
284 1194 493 1247 arbiter
542 1192 818 1245 viduarum
860 1207 980 1244 cum
1028 1200 1081 1246 te
1113 1191 1182 1245 de
1222 1207 1280 1245 se
1314 1201 1516 1245 tantum
1559 1205 1779 1260 sperare

201 1283 546 1350 compererit,
585 1290 639 1336 et
676 1282 891 1351 pupillis
932 1282 1037 1335 tuis
1077 1283 1271 1336 tribuet
1314 1291 1532 1351 paterna
1585 1282 1780 1350 pietate

202 1369 529 1437 praesidium,
564 1379 620 1425 et
660 1381 710 1424 te
743 1370 1174 1425 remuneratione
1207 1370 1402 1439 judicis
1431 1372 1684 1440 perducet
1712 1371 1779 1425 ad

203 1477 501 1529 premium.

811 1571 1025 1625 EPIST.
1070 1570 1186 1627 XV.

238 1682 464 1755 Domino
494 1693 668 1755 sancto
698 1694 745 1737 et
774 1687 1053 1749 apostolico
1090 1702 1149 1738 ac
1179 1687 1304 1738 mihi
1335 1702 1442 1755 pra:
1469 1688 1661 1740 ca'teris
1692 1688 1743 1740 in

309 1754 518 1826 Christo
547 1754 766 1806 Domino
805 1758 941 1807 cultu
982 1755 1264 1822 alfectuque
1300 1754 1606 1826 peculiarius
1635 1774 1782 1811 exco-

308 1825 467 1905 lendo
498 1834 711 1893 patrono
732 1836 776 1877 et
814 1841 959 1894 βψω
987 1834 1012 1861 ⁸
1036 1826 1231 1879 ίΕοιιὶο
1273 1825 1509 1897 episcopo
1546 1828 1785 1881 Ruricius

308 1910 604 1962 episcopus.

285 2006 431 2057 Ante
477 2019 698 2072 paucum
745 2013 956 2070 tempus
1004 2005 1205 2060 litteras
1250 2019 1445 2062 vestrae
1493 2010 1790 2064 sanctitatis

204 2099 413 2162 accepi,
445 2096 630 2162 quibus
652 2098 811 2149 etiam
842 2097 910 2151 de
939 2096 1337 2153 inofltciositate
1369 2103 1498 2153 tanti
1532 2101 1790 2155 habuistis

205 2184 555 2239 allectuosius
600 2200 981 2252 commonere,
1031 2189 1273 2244 dicentt-s
1322 2205 1337 2241 :
1384 2190 1523 2245 Nihil
1570 2193 1791 2248 caritate

209 2277 571 2343 praestantius.
601 2277 752 2342 Quod
791 2293 891 2345 ego
939 2280 1093 2335 valde
1138 2297 1320 2336 verum
1350 2298 1469 2337 esse
1507 2287 1787 2355 conﬁrmo,

205 2377 255 2421 et
305 2370 601 2422 secundum
632 2370 968 2436 Apostolum,
1012 2371 1156 2426 illam
1197 2374 1471 2429 caritatem
1510 2376 1630 2431 dico
1673 2392 1793 2433 esse

208 2458 504 2527 perfectam
543 2470 595 2514 et
623 2460 926 2525 sublimem,
969 2478 1081 2531 qua!
1109 2466 1171 2516 de
1218 2466 1370 2519 corde
1394 2482 1544 2535 puro.
1597 2478 1642 2520 et
1674 2485 1795 2520 con-

206 2552 430 2606 scientia
460 2554 607 2617 bona,
654 2562 700 2606 et
731 2554 831 2621 ﬁde
873 2570 974 2607 non
1006 2556 1126 2623 [icta
1156 2559 1382 2623 procedit
1413 2557 1467 2629 (Ι
1490 2558 1624 2612 Tim.
1650 2577 1686 2625 I,
1714 2562 1789 2631 5),

208 2657 357 2708 qus.
381 2640 528 2710 juxta
558 2642 799 2696 eumdem
828 2646 1165 2710 Apostolum,
1214 2649 1408 2715 patiens
1437 2660 1529 2713 est,
1580 2651 1795 2720 benigna

208 2746 308 2800 est,
365 2752 479 2802 qua
527 2753 627 2790 non
674 2738 916 2803 inﬂatur,
981 2755 1082 2791 non
1129 2741 1418 2805 temulatur,
1470 2759 1569 2795 non
1615 2746 1795 2812 quterit

209 2841 333 2894 qua:
357 2843 450 2879 sua
478 2835 617 2888 sunt,
643 2844 743 2880 non
770 2830 955 2895 gaudet
999 2845 1147 2897 super
1191 2832 1476 2899 iniquitate,
1510 2835 1795 2903 congaudet

210 2927 386 2969 autem
434 2918 651 2981 veritati,
703 2919 875 2971 omnia
926 2919 1111 2987 credit,
1166 2922 1337 2975 omnia
1374 2932 1545 2989 sperat
1588 2923 1641 2994 (1
1673 2924 1795 2980 Cor.

212 3023 337 3071 xnt,
376 3007 409 3059 ι
452 3008 607 3077 seq.).
665 3008 731 3062 Et
784 3010 907 3064 inde
960 3020 1061 3075 est,
1112 3012 1253 3080 quod
1304 3028 1572 3083 nunquam
1620 3014 1792 3069 cadet.

1872 456 2136 525 corporali
2182 455 2408 522 visione,
2460 472 2565 512 non
2613 460 2799 528 minui,
2841 473 2896 518 et
2936 479 3179 524 crescere
3225 471 3438 543 intuitu,

1873 562 1992 617 qua:
2017 547 2178 616 coepit
2206 546 2389 600 affatu.

2470 661 2684 716 EPIST.
2726 662 2865 718 XVI.

1880 750 2097 804 Domino
2138 751 2338 805 sublimi
2380 769 2671 829 setttpcrque
2711 758 2981 829 magniﬁco
3021 761 3171 829 fratri
3202 762 3446 820 Turencio

2389 822 2628 876 Ruricius
2657 822 2941 895 episcopus.

1950 911 2127 982 Exigit
2187 913 2403 968 solliciti
2456 916 2633 970 cordis
2690 918 2944 986 affectus,
3003 930 3059 975 ut
3109 923 3449 993 imperitioris

1881 1013 2155 1070 promatur
2184 1005 2404 1060 affatus:
2448 1007 2857 1067 necperubescit
2908 1014 3220 1070 rusticitatis
3258 1031 3451 1086 oppro-

1882 1096 2079 1163 brium,
2124 1095 2415 1150 dummodo
2443 1098 2658 1165 imp'eat
2698 1103 2934 1155 caritatis
2964 1104 3268 1172 imperium.
3303 1110 3451 1161 bicut

1882 1196 2097 1241 Sanctus
2132 1187 2405 1253 apostolus
2453 1188 2484 1241 d
2510 1188 2618 1241 cit:
2656 1188 2890 1259 Perfecta
2927 1195 3112 1247 caritas
3134 1204 3271 1259 [oras
3300 1200 3451 1252 mittit

1884 1278 2112 1330 timorem
2154 1276 2215 1346 (1
2244 1277 2400 1330 Joan.
2433 1294 2502 1343 tv,
2562 1280 2669 1345 l8).
2728 1282 2858 1346 Quia
2914 1283 3067 1351 longe
3126 1288 3314 1340 melius
3372 1300 3455 1344 est

1886 1370 2183 1433 proximum
2213 1368 2433 1435 diligere
2455 1371 2661 1422 sincere
2694 1386 2850 1438 quam
2878 1374 3167 1441 praedicare
3199 1378 3451 1444 perfecte.

1885 1460 2156 1526 Siquidem
2200 1462 2368 1512 multo
2407 1461 2582 1526 plures
2623 1459 2961 1517 inveniuntur
3009 1466 3058 1519 in
3106 1472 3303 1525 mundo
3343 1474 3456 1527 elo-

1884 1550 2118 1616 quentiae
2149 1550 2329 1618 lepore
2360 1552 2562 1616 prtediti
2595 1568 2750 1619 quam
2789 1555 3087 1609 dilectionis
3119 1560 3297 1628 vigore
3337 1578 3457 1630 per-

1887 1640 2031 1695 fecti.
2072 1641 2204 1707 Quia
2246 1645 2382 1696 sicut
2411 1644 2549 1709 qnod
2590 1645 2785 1698 bonum
2825 1659 2907 1699 est
2938 1663 3114 1702 rarum
3146 1660 3247 1717 est,
3275 1653 3342 1705 ita
3374 1670 3457 1706 ar-

1811 1730 2048 1793 Bduum
2071 1732 2211 1798 quod
2256 1742 2535 1786 internum.
2581 1734 2833 1789 Proclivis
2874 1752 3127 1808 namque,
3172 1742 3325 1807 juxta
3352 1744 3457 1796 Dn-

1890 1825 2017 1878 mini
2060 1827 2399 1891 sententiam,
2435 1837 2485 1879 et
2532 1828 2651 1880 trita
2685 1829 2765 1881 via
2798 1840 2878 1882 est
2909 1847 3027 1900 qua:
3068 1837 3360 1902 prtecijitat
3406 1839 3457 1893 in

1888 1916 2214 1983 gehennam;
2272 1916 2469 1969 atctior
2513 1932 2639 1970 vero
2667 1927 2722 1971 et
2768 1919 3032 1975 difficilior
3056 1940 3174 1992 qua:
3212 1927 3462 1982 sublimat

1889 2006 1953 2059 ad
1979 2006 2221 2075 gloriam.
2253 2008 2381 2070 Quae
2412 2010 2607 2061 causa?
2638 2007 2739 2061 nisi
2767 2012 2888 2077 quia
2917 2012 2998 2063 illa
3035 2016 3184 2067 mnlti
3215 2017 3463 2085 gradiun-

1892 2105 1996 2160 tur,
2026 2097 2123 2148 bac
2155 2097 2333 2163 pauci;
2356 2104 2411 2149 ct
2432 2096 2549 2149 ideo
2580 2098 2894 2154 imminente
2918 2101 3026 2169 jam
3063 2109 3337 2169 praesentis
3364 2112 3463 2164 aevi

1891 2187 2141 2250 termino,
2179 2196 2233 2239 et
2275 2188 2403 2241 senii
2440 2188 2527 2241 die
2558 2204 2931 2260 usquequaque
2960 2194 3159 2259 vicino,
3198 2198 3337 2253 sicut
3368 2216 3466 2255 nos

1890 2280 2048 2330 etiam
2076 2277 2233 2330 deoct
2256 2278 2503 2332 caesaries
2524 2278 2767 2347 detonsa,
2800 2285 2877 2337 vel
2901 2289 3165 2353 convenit,
3196 2304 3263 2344 ne
3294 2290 3347 2343 in
3378 2307 3467 2346 ve-

1895 2368 2097 2421 teribus
2145 2383 2300 2422 anns
2342 2369 2594 2435 juvenilia
2645 2372 2778 2425 facta
2827 2375 3161 2443 meditemur,
3212 2392 3370 2449 atque
3414 2383 3468 2437 in

1892 2456 2137 2511 confeCto
2184 2473 2438 2526 corpore,
2480 2469 2533 2511 et
2582 2463 2742 2515 corde
2780 2463 3051 2533 decrepito
3094 2451 3468 2525 adolescentia:

1896 2556 2078 2614 regnet
2094 2547 2307 2611 cmitlo,
2331 2548 2396 2600 de
2412 2564 2513 2616 qua
2538 2550 2721 2616 jndicii
2744 2566 2981 2623 tempore
3011 2557 3063 2610 in
3088 2558 3177 2611 illo
3194 2560 3468 2615 tremendo

1896 2648 2109 2690 retenta;
2129 2638 2545 2704 dispensationis
2574 2646 2846 2709 examine,
2878 2648 3089 2712 quando
3120 2648 3209 2701 ille
3232 2648 3469 2703 omnium

1898 2729 2196 2783 mortalium
2222 2731 2374 2783 teStis
2400 2739 2453 2782 et
2485 2729 2648 2797 judex
2697 2748 2803 2785 non
2835 2735 3007 2788 solum
3046 2740 3230 2792 merita
3271 2739 3471 2807 ponde-

1896 2828 2107 2872 raturus
2136 2829 2189 2872 et
2222 2818 2380 2885 facta,
2407 2834 2586 2873 verum
2616 2822 2775 2875 etiam
2816 2825 2973 2878 \crba
3013 2838 3094 2881 est
3130 2829 3473 2889 discussurus

1898 2919 1951 2962 et
1998 2921 2137 2974 vcta,
2163 2910 2310 2976 juxta
2356 2910 2791 2978 pollicitationem
2832 2928 3006 2981 suam,
3066 2933 3218 2987 aqua:
3272 2921 3473 2992 frigidae

1902 2999 2197 3067 prtebitiotti
2227 3000 2446 3054 daturus
2475 3014 2555 3056 est
2588 3006 2860 3070 praemium
2886 3006 3100 3073 (Matth.
3133 3027 3185 3075 x,
3216 3012 3332 3081 41),
3354 3016 3475 3070 aliis

214 3097 434 3150 Patiens
462 3107 562 3162 est,
593 3098 714 3167 quia
743 3109 926 3154 contra
955 3103 1274 3157 tentationes
1317 3104 1497 3157 saeculi
1541 3106 1622 3160 vel
1665 3122 1787 3174 pro-
1815 3102 1860 3163 C
1894 3092 1959 3145 de
1989 3093 2144 3145 οίίοεί
2177 3093 2324 3147 verbi
2353 3093 2565 3147 'Wi‘a'e
2592 3096 2940 3164 δυΡΡῘῘνίυῐηῖ
2972 3116 3092 3156 r(30$
3121 3119 3220 3157 n05
3244 3106 3343 3160 ειεί
3368 3122 3473 3160 non

215 3187 380 3240 cellas
423 3187 476 3239 in
520 3188 682 3241 Deum
730 3188 905 3242 defixa
956 3199 1156 3258 perstat
1197 3191 1514 3258 immobilis;
1566 3195 1790 3265 benigna

218 3288 321 3341 est,
366 3278 487 3346 quia
537 3279 899 3347 proximorum
949 3282 1273 3349 profectibus
1322 3284 1640 3349 delectatur;
1688 3305 1794 3343 non

222 3369 463 3432 inﬂatur,
493 3372 611 3438 quia
659 3386 762 3424 non
808 3374 1048 3439 superbit
1091 3374 1303 3441 humili;
1339 3392 1443 3430 non
1493 3378 1792 3445 tumulatur,

223 3461 341 3528 quia
391 3460 628 3515 invidere
675 3463 843 3516 nescit
881 3465 1108 3531 aequali;
1160 3481 1265 3519 mn
1310 3468 1500 3535 quierit
1537 3483 1655 3538 qua)
1700 3484 1794 3523 Sua

226 3561 364 3617 sunt,
394 3553 520 3606 dum
546 3553 698 3621 juxta
726 3554 931 3607 Domini
973 3558 1290 3610 sententiam
1321 3558 1421 3611 sibi
1451 3563 1610 3612 etiam
1644 3559 1798 3613 mini-

228 3659 342 3698 mos
376 3646 673 3713 anteponit,
714 3656 767 3699 et
791 3647 1016 3701 aliorum
1057 3648 1337 3702 commoda
1374 3650 1487 3703 suis
1534 3660 1799 3703 mercatur

232 3735 608 3799 incommodis;
643 3752 749 3789 non
780 3737 974 3804 gaudet
1011 3752 1171 3801 super
1218 3739 1514 3808 iniquitate,
1547 3741 1667 3807 quia
1709 3742 1801 3793 la»

236 3824 329 3877 tari
369 3824 472 3878 nisi
500 3827 721 3879 fratrum
756 3828 1107 3894 prosperitate
1139 3842 1242 3882 non
1276 3830 1455 3893 novit;
1504 3830 1803 3899 congaudet

236 3926 399 3970 autem
427 3919 661 3983 veritati,
688 3920 808 3987 quia
836 3920 1061 3973 amicum
1096 3921 1323 3983 sincera,
1356 3937 1460 3975 non
1508 3923 1676 3978 fucata
1718 3924 1798 3979 di-

235 4007 456 4062 lectione
491 4018 797 4070 veneratur,
842 4023 939 4062 nec
979 4009 1108 4063 falsa
1145 4009 1449 4066 adulatione
1488 4013 1800 4078 subsannat,

238 4099 320 4152 sed
346 4114 473 4153 vero
502 4099 707 4153 honore
738 4100 1097 4154 canceﬂcbrat.
1143 4100 1332 4154 Omnia
1374 4104 1563 4168 credit,
1599 4108 1719 4171 quia
1753 4108 1803 4158 in

238 4188 415 4243 divinis
438 4190 703 4243 mandatis
723 4191 1103 4260 promissisque
1136 4192 1375 4259 conlidit,
1398 4203 1450 4246 et
1484 4194 1605 4248 ideo
1628 4198 1805 4249 omnia

240 4281 488 4347 speravit,
544 4282 669 4350 quia
723 4295 819 4350 pro
871 4281 1106 4335 minimis
1160 4298 1371 4353 magna,
1434 4300 1531 4353 pro
1587 4286 1807 4340 caducis

241 4384 507 4441 perpetua,
534 4389 634 4441 pro
671 4368 1052 4443 temporalibus
1083 4383 1282 4429 interna
1321 4376 1421 4430 sibi
1465 4377 1804 4432 retribuenda

1894 3184 1961 3237 de
1993 3188 2277 3252 perpetrati
2316 3184 2562 3238 facinoris
2595 3187 2884 3253 voluptate,
2930 3191 3119 3245 saltem
3160 3198 3228 3248 de
3273 3210 3472 3250 concu-

1897 3275 2164 3340 pisct-ntiue
2195 3274 2465 3327 voluntate
2496 3278 2803 3330 constituat.
2851 3280 2983 3344 Quia
3009 3283 3094 3347 qui
3129 3284 3309 3337 uiderit
3354 3303 3472 3338 mu-

1896 3368 2069 3419 lierem
2091 3366 2156 3416 ad
2186 3368 2662 3436 concupiscendum,
2702 3370 2811 3435 jam
2848 3371 3121 3427 moechatus
3163 3384 3237 3428 est
3273 3392 3386 3430 eam
3424 3378 3477 3429 in

1897 3458 2048 3510 corde
2083 3475 2177 3510 suo
2211 3458 2423 3527 (Matth.
2458 3475 2507 3522 v,
2540 3458 2653 3529 28).
2693 3461 2842 3527 Quod
2865 3474 2917 3516 et
2956 3478 3022 3517 oe
3051 3466 3209 3519 rebus
3233 3467 3477 3521 omnibus

1898 3551 2017 3604 abis
2067 3552 2317 3604 similiter
2361 3552 2650 3605 observare
2704 3568 2799 3606 nos
2842 3556 3114 3618 convenit,
3160 3565 3218 3610 ut
3256 3558 3478 3626 singulis

1898 3640 2217 3707 appetentius
2252 3643 2489 3708 partibus
2525 3643 2806 3697 imbecillis
2839 3644 2996 3712 hujus
3023 3648 3265 3713 corporis
3292 3665 3481 3717 ampu-

1902 3731 2024 3784 tatis
2054 3731 2245 3783 talibus
2286 3731 2561 3795 membris,
2587 3734 2663 3785 sic
2695 3734 2920 3800 debiles,
2958 3749 3009 3790 et
3048 3745 3222 3793 tamen
3264 3739 3477 3812 integri,

1904 3820 2079 3890 potius
2110 3820 2435 3874 introeatnus
2477 3822 2528 3875 in
2563 3837 2806 3892 regnum,
2831 3839 2988 3891 quam
3026 3827 3185 3895 salvi,
3218 3838 3274 3883 et
3302 3839 3478 3885 tamen

1905 3912 2120 3979 perditi,
2153 3912 2203 3963 in
2234 3923 2491 3964 aiternum
2517 3914 2858 3980 projiciamur
2882 3915 3206 3972 incendium.
3240 3920 3334 3974 liis
3360 3937 3480 3975 om-

1907 4004 2062 4056 nibus
2098 4003 2380 4055 salubriter
2409 4011 2743 4069 pertractatis
2770 4020 2823 4059 et
2867 4009 2967 4061 rite
3014 4015 3326 4078 perspectis,
3356 4014 3481 4066 dum

1909 4094 2211 4147 tribuuntur
2257 4094 2499 4157 induciae,
2548 4095 2874 4151 declinemus
2918 4112 2947 4150 a
2991 4099 3153 4163 malo,
3185 4111 3238 4155 et
3285 4102 3483 4157 bonum

1909 4185 2241 4238 inces~anter
2280 4198 2565 4252 operemur
2608 4183 2747 4255 (Gal.
2805 4203 2879 4251 vt,
2934 4190 3052 4256 l0);
3108 4191 3486 4247 obliviscamur

1913 4276 2203 4343 prmterita,
2229 4288 2634 4331 contemnamus
2661 4281 2962 4348 praesentia,
2992 4280 3169 4335 lutura
3188 4284 3482 4351 cupiamus,

1914 4370 2289 4421 obliviscamur
2316 4372 2367 4420 in
2398 4368 2571 4433 factis,
2603 4374 2945 4427 recordemur
2970 4373 3021 4426 in
3046 4375 3404 4441 conscientiis,
3432 4388 3489 4431 ut.

243 4479 338 4517 non
365 4462 606 4534 ambigit.
652 4463 930 4533 Nunquam
958 4466 1131 4529 cadit;
1159 4467 1280 4536 quia
1312 4467 1585 4521 humilitas
1617 4470 1809 4523 habere
1839 4470 1888 4526 ι)
1914 4475 2071 4513 omne
2104 4471 2373 4525 peet-atnm
2406 4463 2557 4513 nobis
2589 4464 2846 4515 meriatur
2874 4464 2925 4516 in
2958 4463 3084 4530 vita,
3119 4467 3258 4519 vivat
3295 4466 3349 4520 in
3378 4481 3492 4537 pte-

245 4568 339 4607 non
377 4562 552 4622 potest
593 4569 799 4618 casum,
841 4569 963 4607 cum
1006 4554 1199 4609 habeat
1245 4570 1461 4626 semper
1501 4571 1806 4621 ascensum,

244 4658 291 4698 et
327 4660 444 4699 cum
488 4646 686 4715 jugiter
725 4647 937 4701 excelsa
990 4647 1295 4713 meditetur,
1351 4649 1590 4703 habitare
1634 4661 1811 4704 tamen

248 4736 293 4788 in
328 4736 637 4790 sublimibus
677 4751 783 4790 non
813 4737 1116 4805 praesumit;
1163 4752 1283 4792 cum
1333 4740 1670 4793 conversatio
1699 4739 1814 4807 ejus

250 4828 495 4880 habeatur
526 4831 577 4879 in
606 4828 779 4893 caelis,
816 4828 928 4895 ipsa
963 4837 1137 4881 tamen
1166 4827 1374 4882 videtur
1400 4828 1676 4884 adhaerere
1709 4838 1817 4882 ter-

250 4922 413 4985 renis;
460 4922 679 4975 excelsa
725 4935 887 4988 opera
937 4930 1113 4975 mente
1160 4920 1364 4989 dejecta
1418 4922 1641 4984 habens,
1682 4921 1819 4975 unde

250 5014 496 5078 glorietur
526 5014 577 5066 in
606 5014 854 5079 Domino,
886 5029 983 5066 nec
1012 5023 1186 5066 tamen
1213 5013 1499 5067 extollatur
1522 5014 1572 5066 in
1598 5016 1815 5069 saeculo.

255 5103 369 5157 llaec
390 5107 507 5173 quia
528 5105 733 5173 jussisti
760 5106 1014 5169 scribere,
1041 5121 1144 5159 non
1169 5120 1263 5174 pro
1287 5106 1589 5161 eruditione
1612 5116 1819 5169 nostra,

258 5196 337 5247 sed
363 5210 460 5263 pro
484 5196 790 5265 dignatione
815 5205 1015 5261 vestra,
1045 5197 1379 5265 praesumpsi.
1412 5195 1661 5250 Vestrum
1694 5210 1823 5250 vero

257 5295 444 5340 estnos
464 5286 691 5341 educere
719 5287 917 5351 verbis,
942 5295 997 5340 et
1020 5287 1085 5340 ad
1112 5289 1249 5339 hanc
1277 5285 1520 5341 eamdem
1550 5287 1821 5342 caritatem

259 5392 533 5443 provocare
560 5393 779 5449 semper
806 5379 1087 5447 exemplis.
1127 5377 1259 5445 Quia
1290 5378 1529 5444 dilectio,
1558 5393 1674 5448 quae
1702 5388 1827 5436 ante

257 5470 599 5539 cognitionem
664 5481 850 5525 mutuo
892 5474 1032 5526 inter
1072 5473 1325 5526 absentes
1381 5470 1692 5540 epistolario
1739 5472 1822 5526 in-

322 5656 345 5683 ⁸
375 5650 668 5721 Episcopus
694 5648 793 5704 fuit
815 5650 1140 5707 Arelatensis
1162 5652 1230 5708 de
1251 5668 1357 5723 quo
1382 5651 1541 5722 epist.
1569 5650 1623 5705 8.
1647 5647 1805 5702 BASN.

1917 4552 2169 4605 nitentia:
2204 4567 2341 4603 nunc
2368 4553 2693 4605 St-tninetnus
2726 4552 2784 4605 in
2808 4554 2954 4619 ﬂetu,
2983 4558 3122 4624 quod
3154 4560 3488 4624 postmodum

1919 4656 2178 4696 metamus
2212 4644 2263 4695 in
2294 4644 2501 4711 gaudio.
2530 4644 2659 4709 Quia
2693 4654 2901 4711 tempus
2942 4647 3097 4713 hujus
3120 4649 3243 4703 vita:
3280 4659 3493 4720 tempus

1918 4750 1949 4789 e
1982 4744 2001 4787 t
2028 4735 2223 4800 operi“,
2251 4736 2363 4786 dies
2390 4750 2516 4786 vt-ro
2548 4734 2909 4791 retributionis
2936 4750 3142 4806 tempus
3167 4750 3248 4794 est
3282 4743 3488 4808 messis,

1920 4827 2132 4895 quando
2171 4826 2287 4879 sine
2325 4825 2484 4878 dubio
2527 4825 2626 4879 hoc
2655 4829 2940 4897 unicuique
2970 4832 3243 4897 apparebit
3289 4832 3343 4886 in
3378 4849 3495 4902 ger-

1925 4919 2087 4978 mine,
2116 4917 2259 4983 quod
2286 4931 2424 4970 nunc
2448 4929 2647 4985 spargat
2676 4917 2727 4971 in
2758 4920 2979 4973 semine.
3013 4920 3158 4975 Sicut
3188 4922 3260 4975 ait
3282 4925 3496 4992 quidam

1922 5024 1947 5063 s
1966 5022 2224 5063 uictorum
2253 5027 2265 5061 :
2301 5008 2640 5078 Respondth
2670 5011 2793 5062 milti
2822 5027 2937 5064 cras
2965 5013 3171 5083 justitia
3210 5031 3319 5068 mea
3346 5013 3498 5085 (Cen.

1930 5119 2056 5166 xxx,
2087 5103 2196 5173 53).
2229 5104 2360 5156 Cras
2387 5103 2569 5171 utique
2595 5103 2734 5156 diem
2768 5105 3177 5159 resurrectionis
3205 5107 3496 5175 appellans.

1932 5194 2055 5248 Η.ιο
2081 5210 2194 5251 vos.
2227 5195 2418 5247 fratres
2440 5194 2643 5260 optimi,
2684 5211 2787 5247 non
2833 5196 3120 5263 pontificali
3166 5200 3500 5261 auctoritate,

1930 5288 2023 5341 sed
2082 5286 2313 5341 fraterna
2374 5288 2566 5354 pietate
2622 5286 2845 5341 lidcnter
2885 5289 3123 5344 scribere
3171 5288 3500 5342 unanimitati

1933 5390 2144 5442 vestrm,
2168 5378 2393 5433 critate
2422 5378 2681 5443 dictante,
2714 5381 3172 5449 praesumpsimus,
3204 5382 3291 5447 qui
3318 5387 3376 5432 ut
3412 5392 3501 5432 vo-

1935 5472 2017 5527 b.s
2043 5472 2126 5527 vel
2150 5471 2289 5527 circa
2318 5486 2413 5527 vos
2444 5487 2552 5526 non
2599 5471 2874 5527 dictatoris
2915 5471 3208 5540 ingenium,
3263 5469 3356 5525 sed
3390 5485 3509 5541 ger-
