4022 6168
486 264 556 322 99
1818 238 2070 297 RURICII
2112 235 2411 294 EPISCOPI

488 376 629 434 mani
671 374 1019 445 probaremus
1060 366 1328 421 affectum.
1361 360 1600 417 Salutem
1638 356 1817 425 itaque
1862 354 2065 445 dicens,
2098 359 2150 417 Α

490 482 640 537 rogo,
676 443 813 519 sicut
855 460 1164 530 promittere
1219 452 1419 522 dignati
1458 450 1611 513 estis,
1670 448 1864 501 librum
1914 443 2067 498 nobis

491 535 858 623 SdAugustini
889 549 955 604 de
999 548 1211 601 Civilate
1258 542 1348 595 Dei
1382 555 1475 608 per
1524 536 1840 608 portitorem
1882 535 2068 588 harum

491 655 606 704 sine
632 648 887 701 dilatione
908 640 1150 697 mittatis.
1186 636 1348 704 Cujus
1378 633 1503 687 dum
1538 644 1637 684 nos
1669 628 1899 682 lectione
1943 627 2072 681 tedi-

494 741 660 793 ticatis
703 739 755 792 in
800 735 982 799 terris,
1015 729 1166 783 vobis
1210 725 1449 795 ejusdem
1490 720 1722 776 civitatis
1771 718 2071 773 habitacu'a

495 827 806 897 praeparetis
832 826 886 878 in
914 820 1088 885 cmlis,
1111 817 1175 871 ad
1206 829 1363 885 quam
1398 823 1574 865 tanien
1604 811 1761 863 aliter
1790 807 2075 875 pervenire

499 896 929 987 nonpossumus,
954 908 1060 964 nisi
1086 904 1323 961 caritatis
1350 901 1604 973 gradibus
1623 896 2073 953 conscendamus.

497 985 767 1078 Quia—ipsa
798 1014 881 1058 est
908 999 1231 1057 eminentior
1258 995 1364 1061 via,
1393 1007 1515 1061 quae
1544 1005 1642 1045 vos
1662 998 1718 1044 et
1742 988 1793 1041 in
1819 988 1917 1040 hac
1932 985 2081 1053 posi-

499 1074 581 1154 tos
603 1074 769 1152 sociat
797 1096 929 1159 Deo,
977 1102 1031 1146 et
1060 1090 1127 1144 de
1166 1086 1336 1155 posita
1370 1080 1608 1150 perducit
1654 1078 1720 1132 ad
1764 1077 1952 1130 Deum.
2006 1074 2081 1126 De

500 1206 601 1260 qua
627 1190 783 1244 etiam
827 1185 1082 1255 propheta
1122 1185 1373 1234 testatur:
1397 1172 1671 1227 Ambulant
1714 1170 1777 1222 de
1808 1169 1988 1221 virtute
2028 1166 2081 1216 in

502 1258 734 1334 uirtutem
752 1296 769 1341 ;
786 1273 1035 1329 videbitur
1058 1268 1195 1323 Deus
1214 1269 1420 1320 deorum
1438 1266 1489 1316 in
1511 1262 1641 1317 Sion
1665 1258 1835 1330 (Psal.
1855 1270 2079 1320 cxxxm,

501 1373 579 1437 8).
603 1368 957 1433 Quamobrem
992 1363 1076 1416 hic
1097 1360 1320 1429 collyrio
1346 1356 1610 1410 bonorum
1650 1365 1871 1419 operum
1898 1347 2084 1437 oculos

502 1436 679 1515 cordis
706 1470 976 1517 acuamus,
1007 1464 1062 1504 ut
1090 1451 1195 1503 illic
1225 1449 1388 1501 Deum
1414 1444 1596 1498 videre
1620 1441 1907 1510 pOSsimus.
1941 1436 2080 1502 Quia

505 1548 793 1605 secundum
842 1541 1205 1610 Evangelium,
1239 1536 1386 1589 Beati
1418 1532 1608 1587 mundo
1639 1531 1811 1593 corde,
1845 1527 2088 1597 quoniam

509 1642 674 1696 Deum
703 1638 935 1692 videbunt
969 1633 1182 1702 (ΜιιιιΙι.
1203 1647 1261 1696 v,
1288 1630 1364 1696 8).
1396 1628 1474 1681 Ac
1503 1624 1726 1694 proinde
1755 1629 1967 1691 Oportet
2005 1618 2090 1671 hic

508 1730 781 1787 interioris
808 1727 1038 1780 hominis
1074 1728 1407 1789 praeparetur
1442 1717 1685 1779 intuitus,
1727 1726 1784 1767 ut
1825 1712 1940 1768 illic
1983 1724 2088 1765 non
2121 1718 2168 1778 Β

517 1820 838 1874 hebetentur
863 1816 1099 1868 obtutus.

1090 1938 1308 1994 EPIST.
1349 1934 1513 1990 XVII.

514 2041 734 2096 Domino
777 2047 949 2091 sancto
979 2051 1039 2086 ac
1074 2031 1354 2085 beatissimo
1406 2036 1454 2081 et
1500 2025 1628 2078 mihi
1663 2021 1913 2096 peculiari
1956 2020 2097 2096 cultu

584 2110 869 2230 u/fectuzne
890 2104 1187 2186 specialiter
1223 2097 1500 2153 excolendo
1534 2110 1683 2167 papa:
1715 2102 1740 2129 ⁸
1777 2092 1968 2146 Sedulo
1994 2094 2101 2161 epi-

587 2196 739 2230 scono
822 2191 1007 2229 unctus
1030 2186 1317 2230 episcopus.

587 2196 739 2249 scopo
771 2186 1007 2230 [iunctus
1030 2186 1317 2241 episcopus.

589 2286 824 2353 Culpatis
854 2300 939 2338 me
982 2282 1201 2350 saepius,
1248 2289 1302 2335 et
1338 2276 1582 2332 crebrius
1624 2273 1919 2343 imptttatis,
1961 2287 2043 2338 qui
2069 2270 2100 2324 d

519 2380 807 2435 inilividuae
835 2375 963 2429 mihi
993 2375 1047 2427 in
1072 2372 1287 2426 Christo
1314 2369 1542 2422 Domino
1564 2364 1880 2419 beatitudini
1910 2370 2104 2416 vestra:

519 2473 794 2540 hucusque
824 2485 927 2523 non
958 2463 1290 2534 scripserim.
1324 2460 1540 2516 Utinam
1570 2458 1649 2512 sic
1687 2466 1831 2511 esset
1880 2454 2103 2509 facultas

520 2563 767 2622 faciendi.
800 2564 937 2613 sicut
959 2568 1044 2612 est
1069 2555 1315 2609 voluntas
1344 2550 1636 2611 scribendi,
1665 2557 1719 2602 et
1741 2547 1958 2609 caritas,
1987 2558 2106 2613 qua

520 2654 683 2710 cerde
703 2650 1023 2718 Concipitur,
1047 2662 1141 2701 ore
1165 2655 1461 2714 promatur.
1482 2640 1587 2695 Sed
1612 2639 1701 2692 ubi
1721 2638 1874 2692 deest
1893 2637 2105 2701 effatus,

521 2747 644 2801 silet
672 2743 913 2805 alfectus,
942 2749 997 2793 et
1021 2740 1157 2791 intra
1189 2735 1423 2790 latebras
1454 2731 1685 2801 pectoris
1730 2738 1983 2784 contenta
2025 2737 2109 2782 est

523 2836 605 2889 sui
634 2830 982 2897 conscientia,
1012 2844 1070 2883 se
1092 2843 1195 2882 non
1215 2840 1331 2879 esse
1363 2825 1416 2877 in
1443 2822 1729 2876 dilectione
1754 2819 2101 2888 culpabilem,

526 2926 625 2982 etsi
659 2925 711 2977 in
742 2921 1041 2976 officiorum
1089 2916 1446 2972 redhibitione
1484 2927 1543 2967 se
1579 2926 1687 2967 non
1718 2912 1892 2965 cernit
1937 2922 2113 2975 :equa-

528 3016 653 3069 lem.
682 3012 815 3079 Quia
856 3008 1098 3071 conlidit,
1126 3006 1264 3077 quod
1300 3005 1441 3060 sicut
1488 3003 1601 3071 ipsa
1639 3015 1877 3055 amorem
1927 2998 2107 3051 fratris

3648 219 3756 272 1Οο

2736 342 2949 398 EPIST.
2991 339 3178 397 XVIII.

2523 438 2717 491 Sancto
2736 434 2969 488 Ruricius
2987 434 3143 485 cliens
3161 439 3396 497 patrono.

2387 529 2602 591 Sedato,
2631 525 2853 579 monitis
2884 538 3076 592 parens
3108 522 3362 590 patern's,

2384 598 2571 652 Grates
2592 595 2846 658 concinit,
2874 603 2927 647 et
2957 594 3113 647 refe-rt
3149 592 3395 642 salutem.

2384 670 2550 732 Quem
2581 666 2741 718 bland
2766 680 2791 717 s
2828 656 3072 732 precibus
3101 671 3273 727 rogat,
3311 656 3567 720 timendo,

2384 738 2460 791 Ne
2483 737 2595 791 fors
2619 735 2896 802 diSpliCeat
2927 733 3057 786 levis
3087 746 3349 802 canueua,

2389 807 2544 860 Tanti
2571 801 2769 873 judicio
2798 805 2971 873 minor
2998 801 3252 873 magistri.

2390 879 2499 929 lloc
2528 868 2586 929 tti
2606 874 2891 928 luminibus
2920 872 3091 925 libens
3115 868 3142 907 ι’
3174 883 3407 931 reversa,

2393 946 2505 1000 Hoc
2532 947 2732 1000 sanctis
2763 944 3005 997 manilius
3031 942 3277 1007 [retinens
3310 939 3539 999 ri-volve,

2393 1018 2503 1069 Hoc
2529 1028 2583 1068 tu
2615 1015 2741 1068 dum
2767 1015 2985 1079 relegis,
3014 1027 3114 1063 mei
3148 1020 3435 1071 memento,

2401 1086 2482 1140 hie
2504 1101 2666 1152 setnp«
2689 1100 2715 1137 r
2739 1083 2957 1145 recolat,
2981 1089 3240 1147 canatque
3275 1080 3471 1144 lingua,

2400 1160 2461 1209 Et
2489 1171 2638 1215 mens
2664 1169 2749 1207 me
2782 1164 2811 1204 tt
2836 1163 2977 1217 neat,
3007 1164 3168 1216 sopor
3196 1159 3442 1211 retentet,

2395 1226 2475 1278 Me
2497 1240 2706 1292 semper
2732 1224 2933 1277 recinat
2960 1232 3105 1273 tuum
3128 1218 3401 1292 labellum.

2406 1296 2511 1347 Hos
2540 1304 2592 1347 tu
2617 1290 2920 1346 ivisceribns
2948 1292 3049 1355 piis
3079 1290 3327 1341 reconde.

2401 1365 2507 1418 llos
2536 1372 2674 1417 tecto
2705 1362 2967 1420 residens.
2996 1360 3239 1425 viamque
3267 1372 3513 1425 carpens,

2410 1436 2516 1487 llos
2550 1437 2685 1487 inter
2715 1432 2932 1494 calices,
2963 1429 3077 1481 foro
3106 1430 3441 1493 recumbens,

2411 1506 2476 1557 Et
2505 1516 2691 1570 parcas
2717 1501 2902 1569 epulas
2932 1500 3187 1570 cibosnue
3214 1498 3416 1570 dulces,

2402 1568 2572 1627 Ant‘ro
2598 1568 2826 1639 pectoris
2851 1579 2905 1623 et
2935 1569 3163 1622 medulla
3196 1568 3375 1621 cordis

2404 1646 2643 1697 Inclusos
2672 1646 2860 1703 recita,
2888 1650 3113 1693 canente
3139 1646 3338 1697 mente.

2407 1715 2496 1768 Sic
2524 1728 2622 1765 nos
2650 1722 2705 1765 et
2740 1722 2951 1763 mutuos
2984 1710 3161 1761 videre
3191 1712 3389 1771 vultus,

2413 1786 2479 1838 Et
2498 1782 2636 1835 vivis
2663 1781 2858 1834 tribuat
2889 1780 3085 1833 referre
3115 1777 3315 1842 verbis,

2410 1856 2540 1920 Quae
2572 1866 2712 1904 nunc
2740 1850 2923 1903 intima
2950 1849 3181 1920 pectoris
3211 1848 3449 1915 fatigant,

2413 1919 2656 1991 Largitor
2684 1920 3085 1991 Deusgomuium
3118 1919 3403 1991 bonorum,

2417 1986 2659 2047 Christus
2681 2006 2802 2043 cum
2828 1989 2985 2042 Patre
3006 1986 3334 2055 sempiterno
3365 1999 3592 2052 regnans

2414 2066 2612 2118 Sancto
2642 2059 2862 2126 Spiritui
2889 2059 3171 2125 dignantes
3200 2057 3447 2127 hymnos.

2680 2127 2895 2183 Finiunt
2916 2144 3108 2182 tersus.

2789 2262 3008 2318 EPIST.
3048 2261 3186 2315 XIX.

2209 2366 2426 2420 Domino
2454 2364 3042 2433 individuoisemperque
3069 2363 3339 2432 magniﬁco
3369 2363 3477 2431 ﬁlio
3518 2372 3541 2401 ε
3573 2362 3790 2416 Rustico

2716 2432 2965 2488 Ruricius
2983 2438 3274 2503 episcopus.

2279 2545 2709 2617 lnquietudinem
2742 2544 2873 2600 mihi
2909 2547 2977 2601 ab
3011 2547 3151 2613 aliis,
3182 2555 3237 2601 et
3278 2546 3432 2599 vobis
3469 2559 3498 2598 a
3543 2560 3630 2601 me
3664 2544 3791 2600 facit

2208 2643 2441 2697 amicitia
2463 2640 2785 2696 communis.
2815 2641 2948 2706 Quia
2978 2641 3067 2710 qui
3102 2656 3185 2694 me
3212 2640 3350 2708 apud
3386 2654 3503 2701 vos,
3536 2654 3640 2693 non
3668 2639 3739 2692 dit
3759 2655 3792 2694 ο

2210 2734 2457 2800 multum,
2482 2734 2574 2787 sed
2621 2731 2800 2786 omnia
2830 2746 2988 2800 posse
3017 2729 3311 2793 confidunt,
3358 2730 3422 2783 ad
3450 2730 3790 2783 ecclesiolam

2210 2837 2445 2880 nostram
2474 2838 2571 2893 pro
2599 2838 2692 2878 sua
2732 2822 3018 2878 securitate
3043 2821 3377 2891 confugiunt.
3408 2821 3641 2885 Quorum
3682 2836 3791 2873 non

2212 2929 2427 2983 possum
2456 2929 2562 2968 non
2592 2923 2645 2968 et
2665 2912 2953 2967 condolere
2973 2913 3282 2981 gemitibus,
3308 2923 3362 2966 et
3387 2912 3635 2978 precibus
3661 2913 3795 2964 obe-

2212 3006 2352 3068 dire,
2382 3014 2441 3060 ut
2471 3020 2567 3074 pro
2597 3006 2831 3072 ipsorum
2853 3003 3069 3074 quidem
3102 3011 3274 3066 reatu,
3301 3002 3394 3057 sed
3416 3011 3472 3054 et
3494 3017 3589 3070 pro
3614 3010 3798 3056 vestro

529 3106 581 3159 in
613 3118 674 3159 se
695 3102 775 3156 sui
805 3100 1139 3169 conjectione
1169 3095 1476 3165 persentiat,
1512 3093 1585 3147 ita
1610 3102 1663 3147 et
1686 3091 1915 3159 diligens
1944 3090 2107 3143 fiater
2133 3067 2178 3127 (ἶ
2214 3097 2411 3163 pariter
2430 3067 2692 3164 profectu,
2714 3067 2958 3163 potesiati
2984 3102 3177 3149 vestra:
3204 3095 3455 3146 attentius
3480 3067 3800 3161 supplicem.

528 3210 650 3253 eum
689 3193 933 3249 similiter
971 3191 1140 3259 possit
1183 3204 1250 3244 ex
1292 3201 1386 3242 sua
1432 3185 1718 3240 dilectione
1759 3196 2104 3251 cognoscere.

529 3288 663 3352 Quia
694 3284 835 3338 nulla
862 3298 921 3336 re
960 3280 1151 3335 melius
1178 3279 1401 3333 aliorum
1427 3275 1667 3331 cordium
1696 3282 1923 3337 secreta,
1950 3286 2107 3338 quam

529 3390 846 3433 arcanorum
882 3384 1184 3427 nostrorum
1208 3368 1658 3436 contemplatione
1680 3363 1949 3420 metimur.
1972 3361 2111 3415 Tan-

531 3476 642 3520 tum
689 3465 829 3519 enim
863 3477 962 3516 nos
990 3460 1216 3515 caritate
1246 3457 1541 3527 diligimus.
1574 3454 1732 3509 Parui
1767 3457 1944 3523 itaque
1982 3451 2112 3519 peti-

532 3557 663 3613 tioni
688 3565 903 3617 vestrm,
938 3552 1084 3621 parui
1125 3550 1376 3619 jussioni,
1411 3556 1468 3603 ut
1495 3548 1970 3618 qualibuscumque
1998 3561 2113 3599 ser-

535 3650 778 3705 monibus
806 3655 1050 3701 eontexta
1090 3644 1241 3697 vobis
1269 3643 1465 3710 scripta
1498 3638 1949 3701 transmitterem;
1994 3652 2114 3706 qua:

534 3755 653 3808 vos,
682 3739 725 3793 si
757 3753 852 3791 nos
874 3736 1208 3803 simpliciter,
1236 3743 1296 3788 ut
1320 3731 1554 3796 confido,
1582 3730 1819 3798 diligitis,
1863 3738 1955 3782 ant
1986 3743 2115 3783 con-

536 3829 713 3885 festim
734 3826 1001 3890 delebilis,
1037 3839 1105 3879 ne
1133 3822 1273 3893 quod
1303 3822 1455 3876 vobis
1483 3820 1635 3873 cordi
1674 3828 1778 3882 est,
1818 3818 1937 3872 aliis
1984 3818 2115 3871 inci-

536 3920 647 3989 piat
676 3932 794 3975 esse
836 3915 1138 3982 despectui;
1170 3913 1294 3983 quia
1333 3927 1439 3966 non
1481 3911 1670 3979 aequali
1711 3910 1913 3979 judicio
1962 3922 2117 3962 amor

536 4009 707 4075 audit,
735 4007 1037 4063 etodium:
1071 4014 1161 4060 aut
1206 4012 1352 4059 certe
1392 4002 1543 4059 vobis
1584 4010 1788 4055 tantum
1834 3998 2113 4068 relegendo

537 4098 839 4163 servabitis,
869 4106 927 4151 ut
955 4095 1163 4165 quoties
1203 4094 1259 4149 in
1292 4094 1445 4148 vobis
1477 4091 1693 4146 videndi
1737 4105 1835 4144 nos
1878 4090 2116 4145 caritatis

539 4192 676 4261 ignis
715 4190 937 4252 exarsit,
978 4187 1301 4242 desiderium
1337 4194 1573 4238 vestrum
1613 4197 1800 4235 eorum
1854 4182 2118 4252 colloquio

540 4282 868 4351 temperetis.
900 4279 1036 4344 Quin
1068 4280 1226 4330 etiam
1273 4284 1330 4328 ut
1372 4275 1570 4328 amoris
1619 4274 1787 4327 nostri
1835 4275 1975 4327 circa
2023 4288 2119 4328 vos

539 4372 903 4428 sinceritatem
928 4368 1133 4437 plenius
1155 4366 1471 4432 nosceretis,
1496 4364 1741 4431 injuriam
1768 4366 1963 4419 inferre
1986 4382 2119 4431 pra:-

2211 3186 2321 3241 Nec
2366 3186 2579 3241 mireris
2610 3186 2752 3255 quod
2797 3186 2905 3240 dixi
2955 3184 3173 3240 illorum
3206 3194 3406 3238 reatum
3446 3185 3511 3237 ad
3559 3195 3803 3239 vestrum

2214 3277 2481 3345 pertinere
2513 3278 2826 3345 profectum.
2877 3274 3153 3344 Siquidem
3206 3274 3413 3327 illorum
3462 3274 3799 3344 indulgentia

2214 3376 2391 3433 vestra
2422 3368 2477 3420 fit
2507 3366 2682 3422 venia.
2713 3368 2862 3421 Sicut
2882 3377 2936 3421 et
2958 3366 3195 3434 inopium
3227 3366 3540 3436 indigentia,
3574 3367 3806 3435 largien-

2216 3460 2345 3511 tium
2376 3472 2498 3512 esse
2536 3458 2773 3512 noscitur
2804 3458 2978 3527 copia.
3035 3458 3145 3511 Iloc
3174 3458 3315 3511 enim
3356 3456 3509 3510 nobis
3539 3458 3806 3512 retribue-

2212 3559 2301 3605 tur
2327 3551 2380 3605 in
2407 3550 2625 3619 judicio,
2650 3550 2790 3619 quod
2819 3551 3223 3617 praestiterimus
3252 3550 3303 3603 in
3334 3550 3560 3614 sarculo;
3590 3550 3805 3603 dicente

2216 3648 2333 3713 ipso
2365 3644 2590 3698 Domino
2627 3663 2641 3698 :
2680 3643 2950 3704 Dimittite.
2977 3653 3025 3696 et
3065 3643 3345 3697 dimittetur
3392 3644 3551 3703 vobis,
3590 3643 3706 3695 date
3756 3651 3804 3693 et

2215 3736 2423 3787 dabitur
2453 3736 2588 3787 vobis
2614 3731 2762 3803 (Luc.
2792 3749 2865 3799 vr,
2898 3733 3010 3802 38).
3039 3732 3105 3785 Et
3135 3731 3325 3785 iterum
3353 3750 3366 3785 :
3412 3731 3474 3786 Si
3501 3732 3805 3783 dimiseritis

2217 3826 2522 3889 hominibus,
2544 3837 2591 3877 et
2623 3824 2780 3877 Pater
2798 3835 2957 3878 vester
2986 3825 3198 3877 dimittet
3228 3825 3364 3878 vobis
3406 3833 3609 3892 peccata
3642 3834 3807 3877 vestra

2219 3912 2436 3983 (Matth.
2475 3929 2551 3979 vt,
2584 3912 2697 3982 II»).
2739 3913 2892 3969 Unde
2936 3912 3216 3968 evidenter
3248 3914 3590 3983 agnoscimus
3637 3912 3807 3966 Deum

2221 4013 2459 4058 nostrum
2476 4005 2793 4059 sententiain
2820 4019 2968 4058 suam
2995 4006 3047 4059 in
3071 4015 3250 4059 nostra
3274 4004 3519 4074 posuisse
3535 4020 3762 4059 censura
3788 4021 3804 4058 :

2228 4095 2315 4162 qui
2360 4110 2575 4161 precum
2608 4106 2915 4150 nostiarnm
2958 4098 3266 4151 misericors
3309 4107 3361 4151 et
3387 4097 3563 4165 justus
3594 4093 3813 4150 auditor

2222 4186 2471 4256 poteStati
2501 4202 2614 4241 sua:
2643 4187 2709 4242 de
2747 4198 2929 4242 nostra
2982 4189 3204 4244 lenitate
3250 4188 3603 4257 praescripsit;
3651 4200 3703 4241 ut
3757 4191 3809 4242 in

2224 4294 2319 4334 eos
2349 4278 2745 4349 quodammodo
2780 4296 2884 4333 non
2928 4281 3146 4335 haberet
3181 4281 3268 4350 jus
3312 4281 3637 4350 severitatis,
3673 4296 3815 4349 quos

2224 4373 2311 4428 hic
2338 4374 2522 4427 avidos
2554 4388 2658 4427 non
2707 4375 3037 4441 perspexerit
3074 4376 3309 4428 ultionis.
3352 4374 3484 4441 Quia
3515 4376 3659 4442 quod
3694 4374 3814 4437 ipsi:

540 4464 886 4529 sumpsimus.
920 4459 1051 4528 Quia
1080 4458 1211 4513 certi
1256 4472 1442 4511 sumus
1470 4457 1611 4524 quod
1649 4473 1751 4510 non
1787 4470 1891 4510 tam
1920 4458 2117 4512 diserta
2148 4435 2202 4497 Ῑ)
2225 4472 2327 4527 est,
2360 4465 2460 4517 hoc
2487 4474 2539 4517 et
2570 4478 2667 4517 nos
2693 4479 2813 4518 esse
2852 4465 3124 4520 desiderat
3174 4466 3476 4519 Misericors
3506 4475 3618 4529 est;
3652 4466 3818 4518 mise-

540 4553 762 4618 cuiiiunt
804 4552 1009 4617 audire,
1049 4564 1207 4618 quam
1250 4547 1436 4612 fortia;
1472 4563 1576 4602 non
1631 4557 1735 4601 tam
1783 4548 2117 4617 voluptuosa,

539 4656 699 4711 quam
724 4655 869 4695 vera.
900 4642 1233 4708 Quapropter
1259 4640 1526 4695 credimus
1555 4640 1695 4709 quod
1724 4642 1899 4709 pietati
1936 4652 2124 4695 vestra:

543 4747 642 4788 nec
664 4730 936 4802 longitudo
968 4731 1173 4800 paginae
1203 4745 1401 4787 nostra:
1427 4732 1614 4787 aderat
1654 4732 1979 4794 satietatem.
2025 4747 2125 4787 nec

543 4824 776 4878 rusticus
818 4834 999 4877 sermo
1042 4820 1346 4887 fastidium;
1380 4822 1609 4876 scientes
1633 4822 1774 4891 quod
1799 4831 1997 4891 quanto
2026 4837 2125 4877 nos

548 4917 775 4981 amplius
801 4914 1212 4981 ruminaveritis,
1246 4923 1392 4969 tanto
1421 4917 1667 4971 esurialis
1697 4917 1993 4972 ardentius.

620 5142 647 5169 ι
673 5131 794 5185 Fuit
822 5130 912 5184 ille
932 5130 1304 5185 Nemausensis
1320 5130 1619 5200 episcopus,
1648 5131 1714 5184 ad
1744 5147 1899 5202 quem
1930 5132 2125 5202 sacpius

552 5202 766 5270 scripsit
798 5202 1062 5254 lturicius.
1100 5204 1257 5255 BASN.

622 5271 649 5311 δ
666 5273 832 5324 Alias.
854 5286 1073 5323 recurre.

755 5285 832 5323 as.
854 5286 1073 5323 recurre.

628 5352 651 5381 ε
696 5314 863 5395 Fueic
925 5341 1102 5407 plures
1158 5339 1359 5392 Rustici
1417 5356 1481 5394 eo
1533 5351 1792 5401 tempore.
1848 5342 2130 5397 Annalium

555 5410 955 5467 Massiliensium
987 5412 1213 5479 scriptor
1228 5410 1501 5465 Rusticum
1532 5414 1628 5464 sibi
1659 5414 1807 5465 tinxit
1838 5414 2137 5467 Massilien-

557 5498 671 5537 sem
701 5484 1032 5550 episeoputn,
1061 5482 1147 5548 qui
1178 5479 1273 5532 fuit
1301 5480 1477 5532 forsan
1505 5482 1785 5541 Narbonai.
1820 5483 2126 5535 Narboncn-

560 5554 635 5605 sis
660 5562 834 5603 autem
869 5552 1128 5606 Secundus
1157 5552 1206 5603 in
1244 5551 1323 5603 his
1349 5550 1636 5604 Galliarum
1671 5553 1978 5619 provinciis,
2014 5562 2134 5620 pnst

565 5620 865 5689 episcopum
913 5625 1300 5688 Arelatensem,
1344 5630 1522 5689 partes
1572 5625 1808 5679 tenebat.
1852 5624 1946 5678 Est
1990 5624 2134 5679 illius

2227 4554 2464 4608 ricoriles
2483 4554 2672 4622 ψιεενίι
2701 4552 2918 4608 dicens:
2953 4553 3131 4608 Estote
3149 4559 3376 4625 perfecti,
3411 4556 3543 4608 sicut
3574 4565 3619 4607 et
3654 4554 3818 4607 Pum-

2227 4656 2384 4699 vester
2421 4646 2676 4716 perfectus
2721 4656 2795 4700 est
2830 4646 3043 4717 (Matth.
3088 4664 3139 4712 v,
3168 4647 3285 4717 48).
3326 4646 3518 4714 Quotid
3542 4661 3573 4701 e
3602 4648 3816 4699 veniam

2231 4738 2576 4806 peccantibus
2605 4746 2658 4791 et
2700 4739 3122 4806 supplicantibus
3158 4738 3369 4803 tribuit;
3409 4737 3529 4792 ideo
3559 4747 3612 4791 et
3643 4738 3821 4790 indir-

2228 4830 2459 4897 gentiam
2486 4843 2513 4881 a
2545 4830 2913 4898 peccatoribus
2948 4831 3136 4899 poscit.
3173 4830 3326 4885 Unde
3354 4838 3409 4884 et
3442 4834 3683 4885 oratione
3712 4831 3818 4882 du-

2232 4922 2424 4973 minica
2452 4919 2618 4987 ipsius
2647 4920 2874 4975 dicimus
2904 4922 3142 4976 doctrina
3169 4937 3183 4973 :
3218 4919 3429 4974 Dimitte
3464 4924 3608 4974 nobis
3646 4922 3820 4974 debita

2235 5134 2594 5209 Narbonensis
2632 5138 2866 5209 episcopi
2911 5139 2975 5195 ad
3026 5141 3599 5209 Eucheriumepistola
3631 5159 3660 5193 a
3693 5142 3815 5196 Sir-

2237 5206 2424 5285 inondo
2454 5207 2613 5259 edita.
2641 5208 2743 5285 Sed
2777 5213 2837 5285 is,
2870 5210 2962 5277 qui
3002 5210 3110 5275 jam
3142 5206 3425 5285 episcopus
3453 5212 3519 5263 ab
3546 5228 3683 5285 anno
3709 5214 3819 5268 450

2237 5277 2444 5329 obierat
2483 5278 2663 5344 procul
2707 5278 2889 5343 dubio,
2938 5296 3057 5332 cttm
3088 5277 3345 5334 scriberet
3395 5282 3661 5346 Ruricius,
3701 5290 3823 5350 epi-

2239 5360 2432 5425 scopus
2477 5363 2580 5425 non
2623 5351 2739 5425 nisi
2771 5366 2859 5425 an.
2903 5351 3025 5405 470.
3069 5351 3213 5425 Fuit;
3242 5355 3375 5403 alter
3415 5352 3689 5425 Ilurieins,
3734 5358 3821 5407 vir

2238 5417 2457 5487 illustris
2498 5419 2909 5485 liurdigalensis,
2939 5436 3096 5487 quem
3139 5423 3253 5476 solo
3283 5424 3499 5476 nomine
3538 5423 3817 5478 ltustecmn

2237 5485 2462 5553 appellat
2499 5488 2747 5543 Sidonius
2777 5506 2789 5541 :
2818 5485 3178 5544 Solo—nomine
3210 5492 3476 5545 Rusticum
3511 5494 3676 5544 video.
3721 5494 3822 5547 IIic

2240 5556 2338 5636 fuit
2379 5558 2647 5636 addqnernn
2693 5561 2908 5629 scripsit
2951 5560 3197 5617 lturicius
3238 5565 3494 5632 epistolas
3542 5563 3606 5617 l9
3656 5574 3707 5619 et
3748 5563 3825 5617 53

2240 5624 2395 5693 huius
2423 5624 2559 5682 libri.
2595 5630 2752 5683 DASN.
