4022 6168
286 291 395 342 101

1551 264 2036 321 EPISTOLARUM
2079 260 2210 319 LIB.
2256 263 2317 318 II.

3472 269 3575 324 10?.

283 397 474 442 nostra
487 384 787 439 sicutetnos
808 380 1107 434 dimittimus
1129 376 1441 431 debitoribus
1458 378 1643 430 nostris
1666 376 1877 448 (Matth.
1910 381 1958 438 Λ
1989 390 2169 430 rarum
2202 376 2371 430 reddo
2399 386 2641 431 mutuum
2685 378 3056 447 sospitationis
3083 379 3318 436 ofﬁcium
3347 389 3405 436 et
3431 382 3574 437 sicut

282 494 371 544 νι,
411 477 524 545 12).
553 473 761 543 Quibus
788 472 965 527 verbis
992 468 1293 524 durissimis
1326 484 1424 523 nos
1452 468 1677 523 vinculis
1714 469 1884 538 illiga-

286 584 441 633 tnns,
461 569 562 622 nisi
581 566 721 636 quod
752 564 1069 633 pollicemur
1096 563 1412 628 implemus:
1440 560 1530 630 qui
1560 570 1615 615 et
1641 576 1736 629 per
1762 576 1888 628 pro-

288 660 518 730 phetam
545 660 624 711 sic
651 655 778 709 dicit
803 672 817 708 :
863 653 1035 707 Homo
1059 652 1255 705 homini
1285 660 1413 704 tenet
1443 652 1596 713 iram,
1634 658 1681 702 et
1718 666 1751 702 a
1781 647 1886 702 Do-

286 755 441 804 mino
481 751 662 819 quierit
699 748 950 801 medelam
979 743 1168 815 (Eccli.
1211 758 1395 807 xxvut,
1441 745 1519 811 5).
1552 743 1887 810 Quapropter

286 858 397 912 pro
427 844 663 908 Baxone,
693 839 784 909 qui
823 838 887 891 ad
918 837 1198 892 ecclesiam
1224 846 1249 873 ι
1284 850 1484 890 userca:
1514 836 1773 904 confugit,
1807 835 1888 889 in-

288 948 572 990 tercessor
588 933 820 995 accedo;
844 945 1067 1000 Sperans
1094 942 1152 983 ut
1174 928 1401 998 primum
1434 943 1530 996 pro
1552 928 1644 982 Dei
1672 927 1881 992 timore,

289 1028 498 1082 deinde
517 1041 615 1096 pro
644 1037 824 1080 nostra
847 1022 1231 1078 intercessione
1258 1022 1354 1088 ipsi
1381 1035 1598 1088 parcere
1626 1018 1884 1088 digneris.

286 1118 469 1187 Cujus
518 1117 852 1171 absolutione
880 1123 933 1169 et
972 1114 1024 1167 in
1075 1112 1231 1165 nobis
1264 1111 1454 1165 tollere
1492 1108 1883 1172 confusionem,

288 1220 351 1265 et
370 1210 529 1265 vobis
558 1208 781 1279 potestis
800 1220 1108 1273 comparare
1135 1203 1457 1257 mercedem.

911 1312 1132 1367 EPIST.
1164 1311 1284 1365 XX.

442 1393 463 1411 ’
493 1408 725 1461 Ruricius
753 1405 1018 1471 eniscopus
1045 1400 1306 1469 Cupilluto
1338 1398 1445 1466 filio
1475 1397 1713 1451 salutem.

374 1522 587 1590 Ingrata
612 1517 737 1571 mihi
767 1525 849 1569 est
887 1513 1217 1579 frequentior
1242 1510 1502 1576 aegritudo
1530 1516 1742 1572 vestra;
1767 1522 1886 1577 quin

287 1614 435 1666 mihi
451 1612 610 1666 etiam
626 1608 831 1663 videtur
843 1620 961 1661 esse
976 1602 1323 1659 commonitio
1338 1601 1537 1666 divina,
1561 1614 1663 1668 qua
1686 1599 1890 1652 mavult

289 1705 563 1756 Dominus
584 1706 765 1754 noster
795 1712 889 1767 pro
911 1711 1006 1750 sua
1036 1696 1231 1762 pietate
1255 1691 1553 1761 largissima
1578 1698 1886 1757 peccatores

287 1794 569 1861 castigare
614 1804 771 1859 quam
811 1788 1069 1856 perdere;
1117 1793 1175 1838 ut
1198 1798 1333 1853 quos
1365 1798 1627 1837 annorum
1658 1795 1879 1834 suorum

287 1883 683 1951 a-Laslongaeva
707 1876 853 1931 nonb
877 1876 1145 1941 convenit,
1162 1876 1239 1928 vel
1268 1872 1549 1928 convincat
1576 1870 1881 1936 infirmitas,

289 1985 360 2027 ut
392 1974 659 2042 deponant
684 1969 864 2025 saeculi
898 1968 1143 2036 byssum,
1175 1975 1229 2020 et
1267 1974 1482 2018 sumant
1513 1962 1768 2017 Ecclesiae
1799 1978 1891 2015 ve-

289 2065 640 2127 stimentum,
666 2059 808 2126 quod
834 2067 911 2111 est
941 2056 1199 2119 cilicium,
1236 2054 1575 2108 contritionis
1610 2054 1885 2106 indicium.

294 2153 445 2216 Quia
485 2167 569 2204 cor
610 2156 883 2203 contritum
920 2157 967 2200 et
1013 2148 1340 2200 humiliatunt
1374 2144 1511 2197 Deus
1552 2160 1655 2196 non
1698 2143 1888 2210 spernit

290 2244 433 2311 (Ps.
467 2261 519 2310 ι,
549 2244 658 2310 19).
684 2241 775 2295 Ille
804 2242 945 2294 enim
978 2240 1120 2295 vadit
1142 2240 1205 2291 ad
1237 2237 1457 2301 caelum,
1482 2239 1570 2305 qui
1598 2251 1656 2290 se
1682 2236 1888 2289 collidit

287 2336 373 2389 ad
410 2337 602 2390 solum.
642 2335 774 2400 Quia
813 2334 899 2401 qui
940 2348 995 2384 se
1029 2334 1220 2384 exultat
1242 2328 1617 2391 humiliabitur,
1651 2335 1695 2378 et
1721 2326 1807 2395 qui
1835 2339 1887 2377 se

290 2428 548 2482 humilia!
582 2426 890 2481 exaltabitur
929 2422 1143 2495 (Matth.
1180 2436 1328 2484 xxut,
1360 2420 1467 2487 12).
1501 2419 1653 2473 Unde
1682 2427 1736 2471 et
1759 2416 1888 2470 dicit

292 2519 575 2588 paenitens
620 2518 709 2570 ille
747 2514 1057 2585 perfectus:
1109 2512 1335 2565 Adhaesit
1382 2510 1666 2579 pavimento
1713 2508 1888 2559 anima

292 2627 446 2673 mea,
487 2608 716 2669 Domine,
745 2606 946 2671 vici/ica
970 2619 1048 2656 me
1074 2602 1353 2656 secundum
1375 2600 1577 2652 verbum
1599 2608 1740 2650 tuum
1765 2595 1884 2665 (Ps.

293 2717 499 2764 cxvm,
521 2699 633 2769 ΞΒ).
667 2698 803 2763 Quid
834 2707 938 2761 est,
974 2695 1268 2749 secundum
1296 2691 1515 2746 verbum
1557 2699 1729 2753 tuum,
1782 2687 1883 2741 nisi

294 2793 601 2848 secundum
644 2790 1053 2857 promissionem
1100 2783 1279 2840 tuam?
1326 2782 1466 2851 quod
1504 2782 1594 2850 qtti
1624 2796 1804 2834 coram
1835 2790 1886 2833 te

297 2895 528 2955 peccata
554 2899 646 2937 Sua
678 2882 909 2946 deﬂerit,
939 2889 1293 2948 compunctus
1324 2877 1376 2929 in
1410 2874 1632 2940 mundo,
1681 2881 1735 2927 tu
1762 2886 1883 2925 eum

296 2974 559 3047 perducis
587 2975 635 3027 in
661 2990 846 3042 regno,
878 2972 964 3026 ubi
991 2970 1158 3040 possit
1191 2969 1444 3034 deinceps
1469 2974 1685 3019 cantare
1728 2978 1883 3017 secu-

296 3082 401 3123 rus
432 3084 446 3119 ε
480 3065 682 3119 Audiuit
710 3064 980 3125 Dominus,
1012 3071 1057 3114 et
1094 3061 1328 3112 misertus
1371 3068 1443 3111 est
1484 3055 1610 3108 mihi
1646 3070 1665 3105 :
1708 3054 1878 3106 Domi-

296 3177 405 3213 nus
434 3161 598 3224 [actus
618 3166 691 3211 est
711 3156 918 3226 adjutor
938 3168 1099 3206 meus.
1126 3150 1419 3206 Convertiin
1447 3149 1703 3214 planctum
1725 3162 1889 3198 meum

295 3251 361 3303 in
387 3249 635 3318 gaudium
660 3246 785 3298 mihi
815 3261 832 3297 :
863 3242 1154 3297 conscidiin
1192 3256 1395 3294 saccum
1433 3253 1620 3302 meum,
1659 3244 1704 3289 et
1753 3251 1889 3304 pra:-

298 3339 512 3393 ἀπεξειὶ
538 3352 615 3389 me
641 3335 816 3388 latitia
850 3331 1024 3402 (Psal.
1055 3346 1203 3394 xxix,
1233 3329 1345 3398 I2).
1378 3328 1524 3383 Unde
1550 3326 1749 3380 suadeo
1774 3327 1888 3393 pie-

301 3433 400 3486 tati
427 3439 647 3495 vestrae,
670 3437 728 3482 ut
757 3427 898 3497 quod
936 3426 1237 3495 cogitastis,
1282 3424 1538 3487 celerius,
1583 3422 1694 3475 Deo
1746 3420 1891 3489 adju-

301 3532 492 3584 vante,
520 3519 745 3575 faciatis.
778 3520 911 3585 Quia
938 3531 1083 3572 mors
1118 3532 1223 3569 non
1264 3515 1457 3579 tardat,
1500 3516 1617 3584 ipso
1663 3513 1889 3567 Domino

304 3614 524 3668 dicente
557 3628 569 3663 :
604 3610 689 3662 Ne
726 3608 941 3662 tarderis
977 3607 1199 3661 conuerti
1227 3606 1293 3659 ad
1327 3604 1519 3669 Deum,
1558 3618 1647 3657 nec
1681 3602 1889 3667 di/I‘eras

304 3704 372 3757 de
412 3703 499 3755 die
535 3702 591 3754 in
615 3701 749 3752 diem
795 3698 984 3767 (Eccli.
1016 3712 1067 3761 v,
1096 3696 1171 3765 8).
1212 3696 1397 3751 Subito
1435 3696 1577 3749 enim
1623 3695 1769 3747 venit
1811 3694 1888 3746 ira

305 3798 427 3865 ejus
472 3805 524 3850 et
562 3794 614 3848 in
663 3803 905 3860 tempore
943 3790 1187 3845 vindicta;
1224 3788 1497 3858 disperdet
1536 3798 1608 3843 te.
1661 3789 1890 3857 Ideoque

306 3891 435 3943 dum
470 3897 681 3956 tempus
724 3886 1001 3949 habemus,
1046 3892 1427 3937 convertamur
1464 3882 1530 3935 ad
1573 3882 1886 3945 Dominum,

305 3988 366 4033 ut
393 3994 499 4032 non
526 3992 646 4030 cum
688 3976 789 4030 hoc
816 3974 1014 4028 mundo
1040 3973 1376 4026 damnemur.
1420 3972 1553 4038 Quia
1583 3973 1697 4025 sine
1727 3971 1889 4025 dubio

306 4072 383 4124 illi
425 4070 733 4123 misericors
774 4066 917 4119 Deus
959 4080 1112 4119 suum
1149 4071 1364 4131 praestat
1395 4062 1684 4127 auxilium,
1730 4078 1888 4132 quem

308 4164 455 4216 circa
488 4168 750 4228 praecepta
782 4172 875 4211 sua
907 4158 1080 4210 cernit
1106 4165 1388 4208 attentum.

906 4267 1120 4322 EPlS'l‘.
1164 4266 1306 4321 XXI.

523 4362 765 4417 Ruricius
804 4361 1069 4431 episcopus
1098 4356 1343 4427 Eufrasio
1370 4368 1390 4394 "-
1414 4359 1667 4429 episcopo.

1992 466 2058 520 ad
2101 481 2198 520 vos
2241 481 2427 521 rumor
2458 471 2728 535 pervenit,
2775 471 3105 527 sufﬁcienter
3144 489 3231 529 me
3272 475 3569 529 secundum

1991 556 2388 609 miserationem
2417 557 2676 621 divinam,
2718 573 2822 612 non
2872 564 3164 615 secundum
3212 565 3405 617 merita
3453 580 3568 618 mea

1993 647 2302 701 tribulatum
2334 663 2453 702 rsse
2487 651 2749 717 signiﬁco.
2792 650 2924 716 Quia
2957 652 3069 719 ipse
3099 654 3189 721 qui
3220 654 3362 708 cibat
3391 657 3569 727 lacry-

1992 738 2093 790 mis
2115 738 2166 791 in
2190 737 2408 791 minima
2433 754 2679 792 mensura
2702 738 2871 807 (Psal.
2901 756 3078 806 Lxxtx,
3097 744 3177 809 6),
3207 746 3566 813 castigationi,

1985 827 2134 896 juxta
2167 829 2417 895 pietatem
2450 842 2633 896 Suam,
2670 846 2765 895 pro
2799 831 3168 887 imbecillitate
3200 846 3415 900 nostra,
3457 852 3573 891 mo.

1990 920 2115 972 dum
2145 920 2351 985 statuit,
2382 936 2447 975 ne
2477 920 2759 976 infirmitas
2790 934 2971 978 nostra
3005 927 3054 978 in
3088 941 3277 980 manus
3304 942 3419 981 sua:
3445 944 3567 983 cor-

1990 1012 2234 1076 reptione
2261 1012 2537 1065 deiecerit.
2572 1013 2802 1082 Ideoque
2832 1016 3061 1084 propitia
3094 1018 3439 1072 miseratione
3472 1034 3567 1074 sua

1984 1104 2095 1171 jam
2127 1103 2547 1159 commodiorem
2592 1119 2712 1159 esse
2756 1121 2840 1159 me
2880 1110 3098 1167 nuntio;
3146 1111 3569 1163 consolationem

1990 1193 2144 1247 vobis
2169 1194 2335 1247 vestri
2367 1196 2613 1249 mteroris
2654 1197 2839 1264 pagina
2870 1196 3148 1253 deferente
3179 1200 3569 1267 transmittens,

1990 1292 2048 1336 ut
2075 1284 2165 1350 qui
2211 1284 2345 1338 estis
2392 1285 2664 1339 laboribus
2696 1287 2895 1340 nostris
2942 1302 3040 1355 pro
3087 1288 3311 1357 caritate
3355 1304 3574 1358 compa-

1994 1379 2210 1444 tientes,
2244 1378 2363 1432 sitis
2394 1379 2592 1433 laetitia:
2620 1378 2672 1432 in
2706 1378 2798 1433 Dei
2829 1379 3046 1433 nomine
3074 1379 3142 1434 de
3176 1390 3389 1449 recepta
3423 1384 3573 1435 inco-

1990 1470 2235 1525 lumitate
2286 1471 2610 1540 participes,
2666 1471 2833 1540 ipsius
2880 1471 3113 1526 lectione
3160 1470 3409 1541 dispono.
3463 1471 3568 1527 Ora

1992 1576 2089 1631 pro
2119 1578 2225 1619 me.

2571 1653 2786 1708 EPIST.
2842 1654 3005 1708 XXII.

1994 1741 2217 1798 Domino
2244 1744 2950 1827 devinctissimo.semperqne
2992 1746 3264 1816 magniﬁco
3296 1746 3425 1802 Vero
3463 1748 3571 1801 Ru-

2549 1831 2705 1867 ηειιιε
2731 1831 3017 1884 eptscopus.

2064 1923 2297 1979 Relectis
2328 1925 2520 1980 litteris
2553 1927 2769 1995 pietatis
2800 1939 3016 1991 vestrm,
3066 1929 3175 1983 Deo
3223 1931 3419 1999 gratias
3465 1935 3571 2001 egi,

1994 2017 2136 2085 quod
2167 2033 2265 2071 vos
2295 2021 2442 2085 prius
2467 2020 2781 2082 revaluisse,
2822 2036 2978 2088 quam
3012 2022 3308 2077 infirmatus
3336 2039 3458 2079 esse
3487 2042 3574 2080 ea-

1994 2123 2110 2161 rum
2142 2109 2404 2163 relatione
2432 2110 2678 2177 cognovi.
2728 2110 2879 2175 Quod
2924 2111 3073 2164 vobis
3115 2122 3221 2165 tam
3267 2113 3575 2184 frequenter

1990 2201 2256 2267 accidere,
2287 2202 2520 2268 propitio
2551 2203 2725 2268 potius
2758 2204 2866 2256 Deo
2887 2219 3043 2272 quam
3078 2204 3309 2272 oll‘enso,
3335 2207 3571 2260 confido.

1993 2292 2135 2355 Quia
2163 2310 2312 2361 quem
2348 2294 2519 2363 diligit
2554 2292 2801 2347 Dominus
2843 2298 3053 2364 corripit
3100 2294 3278 2366 (Prov.
3322 2313 3412 2361 ttt,
3460 2299 3572 2367 12).

1987 2382 2223 2449 CaStigat
2266 2392 2448 2437 autem
2491 2399 2705 2438 onmem
2752 2386 2918 2438 filium
2966 2401 3124 2455 quem
3167 2388 3357 2456 recipit
3383 2388 3572 2457 (Ilebr.

1990 2487 2082 2534 xu,
2109 2472 2186 2540 6).
2234 2473 2288 2526 In
2317 2473 2494 2527 divina
2528 2475 2707 2544 itaque
2740 2490 2835 2529 vas
2866 2477 3147 2545 disciplina
3176 2486 3458 2547 suSreptos
3489 2494 3573 2532 sc-

1989 2566 2115 2619 dula
2147 2567 2443 2621 admonitio
2474 2576 2527 2621 et
2558 2569 2703 2622 mitis
2731 2568 2988 2623 ostendit.
3034 2570 3166 2636 Quia
3214 2580 3432 2639 paterna
3464 2573 3574 2624 elc-

1990 2658 2187 2711 tnentia
2219 2662 2419 2711 mavult
2459 2675 2556 2728 per
2585 2660 2895 2713 multimoda
2930 2663 3269 2715 incommoda
3304 2663 3576 2731 negligen-

1987 2756 2094 2803 tem
2116 2749 2388 2819 corrigere
2410 2750 2773 2818 lilium,quam
2800 2752 2990 2819 punire
3013 2762 3351 2820 peccantem;
3378 2756 3576 2810 mavult

1991 2850 2265 2895 nutantem
2298 2857 2359 2894 ac
2388 2842 2605 2895 dubium
2637 2842 2701 2895 ad
2732 2844 3006 2897 servitium
3035 2858 3189 2898 suum
3220 2845 3443 2900 habenis
3472 2845 3574 2915 pi:c

1989 2931 2372 2985 moderationis
2412 2932 2701 2999 attrahere,
2752 2948 2910 3001 quam
2957 2935 3319 2989 errabundum
3373 2945 3430 2991 et
3479 2951 3578 3005 per

1988 3021 2167 3074 szrculi
2192 3020 2480 3090 pra'cipitia
2506 3022 2801 3091 lapsantem
2825 3024 3034 3078 acriore
3050 3025 3278 3080 verbere
3299 3041 3572 3082 coercere.

1916 3092 1961 3154 (ἶ
1992 3111 2110 3179 Ipse
2157 3122 2240 3164 est
2286 3114 2427 3165 enim
2480 3112 2977 3181 indulgentissimus
3027 3116 3437 3183 paterfamilias,
3486 3119 3577 3184 qui

1990 3206 2222 3255 animam
2254 3217 2405 3256 suam
2438 3203 2588 3272 ponit
2618 3218 2714 3271 pro
2744 3203 2934 3258 ovibus
2963 3206 3094 3259 suis.
3142 3204 3263 3274 Ipse
3292 3217 3373 3261 est
3405 3207 3576 3261 bonus

1993 3300 2162 3361 pater,
2194 3294 2281 3360 qui
2314 3308 2473 3346 ovem
2515 3293 2783 3361 perditam
2822 3294 2889 3348 ad
2926 3296 3109 3350 caulas
3135 3295 3432 3352 dominicas
3463 3312 3576 3352 ma-

1991 3384 2105 3437 vult
2141 3384 2369 3452 propriis
2401 3385 2640 3438 humeris
2673 3393 2954 3453 reportare
2982 3386 3263 3450 sollicitus,
3293 3402 3452 3455 quam
3482 3386 3577 3442 sti-

1991 3475 2150 3529 mulis
2179 3475 2491 3543 nrgentihus
2538 3490 2795 3529 revocare
2822 3477 3120 3533 districtos.
3168 3476 3287 3543 Ipse
3313 3487 3395 3531 est
3424 3486 3575 3545 pater

1988 3566 2130 3633 pius,
2159 3566 2248 3634 qui
2282 3566 2421 3620 male
2448 3566 2669 3635 prodigo
2700 3568 2833 3632 lilio,
2858 3577 2912 3621 et
2957 3577 3238 3637 praecepta:
3262 3569 3574 3623 substantiae

1989 3656 2281 3715 deroctori,
2311 3656 2374 3708 ad
2401 3670 2460 3710 se
2480 3656 2565 3710 vel
2592 3671 2716 3711 sero
2739 3658 2985 3711 redeunti
3017 3673 3121 3711 non
3149 3660 3321 3712 solum
3347 3661 3575 3713 crimina

1990 3748 2256 3801 anteriora
2285 3762 2389 3801 non
2423 3746 2678 3815 imputat,
2715 3762 2899 3802 verum
2932 3748 3094 3803 etiam
3127 3749 3344 3817 praemia
3377 3751 3571 3804 amisSt

1990 3838 2329 3905 multiplicat,
2359 3838 2485 3893 dum
2517 3839 2658 3893 ulnis
2688 3839 2856 3904 fovet,
2890 3841 3085 3895 osculis
3114 3842 3430 3909 permulcet,
3456 3857 3574 3895 mn-

1992 3927 2210 3980 ﬂt'l‘IUUS
2249 3927 2417 3993 ditat,
2466 3928 2709 3982 doctrina
2754 3919 3070 3995 conﬁrmat,
3119 3946 3224 3984 non
3268 3940 3473 3985 tantum
3506 3931 3572 3985 ad

1991 4017 2107 4085 ejus
2134 4018 2439 4085 indignatus
2468 4018 2811 4082 abscessum,
2856 4028 3112 4087 quantum
3145 4019 3355 4073 tutatus
3386 4020 3454 4074 ad
3486 4035 3573 4076 re-

1992 4109 2159 4162 ditum
2178 4108 2332 4177 (Luc.
2358 4108 2469 4178 xv).
2506 4108 2622 4177 Ipse
2650 4110 2794 4163 enim
2818 4109 3007 4162 horum
3029 4112 3266 4163 omnium
3297 4113 3570 4164 nominum

1993 4201 2046 4253 in
2097 4217 2155 4254 se
2198 4200 2420 4255 eﬂ‘ectus
2466 4199 2796 4269 affectusque
2845 4201 3114 4270 suscepit,
3164 4210 3221 4253 ut
3265 4201 3403 4254 sicut
3447 4200 3577 4254 dicit

1995 4296 2303 4365 Apostolus.
2337 4295 2627 4348 multifario
2670 4294 2957 4362 multisque
3003 4292 3174 4347 modis
3201 4292 3389 4362 (Hebr.
3432 4309 3479 4352 ι.
3524 4294 3578 4366 I)

1962 4420 1967 4423 Α
1996 4404 2093 4442 nos
2120 4390 2357 4441 erutliret
2378 4388 2575 4450 verbis,
2603 4387 2893 4441 instrueret
2911 4386 3228 4454 disciplinis.
3262 4397 3578 4453 provocaret

378 4478 592 4533 Gratias
619 4492 722 4546 ago
752 4476 1129 4531 SinceriSSima!
1168 4475 1223 4528 in
1248 4474 1464 4529 Christo
1500 4472 1728 4527 Ι)οωὶηο
1766 4487 1887 4541 881⁸·
1919 4451 1971 4511 D
2000 4480 2294 4544 beneﬁciis,
2326 4479 2643 4533 informaret
2672 4477 2954 4545 exemplis,
2989 4476 3367 4531 reconciliaret
3395 4492 3574 4545 prece,

312 4572 552 4625 manitati
582 4578 800 4632 vestras,
830 4566 974 4638 quod
1015 4568 1225 4637 perlato
1269 4566 1429 4621 tudio
1469 4565 1535 4619 ad
1564 4578 1660 4619 vos
1686 4575 1890 4631 nostro,

314 4664 593 4719 confestim
620 4677 719 4716 nos
747 4660 943 4716 litteris
963 4659 1156 4716 vestris
1186 4660 1404 4714 visitare
1435 4659 1566 4711 tanti
1594 4657 1889 4720 habuistis;

315 4756 401 4823 qui
441 4755 567 4809 dum
608 4753 939 4807 infirmitatis
982 4761 1184 4805 nostra:
1227 4750 1641 4804 sollicitudinem
1683 4749 1891 4815 geritis,

317 4847 596 4900 sanitatem
626 4844 790 4897 vestri
820 4841 1054 4911 pectoris
1083 4841 1411 4911 approbatis.
1459 4840 1593 4907 Quia
1623 4839 1764 4893 sicut
1792 4838 1892 4907 ipsi

320 4938 507 4991 melius
536 4939 723 5000 nosds,
750 4933 900 4989 Finis
925 4937 1162 5006 praecepti
1189 4944 1259 4987 est
1280 4938 1461 4987 caritas
1483 4934 1545 4985 de
1567 4933 1715 4986 corde
1740 4949 1891 5000 puro,

322 5038 365 5080 et
392 5030 697 5081 conscientia
729 5028 890 5089 bona,
931 5038 975 5079 et
1004 5028 1107 5095 ﬁde
1136 5043 1232 5078 non
1260 5027 1379 5093 ficta
1408 5023 1460 5095 (l
1486 5023 1619 5076 Tim.
1660 5039 1696 5087 l,
1722 5026 1798 5087 5).
1831 5024 1895 5077 Et

322 5120 408 5187 qui
451 5118 627 5173 visitat
673 5118 943 5171 infirmum
993 5119 1045 5171 in
1094 5118 1380 5171 dilectione
1428 5116 1687 5170 firmatur.
1742 5115 1897 5170 Unde

324 5210 642 5278 peculiarius
675 5224 857 5278 spero,
892 5218 946 5262 ut
971 5224 1127 5277 quem
1161 5209 1434 5276 requiritis
1462 5206 1732 5271 affatibus,
1766 5223 1892 5261 ora-

324 5303 552 5358 tionibus
580 5304 873 5370 adjuvetis.
920 5302 1288 5356 Redeuntibus
1308 5303 1491 5369 itaque
1518 5303 1715 5369 gerulis
1749 5304 1891 5358 litte-

391 5459 417 5485 ⁸
440 5448 598 5503 Forte
626 5448 869 5502 Ecclesia:
895 5450 1091 5501 viscera
1112 5449 1193 5501 vel
1244 5459 1463 5513 uterum,
1489 5477 1556 5490 -—
1584 5449 1688 5503 Nisi
1744 5451 1897 5505 malis

324 5520 498 5588 Iegere
533 5519 795 5582 Usen/ue,
824 5534 1014 5571 nomen
1038 5520 1470 5588 geographicum.
1499 5520 1653 5573 EDIT.

393 5589 419 5628 ι)
445 5588 605 5643 Forte
632 5592 881 5642 convincit
909 5590 990 5642 vel
1017 5592 1252 5643 correxit.

394 5670 417 5698 ε
458 5658 582 5714 Fuit
637 5659 726 5713 ille
775 5662 1133 5714 Arvernorum
1187 5661 1467 5731 episcopus
1516 5660 1885 5726 duodecimus,

2000 4573 2289 4627 redimeret
2316 4570 2586 4639 passione,
2621 4569 2917 4623 vivilicaret
2947 4576 3142 4637 morte,
3176 4569 3579 4624 immortalitate

1999 4662 2243 4727 donaret,
2284 4661 2602 4729 justilicaret
2648 4661 3064 4727 resurrectione,
3111 4661 3427 4716 ascensione
3456 4676 3579 4730 por-

2000 4764 2159 4808 taret.
2194 4756 2256 4806 Et
2281 4752 2654 4807 reconciliatos
2677 4767 2771 4821 per
2795 4753 3112 4820 sanguinem
3144 4769 3320 4817 suum,
3346 4754 3397 4806 in
3425 4768 3569 4814 eam,

2000 4860 2028 4899 a
2058 4861 2161 4915 qua
2196 4844 2587 4908 excideramus,
2622 4843 2789 4897 Patris
2817 4843 3038 4912 gratiam
3069 4842 3407 4898 reformaret.
3454 4840 3576 4913 Ipse

1995 4940 2128 4991 enint
2157 4946 2229 4991 est
2257 4936 2399 5002 apud
2428 4935 2636 4990 Patrem
2664 4936 2961 5005 prapitiatio
2992 4944 3165 4988 nostra
3192 4934 3369 5002 (Joan.
3392 4949 3461 5000 II,
3495 4934 3577 5004 2),

1995 5033 2114 5085 sine
2160 5031 2461 5084 cessatione
2509 5043 2803 5098 suggerens
2834 5029 3015 5096 pietati
3045 5044 3199 5086 suae:
3250 5028 3428 5095 Pater,
3479 5045 3577 5080 non

1995 5123 2159 5175 solum
2192 5137 2280 5188 pro
2312 5120 2389 5173 his
2418 5136 2562 5189 rogo,
2605 5121 2691 5174 scd
2725 5137 2817 5188 pro
2862 5122 2938 5174 his
2973 5122 3059 5189 qui
3096 5122 3337 5174 credituri
3370 5130 3485 5173 sunt
3524 5122 3578 5172 in

1996 5230 2073 5266 me.
2100 5229 2189 5282 per
2218 5211 2418 5263 verbum
2460 5211 2668 5263 illorum
2702 5209 2879 5280 (Joan.
2924 5227 3064 5275 xvu,
3102 5210 3182 5279 9).
3228 5209 3405 5273 Pater,
3439 5209 3574 5275 volo,

1996 5307 2079 5359 ubi
2118 5321 2209 5376 ego
2250 5321 2387 5367 sum,
2434 5313 2480 5356 et
2527 5304 2625 5373 ipsi
2672 5305 2773 5356 sint
2820 5320 3014 5357 mecum
3042 5302 3202 5373 (Ibid.
3229 5301 3342 5371 24).
3396 5299 3575 5365 Pater,

2001 5451 2290 5519 Aprunculi
2328 5467 2626 5509 successor.
2677 5455 3045 5509 [)ivioneusem
3086 5454 3266 5507 sedem
3304 5452 3412 5521 jam
3452 5465 3578 5511 ante

2000 5533 2383 5593 occupaverat,
2434 5524 2612 5593 ibique
2640 5526 2982 5592 Quintianum
3015 5526 3309 5577 Gothorum
3357 5526 3577 5578 insultas

2001 5592 2291 5661 fugientem
2326 5592 2628 5648 humaniter
2661 5599 2882 5661 recepit.
2939 5596 2999 5665 lii
3028 5597 3087 5665 in
3126 5594 3437 5665 episcopatu
3470 5598 3579 5649 Ar-

1998 5678 2284 5718 vernorum
2315 5666 2575 5719 successit
2598 5665 2923 5734 Apollinaris
2949 5663 3152 5721 Sidonii
3181 5663 3344 5721 ﬁlius.
3378 5669 3535 5720 Basx.
