4022 6168
426 272 531 327 105

423 471 541 539 Ipse
584 471 738 525 nobis
780 468 1016 539 quotidie
1060 482 1155 536 per
1197 467 1498 535 apostolum
1551 480 1708 519 suum
1758 467 1991 519 clamat:

423 563 600 616 Nolite
626 562 835 629 diligere
860 560 1128 625 mundum,
1156 574 1314 625 neque
1336 575 1397 611 ea
1419 574 1532 626 quin
1556 559 1608 611 in
1630 558 1821 610 mundo
1840 566 1958 609 sunt
1978 573 1998 619 ,-

419 653 507 720 qui
535 653 668 703 enim
691 650 859 718 diligit
884 650 1152 713 mundum,
1182 664 1283 701 non
1310 659 1381 700 est
1410 650 1599 700 caritas
1626 647 1801 699 Patris
1829 648 1882 698 in
1912 662 1992 699 eo.

424 742 557 808 Quia
584 757 727 794 omne
754 740 891 806 quod
921 740 974 791 in
1012 738 1201 790 mundo
1231 750 1325 801 est,
1361 738 1770 807 concupiscentia
1799 736 1991 801 carnis,

420 832 827 901 concupiscentia
858 830 1143 894 oculorum,
1192 840 1239 882 et
1285 830 1522 899 superbia
1568 831 1684 882 vita:
1729 828 1990 892 humanm,

418 942 529 993 quia
554 941 657 976 non
693 936 765 976 est
801 923 862 975 de
896 922 1072 986 Patre,
1115 920 1203 974 sed
1228 920 1291 972 de
1316 920 1507 972 mundo
1538 930 1631 972 est.
1682 918 1747 971 Et
1775 920 1995 971 mundus

420 1017 619 1078 transit,
661 1024 706 1066 et
749 1011 1158 1081 concupiscentia
1183 1013 1315 1081 ejus.
1361 1009 1461 1076 Qui
1490 1020 1660 1062 autem
1698 1009 1871 1077 fecerit
1906 1023 1994 1060 vo-

420 1108 666 1161 luntatem
699 1103 812 1166 Dei,
844 1111 1009 1154 manet
1036 1102 1087 1153 in
1116 1113 1383 1163 aeternum,
1413 1100 1542 1151 sicut
1576 1108 1622 1152 et
1658 1097 1797 1152 Deus
1823 1106 1992 1151 manet

419 1198 472 1249 in
502 1204 745 1249 aeternum
771 1193 822 1263 (Ι
859 1190 1016 1246 Joon.
1051 1208 1121 1256 tt,
1163 1190 1226 1244 16
1262 1187 1416 1260 seq.).
1465 1190 1581 1257 Ipse
1622 1190 1674 1244 in
1706 1190 1993 1259 Evangelia

423 1285 690 1341 blanditiis
718 1286 934 1346 invitat,
966 1282 1276 1335 muneribus
1306 1289 1588 1349 provocat,
1618 1280 1994 1333 adhortatione

418 1376 691 1437 sollicitat,
720 1374 943 1428 dicens:
985 1371 1163 1425 Venite
1191 1373 1257 1424 ad
1288 1389 1395 1436 me,
1436 1388 1608 1425 omnes
1636 1372 1721 1440 qui
1751 1373 1945 1424 laborat
1968 1388 1993 1423 s

420 1480 465 1522 et
494 1470 689 1523 onerati
719 1469 834 1521 estis
856 1465 1068 1536 (Matth.
1097 1480 1171 1529 xl,
1192 1464 1311 1532 28),
1360 1477 1412 1519 et
1457 1464 1682 1532 reliqua.
1733 1462 1802 1517 Ut
1841 1462 1993 1530 quasi

420 1562 599 1631 iugum
628 1560 949 1611 salutaribus
970 1556 1259 1609 subdentes
1280 1554 1413 1608 colla
1438 1554 1743 1622 praeceptis,
1772 1553 1990 1605 salutari

421 1667 518 1705 suo
563 1650 822 1705 libertatis
864 1655 918 1700 et
963 1646 1343 1698 misericordia:
1374 1648 1553 1697 currtti
1584 1644 1988 1713 subjungamur,

422 1752 476 1795 et
523 1741 644 1794 ideo
691 1737 1009 1791 auderemus
1058 1744 1396 1789 revocantem
1444 1735 1627 1801 sequi,
1670 1735 1853 1787 audire
1881 1734 1989 1787 cla-
2026 1747 2066 1805 Β

423 1839 688 1891 ntantcm,
730 1827 1091 1881 blandientem
1121 1826 1279 1877 modo
1306 1840 1410 1877 non
1440 1838 1726 1893 spernere;
1773 1838 1839 1877 ne
1869 1838 1993 1876 sen-

425 1926 616 1977 tiamus
648 1919 981 1989 postmodum
1011 1918 1334 1987 iudicantem
1364 1934 1376 1968 :
1419 1932 1526 1985 quo
1559 1915 1805 1985 judicio?
1844 1915 1992 1969 Sicut

430 2020 537 2083 ipse
562 2015 611 2066 iii
639 2012 928 2080 Evangelio
954 2024 1283 2077 praemonere
1303 2017 1359 2062 et
1377 2008 1573 2062 docere
1593 2008 1843 2077 dignatus
1869 2020 1949 2062 est
1973 2027 1987 2061 :

424 2109 550 2163 Cum
573 2104 625 2156 in
645 2103 923 2172 ntajestatis
944 2116 1051 2154 sate
1074 2101 1190 2152 sede
1212 2101 1495 2153 consideret
1515 2099 1729 2165 (Matth.
1749 2116 1855 2163 xix,
1873 2101 1991 2169 28),

424 2194 636 2264 quando
666 2208 770 2246 non
801 2194 973 2245 solum
1004 2191 1193 2245 merita
1222 2190 1611 2260 pondeiaturus
1638 2202 1692 2244 et
1723 2194 1881 2253 tacta,
1906 2208 1995 2244 ve-

431 2265 736 2342 ntm.etiam
767 2285 927 2338 verba
959 2295 1039 2337 est
1071 2283 1407 2337 discussurus
1435 2292 1491 2337 et
1518 2293 1661 2335 vota.
1710 2284 1877 2350 Quem
1910 2284 1996 2337 hic

427 2391 567 2431 nunc
592 2376 786 2430 viderit
811 2375 1063 2429 salutaria
1092 2390 1185 2429 sua
1216 2385 1478 2443 praecepta
1506 2374 1795 2444 negligere,
1825 2383 1881 2427 et
1904 2375 1995 2427 ad-

425 2468 747 2522 monitiones
803 2480 926 2519 suas
973 2465 1353 2520 saluberrimas
1390 2465 1617 2535 superba
1662 2473 1842 2520 mente
1869 2479 1998 2519 con-

427 2569 693 2622 temnere,
736 2572 841 2610 non
880 2557 1056 2610 solum
1086 2572 1208 2611 cum
1239 2557 1415 2611 atullis
1454 2572 1485 2610 a
1519 2557 1683 2624 janua
1712 2559 1859 2628 regni
1887 2573 1997 2613 caa-

425 2651 572 2706 lestis
602 2648 845 2704 excludet
870 2648 1084 2718 (Matth.
1111 2664 1238 2713 xxv,
1267 2646 1348 2717 5),
1379 2663 1567 2702 verum
1594 2650 1756 2703 etiam
1789 2659 1995 2718 partem

424 2742 588 2811 ipsius
608 2756 728 2795 cum
754 2740 1055 2794 inﬁdelibus
1073 2739 1378 2808 deputabit;
1404 2748 1461 2794 ut
1480 2754 1600 2794 cum
1622 2742 1815 2810 quibus
1837 2741 1997 2795 habet

424 2833 475 2885 in
503 2834 700 2886 saecqu
728 2831 1061 2895 serietatem,
1080 2845 1203 2885 cum
1231 2829 1416 2885 iisdem
1443 2829 1495 2883 iit
1522 2839 1780 2885 aeternum
1808 2831 1998 2886 habeat

423 2924 721 2993 portionem
748 2920 898 2992 (Luc.
927 2936 1018 2985 ιη,
1048 2921 1161 2989 46).

983 3073 1195 3129 EPIST.
1240 3074 1430 3129 XXIII.

664 3185 806 3241 Filio
832 3187 1131 3242 Constantio
1154 3197 1178 3224 α
1204 3188 1444 3243 Ruricius
1469 3190 1755 3257 episcopus.

487 3321 788 3389 Quamlibet
823 3322 1064 3387 Baccho,
1108 3322 1460 3392 symphooiis,
1494 3331 1549 3376 et
1578 3324 1803 3376 diversis
1829 3324 1994 3375 tunsi-

417 3414 516 3478 cis,
550 3428 647 3467 nec
684 3428 788 3466 non
826 3413 984 3465 etiam
1024 3422 1077 3466 et
1116 3412 1411 3482 puellarum
1441 3411 1621 3465 choris
1661 3422 1713 3465 te
1754 3412 1990 3465 deditum

417 3520 534 3559 esse
559 3506 929 3571 cognoverim,
964 3515 1137 3560 tamen
1166 3506 1287 3575 quia
1317 3504 1513 3559 bonum
1544 3515 1625 3558 est
1646 3504 1714 3557 ab
1739 3505 1839 3569 his,
1864 3505 1990 3559 dum

416 3596 667 3664 pervalde
697 3596 861 3651 fervet
896 3595 1276 3659 adolescentia,
1308 3596 1589 3663 aliquoties
1618 3596 1904 3663 respirare,
1934 3604 1988 3649 et

415 3689 582 3756 magis
632 3690 856 3742 Domino
901 3704 1128 3753 vacare,
1174 3703 1332 3757 quam
1382 3688 1575 3742 Libero
1603 3728 1616 3751 ,
1673 3688 1986 3756 parentibus

415 3794 621 3847 quoque
664 3794 879 3846 Operam
929 3779 1094 3844 dare,
1146 3795 1303 3848 quam
1354 3782 1635 3844 Cantibus;
1692 3796 1884 3833 moneo
1930 3790 1988 3833 ttt

411 3869 665 3934 Crastino,
694 3871 831 3937 quod
861 3872 961 3924 erit
990 3879 1175 3932 quarta
1206 3870 1357 3932 feria,
1378 3871 1545 3925 Brivas
1576 3872 1870 3939 temporius
1904 3882 1984 3924 ta-

412 3975 563 4023 men,
603 3960 742 4027 quod
774 3970 825 4012 te
861 3960 1120 4013 facturum
1150 3961 1366 4016 minime
1391 3962 1580 4029 credo,
1614 3962 1739 4015 mihi
1767 3962 1985 4031 jejunus

410 4064 683 4104 OCClll'l‘IlS.

478 4264 505 4292 ι
525 4254 917 4318 Constantium,
946 4267 1101 4320 quem
1132 4260 1188 4304 ut
1215 4251 1415 4304 saeculo
1441 4250 1598 4303 nimis
1625 4250 1862 4305 deditum
1894 4252 1975 4305 in-

409 4336 594 4393 crepat
637 4326 721 4378 hie
763 4324 1042 4387 Ruricius,
1085 4321 1280 4393 quique
1322 4322 1490 4393 magis
1531 4320 1724 4393 Libero
1755 4323 1979 4375 vacabat

410 4389 567 4463 quam
599 4394 840 4457 Domino,
876 4408 977 4448 nec
1001 4392 1186 4463 diebus
1208 4390 1377 4463 festis
1392 4389 1818 4463 jejunusaderat
1845 4404 1976 4445 tem-

1743 262 1995 321 RURICII
2033 263 2336 322 EPISCOPI

421 385 625 454 ignosce
642 379 766 444 illis,
783 379 1010 433 nesciunt
1030 377 1165 430 enim
1187 376 1308 445 quid
1329 376 1522 446 taciunt
1541 372 1696 444 (Luc.
1711 391 1865 439 xxiii,
1880 376 1992 445 54).
2024 376 2066 427 Δ

3562 274 3676 328 104

2624 370 2650 409 δ
2692 372 2909 429 EPIST.
2951 370 3136 427 XXIV.

2167 485 2325 542 Aliud
2375 486 2534 553 mihi,
2582 487 2691 541 Deo
2732 496 2868 541 teste
2910 481 3263 553 promiseras,
3307 476 3449 547 quod
3496 476 3684 544 ipsum

2094 580 2319 633 deberes
2345 578 2554 642 colere,
2583 591 2690 631 non
2723 586 2745 613 ο
2783 576 3036 637 Januuin;
3073 570 3224 638 cujus
3249 567 3484 621 criminis
3508 568 3680 618 etiam

2094 686 2180 724 me
2229 672 2307 725 vis
2354 685 2472 724 esse
2507 677 2851 732 consortem,
2902 676 2958 719 ut
2997 680 3095 734 ego
3124 662 3188 715 ad
3232 662 3371 714 hunc
3428 672 3679 711 errorem

2092 761 2376 814 colendum
2407 760 2626 814 delicias
2657 758 3078 818 subministrem,
3130 764 3183 806 et
3210 754 3391 806 oleum
3422 749 3680 803 incendio

2093 850 2491 917 superfttndam.
2511 848 2661 915 Quod
2683 858 2875 901 neutro
2900 856 3138 899 nostrum
3164 842 3377 896 noveris
3394 840 3672 905 expedire.

2092 942 2194 996 Sed
2218 941 2365 995 dices
2392 940 2645 1005 fortasse,
2676 939 2953 993 Pollicitus
2985 953 3061 991 es.
3091 936 3206 1000 Quo
3234 949 3327 987 ore
3364 949 3393 985 a
3424 947 3508 985 me
3544 947 3675 993 pro-

2094 1032 2251 1085 missa
2280 1030 2566 1100 perquiris,
2597 1045 2716 1083 cum
2742 1040 2794 1084 tu
2824 1037 3153 1084 sacramenta
3178 1022 3491 1077 violaveris?
3512 1020 3674 1077 Unde

2092 1122 2242 1175 dabis
2272 1123 2479 1176 veniam
2514 1136 2646 1175 mea:
2673 1119 3035 1189 promissioni,
3066 1116 3296 1185 quandiu
3321 1123 3372 1167 te
3402 1112 3519 1164 huic
3544 1125 3671 1164 ser—

2095 1213 2206 1266 vire
2236 1226 2537 1281 cognovero
2585 1207 2612 1247 ά
2648 1210 2900 1279 parsioni.
2936 1208 3009 1261 Ne
3038 1205 3357 1259 conﬁrmare
3388 1201 3670 1255 videamur

2093 1316 2323 1374 pactum,
2353 1305 2505 1372 cujus
2526 1302 2968 1373 reprehendimus
2999 1300 3079 1354 fac
3106 1315 3191 1351 uin
3212 1312 3227 1361 ;
3252 1303 3308 1351 et
3326 1297 3494 1348 simus
3510 1308 3671 1347 sean—

2093 1397 2237 1462 dalo,
2272 1406 2294 1433 °
2326 1396 2476 1465 cujus
2505 1411 2625 1451 esse
2650 1396 2904 1449 debemus
2936 1392 3203 1459 exemplo.

2665 1505 2879 1561 EPIST.
2922 1502 3090 1557 XXV.

2377 1600 2613 1654 Ruricius
2642 1597 2928 1665 Apollinari
2972 1612 3065 1649 suo
3093 1593 3305 1646 salutem
3339 1585 3383 1642 ί.

2163 1694 2295 1757 Quia
2332 1691 2499 1745 nostri
2531 1705 2708 1744 curam
2732 1702 2944 1755 semper
2970 1699 3154 1754 gerere
3185 1697 3279 1751 pro
3314 1688 3494 1733 mutua
3526 1676 3666 1731 carl-

2099 1793 2207 1837 tate
2233 1781 2543 1850 dignamini,
2586 1780 2761 1833 indico
2789 1776 3032 1832 sollicita:
3060 1774 3242 1844 pietati
3284 1782 3339 1827 et
3379 1771 3478 1839 piae
3514 1769 3667 1823 solli-

2095 1872 2310 1930 citudini
2336 1880 2557 1935 vestrm,
2608 1885 2705 1924 nos
2733 1883 2839 1923 non
2867 1882 3084 1937 parvum
3114 1864 3357 1932 quidem,
3389 1863 3511 1927 sed,
3552 1860 3666 1913 Deo

2098 1963 2345 2031 prep-tio,
2379 1962 2771 2030 voluptuosum,
2806 1974 2834 2010 a
2860 1958 3013 2011 vobis
3043 1970 3337 2016 reversum,
3370 1950 3665 2017 sumpsisse

2097 2054 2400 2121 negotium,
2441 2053 2578 2121 quod
2608 2052 2761 2105 nobis
2789 2049 3072 2119 pluiimnm
3107 2046 3357 2115 prodesse
3390 2043 3582 2112 pessit,
3614 2042 3663 2094 si

2095 2155 2186 2199 aut
2217 2145 2559 2199 intentionem
2588 2143 2910 2204 intellectus,
2935 2148 3027 2191 aut
3056 2138 3378 2190 intellectum
3406 2148 3663 2200 sequere-

2097 2245 2183 2289 tur
2232 2235 2517 2304 ingenium.
2550 2234 2679 2289 Sine
2728 2247 2885 2287 causa
2918 2229 3059 2284 enim
3107 2227 3234 2282 solis
3276 2235 3451 2279 ortum
3489 2237 3665 2277 czecns

2100 2333 2394 2394 exspectat.
2434 2326 2528 2379 Ille
2568 2324 2780 2393 quidem
2811 2321 3111 2375 videntibus
3149 2333 3358 2387 semper
3398 2315 3663 2377 exoritur;

2101 2430 2207 2471 non
2252 2414 2592 2470 cernentibus
2639 2428 2766 2468 vero
2815 2412 2971 2481 jnbar
3000 2410 3205 2479 ipsius,
3246 2407 3395 2478 quasi
3440 2404 3668 2459 nubibus

2098 2521 2310 2575 semper
2347 2506 2601 2574 operitur.
2634 2514 2659 2552 ι
2700 2504 2921 2559 Sollium
2961 2504 3100 2557 enim
3133 2511 3371 2555 nostrum
3411 2500 3667 2552 domuum

2101 2609 2405 2667 patremque
2432 2609 2790 2662 communem,
2820 2608 2976 2660 quem
3014 2589 3473 2646 transcribendum
3501 2590 3668 2641 subli-

2099 2689 2268 2744 mitati
2295 2698 2482 2744 vestrae
2509 2687 2723 2743 dedisse
2749 2701 2834 2740 me
2861 2684 3124 2749 dixeram,
3156 2683 3435 2752 legendum
3464 2681 3665 2750 recepi.

2098 2781 2261 2849 Cujus
2291 2780 2447 2835 lectio
2477 2780 2613 2833 sicut
2637 2778 2765 2833 mihi
2787 2778 3058 2846 antiquum
3100 2784 3362 2831 restaurat
3386 2774 3669 2842 affectum,

2078 2874 2169 2926 \ita
2202 2886 2310 2941 pra:
2339 2871 2663 2925 obscuritate
2692 2870 2953 2923 dictorum
2980 2883 3083 2921 non
3111 2867 3352 2922 accendit
3374 2868 3667 2936 ingenium.

2099 2961 2401 3027 Quamlibet
2443 2962 2614 3026 ipsum
2660 2968 2778 3028 post
2806 2967 2912 3011 tam
2955 2957 3098 3025 longi
3140 2958 3394 3025 temporis
3437 2958 3667 3027 spatium

2100 3050 2333 3103 caritatis
2364 3048 2648 3119 igniculum
2684 3048 2925 3101 scintillis
2963 3049 3072 3100 suis
3106 3047 3244 3101 inter
3276 3048 3560 3103 oblivionis
3592 3051 3667 3103 fa-

2106 3140 2254 3191 iil'as
2283 3149 2555 3206 utcunque
2600 3138 2925 3191 relucentem
2948 3179 2962 3202 ,
3005 3152 3380 3205 noonunquam
3413 3148 3465 3192 et
3492 3143 3670 3206 suspi-

2105 3229 2258 3282 riosis
2288 3227 2499 3282 ﬁezibus
2520 3228 2837 3293 excitemus,
2864 3239 2916 3281 et
2945 3229 3208 3282 interdum
3248 3230 3489 3285 dulcibus
3514 3233 3671 3288 nobis

2100 3320 2311 3373 fletibus
2351 3320 2658 3389 irrigemus;
2717 3335 2822 3389 quo
2864 3330 3039 3373 tamen
3071 3320 3163 3372 illo
3212 3320 3380 3374 imbre
3424 3324 3669 3389 perfusus

2101 3419 2299 3478 quanto
2333 3410 2497 3478 magis
2520 3409 2770 3473 inﬁcitur,
2806 3418 2952 3461 tanto
2981 3411 3147 3478 magis
3172 3411 3495 3475 incenditur;
3542 3414 3665 3480 quia

2101 3519 2193 3570 per
2216 3502 2444 3571 lacryma
2454 3517 2564 3554 rum
2579 3502 2784 3568 cepiam
2809 3501 3190 3555 desideriorum
3207 3510 3365 3569 atque
3379 3503 3663 3557 affectuum

2095 3596 2290 3649 crescit
2318 3594 2524 3648 ﬂamma
2545 3633 2560 3657 ,
2592 3609 2696 3647 non
2731 3593 2932 3647 deficit.
2967 3593 3116 3648 llunc
3143 3610 3302 3661 ergo,
3335 3596 3376 3648 si
3408 3596 3664 3650 Dominus

2098 3686 2197 3754 pice
2250 3684 2541 3739 definitioni
2573 3694 2764 3738 vestrae
2795 3683 3027 3745 tribuet,
3063 3696 3116 3735 ut
3154 3683 3347 3744 fautor,
3379 3685 3658 3752 effectum,

2095 3779 2244 3832 Vobis
2281 3777 2632 3846 praesentibus
2664 3790 2978 3843 percensere
3020 3775 3211 3827 festino
3241 3784 3295 3828 et
3339 3776 3474 3828 efﬁci
3506 3778 3661 3830 di-ci-

2095 3869 2247 3936 pulus
2276 3871 2341 3921 de
2369 3868 2643 3936 niagiStro.
2667 3867 2795 3932 Quin
2831 3881 2932 3919 non
2965 3881 3049 3918 me
3092 3867 3253 3932 pudet
3291 3865 3449 3917 etiam
3482 3868 3530 3919 in
3566 3869 3661 3920 hac

2091 3967 2267 4020 aetate,
2300 3972 2398 4011 nec
2430 3959 2567 4026 piget
2593 3957 2836 4024 discipuli
2867 3957 3101 4024 arripere
3132 3956 3468 4019 industriam,
3505 3959 3657 4011 dum-

2089 4050 2250 4106 modo
2306 4052 2493 4106 allecta
2547 4061 2704 4105 aetate
2746 4052 2879 4104 artis
2941 4064 3239 4120 consequar
3300 4050 3655 4119 disciplinam.

2080 4255 2212 4319 ciso,
2243 4252 2379 4320 apud
2420 4253 2770 4307 Mediolanum
2812 4255 3077 4320 relegatus
3108 4266 3233 4311 est:
3273 4259 3429 4311 rediit
3474 4263 3662 4312 Arver-

2080 4341 2200 4377 ttam
2254 4324 2524 4390 profugus.
2562 4324 2758 4396 lieinde
2789 4322 3105 4379 Voeladensi
3146 4330 3329 4396 prmlio
3359 4328 3548 4392 adfuit,
3587 4331 3655 4382 ibi

2084 4398 2253 4461 ipsum
2304 4408 2422 4446 cum
2477 4395 2708 4445 maximo
2748 4398 3106 4447 Arvernorum
3155 4395 3355 4463 popqu
3391 4401 3660 4452 coriuisse

411 4458 520 4530 plo,
553 4464 778 4517 laudavit
814 4466 1008 4531 stepins
1038 4461 1317 4533 Sidonius:
1340 4458 1458 4512 Fuit
1481 4462 1560 4533 vir
1586 4461 1870 4533 singularis
1896 4464 1971 4533 in-
2006 4458 2054 4516 Ι)
2084 4458 2273 4517 asserit
2298 4464 2517 4516 Savaro.
2552 4464 2655 4516 Sed
2690 4465 2881 4516 iterum
2909 4467 3073 4519 evasit
3103 4458 3451 4533 Apollmaris.
3489 4467 3659 4521 Placi-

410 4529 579 4599 genii,
611 4535 806 4600 quique
834 4529 1132 4602 eloquentta
1163 4545 1259 4583 sua
1288 4529 1540 4583 Romanis
1569 4531 1804 4596 partibus
1833 4532 1973 4584 mul-

411 4611 521 4654 tum
564 4603 776 4669 proluit.
829 4602 951 4656 Fuit
979 4604 1222 4656 eminens
1260 4611 1413 4668 poeta
1458 4616 1623 4654 sacrte
1666 4602 1976 4654 litteratura:

410 4673 700 4738 studiosus,
719 4681 834 4725 erat
854 4682 1028 4726 autem
1050 4671 1417 4739 Lugdunensis
1437 4674 1665 4740 presbyt'
1689 4688 1714 4724 r
1730 4674 1978 4739 maleque

411 4744 692 4809 episcopus
714 4743 907 4795 dic.tur
931 4741 997 4794 ab
1026 4742 1247 4793 Isidoro.
1283 4740 1454 4809 Vitam
1484 4741 1540 4795 S.
1569 4742 1820 4795 Germani
1847 4742 1979 4794 scri—

412 4812 514 4879 psit
540 4808 769 4880 eleganti
795 4812 951 4880 stylo.
991 4811 1084 4863 Est
1106 4811 1268 4863 altera
1294 4808 1360 4862 ad
1386 4827 1505 4864 eum
1531 4810 1728 4865 Rurieii
1756 4810 1978 4879 epistola

411 4897 635 4933 numero
660 4883 745 4934 42.
784 4882 939 4933 ΒΑεΝ.

482 4949 508 4987 δ
544 4950 761 5004 Videtur
782 4964 901 5004 esse
929 4949 1123 5018 scripta
1154 4948 1218 5002 ad
1245 4949 1488 5003 eumdem
1516 4951 1906 5005 Constantium.

486 5030 507 5057 ο
538 5018 694 5072 Forte
719 5019 932 5072 Janum.

481 5086 505 5124 ἀ
537 5086 697 5159 Eorte
726 5090 946 5157 portioni
983 5088 1063 5141 vel
1092 5104 1334 5159 personae.

484 5167 509 5228 ξ
541 5158 697 5213 Forte
727 5160 926 5228 quibus.

488 5227 510 5266 ί
554 5227 870 5297 Apollinaris
912 5227 1003 5283 fuit
1052 5230 1194 5284 illius
1238 5228 1574 5284 celeberrimi
1616 5230 1978 5284 Arvernorum

413 5299 644 5367 episcopi
672 5300 828 5352 illius.
851 5297 999 5353 Hunc
1022 5300 1253 5354 laudavit
1277 5300 1519 5352 lluricius
1542 5309 1790 5364 tauquam
1818 5302 1982 5365 patris

412 5371 646 5435 vestigiis
672 5370 1016 5422 inliterentetn
1051 5388 1061 5421 :
1088 5370 1244 5439 Cujus
1268 5385 1351 5423 vos
1379 5385 1483 5420 esse
1512 5370 1668 5431 ﬁlios,
1696 5386 1797 5422 non
1816 5371 1982 5422 solum

413 5441 739 5506 generositate
763 5442 1034 5509 prosapiae,
1066 5455 1231 5492 verum
1262 5442 1410 5492 etiam
1432 5449 1477 5509 et
1504 5439 1802 5507 eloquentia:
1822 5442 1979 5508 ﬂore,

414 5511 605 5560 ctotnni
629 5508 869 5563 virtutum
893 5526 1070 5578 genere
1083 5510 1439 5575 romprobatis.
1463 5508 1791 5562 Laudaverat
1815 5511 1982 5562 lilium

416 5587 599 5642 pater;
630 5595 728 5649 nos
754 5589 929 5633 tamen
951 5589 1129 5634 natum
1160 5579 1476 5649 degenerem
1508 5593 1629 5631 mox
1659 5594 1843 5632 sumus
1871 5593 1991 5647 pro-

416 5649 608 5701 baturi.
646 5648 928 5704 Victorium
958 5649 1146 5706 ducem
1176 5648 1228 5703 in
1259 5649 1464 5704 ltaliatn
1497 5658 1717 5704 secutus
1737 5690 1754 5717 ,
1795 5663 1861 5704 eo
1887 5662 1984 5703 oc-

2080 4535 2255 4586 dinain
2293 4536 2475 4585 habuit
2518 4548 2765 4586 uxorem:
2810 4533 2899 4584 illa
2932 4550 3060 4589 vero
3098 4552 3216 4588 enin
3246 4539 3426 4591 sedent
3460 4536 3660 4591 Arver-

2084 4618 2269 4656 norum
2318 4604 2463 4659 oltitu
2527 4602 2752 4655 Eufrasii
2804 4618 2990 4657 vacare
3030 4606 3277 4667 audiret,
3328 4609 3661 4669 electumque

2084 4675 2439 4737 Quintianum,
2476 4676 2644 4741 ipsum
2672 4673 2801 4725 adiit
2822 4675 3228 4740 Sttpplettmrnns
3253 4687 3309 4729 ut
3331 4679 3656 4742 Apollinaris

2081 4746 2387 4815 episcopatu
2436 4744 2824 4815 Arvernorum,
2858 4745 3131 4808 gauderet.
3181 4749 3353 4800 Cessit
3407 4748 3659 4815 pret-ibus

2083 4814 2370 4867 Plaeidinte
2402 4812 2756 4883 Quintianus.
2800 4812 3127 4879 Apollinaris
3165 4833 3281 4869 vero
3327 4812 3505 4870 oblatis
3553 4820 3662 4883 regi

2085 4885 2371 4954 iituneribus
2390 4882 2443 4954 in
2470 4885 2760 4947 episcopatu
2788 4888 3056 4945 successit,
3079 4902 3177 4952 quo
3207 4886 3417 4939 abutens
3441 4896 3663 4954 quatuor

2085 4953 2603 5024 mensibusumigravit
2635 4954 2702 5004 ad
2729 4954 2995 5009 saeculum.
3033 4954 3173 5007 Vixit
3204 4959 3358 5024 igitur
3385 4957 3661 5024 Apollina-

2084 5024 2158 5075 ris
2189 5033 2301 5088 post
2333 5021 2660 5093 loclatlense
2701 5024 2940 5089 prteliutn
2961 5066 2974 5086 ,
3021 5036 3205 5077 contra
3225 5021 3410 5093 'qttam
3437 5021 3661 5079 'assert

2084 5093 2302 5164 Savaro.
2340 5090 2563 5164 Fuitque
2594 5093 2731 5144 filim
2760 5095 2993 5161 degener
3039 5099 3126 5161 qui
3159 5090 3348 5148 oblatis
3389 5095 3499 5164 regi
3544 5112 3661 5147 mn—

2084 5162 2302 5216 neriltus
2353 5162 2533 5217 sedem
2564 5176 2593 5213 a
2645 5174 2866 5230 parente
2896 5176 3207 5230 oecup-itam
3240 5162 3470 5227 tenuit,‘
3490 5180 3662 5230 eaque

2083 5234 2282 5286 abusus
2332 5242 2432 5302 est.
2468 5232 2656 5285 Filium
2691 5234 2873 5287 habuit
2900 5235 3220 5294 Arcadium.
3262 5234 3413 5302 cujus
3452 5236 3659 5300 ignavia

2085 5303 2344 5355 Arvernia
2372 5301 2466 5355 fuit
2493 5303 2783 5355 devastata.
2814 5304 2982 5356 Mater
3012 5303 3277 5358 Placidtna
3300 5313 3356 5358 et
3380 5319 3536 5357 soror
3571 5320 3663 5367 pa-

2087 5374 2183 5426 tris
2202 5373 2405 5426 Alcima
2430 5374 2833 5439 comprehensa:
2857 5373 2995 5438 apud
3027 5372 3324 5427 Cadurcum
3350 5376 3559 5433 urbem,
3586 5390 3663 5423 re.

2086 5441 2183 5495 bus
2212 5442 2402 5495 ablatis
2424 5444 2611 5497 exsilio
2641 5451 2766 5496 sunt
2786 5442 3173 5508 condemnata,
3205 5445 3317 5504 ipso
3339 5459 3467 5497 vero
3494 5444 3664 5496 Arca~

2084 5511 2228 5579 dius,
2260 5514 2476 5584 sceleris
2507 5520 2716 5584 auctor,
2749 5513 3012 5584 Bituriges
3040 5513 3189 5581 petiit
3214 5512 3393 5584 (Greg.
3417 5513 3566 5578 Tun,
3625 5512 3663 5565 Ι.

2085 5596 2173 5650 ttt,
2213 5599 2256 5636 c.
2300 5583 2411 5651 l2).
2440 5582 2530 5637 Sic
2550 5582 2843 5649 degeneres
2874 5582 3097 5637 heroum
3123 5582 3238 5636 lilii.
3266 5582 3422 5637 Bssx.

2160 5661 2183 5698 κ
2207 5652 2483 5707 Sidonium
2512 5651 2783 5720 intelligit,
2814 5666 2976 5721 quem
3001 5653 3205 5708 Solium
3236 5654 3329 5708 alii
3366 5660 3576 5707 vocant.
