4022 6168
310 311 419 366 105

313 432 467 485 Prius
486 428 626 486 enim
652 430 879 500 quilibet
900 431 1058 488 debet
1086 430 1294 489 discere
1322 447 1483 503 quam
1514 434 1731 493 docere.
1762 438 1896 504 Quia

312 539 660 594 pra-propere
689 525 926 580 doctoris
953 536 1174 595 usurpat
1201 527 1569 596 supercilium,
1600 529 1703 584 nisi
1728 531 1893 586 disci-

310 616 417 682 puli
469 617 766 684 susceperit
793 626 917 671 ante
964 617 1298 672 famulatum.
1344 618 1481 686 Quid
1511 621 1654 675 enim
1701 622 1898 691 justius

311 721 472 774 quam
502 716 559 761 ut
599 707 714 773 ipse
745 708 820 762 sis
866 710 1076 775 paterni
1115 709 1380 778 interpres
1400 711 1633 779 eloquii,
1660 713 1750 779 qui
1781 714 1899 768 uni-

310 813 465 852 versa
494 814 617 869 quae
645 803 736 853 ille
764 803 1111 869 conscripsit,
1139 818 1243 855 non
1276 813 1382 857 tam
1410 811 1477 859 de
1505 804 1706 859 codicis
1729 822 1897 861 mem-

310 890 501 955 hrana,
533 904 691 957 quam
722 890 788 945 de
812 891 988 947 cordis
1017 902 1167 960 potes
1198 895 1388 962 pagina
1429 894 1709 964 proferre?
1734 897 1898 966 Cujus

308 994 405 1031 vos
435 994 558 1034 esse
590 980 727 1034 ﬁlios
758 998 863 1034 non
886 982 1059 1036 solum
1087 986 1447 1051 generositate
1476 987 1774 1055 prosapiae,
1805 1002 1897 1044 ve-

308 1084 429 1122 rum
481 1071 643 1123 etiam
692 1078 747 1123 ct
772 1070 1092 1139 eloquentiae
1137 1073 1303 1137 ﬂore,
1356 1082 1411 1128 et
1452 1076 1599 1129 omni
1641 1077 1895 1131 virtutum

306 1175 511 1229 genere
550 1161 914 1229 comprobatis
956 1181 969 1216 :
1012 1179 1133 1233 qua
1162 1164 1300 1219 bona
1340 1165 1494 1221 vobis
1525 1182 1630 1221 non
1661 1175 1767 1222 tam
1801 1169 1900 1223 do-

306 1254 483 1304 ctrina
535 1252 801 1315 contulit,
831 1268 989 1323 quam
1019 1264 1228 1308 natura.
1279 1255 1415 1324 Quia
1461 1257 1609 1313 rivus
1652 1259 1720 1314 de
1752 1260 1897 1316 fonte

308 1354 674 1409 prorumpens
702 1342 827 1398 licet
870 1342 1084 1399 ﬂuendo
1129 1346 1399 1416 proficiat,
1430 1358 1481 1402 et
1512 1348 1896 1418 plenitudinem

308 1431 581 1489 currendo
607 1434 909 1501 conquirat,
934 1436 1138 1488 auctori
1170 1446 1346 1490 tamen
1379 1438 1519 1492 unde
1540 1442 1702 1494 sumit
1733 1454 1896 1494 voca-

307 1522 519 1591 bulum,
553 1523 717 1580 debet
744 1533 800 1580 et
826 1526 1098 1582 meritum.
1129 1528 1296 1596 Quem
1331 1530 1377 1585 si
1409 1529 1585 1585 divina
1615 1532 1896 1588 clementia

309 1626 480 1681 usque
500 1614 570 1667 ad
603 1612 707 1669 hoc
737 1626 945 1685 tempus
970 1631 1255 1685 superesse
1288 1621 1576 1685 voluisset,
1624 1624 1758 1678 sicut
1785 1624 1895 1691 jam

311 1712 423 1758 tum
455 1703 522 1757 de
544 1714 720 1759 vestra
752 1706 1048 1762 imitatione
1080 1708 1376 1775 laetabatur,
1409 1710 1478 1763 ita
1511 1727 1651 1765 nunc
1680 1711 1748 1767 de
1776 1728 1897 1781 per-

308 1794 543 1849 lectione
573 1797 863 1865 gauderet;
893 1812 1014 1852 cum
1036 1814 1184 1868 spem
1208 1800 1273 1855 ad
1299 1816 1410 1857 rem
1431 1817 1680 1859 cerneres
1711 1819 1896 1873 perve—
1924 1826 1973 1887 Β
1998 1794 2342 1899 ﬂamini},

310 1888 493 1950 uisse;
537 1902 641 1941 nec
672 1887 774 1942 sibi
801 1887 1063 1945 invideret
1084 1892 1381 1961 aequalem,
1412 1908 1570 1975 quem
1616 1905 1892 1965 optaverat

276 2022 286 2033 .
308 1991 429 2031 esse
460 1977 765 2033 meliorem.

876 2133 1089 2189 EPIST.
1133 2137 1322 2192 XXVI.

375 2240 685 2308 Quamlibet
734 2258 830 2312 per
871 2246 1149 2302 diaconem
1199 2247 1405 2303 Justum
1450 2265 1553 2306 non
1598 2254 1884 2309 meruerim

305 2329 515 2386 litteras
569 2333 783 2401 benigni
840 2350 1070 2404 pectoris
1115 2350 1169 2393 et
1219 2340 1543 2395 facundioris
1592 2347 1835 2413 accipere
1866 2388 1881 2411 ,

304 2423 499 2489 quibus
527 2432 583 2476 et
612 2425 913 2480 erudiretur
940 2427 1242 2495 ingenium,
1273 2439 1326 2484 et
1354 2431 1673 2487 desiderium
1705 2449 1887 2503 pasce—

305 2522 475 2565 retur.
528 2513 639 2581 Ego
686 2524 901 2582 tamen,
953 2518 1040 2586 qui
1089 2520 1229 2573 malo
1252 2520 1578 2577 aﬂectuosus
1624 2526 1883 2589 rusticus,

305 2617 467 2669 quam
508 2604 744 2659 urbanus
784 2608 974 2675 impius
995 2608 1248 2678 judicari,
1280 2613 1547 2669 scribendi
1576 2619 1887 2685 opportuni-

307 2700 469 2745 tatem
501 2691 632 2745 mihi
663 2695 840 2762 perire
868 2712 972 2751 nou
1004 2714 1192 2767 passus
1218 2716 1367 2767 sum;
1399 2713 1581 2773 utpote
1624 2707 1712 2775 qui
1754 2708 1884 2763 mihi

305 2783 505 2838 nollem
532 2827 548 2850 ,
588 2802 693 2839 non
739 2788 913 2841 dicam
944 2792 1279 2846 occasionem
1317 2796 1617 2861 scribendi,
1664 2799 1756 2851 sed
1784 2814 1885 2853 nec

306 2875 522 2927 videndi
558 2890 689 2939 vos,
728 2879 883 2931 unius
921 2882 1110 2935 saltem
1159 2882 1306 2938 horae
1345 2888 1573 2955 spatium
1617 2889 1881 2957 deperire.

305 2965 539 3034 ideoque
568 2969 714 3022 salve
746 2969 1030 3037 plurimum
1062 2975 1212 3039 dico,
1241 2984 1295 3028 et
1332 2991 1462 3045 rugo
1494 2987 1553 3031 ut
1591 2980 1706 3031 sine
1732 2994 1879 3033 com-

304 3058 452 3110 muni
483 3058 837 3128 detrimento,
866 3071 919 3116 et
948 3064 1226 3134 utriusque
1252 3069 1587 3135 compendio,
1622 3086 1718 3124 nos
1742 3088 1880 3127 sem-

305 3164 424 3214 pvr,
458 3156 857 3218 opportunitate
882 3166 1144 3222 porrecta,
1180 3157 1370 3212 litteris
1396 3162 1587 3214 vestris
1614 3162 1883 3219 illustrare
1914 3212 1957 3233 η

302 3240 619 3307 dignemini.
662 3241 802 3309 Quia
845 3245 984 3312 quod
1026 3246 1179 3300 nobis
1218 3246 1270 3301 iti
1300 3248 1493 3304 all'eetu
1538 3252 1880 3322 impenditis,

1564 318 1997 381 EPISTOLARU
2011 323 2057 377 Μ
2100 323 2227 379 LIB.
2272 324 2336 379 II.

3483 347 3585 401 106

1922 470 1977 527 Α
2003 457 2113 496 ram
2144 442 2275 511 Deo,
2320 451 2375 499 et
2416 446 2621 518 angelis
2647 449 2763 518 ejus
2788 492 2803 518 ,
2848 467 2911 509 ac
2951 459 3363 527 congregatione
3398 462 3577 520 carnis

2004 535 2164 590 totius
2184 550 2464 605 apparere.
2490 540 2679 597 Saluto
2707 542 2886 613 itaque
2910 548 3308 607 unanimitateui
3331 564 3496 621 tuam,
3524 568 3576 613 et

2004 639 2136 692 rogo
2175 636 2231 680 ut
2255 642 2353 695 pro
2379 644 2464 684 me
2494 646 2650 688 orare
2676 634 2927 703 digneris,
2951 638 3215 709 simulque
3242 660 3363 699 cum
3384 662 3566 716 oppor-

2000 725 2182 771 tunum
2213 718 2363 773 vobis
2391 719 2576 785 luerit.
2608 740 2706 779 nos
2731 729 2859 781 tanti
2889 728 3129 788 habeatis
3159 735 3391 793 visitare.
3426 736 3574 794 Vale.

2546 874 2762 931 EPIST.
2805 876 3037 934 XXVIII.

2300 984 2542 1041 Ruricius
2579 988 2823 1059 Eufrasio
2850 1001 2875 1029 ⁸
2904 1010 3000 1047 suo
3026 995 3260 1055 salutem.

2069 1102 2233 1159 Miror
2257 1108 2594 1162 sanctitatem
2616 1120 2849 1166 vestram
2880 1124 3000 1184 post
3020 1126 3284 1172 tantorum
3314 1129 3368 1174 et
3393 1122 3571 1178 talium

1999 1195 2236 1252 virorum
2272 1197 2470 1267 judicia
2500 1202 2678 1269 potius
2706 1219 2861 1273 quam
2902 1212 3159 1278 rescripta
3187 1211 3411 1267 inscitia:
3442 1229 3577 1271 mea:

1999 1291 2258 1355 quaesisse
2285 1295 2625 1348 sententiam.
2659 1296 2809 1363 Quod
2832 1314 2928 1352 vos
2956 1302 3126 1371 magis
3157 1319 3253 1372 pro
3281 1310 3576 1361 necessitu-

1998 1376 2126 1432 dine
2148 1394 2307 1446 quam
2336 1386 2656 1440 necessitate
2677 1384 2868 1442 iecisse
2888 1389 3146 1458 eonjicio;
3177 1407 3242 1446 ne
3263 1394 3416 1463 cujus
3443 1400 3574 1452 tanti

2000 1467 2208 1525 habetis
2248 1473 2571 1542 praecipuum
2594 1476 2648 1529 iu
2677 1478 2856 1532 animo
2887 1488 3070 1536 tenere
3096 1482 3295 1537 cultum
3322 1524 3337 1550 ,
3367 1486 3575 1541 videre~

1999 1557 2128 1612 mini
2198 1560 2251 1613 in
2303 1564 2514 1632 negotio
2569 1569 2975 1634 praetermisisse
3020 1585 3362 1628 consensum.
3422 1576 3575 1633 Ultde

1998 1648 2194 1717 gratias
2214 1664 2315 1720 ago
2364 1653 2650 1709 individua:
2698 1658 2826 1711 mihi
2879 1660 2931 1712 in
2971 1658 3185 1716 Christo
3236 1668 3575 1729 germanitati

1998 1750 2191 1794 vestrm
2210 1780 2225 1805 ,
2252 1743 2393 1810 quod
2422 1744 2493 1797 ita
2521 1745 2590 1799 de
2618 1747 2768 1801 nobis
2794 1762 3120 1817 praesumere
3146 1760 3200 1808 et
3228 1754 3467 1819 judicare
3493 1758 3576 1810 di-

2849 1850 2941 1895 aut
2970 1842 3022 1895 in
3044 1843 3284 1899 caritatis
3316 1846 3575 1916 simplici-

1999 1930 2106 1977 tate
2158 1924 2439 1978 subdolum
2473 1966 2487 1990 ,
2541 1937 2634 1982 aut
2678 1929 2728 1982 iu
2758 1930 2996 1986 veritatis
3041 1935 3271 2001 puritate
3314 1935 3569 1992 fucatam.

1992 2014 2182 2070 Reddo
2212 2016 2391 2086 itaque
2420 2018 2658 2074 debitum
2709 2023 3074 2079 unanimitatis
3103 2026 3336 2081 cilicium
3363 2069 3377 2085 .
3408 2040 3462 2083 et
3504 2031 3574 2085 de

1992 2119 2148 2160 causa
2171 2123 2274 2176 qua
2301 2108 2431 2162 mihi
2460 2110 2701 2165 scribere
2723 2112 2924 2181 dignati
2949 2115 3099 2179 estis,
3130 2115 3269 2170 idem
3302 2133 3388 2173 uie
3428 2121 3573 2187 quod

1988 2206 2044 2251 et
2074 2198 2269 2253 fratres
2298 2209 2512 2255 nostros
2559 2202 2761 2258 sentire
2803 2204 3064 2273 significo.
3106 2205 3211 2260 Sed
3255 2209 3382 2277 quid
3433 2209 3573 2265 facto

1986 2305 2121 2361 opus
2157 2291 2259 2357 sit,
2301 2293 2381 2348 vel
2413 2295 2540 2363 quid
2570 2296 2700 2350 mihi
2732 2297 3067 2365 potissimum
3101 2301 3215 2355 fieri
3265 2303 3463 2358 debere
3493 2306 3574 2358 vi-

1988 2381 2195 2447 deatur,
2241 2398 2339 2452 per
2365 2384 2640 2441 diaconetn
2689 2398 2925 2442 vestrum
2958 2393 3123 2447 verbo
3172 2390 3400 2448 ﬁdeliter
3442 2394 3571 2450 inti-

1986 2473 2148 2539 mavi,
2179 2473 2399 2539 quia....
2429 2490 2504 2530 ιιι.
2534 2477 2633 2532 fuit
2662 2476 2858 2535 litteris
2885 2479 3142 2538 indicare.
3170 2484 3274 2539 Ora
3313 2500 3410 2556 pro
3458 2503 3566 2543 me.

2543 2633 2762 2691 EPIST.
2804 2636 2995 2695 XXIX.

2306 2744 2547 2800 Ruricius
2576 2744 2858 2800 Eracliano
2883 2764 2975 2801 suo
3013 2751 3246 2805 salutem.

2055 2874 2155 2942 Qui
2182 2889 2240 2929 se
2271 2891 2419 2930 reum
2455 2875 2522 2932 de
2551 2878 2729 2931 ofﬁcio
2758 2892 2875 2932 esse
2898 2883 3203 2948 cognoscit,
3237 2886 3385 2952 prius
3429 2901 3561 2956 sup—

1986 2965 2185 3033 plicare
2213 2964 2372 3020 debet
2400 2982 2557 3035 quam
2598 2967 2790 3020 audeat
2831 2968 3081 3025 salutare.
3117 2972 3247 3037 Quia
3287 2975 3425 3029 sicut
3466 2976 3565 3030 itit-

1986 3065 2211 3123 portune
2244 3059 2543 3111 occurritur
2566 3059 2876 3125 imputanti,
2911 3059 2981 3112 ita
3011 3071 3309 3129 Opportune
3340 3067 3567 3121 remitti-

1987 3152 2074 3199 tur
2094 3145 2395 3201 conlitenti.
2448 3146 2516 3200 Et
2562 3147 2681 3201 ideo
2714 3163 2810 3203 nos
2856 3156 3092 3203 nostram
3126 3154 3177 3206 in
3224 3155 3395 3223 palam
3442 3171 3570 3225 pro-

1988 3237 2238 3292 duximus
2281 3254 2473 3293 noxam
2498 3282 2512 3307 ,
2546 3248 2606 3293 ut
2652 3238 2861 3297 facilius
2890 3245 3166 3311 pervenire
3208 3248 3470 3315 possimus
3496 3249 3563 3304 ad

300 3348 417 3387 ηοη
464 3334 813 3402 “penditis;
862 3335 1008 3406 quod
1052 3338 1323 3405 "munis,
1370 3354 1479 3394 ηοη
1528 3342 1811 3409 alumnis;
1839 3352 1895 3398 ει
1986 3328 2217 3381 veniam.
2242 3328 2375 3394 Quia
2397 3344 2506 3383 non
2531 3330 2850 3400 relinquitur
2876 3333 3024 3388 locus
3057 3335 3411 3404 imputationi,
3439 3355 3561 3395 cum

298 3424 451 3492 quod
508 3426 667 3479 nobis
716 3426 772 3479 in
829 3428 1021 3482 charta
1070 3431 1466 3497 transmittitis,
1518 3433 1797 3490 vobiscum
1834 3436 1888 3491 in

299 3518 469 3572 corde
497 3519 767 3573 retinetis.

778 3696 797 3711 .
856 3633 1075 3688 EPIST.
1117 3634 1332 3690 xxvu.

621 3743 866 3801 Ruricius
901 3750 1177 3803 Ottmtucio
1204 3770 1298 3805 suo
1329 3766 1574 3807 saittlem.

376 3832 467 3887 Sic
496 3849 525 3888 a
558 3837 757 3903 pietate
784 3856 961 3898 vestra
992 3843 1231 3913 discessi,
1259 3851 1397 3915 quod
1429 3865 1457 3902 a
1500 3849 1647 3905 vobis
1671 3851 1881 3921 penitus

302 3936 412 3974 noti
443 3928 661 3980 recessi.
704 3929 762 3981 ln
793 3931 978 3985 eadem
1006 3949 1101 3987 vos
1140 3945 1288 4003 parte
1337 3937 1567 3993 hominis
1611 3941 1881 3998 interioris

301 4014 554 4082 exhibui,
602 4018 656 4071 in
688 4034 790 4088 qua
814 4023 965 4077 Vobis
995 4033 1244 4080 remansi.
1279 4028 1402 4082 Scio
1428 4032 1548 4096 quia
1574 4032 1766 4087 ibidem
1795 4050 1880 4089 re-

301 4104 496 4168 mansi,
527 4108 669 4161 unde
692 4125 777 4164 me
799 4126 897 4165 nec
914 4112 1189 4169 insidiator
1218 4118 1465 4185 antiquus
1487 4123 1674 4188 potuit,
1705 4139 1879 4190 neque

302 4208 493 4249 recens
513 4200 825 4254 consiliator
860 4200 1195 4277 [conciliator]
1214 4208 1516 4265 excludere.
1542 4212 1694 4267 Unde
1716 4214 1874 4271 etiam

299 4290 562 4341 sententia
610 4290 753 4345 illius
794 4308 888 4346 vos
936 4298 1311 4364 sapientissimi
1356 4301 1656 4359 Salomonis
1693 4306 1877 4360 admo-

301 4392 404 4432 neo
434 4397 446 4430 :
490 4377 634 4445 Fili,
668 4398 733 4434 ne
767 4384 1085 4453 derelinquas
1127 4391 1349 4444 amicum
1386 4396 1651 4462 antiquum
1674 4436 1689 4461 ,
1716 4413 1875 4451 novus

297 4469 436 4524 enim
459 4487 561 4524 non
590 4474 683 4526 erit
706 4475 888 4529 similis
909 4478 1006 4531 illi.
1044 4479 1231 4535 Vinum
1252 4500 1434 4538 novum
1462 4487 1653 4540 amicus
1678 4504 1835 4541 novus
1852 4506 1871 4553 ,-

1983 3418 2162 3473 aditus
2201 3421 2432 3487 patuerit
2463 3420 2760 3489 deploranti
2785 3462 2801 3489 ,
2850 3425 3140 3480 secundum
3172 3428 3315 3482 illam
3345 3438 3563 3486 septeno

1982 3509 2109 3563 tiam
2144 3526 2159 3563 :
2190 3510 2283 3565 Dic
2311 3522 2363 3568 tu
2396 3508 2545 3577 prior
2587 3512 2897 3579 iniquitates
2929 3523 3044 3569 tuas
3064 3557 3078 3579 ,
3137 3526 3196 3571 ut
3232 3518 3556 3587 justiliceris.

1987 3593 2101 3648 Non
2130 3596 2273 3649 enim
2306 3599 2613 3662 praevalebit
2638 3604 2938 3658 accusantis
2970 3606 3196 3677 invidia,
3227 3609 3313 3663 ubi
3346 3611 3563 3668 ltumili-

1987 3692 2067 3734 tas
2095 3689 2429 3749 praeesserit
2456 3690 2827 3758 supplicantis.
2855 3694 3207 3763 Quamobrem
3237 3717 3333 3757 nos
3376 3704 3421 3757 si
3448 3707 3558 3775 jam

1982 3774 2289 3829 excusando
2341 3777 2595 3834 diluimus
2621 3783 2831 3851 culpam
2859 3825 2874 3849 ,
2910 3790 3188 3844 veniamus
3227 3792 3293 3846 ad
3319 3774 3557 3852 causam.

1984 3861 2220 3918 Salutem
2244 3881 2371 3935 ergo
2395 3879 2593 3926 tantam
2616 3873 2845 3930 dicimus
2868 3881 3049 3946 pietati
3075 3892 3287 3950 vestrm,
3304 3896 3556 3953 quantum

1983 3956 2398 4022 potestallectus
2440 3960 2767 4033 intelligere,
2806 3976 2860 4021 et
2886 3983 2990 4022 non
3020 3981 3192 4037 potest
3221 3990 3398 4029 sermo
3429 3992 3555 4046 pro.

1983 4047 2156 4111 ferre;
2206 4060 2461 4117 quantam
2491 4056 2692 4110 sentire
2736 4072 3052 4125 possumus,
3092 4072 3147 4117 et
3180 4082 3282 4118 non
3315 4069 3554 4124 valemus

1980 4152 2276 4207 exponere;
2307 4154 2558 4208 quantam
2589 4156 2762 4214 petest
2801 4149 3070 4205 interioris
3101 4169 3254 4209 mens
3282 4157 3553 4213 desiderio

1980 4230 2233 4287 calefacta
2283 4236 2594 4305 concipere,
2627 4248 2680 4293 et
2704 4254 2810 4293 non
2841 4250 3016 4309 potest
3056 4244 3229 4313 lingua
3271 4250 3552 4305 exterioris

1977 4335 2240 4378 asserere.
2269 4324 2417 4380 Unde
2431 4330 2627 4396 gratias
2647 4341 2865 4399 agentes
2884 4334 3049 4400 ipsius
3067 4338 3302 4391 caritatis
3322 4346 3547 4407 auctori,

1975 4414 2065 4480 qui
2111 4430 2227 4468 eam
2278 4416 2329 4468 in
2367 4419 2618 4483 cordibus
2647 4424 2841 4478 vestris
2879 4434 2960 4479 est
2989 4426 3232 4493 dignatus
3282 4430 3545 4498 inserere,

1975 4518 2190 4559 oremus
2219 4516 2275 4559 ut
2303 4509 2628 4577 praecipuum
2653 4526 2745 4564 sua
2771 4511 2797 4549 ιι
2822 4513 3086 4582 largitatio
3106 4534 3300 4575 munus
3319 4522 3371 4574 in
3394 4524 3499 4577 nub
3521 4540 3548 4579 s

299 4572 592 4631 reret-uacet,
626 4576 672 4619 et
701 4583 819 4620 cum
844 4572 1091 4626 suavitate
1120 4575 1253 4629 bibes
1296 4578 1427 4630 illud
1450 4578 1613 4647 (Eccl.
1649 4596 1723 4649 ix,
1759 4581 1871 4650 14).
1904 4574 1952 4631 ι)
1977 4596 2246 4650 custodire
2288 4613 2523 4665 semper,
2554 4612 2609 4655 et
2652 4602 2845 4671 jugiter
2874 4605 3121 4671 dignetur
3157 4625 3373 4681 augere.
3413 4615 3545 4680 Quia

303 4650 361 4681 li‘:
388 4652 504 4681 ζιιηι.
530 4670 624 4681 ..ιη
646 4665 1063 4681 ..Α.--..---Α.,,-ε
1126 4679 1135 4681 _
1209 4666 1221 4677 ο
1435 4679 1443 4681 _
1478 4669 1489 4681 .
1564 4669 1594 4681 ..
1652 4670 1662 4680 .
1746 4671 1778 4681 ..

301 4650 363 4703 Et
388 4652 506 4707 ideo
529 4670 626 4707 nos
646 4668 1037 4715 veterascantus
1053 4665 1102 4716 in
1119 4666 1379 4729 amicitiis,
1397 4669 1525 4723 etde
1545 4669 1630 4724 die
1652 4670 1704 4723 in
1730 4671 1869 4726 diem

300 4742 572 4798 affectibus
616 4746 956 4805 innovemur.
987 4755 1138 4820 Quod
1169 4757 1213 4810 si
1243 4759 1445 4813 amicus
1492 4762 1871 4832 relinquendus

298 5107 531 5161 eordiam
583 5110 719 5165 lucis
763 5113 919 5168 istius
959 5115 1185 5174 debetur
1240 5129 1427 5179 usura!
1473 5128 1577 5183 Sed
1609 5132 1724 5185 haec
1768 5147 1867 5200 ego

300 5194 605 5254 beatitudini
639 5211 743 5256 tum
772 5206 973 5275 scribo,
1023 5226 1130 5264 non
1156 5217 1302 5283 quasi
1334 5218 1530 5287 aliquid
1568 5194 1864 5292 imputans,

299 5299 388 5341 aut
416 5295 745 5359 exprobrans
771 5339 785 5362 ,
839 5299 935 5353 sed
974 5310 1032 5355 ut
1059 5303 1168 5358 filio
1190 5308 1506 5370 carissimo.
1551 5328 1706 5382 quem
1749 5319 1866 5371 si‘ne

300 5378 405 5431 ullo
430 5396 584 5436 nxvo
619 5388 775 5453 cupio
804 5388 857 5441 in
889 5390 990 5446 hoc
1020 5396 1219 5451 mundo
1262 5396 1552 5467 impietatis
1583 5403 1859 5473 incedere,

296 5480 348 5524 et
379 5488 567 5542 purum
594 5488 755 5547 atque
798 5484 1195 5543 immaculatum
1229 5492 1280 5545 in
1311 5493 1507 5549 illodie
1544 5495 1729 5565 judicii
1774 5517 1864 5556 co-

363 5661 390 5688 ι
419 5654 494 5708 Ite
520 5670 584 5709 eo
613 5658 675 5711 ad
706 5661 860 5721 epist.
884 5664 973 5717 ‘20.

648 5756 913 5815 l’arttOL.
997 5758 1210 5823 LVIII.

1970 4683 2119 4749 juxta
2168 4686 2482 4755 Apostolum
2530 4688 2641 4759 ipsa
2673 4702 2754 4745 est
2780 4695 3104 4753 eminentior
3135 4701 3221 4755 via
3251 4718 3368 4771 quae
3401 4706 3547 4760 ducit

1975 4774 2039 4827 ad
2064 4775 2249 4829 vitam.
2280 4777 2431 4844 Quod
2459 4790 2723 4849 superest,
2751 4785 3057 4853 specialiter
3077 4804 3285 4859 quaeso,
3321 4802 3377 4846 ut
3400 4809 3544 4848 com-

1974 4867 2119 4919 muni
2156 4878 2377 4935 patrouo
2403 4870 2558 4926 nobis
2587 4876 2827 4942 quotidie
2855 4879 3185 4947 supplicetis.
3214 4883 3377 4950 Quia,
3405 4888 3545 4942 sicut

1973 4956 2178 5026 legitis,
2226 4960 2446 5016 multum
2477 4964 2617 5019 valet
2637 4967 2810 5020 oratio
2843 4968 2974 5037 justi
3010 4972 3246 5026 assidua.
3294 4975 3360 5029 Et
3404 4978 3544 5032 sicut

1972 5047 2085 5116 ipse
2117 5048 2370 5106 Dominus
2398 5062 2580 5108 noster
2620 5056 2671 5108 in
2722 5057 3012 5128 Evangelio
3057 5061 3185 5118 dicit
3215 5062 3282 5118 de
3319 5066 3412 5121 illo
3450 5070 3540 5138 qui

1974 5147 2080 5192 tres
2109 5153 2277 5207 panes
2305 5140 2372 5194 ab
2405 5143 2578 5197 amico
2618 5159 2716 5198 suo
2746 5149 2917 5202 noctis
2947 5159 3205 5220 tempore,
3238 5155 3541 5225 importune

1970 5231 2184 5299 quidem
2204 5272 2220 5297 ,
2263 5234 2355 5287 sed
2382 5235 2683 5302 salubriter,
2713 5242 2854 5308 quod
2883 5242 3206 5313 improbitati
3247 5249 3535 5315 praestitum

1970 5321 2129 5376 fuerit
2146 5323 2460 5391 insistentis,
2490 5330 2631 5396 quod
2656 5332 2947 5399 negabatur
2966 5337 3213 5391 amicitiis
3230 5338 3528 5406 ﬂagitantis.

1971 5411 2190 5480 Reliqua
2224 5428 2319 5482 per
2341 5417 2655 5483 portitorem
2677 5424 2840 5477 verbo
2865 5426 3133 5495 mandavi,
3163 5442 3279 5494 qua:
3316 5428 3532 5497 longum

1968 5503 2067 5558 fuit
2120 5503 2311 5559 litteris
2367 5507 2624 5567 indicare.
2686 5512 2838 5570 Unde
2885 5515 3021 5570 sicut
3064 5517 3380 5588 principium
3422 5522 3530 5589 epi-

2034 5682 2063 5721 δ
2092 5680 2254 5741 Forte
2284 5686 2501 5758 largitio.
