4022 6168
458 252 558 308 107

1796 236 2049 295 nomen
2090 202 2389 289 muscum

3610 227 3726 289 £03

455 363 604 419 stolae
651 360 921 423 continet,
955 370 1082 427 rogo
1119 362 1178 410 ut
1226 369 1325 426 pro
1360 352 1609 409 tarditate
1647 351 1857 407 veniam
1907 350 2035 405 dare
2061 352 2112 409 Α
2144 343 2497 412 ηῑετθίιῑυειη,
2531 341 2600 396 ita
2650 354 2791 396 nunc
2835 338 2951 421 sub.
2987 339 3147 411 pullis
3200 339 3440 395 vestibus
3489 354 3721 410 operum

454 454 761 529 dignemini.
798 451 943 507 Vale.

1030 540 1242 596 EPIST.
1284 539 1457 594 XXX.

633 637 875 691 Ruricius
903 634 1167 705 episcopus
1193 630 1449 699 Capilluto
1480 627 1593 698 ﬁlio
1622 627 1855 682 salutem.

526 749 738 806 Gratias
794 761 893 815 ago
956 744 1137 814 pietati
1169 752 1362 797 vestrae
1420 739 1562 809 quod
1620 754 1708 794 me
1755 735 2040 792 consulere

450 845 517 896 de
551 850 577 878 η
608 838 841 895 civitatis
868 837 1206 891 ordinatione
1233 833 1558 903 dignemini;
1594 846 1714 886 cum
1752 830 1904 885 vobis
1933 829 2044 883 suf-

456 937 636 994 licere,
662 931 774 985 Deo
795 928 1046 999 prepitio,
1072 926 1204 982 satis
1225 924 1541 994 abundeque
1571 923 1804 992 possitis.
1833 922 1896 975 Et
1916 920 2039 975 ideo

455 1023 577 1090 quia
611 1021 752 1088 quod
784 1019 936 1073 \ohis
951 1028 1006 1072 et
1030 1017 1284 1071 fratribus
1315 1014 1508 1068 vestris
1535 1013 1734 1082 placet,
1748 1011 1906 1067 nobis
1928 1010 2041 1064 dis-

460 1112 662 1180 plicere
704 1126 809 1164 non
845 1108 1023 1162 debet.
1066 1108 1209 1161 Bene
1254 1105 1449 1180 facitis,
1484 1112 1542 1158 ut
1573 1103 1841 1157 hominem
1882 1115 2039 1171 quem

460 1200 762 1256 communis
787 1211 1083 1253 consensus
1109 1194 1290 1266 elegit,
1318 1179 1602 1249 ordinetis.
1626 1191 1732 1248 Sed
1754 1191 2041 1245 admonete

461 1295 607 1348 illum
632 1302 689 1347 ut
709 1289 922 1346 veritati
943 1288 1176 1353 studeat,
1204 1301 1311 1340 non
1333 1284 1582 1349 falsitati;
1618 1285 1756 1351 paci,
1786 1297 1891 1336 non
1922 1296 2043 1350 per-

461 1386 681 1449 ditioni;
710 1382 1032 1452 disciplinae,
1055 1394 1163 1432 non
1191 1376 1511 1441 discordiae;
1535 1374 1750 1430 utilitati
1784 1373 2006 1442 publica:
2024 1411 2038 1433 ,

463 1496 573 1534 non
605 1482 822 1544 privatae
850 1472 1158 1542 cupiditati;
1186 1469 1436 1539 justitize,
1470 1484 1578 1523 non
1608 1467 1829 1536 rapinae.
1870 1464 2045 1519 Tuea-

466 1584 551 1623 tur
598 1569 802 1630 bonos,
833 1563 1083 1619 emendet
1112 1576 1234 1616 reos
1265 1579 1278 1615 :
1308 1560 1534 1615 miseros
1581 1573 1690 1613 non
1719 1555 1909 1620 faciat,
1946 1552 2042 1609 sed

465 1657 737 1713 defendat.
763 1655 1012 1719 Corrigat
1040 1661 1220 1705 sontes
1243 1690 1258 1714 ,
1296 1650 1561 1705 custodiat
1589 1649 1938 1711 innocentes;
1985 1653 2039 1697 ut

2140 434 2257 487 luce
2310 431 2615 487 candescat.
2664 430 2921 485 Peccator
2957 432 3100 486 enim
3147 446 3250 499 qua
3280 431 3366 485 die
3418 444 3722 486 conversus

2139 526 2477 595 ingemuerit,
2512 504 2637 579 ttinc
2662 523 2840 579 salvus
2871 524 2995 579 erit.
3025 522 3326 576 Dummodo
3365 523 3514 590 juxta
3545 524 3721 577 sancti

2142 617 2291 674 l’auli
2317 618 2543 688 apostoli
2570 617 2911 681 sententiam,
2931 617 3064 670 sicut
3087 615 3428 670 exhibuimus
3454 616 3720 670 hactenus

2140 724 2364 775 corpora
2401 719 2583 763 nostra
2628 708 2835 762 servire
2861 708 3083 771 smculo,
3111 715 3165 761 et
3212 706 3479 776 iniquitati
3519 708 3582 759 ad
3615 708 3720 759 ini-

2140 802 2421 872 quitatem,
2457 801 2528 856 ita
2554 816 2700 853 nunc
2729 799 3078 853 exhibeamus
3125 797 3363 852 membra
3393 808 3573 850 nostra
3601 812 3722 851 set-

2141 894 2258 947 vire
2295 893 2515 961 iustitiae
2547 893 2600 945 in
2630 891 3102 945 sanctificatiouem
3135 891 3313 958 (Rom.
3347 905 3397 942 vr
3421 930 3436 953 ,
3466 890 3574 960 15).
3607 889 3723 944 Nec
3758 896 3766 905 ‘

2143 984 2311 1040 simus
2352 984 2501 1054 quasi
2532 982 2778 1036 timentes
2819 984 3002 1046 Deum,
3035 980 3179 1035 aliud
3211 982 3546 1035 sermonibus
3579 998 3719 1048 pra:-

2143 1075 2449 1139 teudentes,
2480 1072 2620 1126 aliud
2650 1072 2904 1127 habentes
2944 1072 2996 1125 in
3038 1071 3307 1136 moribus;
3355 1072 3498 1125 aliud
3527 1086 3709 1126 osten-

2147 1175 2318 1219 tantes
2344 1166 2395 1218 in
2425 1162 2836 1227 vestibus,aliud
2860 1163 3066 1216 actibus
3093 1162 3506 1228 cumprohantes
3528 1178 3716 1221 nemos

2145 1254 2389 1310 mordeat
2432 1269 2610 1308 sermo
2657 1253 2747 1307 ille
2794 1252 3126 1317 Dominicus,
3166 1253 3264 1306 sub
3291 1255 3488 1306 vestitu
3538 1256 3716 1306 ovium

2144 1348 2386 1417 luporum
2417 1347 2614 1401 rabiem
2658 1356 3029 1414 contegentes.
3061 1345 3193 1411 Quia
3227 1346 3414 1399 oculus
3448 1345 3537 1400 ille
3581 1346 3719 1400 divi-

2144 1456 2267 1506 nus,
2297 1440 2432 1493 sicut
2459 1438 2716 1503 scriptum
2746 1448 2849 1502 est,
2882 1436 3027 1489 onmi
3059 1437 3175 1490 loco
3207 1437 3376 1490 honos
3415 1436 3721 1504 Speculator

2144 1539 2199 1585 et
2223 1531 2413 1584 malos.
2433 1529 2560 1583 Sine
2580 1530 2760 1593 dubio,
2778 1544 2933 1597 quem
2961 1527 3027 1580 ad
3054 1543 3111 1582 se
3129 1528 3337 1595 integro
3357 1527 3517 1581 corde
3540 1538 3721 1581 trans-

2146 1623 2226 1677 ire
2272 1621 2631 1689 conspexerit,
2678 1620 2790 1688 ipse
2836 1620 2886 1671 in
2920 1634 3012 1672 tor
3055 1618 3198 1673 illius
3231 1619 3343 1688 iugi
3391 1618 3723 1673 habitatione

466 1750 537 1803 ita
585 1760 749 1816 agens
780 1744 949 1814 magis
976 1740 1157 1795 futuro
1187 1740 1355 1809 possit
1375 1737 1593 1815 placere
1635 1734 1838 1807 judicio
1884 1709 2042 1805 quam
2078 1720 2122 1779 Β
2149 1712 2541 1816 ἀρεοθιιᾱξξι,“ιιι
2569 1709 2965 1816 ΘΟΙΙιίώίῑΞεοιῚῗ
2997 1725 3101 1810 non
3129 1721 3331 1774 careat,
3360 1712 3445 1764 cui
3486 1726 3546 1764 se
3585 1726 3723 1779 prae-

473 1836 742 1910 ilrzcsenti.

1037 1942 1253 1999 EPIST.
1282 1940 1477 1995 XXXI.

471 2041 689 2097 Domino
716 2039 903 2094 illustri
934 2051 1226 2105 semperque
1251 2034 1525 2100 maqniﬁco
1570 2032 1682 2101 ﬁlio
1720 2030 1748 2069 ι)
1793 2029 2047 2103 Agricola

969 2108 1209 2161 Ruricius
1239 2106 1522 2175 episwpus.

545 2229 779 2287 “electis
807 2226 999 2282 litteris
1025 2222 1365 2280 sublimitatis
1384 2230 1599 2285 vestrae,
1614 2219 1810 2288 gratias
1830 2217 1941 2272 Deo
1962 2217 2045 2286 egi

473 2322 616 2394 quod
646 2336 740 2376 vos
773 2320 920 2389 prius
966 2315 1259 2372 revaluisse
1305 2312 1643 2368 ordinatione
1672 2310 1859 2379 ipsius,
1888 2322 2046 2376 quam

473 2415 769 2472 infirmatus
812 2427 934 2469 esse
977 2409 1224 2479 cognovi,
1252 2416 1307 2461 et
1336 2404 1492 2460 nobis
1535 2404 1855 2457 anxietatem
1890 2399 2047 2455 tolle-

476 2516 580 2570 ret,
608 2514 666 2560 et
685 2504 835 2558 vobis
890 2500 1141 2556 redderet
1183 2497 1513 2565 sospitatem.
1541 2493 1711 2561 Quam
1761 2502 1939 2545 tamen
1968 2488 2051 2543 in—

477 2597 783 2652 ﬁrmitatem
822 2592 972 2647 vobis
1000 2591 1292 2645 clementer
1322 2586 1542 2651 illatam,
1593 2582 1824 2654 propitio
1874 2581 2050 2650 putius

479 2702 639 2758 quam
692 2685 829 2739 irato
870 2682 988 2751 ipso
1040 2680 1264 2735 Domino
1320 2686 1534 2741 nostro,
1586 2689 1686 2745 pro
1731 2672 1887 2727 solita
1935 2672 2051 2738 ejus

479 2780 696 2849 pietate,
741 2773 993 2841 coniicio.
1024 2770 1114 2826 Sic
1157 2769 1301 2823 enim
1350 2767 1597 2836 legimus,
1628 2763 1770 2834 quod
1798 2761 2053 2830 corripiat

483 2843 738 2922 bominus
765 2879 922 2931 quem
968 2860 1172 2929 diligit;
1221 2857 1393 2927 diligit
1430 2864 1609 2910 autem
1639 2868 1854 2908 omnem
1872 2843 2051 2906 lilium

481 2975 637 3029 quem
680 2956 869 3024 recipit
913 2953 1096 3022 (Hebr.
1129 2966 1225 3017 xu,
1260 2950 1335 3012 6).
1378 2948 1529 3015 Quod
1583 2949 1743 3003 etiam
1794 2948 1845 3000 in
1875 2945 2048 3010 vobis,

482 3059 736 3119 quantum
784 3045 965 3111 audio,
997 3058 1055 3097 re
1087 3041 1368 3115 probatur;
1400 3049 1460 3093 ut
1487 3038 1746 3092 ordinatis
1775 3036 2051 3091 affectibus

484 3143 697 3204 vestris,
725 3154 879 3194 suum
921 3135 1072 3191 vobis
1117 3134 1413 3189 insinuaret
1462 3130 1733 3195 affectum,
1769 3138 1823 3184 et
1871 3128 2055 3181 habitu

484 3238 771 3301 animoque
818 3238 1044 3294 mutato,
1071 3227 1256 3296 jugum
1286 3224 1438 3279 vobis
1466 3222 1851 3278 suae'leuitatis
1881 3223 2054 3290 impo—

485 3333 657 3387 neret,
682 3331 739 3377 ut
766 3319 985 3375 salutari
1014 3318 1195 3372 currui
1247 3329 1348 3370 suo
1404 3315 1540 3370 colla
1588 3312 1897 3381 subdentes,
1929 3312 2055 3366 dum

486 3414 855 3471 mandatorum
887 3422 1105 3463 snozuut
1138 3408 1253 3462 leve
1283 3421 1417 3461 onus
1446 3404 1691 3469 evehitis,
1716 3412 2056 3473 peccatorum

487 3522 700 3578 gravem
731 3502 997 3559 sarcinam
1040 3497 1342 3566 dsponatis.
1375 3496 1501 3551 Hmc
1525 3504 1610 3548 est
1646 3494 1789 3549 enim
1837 3494 2059 3547 mutatio

488 3600 730 3653 dexterae
763 3592 995 3656 Excelsi,
1019 3590 1144 3646 dum
1167 3589 1236 3645 de
1258 3587 1627 3660 peccatoribus
1652 3585 1846 3655 justus,
1877 3584 1944 3639 de
1969 3599 2062 3639 ex-

493 3690 690 3744 traneis
721 3686 1066 3749 domesticos,
1094 3684 1294 3737 amicos
1320 3680 1420 3735 sibi
1471 3679 1650 3733 facere
1702 3677 1952 3747 dignatur
1993 3690 2059 3745 ex

492 3782 683 3835 servis.
716 3778 977 3848 Superest
1006 3786 1065 3829 trs
1110 3789 1252 3828 nunc
1297 3773 1704 3827 conversionem
1736 3785 1892 3840 quam
1935 3785 2061 3839 pro-

494 3871 692 3926 tulistis
724 3870 778 3923 in
811 3877 978 3930 veste,
1013 3865 1249 3935 probetis
1279 3865 1330 3917 in
1375 3862 1568 3928 corde;
1600 3870 1653 3916 et
1683 3861 1796 3915 haec
1826 3875 2064 3914 commu-

496 3963 622 4017 tatio
647 3959 1165 4015 interiodumeutum
1192 3964 1428 4009 vestrum
1452 3953 1708 4007 habeatur
1723 3959 1778 4005 et
1796 3952 2062 4014 animum;

496 4066 552 4111 nt
588 4052 723 4109 sicut
763 4050 855 4105 ille
895 4048 995 4103 sub
1022 4045 1263 4103 candidis
1308 4045 1550 4100 vestibus
1579 4040 1764 4096 habuit
1794 4041 2067 4109 hucusque

571 4263 596 4292 ιι
628 4253 753 4307 lianc
782 4265 906 4313 vox,
940 4257 998 4303 ut
1027 4252 1178 4313 puta,
1206 4250 1453 4313 corrupta
1476 4248 1578 4313 est.

565 4321 595 4361 δ
627 4305 746 4377 fiuit
800 4305 1044 4385 Agricola
1110 4305 1209 4385 \‘ll‘_
1238 4305 1483 4373 illustris,
1529 4308 1666 4363 Aviti
1715 4305 2071 4385 imperatoris

501 4394 658 4455 filius,
690 4376 890 4446 Bedicii
921 4389 1105 4450 frater,
1125 4383 1212 4452 qui
1246 4392 1355 4437 tum
1382 4395 1563 4455 comes
1594 4377 1952 4455 magisterque
1981 4376 2075 4427 mi-

501 4445 658 4516 litum
684 4445 1043 4513 Arvernorum
1076 4445 1236 4509 multa
1278 4456 1327 4505 in
1362 4451 1507 4506 urbis
1532 4445 1846 4516 defensione
1882 4445 2097 4516 adver-

499 4515 591 4585 sus
641 4530 844 4583 Gothus
896 4535 1169 4589 gesserat;
1239 4523 1380 4577 illius
1434 4535 1674 4574 sororem
1727 4515 2070 4586 Papianillam

505 4615 723 4655 uxorem
756 4589 982 4650 duxei-at
1026 4596 1277 4649 Sidonius
1325 4589 1669 4661 Apollinaris,
1712 4598 1767 4641 ut
1810 4596 1958 4656 patet
2003 4600 2069 4640 ex

499 4688 587 4742 ep.
624 4671 659 4723 l.
694 4684 752 4742 ιι,
783 4682 867 4735 ep.
899 4667 984 4719 19..
1008 4665 1169 4742 basis.

578 4752 599 4779 ο
628 4724 929 4805 Scripsi'rat
957 4735 1020 4786 ad
1054 4732 1322 4805 Ruricium
1351 4730 1616 4805 Czesarius
1650 4736 1707 4780 ut
1746 4724 1976 4779 concilio
2005 4740 2069 4778 ex

501 4813 747 4865 universa
757 4801 1053 4862 Gothorum
1076 4803 1277 4855 ditiouc
1293 4801 1508 4867 Agathae
1525 4805 1819 4851 convocato
1836 4810 2070 4867 praesens

501 4883 736 4936 adesset.
785 4878 1019 4930 [labetur
1048 4873 1165 4936 eius
1192 4865 1831 4936 epistulainterepistolas
1866 4865 2065 4936 Fausti,

501 4886 736 4936 adesset.
785 4886 1019 4930 Habctur
1048 4887 1165 4936 eius
1192 4887 1219 4921 e
1248 4886 1831 4935 :tSlttlatnlCTeplStOltlS
1866 4886 2065 4928 ransu,

501 4951 749 5018 superius
770 4947 939 5001 editas
974 4886 1249 5018 (Vident;
1267 4940 1340 5008 α).
1359 4936 1793 5018 celeberrimum
1813 4936 1908 5018 fuit
1926 4934 2067 5018 illud

500 5007 805 5083 concilium,
832 5018 883 5069 in
906 5007 1314 5082 qnuGalliarum
1334 5009 1614 5083 primatem
1646 5023 1705 5060 se
1722 5008 1941 5083 gerebat
1960 5007 2073 5073 epi-

503 5104 700 5158 seopus
732 5075 1083 5146 Arelatensis,
1116 5083 1203 5149 qui
1230 5076 1828 5158 conciliaconvqcabat
1859 5075 2072 5158 illisque

504 5145 751 5231 prav'crat.
800 5145 1167 5231 Autumatvu
1209 5146 1889 5231 eruditissimus"Balneius
1936 5145 2072 5231 hanc

503 5214 810 5300 dignitatem
837 5224 1070 5300 CIBsat‘iQ
1095 5219 1412 5300 auctoritate
1456 5217 1751 5286 pontificali
1784 5216 1948 5269 fuisse
1976 5214 2072 5300 dc-

503 5286 808 5356 tnandatam
845 5306 899 5349 et
922 5292 1198 5347 sancilam.
1228 5288 1333 5342 Sed
1360 5303 1426 5341 eo
1458 5299 1718 5355 tempore,
1749 5300 1889 5337 anno
1927 5286 2073 5356 scili-

507 5355 747 5431 cet506,
802 5361 1153 5437 Symmachus
1207 5360 1460 5437 ﬂuuiana:
1515 5359 1658 5411 sedis
1710 5355 2069 5437 praesul,j.ura

510 5425 654 5504 prius
690 5425 880 5493 [Euni'o
931 5431 1221 5504 Arelatensi
1271 5428 1523 5504 episcopo
1570 5440 1825 5504 concessa
1864 5425 2073 5493 penitus

509 5497 877 5575 abrogaverat,
910 5503 1339 5575 constitutionem
1392 5498 1587 5575 Leonis
1626 5497 1801 5575 magni
1832 5512 1859 5547 a
1893 5508 1950 5546 se
1991 5507 2077 5545 re-

510 5567 747 5633 stitutuam
795 5567 1228 5634 eonfirinaverat,
1260 5582 1509 5622 asserens
1564 5567 1734 5621 levem
1769 5568 2074 5628 inconstan-

509 5659 724 5717 tcmque
780 5644 1014 5700 animum
1074 5638 1311 5715 pontifici
1358 5652 1465 5692 nou
1517 5636 1811 5691 convenire
1844 5653 1863 5705 ;
1895 5647 2077 5686 verum

2148 1803 2352 1872 paravit
2392 1800 2772 1855 habitaculum.
2805 1799 3019 1855 Gratias
3068 1800 3245 1870 itaque
3274 1800 3497 1855 Domino
3528 1813 3718 1855 nostro

2146 1907 2306 1960 super
2337 1902 2440 1945 tam
2475 1891 2819 1945 inenarrabili
2874 1890 2991 1958 ejus
3046 1891 3283 1947 bonitate
3332 1893 3385 1946 in
3430 1908 3721 1947 commune

2147 1980 2568 2050 referamus,qui
2598 1982 2801 2034 mavult
2821 1996 3007 2035 servos
3034 1997 3252 2036 munere
3274 1999 3429 2050 quam
3458 1983 3719 2051 perdere;

2150 2076 2440 2144 corrigere,
2486 2089 2643 2142 quam
2678 2073 2897 2142 punire;
2945 2083 2999 2127 et
3030 2089 3126 2142 pro
3164 2089 3325 2128 usura
3376 2058 3553 2128 brevis
3599 2076 3726 2128 vita:

2149 2177 2404 2238 perpetua
2448 2178 2612 2232 regna
2649 2163 2869 2218 donare.
2897 2163 3050 2229 Quod
3104 2173 3369 2231 superest,
3401 2165 3575 2218 saluto
3606 2165 3723 2231 plu-

2150 2259 2364 2324 rimum,
2393 2267 2446 2312 et
2469 2255 2714 2309 ancillam
2746 2262 2981 2309 vestram
3008 2255 3159 2310 vobis
3196 2254 3451 2324 peculiari
3481 2255 3724 2309 insinua-

2150 2350 2295 2406 tione
2324 2348 2674 2403 eommendo:
2703 2347 2996 2416 quamlibet
3016 2347 3117 2401 hoc
3142 2348 3291 2402 salva
3321 2358 3498 2402 vestra
3529 2350 3728 2417 pietate

2149 2458 2254 2497 non
2283 2450 2465 2511 egeat;
2499 2447 2557 2494 ut
2583 2453 2689 2508 quo
2720 2453 2836 2491 eam
2867 2440 3141 2503 suscipere
3187 2441 3319 2492 tanti
3352 2438 3614 2492 habuisds
3640 2437 3722 2490 af-

2150 2532 2313 2597 fectu,
2337 2544 2551 2598 semper
2596 2528 2847 2594 foveatis,
2882 2527 3195 2596 indultuque
3250 2527 3496 2596 largitate
3545 2526 3725 2581 divina

2152 2632 2406 2692 utrosque
2434 2636 2533 2675 nos
2551 2621 2651 2675 sibi
2675 2621 2877 2688 paravit
2904 2621 3198 2685 obnoxios;
3231 2633 3327 2675 vos
3357 2634 3489 2674 avos
3524 2618 3727 2674 faciens

2152 2732 2247 2771 sua
2290 2714 2634 2777 fecunditate,
2659 2728 2754 2766 nos
2783 2726 3028 2781 proavos.
3059 2712 3320 2767 Domnam
3349 2712 3509 2766 tiliam
3558 2726 3729 2765 mea-n

2152 2809 2417 2864 desiderio
2466 2815 2520 2861 et
2564 2806 2788 2868 honore,
2840 2819 2946 2873 quo
2995 2805 3215 2872 dignum
3249 2815 3351 2869 εει,
3399 2804 3622 2873 sospito.
3652 2806 3733 2855 ωε»

2152 2903 2327 2971 cujus,
2366 2901 2411 2954 si
2457 2899 2679 2953 facultas
2733 2906 2878 2952 esset
2933 2896 3264 2961 ambulandi,
3320 2906 3437 2951 erat
3488 2896 3738 2949 voluntas

2172 2980 2567 3062 promptissima
2620 3003 2715 3042 vos
2763 2986 3017 3051 visendi;
3069 2995 3127 3040 ut
3174 3003 3334 3056 quam
3390 2986 3735 3040 interioribus

2081 3075 2128 3137 C
2159 3082 2329 3137 oculis
2361 3095 2457 3150 pro
2481 3079 2758 3133 afﬁnitatis
2795 3077 2964 3145 ipsius
3007 3078 3383 3145 conjunctione
3405 3077 3517 3146 jugi
3548 3091 3729 3131 recor-

2158 3176 2374 3231 datinne
2402 3173 2788 3243 conspicimus,
2819 3171 3174 3227 exterioribus
3203 3185 3572 3226 cerneremus.
3600 3171 3740 3239 Opto

2160 3271 2295 3323 bene
2320 3280 2468 3337 agas.

2715 3395 2932 3451 EPIST.
2967 3394 3183 3449 XXXII.

2162 3512 2384 3566 Domino
2412 3520 2590 3568 sancto
2612 3518 2658 3561 et
2685 3506 2985 3577 apostolico,
3016 3507 3249 3577 omnique
3274 3522 3307 3557 a
3335 3522 3411 3557 me
3451 3505 3646 3558 honore
3689 3516 3739 3558 et

2234 3575 2953 3707 Emerespecialius‘colendo
2996 3577 3148 3646 fratri
3195 3575 3418 3630 Cwsart'a
3452 3586 3474 3613 ε
3498 3577 3743 3645 ερὶεεορο

2288 3667 2497 3705 urmus.

2288 3667 2497 3705 urmus.

2239 3764 2431 3819 Frater
2445 3759 2911 3830 etcompresbyter
2934 3768 3116 3813 noster
3143 3757 3441 3827 Capillutus
3461 3759 3742 3827 dupliciter

2172 3856 2271 3910 hac
2314 3856 2429 3908 vice
2458 3853 2614 3905 nobis
2658 3861 2837 3920 gratus
2888 3850 3149 3920 apparuit,
3185 3851 3311 3904 dunt
3353 3860 3409 3904 et
3436 3851 3551 3920 ipse
3581 3850 3733 3904 nobis

2166 3949 2277 4020 jam
2326 3949 2416 4002 diu
2462 3945 2797 3999 desideratus
2843 3942 3097 4007 occurrit,
3127 3951 3182 3997 et
3233 3942 3519 4011 quamdam
3577 3943 3742 3996 vestri

2172 4038 2513 4110 prmsentiam
2551 4034 2705 4089 nobis
2748 4049 2845 4105 per
2885 4038 3088 4089 vestras
3138 4032 3341 4087 litteras
3371 4043 3739 4101 reprazsentat.

2179 4232 2449 4303 equidem,
2478 4231 2850 4303 abrogataiilla
2878 4231 2994 4300 jura
3025 4231 3203 4303 denuo
3234 4229 3562 4282 instant-asse.
3582 4230 3747 4303 Sy_m-_

2180 4300 2425 4357 machum
2476 4301 2683 4369 ipsique
2724 4302 2955 4356 Cri-sario
3002 4301 3196 4353 utenda
3244 4304 3592 4354 concessisse.
3642 4300 3747 4353 Sed

2181 4368 2509 4427 etlluxerunt’
2545 4368 2669 4425 anni
2718 4385 2841 4425 octo
2867 4388 2894 4424 a
2936 4372 3106 4425 euncil
3130 4386 3162 4419 o
3190 4368 3477 4431 Agatliensi
3512 4373 3575 4423 ait
3606 4371 3749 4423 vica-

2182 4445 2346 4496 riatus
2378 4443 2703 4496 Arelatensis
2731 4443 3142 4495 restitutionem.
3168 4439 3381 4507 Propria
3416 4440 3575 4504 igitur
3598 4443 3747 4492 nisus

2181 4513 2497 4567 auctoritate
2546 4521 2960 4579 contemptuque
3009 4508 3233 4579 Romani
3283 4510 3519 4576 pratsulis
3547 4510 3745 4571 edicto,

2181 4584 2465 4637 Concilium
2499 4578 2800 4649 Agathense
2844 4592 3145 4633 convocans
3174 4578 3439 4649 (Tmsarius
3477 4580 3543 4631 ad
3585 4580 3747 4649 Ruri:

2179 4655 2320 4708 cium
2348 4660 2404 4705 ut
2423 4647 2633 4705 adesset
2661 4652 2970 4717 scripserat.
3003 4649 3195 4702 [ienuit
3225 4647 3488 4712 Ruricius,
3515 4664 3579 4701 eo
3606 4647 3750 4715 quod

2182 4738 2286 4776 non
2319 4722 2447 4774 satis
2484 4722 2630 4774 firma
2685 4721 2986 4773 valetudine
3040 4728 3310 4781 uteretur,
3342 4719 3434 4770 sed
3480 4720 3656 4786 potius
3686 4736 3753 4772 en

2178 4792 2319 4860 quod
2345 4806 2403 4845 se
2425 4806 2451 4842 a
2474 4789 2706 4843 Caesarie
2727 4792 3033 4858 despectum
3056 4788 3327 4860 crederet;
3347 4788 3569 4860 aberant
3588 4788 3750 4860 etiam

2181 4857 2422 4931 plerique
2451 4874 2481 4913 e
2500 4861 2773 4931 provincia
2802 4857 3111 4931 Viennensi,
3134 4857 3521 4931 quitquamvis
3542 4858 3755 4931 Alarico

2179 4925 2399 4993 subditi,
2431 4925 2610 4982 curam
2650 4930 2950 4983 Arelatensi
2978 4930 3205 4999 pra-sole
3250 4925 3419 4999 fasces
3464 4926 3753 4981 demittere

2177 5001 2450 5063 nolebant,
2487 5009 2539 5053 et
2571 5002 2781 5066 propria
2810 4999 2928 5063 jura
2972 4996 3000 5049 εἰ
3034 4996 3360 5066 Symmacho
3390 5011 3581 5049 recens
3617 5012 3753 5049 con-

2177 5074 2379 5124 firmata
2407 5069 2772 5124 venditabant.
2807 5068 2976 5121 Iratus
3001 5082 3186 5121 eorum
3218 5065 3464 5119 absentia
3488 5065 3757 5119 Caesarius

2176 5142 2344 5210 legem
2378 5138 2557 5210 sanxit
2588 5154 2688 5206 qua
2719 5138 2988 5210 ferebatur
3023 5147 3080 5210 ut
3106 5136 3617 5210 si_met_ropolitant_ts
3644 5139 3761 5210 epi—

2176 5205 2371 5277 scopus
2396 5209 2460 5262 ad
2482 5205 2966 5276 comprovinciales
2987 5205 3238 5274 epistolas
3265 5205 3537 5277 direxerit,
3565 5206 3616 5277 iu
3639 5206 3763 5272 qui-

2176 5274 2285 5334 bus
2321 5294 2411 5333 eos
2457 5289 2548 5332 aut
2576 5274 2638 5331 ad
2674 5276 3064 5331 ordinationem
3106 5276 3296 5329 summi
3342 5274 3632 5339 pontificis,
3665 5285 3763 5326 aut

2177 5350 2243 5405 ad
2272 5349 2534 5418 synodum
2567 5347 2774 5413 invitet,
2801 5346 3092 5415 postpositis
3115 5345 3585 5418 omnibus,_e:ccepta
3617 5345 3761 5418 graui

2177 5414 2471 5488 iuﬁrim'tate
2491 5418 2745 5485 corporis,
2778 5414 3231 5488 authpivecepti‘que
3270 5415 3433 5488 regia,
3462 5415 3530 5465 ad
3570 5414 3762 5465 consti-

2180 5484 2340 5542 tutam
2363 5490 2493 5542 diem
2514 5491 2688 5541 adesse
2710 5501 2807 5538 non
2836 5485 3103 5551 diﬂ‘eranl.
3128 5484 3240 5536 Hoc
3269 5484 3541 5536 decretum
3572 5501 3596 5531 τι
3629 5497 3766 5534 cun-

2180 5560 2306 5613 eilio
2334 5562 2518 5619 latum,
2554 5568 2662 5610 tum
2712 5556 2872 5607 etiam
2902 5554 3119 5607 Cmsarii
3168 5552 3402 5620 querelae
3433 5554 3501 5604 de
3550 5551 3767 5605 Ruriei't

2183 5631 2444 5691 absentia,
2475 5628 2596 5683 huic
2641 5625 2880 5690 epistola:
2910 5624 3168 5679 dederunt
3195 5623 3555 5678 occasionem.
3592 5621 3765 5673 Busa.
