4022 6168
415 309 526 365 109

1672 321 2168 381 EPISTOLARUM
2209 324 2338 382 LIB.
2382 326 2448 382 Il.

3587 343 3686 401 Iit)

412 427 537 492 Quo
563 424 825 528 redeunte
872 427 973 528 tias
1003 427 1229 484 reddere
1270 435 1570 528 procuravi,
1618 436 1812 528 quibus
1855 439 2005 494 debi—
2030 442 2086 505 Α
2110 442 2172 498 fit
2200 447 2373 511 servi;
2434 457 2491 503 ut
2520 450 2687 518 possit
2714 452 3053 523 impassibilis
3093 458 3222 525 pati,
3269 458 3674 528 tneompreltenv

412 527 531 570 tntn
566 516 886 570 beatitudini
918 528 1108 573 vestra:
1145 522 1392 588 rependo
1441 526 1679 580 caritatis
1731 528 1990 585 officium.

409 606 569 673 Quod
610 621 737 660 vero
782 608 1034 673 scribitis,
1066 625 1162 664 cur
1206 614 1273 667 ad
1315 617 1605 684 synodum,
1638 620 1779 674 sicut
1832 623 1999 677 collo-

406 698 558 751 cutio
585 697 769 752 habuit
791 710 997 765 nostra,
1032 718 1136 756 non
1167 707 1434 771 venerim,
1471 710 1593 764 fecit
1622 710 1723 766 ltoc
1771 714 1998 769 infirmi-

410 801 516 855 tas,
548 806 655 844 non
684 791 951 847 voluntas.
983 794 1084 861 Ipsi
1112 797 1253 850 enim
1286 800 1525 856 recolere
1570 804 1792 871 pcteStis
1836 823 1993 876 quam

410 879 615 933 fessum
648 897 732 933 itte
778 883 1075 952 Burdigalia
1125 884 1296 957 [forte
1342 887 1649 964 Burdigali]
1706 895 1988 962 videritis;

408 982 468 1025 et
499 974 603 1026 hoc
630 973 839 1043 hyeme,
868 978 1082 1044 quando
1104 993 1227 1033 esse
1257 981 1408 1035 soleo
1437 984 1624 1040 fortior
1650 987 1827 1042 solito.
1861 990 1991 1056 Quia

406 1064 615 1119 aestivis
660 1066 847 1121 diebus
877 1069 1035 1123 etiam
1069 1071 1120 1124 itt
1144 1071 1376 1142 hospitio
1407 1080 1559 1143 meo,‘
1580 1089 1633 1133 et
1664 1081 1795 1137 locis
1842 1084 1990 1155 frigi-

406 1155 518 1221 dis,
545 1157 711 1223 ipsam
743 1161 1268 1217 consuetudinariant
1296 1166 1657 1224 infirmitatem
1682 1185 1982 1233 sustentare

403 1248 503 1299 vix
545 1248 729 1312 valeo;
775 1265 841 1303 ne
869 1250 1063 1314 dicam,
1094 1256 1233 1321 quod
1261 1256 1379 1310 illos
1425 1270 1594 1316 cmtus
1634 1262 1851 1336 [aestus]
1901 1282 1987 1322 re-

404 1338 588 1406 gionis
610 1338 748 1394 illius
777 1341 913 1395 ferre
941 1344 1229 1412 quiverim,
1260 1348 1304 1401 si
1349 1352 1636 1407 venissem.
1674 1355 1823 1411 Unde
1871 1374 1986 1413 ma-

408 1428 498 1497 gis
526 1444 686 1499 spero
716 1440 772 1484 ut
816 1448 911 1499 pro
942 1450 1027 1489 nte
1052 1451 1209 1490 orare
1251 1438 1567 1509 dignemini,
1600 1453 1654 1498 et
1678 1447 1743 1500 ad
1777 1456 1983 1515 tempus

404 1521 575 1586 aliud,
605 1522 746 1589 quod
780 1523 1056 1590 inlimatis,
1087 1528 1133 1581 si
1167 1528 1304 1584 Deus
1329 1532 1488 1586 vitam
1516 1538 1763 1603 cesserit,
1791 1540 1977 1595 venire

402 1613 591 1679 vultis,
628 1616 779 1668 nobis
808 1631 903 1684 per
939 1616 1213 1676 hominem
1252 1631 1485 1677 vestrum
1528 1630 1786 1684 maturius
1836 1630 1983 1685 indi-

400 1705 563 1758 cetis.
591 1705 723 1771 Quia
753 1707 957 1763 bttcras
1001 1722 1205 1766 vestras
1248 1714 1315 1768 ad
1348 1730 1433 1769 me
1473 1718 1635 1775 modo
1678 1721 1981 1778 tardissime

2099 538 2269 595 sibilis
2315 543 2455 611 capi,
2487 543 2802 600 immortalis
2847 550 3003 614 mori,
3041 551 3130 619 qui
3181 560 3408 607 mortem
3455 568 3672 610 occum-

2098 630 2275 685 bend’t
2323 634 2631 702 perimeret.
2678 649 2734 693 ttt
2789 638 2951 694 vitam
3002 644 3331 712 resurgendo
3375 659 3669 715 repararet.

2098 720 2202 776 Sed
2235 726 2359 792 quid
2390 742 2490 796 ego
2532 729 2731 783 oblitus
2764 732 2888 795 mei,
2919 734 3106 789 avidus
3129 738 3227 801 tui,
3257 738 3407 807 quasi
3459 742 3525 794 de
3573 743 3671 795 bu-

2091 810 2389 877 juscemodi
2461 819 2622 871 rebus
2678 830 2850 875 tecum
2913 825 3267 893 colloquens,
3320 837 3374 882 et
3438 831 3564 885 inde
3616 834 3668 885 itt

2096 900 2419 958 desiderium
2473 908 2545 960 tui
2597 912 2967 965 vehementius
3012 915 3424 983 perardescens,
3477 922 3669 974 restiti.

2095 988 2261 1058 gnere
2308 997 2451 1051 sitim
2498 1016 2671 1054 meam
2716 1004 2859 1058 velut
2889 1006 3120 1073 quodam
3162 1008 3461 1064 dilectionis
3492 1012 3669 1065 rivulo

2094 1083 2373 1151 festinans,
2404 1089 2768 1147 inscrutabilia
2799 1103 2853 1147 et
2882 1095 3150 1151 inaccessa
3185 1110 3513 1167 pertentans,
3535 1104 3662 1171 quid

2091 1180 2299 1245 loquar,
2327 1181 2416 1247 qui
2471 1182 2677 1251 loquar,
2705 1186 2791 1240 cui
2844 1187 3030 1256 loquar
3068 1204 3174 1244 non
3201 1192 3504 1247 considero.
3556 1195 3664 1250 Sed

2090 1267 2258 1333 dabit,
2299 1278 2357 1324 ut
2402 1273 2634 1338 conﬁdo,
2684 1277 2893 1330 veniam
2960 1279 3149 1346 pietas,
3189 1296 3349 1351 quam
3382 1288 3667 1340 committit

2088 1358 2332 1413 allectus.
2366 1361 2495 1428 Quia
2524 1366 2719 1420 caritas
2749 1368 2926 1421 omnia
2973 1370 3228 1425 sustinet.
3278 1372 3437 1429 Salve
3488 1377 3665 1445 itaque

2088 1451 2373 1517 plurimum
2430 1454 2550 1509 dico
2597 1457 2869 1511 individuo
2924 1461 3053 1514 tnilti
3106 1465 3309 1530 pectori
3366 1476 3570 1531 vestro,
3604 1477 3661 1522 et

2087 1555 2217 1609 rogo
2251 1550 2309 1596 ut
2337 1558 2434 1612 pro
2474 1562 2557 1600 me
2586 1548 2917 1605 incessanter
2946 1567 3102 1607 orare
3132 1553 3446 1623 dignemini,
3479 1560 3663 1613 simul-

2084 1645 2189 1698 que
2208 1634 2369 1688 etiam
2401 1647 2603 1702 partem
2629 1642 2872 1706 corporis
2899 1644 3024 1707 mei,
3055 1659 3149 1709 per
3178 1661 3336 1713 quam
3378 1649 3530 1703 vobis
3561 1651 3657 1704 has
3740 1680 3757 1693 -

2084 1725 2256 1792 trado,
2292 1729 2546 1794 peculiari
2576 1732 2936 1789 insinuatione
2982 1739 3322 1799 commendo.
3357 1742 3495 1796 utin
3525 1743 3653 1808 illis,

403 1795 626 1849 venisse
674 1798 934 1866 signilico.
979 1798 1114 1867 Quia
1167 1804 1263 1857 (tsi
1310 1820 1415 1858 non
1448 1823 1541 1873 pro
1587 1809 1865 1878 dignitate,
1897 1815 1980 1869 vel
2013 1806 2059 1865 Β
2086 1830 2244 1884 quam
2276 1832 2362 1871 tne
2388 1818 2621 1888 diligatis
2648 1821 2854 1891 integre
2881 1826 3261 1894 comprobetis.
3301 1795 3449 1894 Quos

411 1898 515 1951 pro
543 1894 718 1949 atate,
749 1903 853 1941 non
881 1888 1137 1944 debemus
1191 1892 1394 1949 tardius
1423 1912 1581 1965 quam
1612 1901 1701 1954 alii
1751 1917 1985 1957 commo-

404 1976 551 2041 neri,
580 1976 668 2043 qui
700 1975 928 2033 fortasse
968 1983 1059 2050 (ut
1083 1982 1257 2038 minus
1302 1986 1534 2051 prudens
1572 1989 1778 2061 dicam)
1812 2009 1985 2049 ntere-

408 2064 605 2119 bantur
652 2068 863 2123 ambiri.
898 2070 1031 2137 Quia
1054 2072 1098 2126 si
1130 2073 1248 2128 aliis
1278 2093 1472 2132 nomen
1523 2080 1729 2141 urbium
1765 2094 1982 2150 praestat

402 2158 723 2223 auctoritas,
756 2159 910 2214 nobis
934 2162 1304 2219 auctoritatem
1333 2166 1550 2224 demere
1573 2187 1678 2225 tton
1714 2172 1873 2228 debet
1902 2191 1984 2230 ur-

408 2245 493 2298 bis
549 2244 834 2304 humilitas.
886 2251 1161 2321 Siquidem
1214 2256 1381 2310 multo
1429 2259 1652 2327 melius,
1709 2263 1983 2334 multoque

404 2337 731 2392 eminentius
756 2351 861 2407 est,
891 2344 1160 2400 civitatem
1187 2347 1255 2403 de
1280 2350 1581 2419 sacerdote,
1613 2368 1771 2417 quam
1798 2371 1982 2413 sacer-

402 2427 589 2482 doteat
618 2428 685 2485 de
712 2431 928 2488 civitate
956 2449 1201 2491 noscere.

933 2588 1151 2646 EPIST.
1181 2591 1422 2650 XXXIII.

394 2699 621 2778 Domino
648 2711 908 2778 sanctaet
941 2705 1225 2778 apostolico
1252 2708 1476 2778 mihique
1525 2711 1578 2763 in
1627 2712 1830 2766 Christo
1871 2715 1979 2769 Do-

466 2774 605 2824 mino
653 2774 863 2854 speciali
906 2778 1047 2854 cultu
1086 2774 1614 2854 aﬂ'ectuqtte_'cteleris
1656 2784 1973 2854 praeferendo

467 2854 686 2910 patrono
717 2842 911 2898 Sedulo
950 2842 1184 2917 episcopo
1211 2842 1454 2904 Ruricius
1477 2842 1764 2921 episcopus.

466 2975 604 3029 Dum
630 2975 895 3031 scribendi
924 2978 1077 3033 vobis
1115 2981 1290 3036 omnis
1341 2983 1576 3051 pectoris
1627 2985 1735 3040 mei
1768 2987 1979 3041 animus

389 3081 491 3120 vos
510 3067 701 3121 sitiens
726 3069 1064 3123 occasionem
1093 3072 1398 3140 frequenter
1430 3073 1976 3145 inquirit,aliquando

2082 1920 2151 1960 eo
2181 1908 2413 1962 arbitror
2463 1911 2574 1966 fore
2619 1914 2879 1979 cariores,
2902 1919 3021 1984 quia
3070 1933 3244 1973 meam
3272 1921 3425 1975 vobis
3474 1938 3656 1977 secum

2082 1996 2329 2051 deferunt
2351 2002 2673 2068 portionem.
2700 2002 2908 2068 Quibus
2936 2006 3190 2076 quidquid
3218 2008 3421 2079 dignati
3445 2010 3653 2069 fueritis

2082 2086 2379 2141 dilectionis
2403 2090 2733 2159 impendere,
2751 2094 2905 2149 nobis
2933 2109 3028 2149 vos
3045 2098 3292 2153 conferre
3318 2102 3647 2169 cognoscite.

2086 2178 2222 2244 Quia
2247 2181 2310 2244 si,
2339 2180 2487 2249 juxta
2519 2193 2764 2238 sanctum
2805 2186 3141 2253 Apostolum,
3171 2190 3341 2243 minus
3370 2190 3649 2248 membrum

2081 2271 2267 2339 majori
2298 2271 2352 2325 in
2373 2271 2550 2326 dolore
2572 2275 2897 2345 eompatitur,
2929 2283 2979 2330 et
3007 2278 3175 2347 majus
3200 2284 3381 2349 procul
3408 2280 3563 2336 dubio
3590 2284 3648 2336 iis

2078 2361 2291 2414 minoris
2315 2365 2648 2432 prosperitate
2664 2364 2865 2419 Itetstur
2890 2364 2943 2434 (Ι
2960 2365 3079 2421 Cor.
3103 2384 3201 2435 ut,
3222 2370 3342 2439 26).
3365 2371 3430 2425 Et
3454 2373 3525 2426 ita
3550 2374 3649 2428 de-

2081 2471 2227 2510 mum
2251 2456 2328 2523 fit,
2342 2465 2402 2510 ut
2421 2458 2670 2513 omnibus
2686 2473 3065 2531 usquequaque
3087 2465 3346 2519 membris
3370 2465 3427 2533 in_
3444 2480 3574 2534 pace
3592 2477 3651 2522 et

2080 2548 2257 2617 quiete
2270 2552 2603 2618 compositis,
2617 2563 2800 2621 caput,
2819 2556 2980 2609 totius
3000 2559 3240 2624 corporis
3260 2568 3436 2612 rector
3452 2568 3508 2611 ut
3528 2570 3652 2628 pote

2080 2650 2135 2696 et
2154 2642 2476 2706 dontinatOr,
2504 2645 2754 2699 exsultet.
2796 2646 2852 2699 In
2873 2661 2982 2716 quo
3007 2649 3182 2713 capite
3207 2648 3387 2702 omnia
3411 2651 3648 2703 membra

2076 2731 2332 2799 iubentur
2359 2734 2618 2800 aspicere,
2650 2734 2863 2789 dicente
2892 2736 3148 2804 propheta
3179 2753 3194 2790 :
3228 2736 3486 2805 Sapientis
3511 2741 3650 2793 oeuli

2078 2826 2312 2892 iueapite
2339 2830 2448 2899 ejus
2466 2827 2632 2899 (Eccl.
2657 2843 2720 2893 tt,
2760 2830 2878 2899 14).
2910 2829 3060 2897 Quod
3086 2831 3222 2885 alius
3253 2832 3508 2902 prOpheta
3535 2836 3651 2890 evi-

2079 2915 2271 2971 denter
2298 2919 2519 2985 exponit
2567 2918 2754 2972 dicens
2784 2936 2796 2971 :
2833 2918 2985 2973 Oculi
3010 2922 3110 2973 mei
3152 2937 3346 2989 semper
3374 2922 3443 2974 ad
3472 2921 3650 2977 Domi-

2080 3020 2219 3070 num,
2233 3007 2354 3075 quia
2374 3006 2483 3075 ipse
2501 3007 2666 3061 evellit
2689 3009 2752 3063 de
2770 3008 2949 3079 laqueo
2979 3010 3128 3077 pedes
3161 3026 3297 3063 meos
3313 3010 3482 3081 (I'sal.
3502 3029 3647 3077 χειν,

2084 3095 2193 3165 I5).
2223 3096 2291 3150 Et
2319 3096 2508 3151 iterum
2544 3115 2557 3151 :
2586 3098 2668 3151 Ad
2695 3107 2742 3152 te
2769 3100 2926 3153 levavi
2947 3100 3123 3154 oculos
3146 3116 3302 3165 meos,
3324 3104 3411 3170 qui
3452 3104 3650 3157 habitas

389 3160 642 3215 diuturna
687 3161 1035 3216 meditatione
1091 3173 1425 3232 pertractans
1473 3168 1675 3235 reperit
1722 3168 1971 3226 idoneum

2078 3189 2128 3241 in
2146 3158 2268 3242 calo
2284 3188 2459 3261 (Psal.
2474 3205 2645 3255 cxx",
2661 3189 2737 3258 I).
2760 3191 3042 3260 Erigamus
3066 3192 3245 3262 itaque
3261 3158 3448 3248 oculos
3470 3195 3648 3250 cordis

388 3252 728 3319 portitorem,
751 3268 844 3321 per
862 3269 1021 3324 quem
1046 3263 1101 3309 et
1121 3256 1333 3311 silentia
1356 3258 1514 3329 longe
1543 3258 1960 3329 disrumperetn,

386 3351 444 3397 et
471 3343 573 3396 sibi
604 3343 869 3411 spiritales
897 3344 1115 3399 delicias
1159 3347 1452 3414 postulare,
1503 3348 1617 3404 oris
1659 3354 1826 3405 vestri
1880 3368 1973 3406 cu-

387 3434 543 3501 piens
596 3447 719 3487 rore
768 3435 1025 3504 reSpergi.
1054 3433 1131 3489 De
1180 3451 1305 3506 qua,
1364 3438 1552 3505 credo,
1599 3440 1688 3494 siti
1743 3454 1971 3497 sanctus

387 3523 671 3578 Psaltnista
695 3523 900 3579 dicebat
926 3542 941 3579 :
972 3526 1156 3579 Anima
1200 3544 1311 3581 mea
1343 3529 1476 3583 sicut
1515 3540 1651 3585 terra
1679 3532 1791 3586 sine
1837 3550 1973 3601 aqua

390 3614 687 3682 tibilpsal.
729 3632 894 3681 CXLII,
926 3616 1015 3686 6).
1043 3616 1135 3671 Illa
1181 3619 1432 3674 nimirum
1479 3636 1615 3689 aqua
1663 3622 1967 3678 ariditalem

388 3705 631 3771 corporis
656 3705 739 3759 sui
770 3709 1102 3776 restinguere
1129 3707 1308 3762 sobria
1338 3710 1600 3765 ebrietate
1623 3710 1956 3779 desiderans,

390 3798 459 3851 de
491 3813 594 3865 qua
627 3797 881 3852 Dominus
912 3812 1095 3855 noster
1123 3800 1174 3856 itt
1209 3802 1498 3871 Evangelio
1519 3819 1752 3861 clamare
1779 3806 1969 3877 digna-

386 3898 476 3943 tur
502 3906 517 3943 :
548 3888 611 3944 Si
639 3892 752 3958 quis
781 3892 914 3956 sitit,
935 3894 1099 3946 veniat
1121 3904 1168 3947 et
1192 3894 1344 3947 bibat.
1393 3894 1634 3951 Flumina
1659 3900 1795 3952 enim
1821 3916 1969 3966 aqua:

386 3982 511 4035 vim
561 3982 625 4034 de
669 3991 837 4035 ventre
889 3986 999 4047 eius
1041 3986 1210 4053 ﬂuunt
1265 3985 1460 4055 (Joan.
1510 4002 1603 4054 vn,
1637 3989 1763 4060 38).
1813 3990 1962 4046 Hanc

384 4085 580 4139 aquam
626 4070 975 4126 Samaritana
1008 4074 1169 4128 etiam
1202 4075 1339 4131 idem
1382 4075 1639 4133 Dominus
1679 4079 1959 4146 offerebat,

385 4160 492 4215 hoc
512 4170 614 4227 est,
638 4160 893 4216 Emlesiat
923 4176 989 4217 ex
1018 4163 1263 4232 gentibus
1291 4167 1683 4236 congreganda:
1729 4168 1914 4225 dicens
1937 4188 1955 4237 ς

383 4254 533 4321 Aqua
549 4267 703 4319 quam
726 4267 816 4322 ego
842 4254 994 4320 dabo,
1030 4254 1114 4321 ﬁet
1144 4254 1198 4309 in
1225 4270 1284 4308 eo
1318 4256 1433 4324 fons
1459 4272 1607 4325 aqua
1630 4257 1861 4313 salientis
1908 4260 1964 4313 in

382 4348 543 4399 vitam
585 4354 826 4399 retentam
854 4343 1047 4412 (Joan.
1080 4344 1196 4416 tv).
1229 4347 1375 4402 lianc
1396 4362 1588 4416 aquam
1618 4349 1662 4403 si
1689 4352 1806 4418 quis
1832 4350 1963 4406 fide-

383 4437 451 4490 lis
482 4452 587 4489 non
631 4445 789 4506 gustu
831 4445 1033 4489 tantum
1081 4451 1292 4491 summo
1344 4448 1498 4492 tenus
1544 4454 1639 4494 ore
1686 4440 1958 4504 libaverit,

2075 3279 2245 3334 nostri
2273 3279 2340 3333 ad
2366 3278 2638 3336 Christum
2668 3291 2721 3336 et
2746 3282 2799 3336 in
2846 3283 3029 3338 mundi
3071 3285 3222 3339 istius
3252 3297 3411 3341 nocte
3458 3304 3646 3342 ntanus

2076 3377 2283 3423 nostras
2311 3371 2562 3439 operibus
2590 3371 2875 3428 fructuosis
2898 3374 3219 3429 extollamus
3244 3375 3311 3429 ad
3336 3377 3645 3449 Demittunt,

2073 3465 2129 3511 et
2157 3458 2270 3527 ipse
2308 3468 2469 3526 caput
2498 3471 2739 3517 nostrum
2770 3478 2889 3517 esse
2933 3464 3205 3534 dignetur,
3234 3476 3290 3520 et
3340 3482 3440 3521 nos
3465 3467 3649 3521 adlue-

2072 3562 2192 3602 rere
2217 3550 2376 3616 capiti
2406 3560 2614 3615 nostro,
2648 3562 2705 3607 ut
2735 3552 2823 3607 illa
2848 3555 3092 3622 corporis
3120 3556 3201 3609 sui
3235 3557 3475 3613 membra
3519 3574 3643 3614 esse

2074 3653 2396 3703 tnereamur,
2447 3650 2505 3697 ut
2531 3642 2599 3696 de
2643 3642 2743 3697 hoc
2771 3645 2967 3698 saeculo
2995 3645 3354 3715 discedentes,
3390 3658 3642 3717 tanquam

2069 3730 2215 3784 exitu
2263 3730 2421 3787 Israel
2468 3733 2537 3788 de
2582 3734 2811 3805 Algypto
2851 3734 3032 3792 dicere
3076 3737 3401 3807 redemptori
3456 3753 3643 3797 nostro

2073 3823 2371 3889 possimus:
2403 3824 2632 3879 Adhasit
2658 3836 2770 3891 post
2792 3838 2839 3880 te
2874 3829 3048 3882 anima
3072 3845 3215 3892 mea;
3242 3847 3320 3884 me
3339 3842 3505 3885 autem
3530 3851 3644 3889 sus-

2068 3912 2201 3979 cepit
2248 3913 2456 3967 dexlera
2480 3927 2568 3968 tua
2623 3915 2797 3986 (Psal.
2828 3931 2956 3981 an,
2981 3919 3067 3988 9).
3099 3918 3229 3974 Cum
3272 3934 3332 3974 ea
3363 3921 3551 3977 diebus
3580 3938 3642 3977 ac

2067 4002 2315 4057 noctibus
2356 4002 2517 4057 fuerit
2557 4005 2609 4058 in
2647 4008 2892 4073 corporis
2924 4008 3083 4076 hujus
3112 4023 3331 4064 carcere
3359 4012 3637 4078 meditata,

2069 4094 2210 4148 unde
2239 4109 2345 4151 non
2383 4094 2740 4153 confundatur
2765 4099 2835 4152 ad
2864 4110 3009 4153 votat.
3035 4099 3141 4153 Ora
3168 4115 3263 4169 pro
3284 4115 3395 4155 me.

2597 4255 2814 4311 EPIST.
2856 4255 3097 4311 XXXIV.

2066 4365 2286 4440 Domino
2309 4379 2484 4440 sancto
2509 4377 2553 4420 et
2579 4369 2859 4440 apostolico
2882 4371 3101 4438 mihique
3118 4370 3171 4422 in
3193 4369 3410 4423 Domino
3427 4372 3646 4440 speciali

2134 4436 2277 4510 cultu
2311 4436 2822 4510 a/Tecluque'cwleris
2856 4436 3172 4509 prazferendo
3206 4454 3419 4510 patrono
3444 4436 3636 4496 Sedulo

381 4527 481 4581 sed
509 4528 635 4582 totis
675 4528 870 4582 animae
910 4528 1206 4584 visceribus
1246 4544 1503 4600 appetens
1551 4532 1779 4611 conviva
1829 4549 1963 4589 sor-
1990 4523 2043 4584 D
2136 4522 2370 4577 ⁸Ρ¹³⁶⁰Ρ⁰
2396 4508 2638 4561 ⁸³⁸⁷³⁸³³⁸⁸
2661 4522 2946 4577 “map”

382 4618 604 4685 buerit,
658 4619 898 4687 protinus
944 4619 995 4672 itt
1041 4619 1250 4675 laudent
1316 4620 1526 4675 Domini
1574 4622 1957 4691 omnipotentis

379 4710 650 4778 erumpit;
714 4718 770 4765 et
820 4709 921 4764 hoc
975 4709 1196 4779 incipiet
1246 4722 1461 4766 ructare
1515 4713 1654 4780 quod
1723 4712 1954 4779 biberit;

380 4803 521 4857 sicut
556 4800 895 4855 beatissimus
923 4800 1249 4871 eVangelista
1298 4813 1457 4871 atque
1503 4802 1818 4873 discipulus,
1865 4805 1957 4874 qui

380 4908 547 4960 super
594 4901 779 4961 pectus
828 4891 1035 4946 Domini
1086 4894 1398 4949 recumbere
1442 4896 1658 4959 meruit,
1693 4897 1948 4965 mysteria

383 4985 535 5052 regni
560 4985 797 5038 etnlestis
825 4984 1046 5048 audivit,
1077 4994 1130 5037 et
1158 4985 1210 5038 in
1239 4986 1382 5038 illaut
1420 5001 1606 5040 vocem
1638 5001 1798 5055 quam
1829 4997 1953 5040 ante

384 5078 564 5131 nullus
592 5075 854 5140 audierat,
885 5076 1132 5130 clamavit
1160 5093 1174 5129 :
1205 5075 1267 5129 In
1288 5077 1541 5144 principio
1564 5088 1672 5132 erat
1705 5077 1954 5141 Verbum,

381 5178 431 5220 et
478 5166 697 5221 Verbum
740 5176 848 5220 erat
898 5167 1036 5232 apud
1064 5165 1253 5230 Deum,
1300 5176 1346 5221 et
1395 5166 1534 5223 Deus
1576 5179 1686 5222 erat
1734 5167 1956 5222 Verbum

380 5258 571 5328 (Joan.
605 5275 643 5321 t,
678 5256 763 5327 1).
821 5258 933 5313 Hoc
986 5267 1104 5314 erat
1150 5258 1278 5314 illud
1334 5259 1590 5328 Verbum,
1639 5259 1781 5330 quod
1838 5260 1954 5314 sine

380 5360 626 5417 tempore
667 5363 698 5401 a
751 5348 906 5402 Patre
951 5348 1208 5417 genitum,
1241 5349 1296 5403 in
1350 5358 1592 5417 tempore
1641 5359 1851 5404 creatur
1886 5364 1951 5404 ex

377 5449 574 5503 matre,
604 5450 660 5492 ut
691 5448 901 5491 creator
943 5440 1130 5503 fieret;
1162 5448 1221 5493 ut
1250 5453 1371 5493 esse
1400 5437 1565 5506 possit
1610 5437 1953 5493 humanitatis

376 5516 623 5596 quadam
651 5526 849 5598 portio,
874 5528 1168 5583 divinitatis
1213 5530 1377 5583 totius
1425 5527 1729 5598 plenitudo;
1760 5538 1813 5583 et
1842 5530 1953 5599 ple-

378 5618 680 5673 nitudinetn
714 5617 1058 5673 humanitatis
1103 5619 1276 5686 portio
1305 5618 1420 5689 ipsa
1474 5619 1831 5673 humanitatis
1855 5634 1949 5673 sua

375 5714 634 5783 passione
659 5711 971 5774 redimeret;
993 5714 1118 5768 dum
1139 5713 1309 5777 imago
1335 5713 1617 5771 invisibilis
1638 5714 1758 5781 Dei,
1779 5714 1951 5770 forma

2136 4615 2237 4671 Per
2264 4618 2546 4673 arciatrum
2591 4618 2944 4692 [arciziatmm]
2985 4620 3276 4678 Palladium
3318 4622 3523 4678 litteras
3554 4624 3633 4679 fe-

2059 4709 2409 4764 cundicordis
2428 4720 2483 4764 et
2508 4710 2720 4764 facundi
2741 4712 2851 4765 oris
2877 4713 3077 4781 accepi,
3100 4729 3219 4781 qua:
3248 4729 3343 4768 nos
3371 4716 3438 4769 ad
3470 4714 3631 4769 visio-

2060 4818 2182 4856 nem
2204 4812 2437 4856 tntttuam
2464 4813 2589 4857 volo
2620 4805 2850 4871 pectoris
2877 4806 3188 4861 invitabant.
3226 4806 3331 4861 Sed
3355 4807 3477 4876 quid
3510 4808 3631 4861 faci-

2060 4908 2198 4956 tnus,
2236 4893 2377 4962 quod
2406 4893 2690 4948 desideriis
2725 4894 3019 4950 animorum
3064 4904 3367 4952 nostrorum
3420 4898 3632 4953 diversa

2061 4984 2421 5039 membrorum
2440 4988 2639 5042 resistit
2655 4988 2972 5042 inﬁrmitas?
2992 4988 3117 5042 dum
3141 5004 3234 5042 vos
3255 4991 3530 5046 nimietate
3547 5008 3638 5044 ro—

2070 5074 2229 5139 busti,
2258 5092 2354 5129 nos
2389 5078 2645 5132 tenuitate
2677 5079 2820 5133 exesi
2850 5081 3090 5147 corporis
3126 5081 3446 5151 impediatur
3467 5100 3481 5136 :
3504 5085 3631 5137 dum

2064 5179 2157 5218 vos
2182 5167 2360 5231 alieni,
2391 5177 2448 5223 et
2472 5179 2699 5238 quatuor
2733 5168 2896 5238 pedes
2917 5168 3056 5224 ferre
3081 5182 3350 5241 nequeunt
3371 5175 3631 5242 pondero-

2061 5270 2180 5322 sos;
2213 5273 2301 5313 me
2321 5260 2479 5313 etiam
2502 5260 2697 5330 pr0prii
2719 5270 2771 5315 et
2792 5260 2897 5315 duo
2917 5263 3182 5318 sustinere
3205 5280 3313 5333 prie
3334 5264 3631 5319 defectione

2059 5350 2151 5404 vix
2172 5360 2410 5419 possunt.
2432 5350 2548 5418 Quo
2565 5351 2621 5406 fit
2638 5352 2931 5417 utimplere
2957 5355 3254 5408 communia
3275 5365 3395 5407 vota
3408 5368 3631 5423 nequea-

2060 5456 2197 5496 tnns.
2235 5440 2345 5510 Ego
2373 5443 2516 5496 enim
2544 5443 2717 5513 (testis
2746 5454 2826 5499 est
2852 5443 3132 5514 Dominus)
3164 5443 3304 5511 quod
3338 5444 3395 5505 si
3422 5444 3628 5501 valuis-

2058 5548 2193 5595 sent,
2213 5534 2278 5587 ad
2300 5535 2562 5603 synodum
2581 5536 2879 5591 condictam
2898 5537 3039 5590 ontni
3065 5535 3312 5589 aviditate
3332 5536 3622 5592 venissem.

2059 5623 2164 5679 Sed
2197 5638 2312 5678 mea
2338 5624 2594 5691 disposita
2623 5624 2825 5680 itineris
2849 5626 3119 5678 Voluntate
3144 5626 3436 5681 necessitas
3464 5627 3626 5682 itttbe-

2058 5715 2292 5770 cillitatis
2321 5715 2570 5771 inhibuit.
2609 5716 2742 5781 Quia
2772 5728 2925 5769 aeres
2951 5708 3169 5785 [acrem]
3216 5717 3449 5785 regionis
3487 5717 3628 5772 illius
