4022 6168
480 294 582 346 Αιι

1838 293 2089 349 BUlllCll
2133 291 2433 350 EPISCOI‘I

3640 292 3749 349 “‘2

487 409 778 475 praesertim
810 407 910 460 hoc
936 413 1176 474 tempore
1218 404 1360 460 ferre
1388 419 1493 461 non
1526 412 1766 473 poteram
1794 420 1806 455 :
1840 404 1982 473 quod
2006 415 2060 458 ct
2092 412 2134 469 Α
2166 405 2326 459 dendi
2355 414 2481 458 sunt
2507 402 2763 472 disparati
2788 418 3173 473 corpore,cum
3192 404 3461 474 paritcrin
3479 419 3545 461 eo
3565 417 3749 461 tuente

487 514 584 555 vos
612 499 684 552 ita
715 499 937 553 credere
962 498 1194 561 confido,
1240 505 1296 551 et
1329 510 1523 565 pravos
1551 495 1618 549 ad
1648 494 1791 549 aliud
1816 493 2059 549 derivare

483 607 589 645 non
640 590 846 644 dubito.
890 588 983 643 llis
1030 589 1209 658 itaque
1251 587 1599 654 sufficienter,
1665 594 1724 639 ut
1770 587 2058 653 potuimus,

482 683 746 749 indicatis,
776 680 1096 737 salutatione
1135 680 1297 734 animi
1326 680 1693 735 desideranter
1724 677 1984 747 impensa,
2014 678 2056 731 si

479 776 695 842 dignum
728 773 942 840 ducitis,
993 772 1263 828 transmisi
1308 771 1459 825 vobis
1502 769 1800 833 caballum,
1844 769 2056 840 qualem

476 864 628 918 vobis
657 863 891 919 sciebam
931 876 1051 917 esse
1080 860 1464 929 necessarium,
1504 861 1915 915 mansuetudine
1946 858 2051 930 pla-

475 957 678 1019 cidum,
708 956 964 1009 membris
988 954 1238 1021 validum,
1260 955 1470 1009 firmum
1491 954 1708 1019 robore,
1736 954 1905 1008 forma
1924 970 2060 1023 prae-

476 1057 732 1113 stantem,
782 1048 981 1101 Iactura
1029 1047 1407 1116 compositum,
1457 1045 1649 1100 animis
1685 1052 2057 1114 temperatum,

475 1141 593 1195 scil.
626 1153 726 1195 nec
754 1139 1004 1194 tarditate
1045 1139 1276 1208 pigrum,
1306 1152 1406 1192 nec
1433 1137 1718 1193 velocitate
1749 1150 2057 1206 pr:eprope-

475 1247 618 1297 rum,
664 1231 748 1285 cui
792 1230 973 1284 frenus
999 1244 1064 1284 ac
1092 1229 1341 1283 stimulus
1376 1230 1447 1284 sit
1488 1229 1725 1284 sedentis
1755 1228 2055 1292 arbitrium,

472 1322 559 1376 cui
585 1321 652 1376 ad
682 1320 1015 1377 evehendum
1046 1335 1181 1375 onus
1226 1330 1281 1375 et
1325 1321 1461 1375 velle
1507 1329 1755 1389 suppetat
1787 1319 1984 1387 pariter
2006 1328 2060 1373 et

474 1426 634 1479 posse
660 1430 671 1463 :
698 1412 764 1465 ita
798 1422 855 1465 ut
882 1425 981 1465 nec
1010 1409 1167 1465 cedat
1193 1411 1534 1480 superposi'o
1569 1426 1667 1465 nec
1692 1409 1925 1480 deponat
1955 1409 2055 1463 im-

476 1502 729 1569 positum.
755 1501 1013 1565 Superest
1054 1509 1111 1553 ut
1141 1502 1424 1569 rescripto,
1463 1499 1733 1570 quomodo
1765 1500 1913 1553 vobis
1941 1500 2056 1565 pla-

367 1636 387 1655 ,
472 1604 611 1657 ceat,
641 1592 906 1647 indicetis.
926 1593 1230 1658 Quamlibet
1260 1593 1327 1646 ita
1354 1592 1711 1648 deindividuo
1741 1592 1870 1646 mihi
1892 1592 2058 1646 corde

472 1699 813 1753 pra-sumam,
861 1685 1003 1752 quod
1034 1682 1184 1738 vobis
1214 1685 1372 1739 etiam
1404 1686 1540 1739 mala
1574 1700 1603 1738 a
1634 1701 1720 1740 me
1748 1687 2053 1747 commissa,

474 1791 581 1830 non
610 1775 783 1828 dicam
816 1775 1129 1829 transmissa
1158 1774 1545 1843 complaceant.
1594 1776 1762 1830 Tanta
1801 1785 1885 1829 est
1911 1776 2052 1830 enim
2086 1762 2130 1821 Β

473 1868 667 1936 integri
710 1868 791 1923 vis
836 1866 1040 1921 amoris
1083 1876 1142 1919 ut
1185 1866 1237 1920 in
1283 1867 1513 1921 amicum
1566 1864 1727 1935 [forte
1754 1864 1940 1936 amico]
1982 1866 2053 1919 nil

472 1959 757 2027 diSplieeat
779 1999 793 2023 ,
832 1972 952 2013 cum
985 1957 1152 2027 magis
1181 1958 1377 2011 malum
1408 1956 1693 2025 displicere
1735 1956 1949 2011 debeat.
1990 1957 2056 2010 Et

474 2053 599 2107 hinc
624 2052 754 2105 illud
776 2061 882 2117 est,
906 2050 1047 2120 quod
1065 2048 1263 2119 judicia
1293 2050 1566 2104 hominum
1594 2058 1685 2103 aut
1712 2063 1895 2104 amore
1921 2064 2052 2118 prte-

470 2143 774 2213 pediantur,
817 2150 908 2197 aut
952 2141 1074 2196 odio
1117 2148 1175 2195 ut
1217 2155 1363 2196 recta
1402 2156 1509 2196 non
1547 2142 1903 2211 proferantur.
1936 2140 2044 2195 Vos

469 2249 622 2299 vero,
660 2247 793 2301 quos
826 2246 924 2286 nec
952 2231 1133 2286 odium
1162 2238 1468 2300 exasperat,
1520 2247 1618 2285 nec
1647 2231 1943 2285 inflammat
1972 2232 2051 2283 iu-

470 2325 635 2389 vidia,
665 2336 715 2379 et
743 2324 896 2392 jocos
925 2334 1140 2379 nostros
1174 2324 1405 2379 libenter
1430 2325 1673 2393 accipite,
1707 2336 1760 2378 et
1784 2324 1851 2378 de
1881 2326 2051 2393 sospi-

474 2422 583 2469 tate
614 2422 791 2468 vestra
822 2413 906 2467 vel
936 2414 1145 2468 actibus
1185 2412 1470 2467 affluenter
1498 2415 1766 2479 instruite,
1818 2424 1877 2467 ut
1924 2416 2050 2467 dum

469 2517 563 2558 vos
583 2492 782 2558 diutius
804 2504 1051 2573 legimus,
1074 2503 1345 2572 copiosius
1365 2503 1689 2558 imbuamur.
1703 2504 1804 2558 Ora
1824 2520 1919 2574 pro
1941 2521 2045 2559 me.

1018 2679 1235 2736 IiPlST.
1275 2681 1491 2737 XXXV.

472 2791 673 2845 Damno
719 2800 897 2845 sancto
926 2802 972 2846 et
1006 2795 1307 2860 apostolico,
1353 2793 1477 2846 mihi
1518 2794 1570 2847 in
1596 2794 1796 2848 Christo
1832 2794 2047 2848 Domino

536 2862 827 2942 specialiter
856 2864 1156 2928 excolendo,
1190 2866 1338 2933 fratri
1359 2863 1584 2919 Casario
1608 2874 1633 2901 σλ
1656 2867 1915 2934 episcopo,
1942 2865 2046 2917 liu-

540 2948 695 2984 rtctus
718 2948 1003 3002 eptsCOpus.

538 3065 635 3132 Qui
667 3066 977 3119 occasiones
1003 3066 1269 3121 scribendi
1299 3067 1453 3121 nobis
1482 3068 1707 3122 invicem
1742 3084 1837 3137 pro
1864 3077 2042 3123 mtttua

464 3159 684 3213 caritate
711 3158 1046 3226 inquirimus,
1072 3158 1281 3213 oblatas
1304 3162 1713 3228 praetermittere
1744 3177 1847 3215 non
1878 3161 2045 3216 debe-

464 3264 614 3313 mus;
646 3258 705 3304 ut
731 3248 975 3303 conferat
1000 3250 1151 3304 nobis
1184 3250 1469 3319 quamdam
1498 3251 1799 3319 praesentiae
1846 3252 2048 3321 portio-

464 3360 588 3401 nem
618 3359 796 3400 sermo
829 3344 1111 3400 meditator
1134 3344 1296 3417 [forte
1319 3344 1617 3416 mediator];
1645 3347 1733 3416 qui
1762 3347 2041 3415 emittitur,

462 3453 561 3494 nec
583 3438 874 3503 amittitur;
924 3437 1191 3503 tribuitur,
1222 3446 1278 3493 et
1309 3438 1536 3493 habetur
1561 3456 1575 3503 ;
1632 3440 1841 3494 videtur
1870 3441 2047 3496 disce-

463 3532 614 3600 dere,
641 3546 740 3586 nec
771 3530 1005 3596 recedit;
1053 3545 1081 3584 a
1115 3545 1199 3587 me
1228 3531 1495 3600 dirigitur,
1526 3546 1554 3585 a
1586 3541 1639 3586 te
1669 3532 1983 3598 suscipitur;
2013 3548 2043 3587 a

463 3635 551 3676 me
573 3622 846 3685 scribitur,
873 3634 905 3674 a
937 3631 986 3675 te
1009 3621 1221 3690 legitur,
1272 3636 1371 3675 nec
1402 3631 1579 3675 tamen
1605 3620 1891 3687 dividitur;
1923 3637 2063 3698 cum.

461 3711 616 3780 quasi
644 3710 869 3776 divisus,
902 3712 1107 3778 integer
1136 3720 1315 3765 tamen
1346 3713 1622 3781 utriusque
1667 3712 1830 3767 corde
1862 3724 2044 3767 tenea-

462 3810 569 3852 tur.
602 3800 734 3865 Quia
763 3799 911 3853 verbi
942 3815 1089 3852 more
1118 3799 1285 3853 divini
1317 3801 1564 3868 traditur,
1606 3810 1661 3855 et
1700 3818 1804 3856 non
1832 3803 2044 3873 egredi-

460 3897 582 3954 tur;
628 3888 901 3942 confertur
949 3888 1227 3958 indigenti,
1276 3898 1332 3945 et
1361 3906 1465 3944 non
1512 3892 1748 3946 aufertur
1799 3895 2037 3960 auctori;

460 3978 776 4049 accipientis
817 3980 1020 4034 lucrum
1053 3980 1171 4034 sine
1215 3981 1498 4049 dispendio
1529 3982 1831 4052 largientis;
1864 3984 2041 4037 ditans

460 4077 697 4147 inopem,
716 4088 815 4129 nec
829 4081 1110 4128 attenuans
1128 4090 1517 4143 possessorem.
1540 4076 1771 4144 Ideoque
1792 4076 2042 4131 veniente

457 4165 553 4221 illo
594 4174 788 4234 nepote
810 4179 929 4220 meo
951 4164 1260 4220 dulcissimo
1288 4165 1591 4219 Parthemio
1620 4164 1717 4220 has
1745 4180 1840 4234 per
1861 4167 2038 4235 ipsum

457 4258 587 4311 dare
611 4272 715 4311 non
744 4256 958 4321 distuli;
992 4268 1049 4309 ut
1074 4264 1129 4309 et
1151 4271 1323 4309 meam
1352 4256 1689 4324 praesentiam
1716 4259 1869 4313 vobis
1899 4260 2043 4315 litte-

456 4347 531 4401 ris
552 4346 884 4410 exhiberem,
932 4354 985 4399 et
1012 4346 1184 4414 ipsum
1230 4345 1431 4411 pariter
1459 4347 2039 4404 commendaremzcui

456 4434 713 4503 quidquid
737 4436 936 4505 dignati
961 4435 1170 4491 fueritis
1193 4435 1494 4490 dilectionis
1524 4426 1854 4505 impendere,
1882 4439 2037 4492 nobis

460 4543 557 4582 vos
582 4537 909 4597 praesentare
931 4530 1205 4585 noveritis.
1229 4528 1506 4594 Simulque
1529 4530 1688 4583 etiam
1723 4531 2037 4599 peculiarius

456 4634 589 4690 rogo
631 4627 691 4673 ut
728 4632 825 4687 pro
872 4633 957 4672 me
996 4620 1231 4688 ipsisque
1260 4620 1568 4689 pignoribus
1609 4623 1805 4675 nostris
1864 4623 2037 4676 inces-

459 4719 643 4764 santer
668 4709 854 4777 oretis,
904 4706 1339 4776 nec'impediant
1382 4711 1627 4765 affectum
1672 4727 1911 4765 amorum
1944 4727 2040 4767 no-

459 4808 696 4853 strorum
724 4798 894 4867 spatia
924 4796 1201 4865 interjecta
1232 4799 1539 4867 regionum;
1569 4801 1687 4869 quia
1722 4804 1810 4871 qui
1857 4804 1906 4857 in
1934 4803 2037 4857 Do-

457 4890 628 4953 mino,
658 4886 747 4957 qui
779 4900 1015 4955 praesens
1044 4894 1125 4940 est
1150 4886 1363 4955 ubique,
1408 4902 1467 4942 se
1491 4889 1738 4960 diligunt,
1784 4908 1887 4946 non
1918 4908 2035 4947 cre-

531 5138 557 5166 ⁸
584 5129 656 5182 De
684 5143 751 5182 eo
778 5128 1045 5195 superius.

524 5198 554 5238 δ
587 5198 708 5273 Fuit
730 5197 811 5251 vir
840 5198 1033 5273 nobilis
1054 5197 1409 5273 Parthemius,
1436 5202 1524 5270 qui
1544 5213 1725 5270 postea
1745 5203 2032 5273 visitapud

455 5267 1206 5341 TlieodebertumAustrasize
1244 5285 1419 5338 regem
1454 5267 1515 5325 in
1544 5267 1738 5341 gratia,
1785 5275 1877 5327 sed
1908 5267 2029 5329 cum

456 5341 655 5414 tributa
682 5337 1046 5414 praiterleges
1061 5337 1352 5414 exegisset,
1374 5337 1748 5414 mortut'rrege,
1770 5343 1822 5398 in
1847 5346 2029 5414 pepuli

456 5409 638 5482 odium
684 5418 741 5464 et
785 5409 1017 5478 pericula
1068 5410 1297 5482 maxime
1344 5413 1547 5466 incidit.
1596 5409 1884 5482 Papianilla
1920 5409 2032 5469 'fuit

460 5478 581 5550 eius
602 5494 756 5540 uxor,
786 5495 943 5549 quam
973 5494 1094 5534 cum
1123 5480 1294 5533 amico
1322 5482 1553 5534 Ausauio
1575 5478 1899 5550 peremerat.
1924 5485 2031 5538 Sti-

456 5547 616 5601 mulis
667 5547 1008 5606 conscientia:
1067 5563 1452 5616 compunctus,
1522 5547 1590 5604 in‘
1622 5568 1744 5607 arca
1796 5555 2030 5607 inclusus

454 5631 486 5670 ι
529 5617 724 5691 populo
769 5619 1016 5691 'l‘reveris
1052 5630 1297 5689 repertus
1341 5631 1442 5675 est.
1482 5620 1666 5689 Sputis
1711 5638 2027 5691 perunctus,

460 5689 649 5759 pugnis
676 5700 871 5755 caesus,
914 5688 1258 5758 vinctis’post
1299 5688 1793 5766 tergummauibus
1829 5693 1896 5751 ad
1936 5709 2030 5751 co-

2160 495 2468 565 jungantur.
2498 494 2601 549 Ora
2628 509 2724 563 pro
2748 508 2855 550 me.

2705 627 2922 682 EPIST.
2964 628 3205 695 XXXVI,

2163 715 2402 769 Ruricius
2428 717 2692 787 episcopus
2731 720 3040 772 dulcissimis
3080 724 3345 789 nepotibus
3374 722 3401 761 δ
3445 722 3746 781 Par/ternio

2744 798 2789 843 et
2828 792 3157 859 Papianillw.

2234 897 2516 966 Postquam
2547 899 2720 967 pietas
2763 910 2943 955 vestra
2990 901 3259 968 disce~sit,
3311 903 3588 959 dimidium
3620 922 3746 962 esse

2162 1008 2247 1049 me
2275 994 2477 1058 sentio;
2525 996 2649 1065 quia
2685 996 2973 1049 maximam
2999 996 3105 1050 mei
3128 1006 3363 1067 partem,
3393 997 3497 1053 hoc
3524 1007 3628 1062 est,
3661 1000 3747 1053 in-

2169 1086 2421 1141 tetiorem
2449 1085 3027 1154 bominem,residente
3047 1102 3296 1157 corpore,
3326 1090 3601 1145 vobiscum
3630 1107 3743 1145 am-

2161 1177 2375 1233 bulasse
2398 1193 2684 1247 cognosco,
2728 1180 2797 1234 ita
2828 1188 3002 1235 tamen
3029 1182 3170 1251 quod
3217 1192 3272 1236 et
3317 1198 3413 1237 vos
3440 1183 3492 1236 in
3526 1194 3745 1253 pectore

2163 1284 2306 1333 meo,
2334 1269 2475 1338 quod
2514 1269 2598 1325 hic
2644 1272 2927 1335 remansit,
2975 1288 3197 1329 manere
3226 1275 3517 1344 conSpicio.
3557 1278 3744 1330 Saluto

2161 1360 2337 1431 itaque
2363 1360 2699 1417 dulcedinem
2733 1374 2985 1427 vestram,
3017 1375 3069 1419 et
3097 1372 3156 1417 ut
3182 1365 3466 1421 verborum
3500 1382 3743 1423 meorum

2161 1466 2427 1507 memores
2456 1453 2574 1507 sitis
2615 1452 2901 1519 admoneo,
2954 1457 3077 1523 quia
3107 1469 3315 1511 certum
3355 1466 3439 1513 est
3469 1473 3563 1512 vos
3589 1460 3740 1527 juxta

2160 1541 2466 1597 Salomonis
2495 1546 2817 1598 sententiam
2858 1559 3014 1613 posse
3057 1546 3109 1600 in
3152 1547 3306 1601 bonis
3334 1547 3445 1602 Dco
3474 1547 3743 1615 dirigente

2161 1633 2442 1700 proficere,
2470 1633 2516 1687 si
2542 1635 2812 1691 seniorum
2840 1636 3063 1691 consilia
3094 1647 3147 1693 et
3173 1640 3343 1694 amori
3369 1640 3664 1696 habeantur
3687 1653 3743 1696 et

2160 1725 2277 1780 usui
2306 1734 2431 1795 apto
2459 1725 2598 1782 bene
2621 1728 2808 1797 agatis.

2692 1864 2904 1919 EPIST.
2951 1860 3205 1919 XXXV".

2449 1978 2693 2032 Ruricius
2720 1980 2985 2049 episwpus
3011 1979 3161 2049 fratri
3188 1990 3209 2016 ε
3246 1978 3456 2033 Pet.....

2224 2087 2356 2155 Quia
2389 2090 2696 2146 obedientia
2743 2090 3021 2146 sacrificiis
3059 2090 3374 2155 antefertur,
3424 2092 3620 2147 idcirco
3652 2108 3744 2145 ru-

2153 2178 2437 2233 sticitatem
2468 2196 2640 2234 meam
2675 2180 2814 2234 malo
2852 2181 3078 2249 prodere
3108 2197 3265 2248 quam
3298 2181 3521 2251 perdere
3547 2183 3742 2235 carita-

2153 2276 2257 2323 tem
2289 2285 2303 2323 :
2338 2268 2565 2324 Scientia
2634 2272 2766 2325 enim
2814 2271 2984 2341 inﬂat,
3015 2272 3221 2337 caritas,
3282 2281 3338 2325 ut
3388 2272 3487 2339 ipsi
3538 2274 3736 2327 melius

2153 2361 2343 2425 nostis,
2384 2361 2608 2430 wdiﬁcat
2656 2360 2711 2430 (Ι
2752 2362 2870 2417 Cor.
2915 2378 3029 2427 vttt,
3077 2360 3150 2433 1).
3199 2364 3557 2427 Quamobrem
3615 2369 3739 2431 quia

2150 2451 2384 2520 iussistis
2414 2462 2473 2506 ut
2512 2468 2607 2508 vos
2647 2469 2741 2523 per
2787 2454 3026 2523 singulas
3055 2454 3365 2508 occasiones
3402 2464 3455 2507 et
3491 2454 3559 2508 de
3604 2456 3741 2508 meis

2150 2542 2358 2596 actibus
2411 2542 2639 2597 facerem
2682 2545 2960 2608 certiores,
3012 2554 3066 2597 et
3113 2544 3437 2598 desiderium
3474 2559 3736 2609 vesrum,

2151 2635 2291 2703 quod
2339 2634 2467 2687 mihi
2497 2649 2603 2687 non
2647 2650 2768 2688 meo
2807 2636 3021 2698 merito,
3076 2635 3169 2689 sed
3212 2634 3451 2704 generali
3494 2646 3549 2689 et
3578 2636 3737 2689 insita

2151 2725 2301 2779 vobis
2320 2724 2613 2780 dileCtione
2630 2724 2955 2794 dependitis,
2975 2725 3211 2796 alloquio
3235 2738 3583 2793 temperarem
3607 2743 3620 2789 ;
3652 2741 3740 2779 me

2150 2815 2365 2884 quidem
2398 2814 2509 2869 Deo
2538 2816 2770 2885 propitio
2801 2815 3069 2881 fotiorem,
3111 2816 3205 2870 sed
3255 2816 3387 2871 heu!
3439 2817 3651 2885 plenum
3681 2827 3737 2869 et

2150 2920 2309 2959 omne
2339 2892 2679 2973 hospitiolum
2713 2917 2953 2961 nostrum
2982 2905 3211 2961 diversis
3257 2907 3609 2962 incommodis
3652 2908 3737 2961 la-

2152 2999 2346 3052 borare
2394 2999 2657 3069 signiﬁco.
2706 3000 3032 3056 Peculiarius
3063 3016 3193 3072 rogo
3235 3002 3489 3054 attentius
3511 3000 3740 3054 Domino

2154 3094 2487 3161 supplicetis,
2538 3104 2593 3146 ut
2621 3095 2707 3162 qui
2742 3095 2896 3150 nobis
2933 3097 3355 3151 incolumitatem
3389 3096 3577 3152 vestris
3609 3114 3736 3151 ora-

2155 3185 2385 3238 tionibus
2411 3183 2743 3249 reddidistis,
2776 3197 2829 3239 et
2860 3188 2942 3239 his
2972 3202 3128 3253 apem
3159 3202 3219 3240 ac
3251 3188 3512 3242 medelam
3543 3189 3739 3242 divinze

2152 3274 2534 3329 misericordia:
2563 3276 2965 3331 intercessionis
2994 3287 3186 3331 vestra:
3215 3279 3512 3344 patrocinio
3554 3277 3739 3333 cunfc-

2151 3368 2302 3421 ratis.
2327 3366 2431 3421 Ora
2461 3381 2558 3435 pro
2586 3382 2689 3421 me.

2665 3501 2880 3558 EPIST.
2925 3503 3207 3560 XXXVIII.

2148 3613 2382 3667 Dominis
2404 3614 2703 3669 sublimibus
2730 3624 2777 3667 et
2805 3618 3090 3685 magniﬁcis
3119 3618 3240 3683 [iliis
3274 3617 3525 3670 Endumio
3548 3628 3596 3672 et
3623 3618 3737 3673 Me-

2568 3687 2745 3739 lautiw
2776 3687 3014 3740 Ruricius
3042 3689 3329 3757 episcopus.

2214 3795 2382 3862 Quam
2413 3796 2591 3865 gravis
2616 3796 2744 3849 mihi
2767 3796 3011 3851 orbitatis
3036 3808 3227 3852 vestra:
3252 3800 3319 3851 sit
3358 3798 3531 3853 luctus
3578 3799 3735 3853 testis

2146 3895 2227 3941 est
2256 3887 2489 3955 pectoris
2522 3886 2625 3940 mei
2653 3887 2901 3942 conscius
2924 3887 3093 3949 Deus;
3123 3888 3261 3957 quod
3290 3889 3465 3943 verbis
3490 3889 3736 3944 sublimi-

2146 3978 2237 4030 tati
2266 3984 2457 4031 vestrte
2508 3975 2745 4032 indicare
2776 3993 2881 4032 non
2926 3994 3164 4047 possttm.
3214 3979 3349 4033 Nam
3382 3981 3451 4033 ita
3493 3980 3737 4033 animum

2143 4082 2319 4122 meum
2344 4066 2546 4122 doloris
2568 4069 2729 4123 vestri
2760 4070 2939 4138 passio
2967 4071 3246 4137 sauciavit,
3299 4085 3361 4124 ac
3390 4072 3437 4125 si
3471 4087 3633 4124 unum
3667 4072 3737 4125 de

2146 4160 2374 4228 propriis
2400 4158 2682 4214 allectibus
2717 4160 2878 4232 [forte
2920 4160 3178 4232 afﬁnibus]
3209 4162 3579 4230 perdidissem,
3609 4165 3735 4231 quia

2145 4267 2231 4307 me
2274 4251 2425 4306 vobis
2473 4253 2777 4321 proximum
2840 4262 2895 4307 et
2955 4254 3349 4322 quodammodo
3407 4254 3737 4323 consangui-

2144 4358 2303 4398 neum
2338 4343 2475 4399 bene
2505 4358 2715 4397 mecum
2746 4344 2953 4411 agendo
2984 4346 3205 4398 fecistis.
3235 4343 3409 4413 Atque
3462 4345 3582 4399 ideo
3610 4345 3734 4414 quia

2145 4437 2354 4492 labores
2380 4446 2433 4491 et
2460 4437 2733 4505 angustias
2763 4446 2975 4491 nostras
3010 4436 3315 4504 frequenter
3367 4439 3417 4491 in
3449 4437 3601 4491 vobis
3635 4452 3734 4506 pro

2147 4536 2323 4583 vestra
2366 4527 2675 4597 dignatione
2715 4527 3005 4595 suscipitis,
3036 4528 3237 4595 justum
3282 4536 3365 4581 est
3405 4538 3457 4582 et
3497 4544 3596 4580 nos
3642 4543 3731 4583 νεα

2143 4622 2289 4686 stris,
2320 4634 2440 4672 cum
2469 4617 2783 4683 acciderint,
2802 4618 3122 4686 participare
3140 4616 3479 4672 rnmroribus.
3503 4618 3557 4672 Si
3582 4619 3730 4671 enim

2139 4711 2287 4778 jmta
2311 4712 2553 4780 Apostoli
2585 4710 2634 4784 (Ι
2668 4712 2783 4765 Cor.
2817 4726 2908 4777 ιιι,
2937 4712 3031 4779 26)
3060 4712 3404 4775 sententiam,
3433 4713 3591 4765 unius
3612 4727 3733 4765 cur-

2140 4802 2287 4871 poris
2331 4802 2568 4855 membra
2600 4802 2701 4856 sibi
2748 4802 2974 4857 invicem
3019 4794 3728 4869 compatiuutnrctcondo-

2142 4893 2273 4956 lent,
2295 4892 2455 4946 decet
2477 4908 2573 4946 nos
2599 4907 2831 4961 quoque,
2862 4908 3047 4947 eorum
3072 4891 3407 4946 incommoda
3431 4906 3573 4960 swpe
3603 4907 3726 4960 per-

2143 5135 2378 5208 lumnam
2411 5132 2675 5202 lapidibus
2700 5134 2924 5208 obrutus
2952 5144 3055 5191 est.
3088 5136 3209 5191 Fuit
3237 5136 3405 5192 altera
3430 5136 3726 5208 Papianilla

2138 5204 2329 5259 eodem
2362 5213 2627 5273 tempore,
2671 5206 2765 5260 sed
2812 5207 2952 5261 Aviti
2996 5210 3335 5273 imperatoris
3384 5204 3523 5272 filia,
3564 5214 3630 5263 ab
3656 5228 3723 5266 ea

2137 5289 2294 5349 quam
2327 5288 2469 5349 cum
2490 5276 2715 5343 conjuge
2741 5277 2921 5349 laudat
2960 5277 3327 5349 bicRuricius
3364 5288 3611 5349 tanquam
3641 5282 3729 5334 di-

2142 5343 2360 5397 n.idium
2388 5346 2579 5399 animae
2608 5362 2741 5411 suae,
2788 5346 3177 5401 diversissima.
3224 5343 3496 5403 Attonitus
3541 5350 3726 5407 forsan

2139 5424 2326 5486 stupes
2356 5414 2512 5468 talem
2545 5419 2740 5479 virum,
2774 5417 2946 5486 qualis
2976 5417 3073 5470 fuit
3103 5418 3197 5472 ille
3224 5418 3579 5485 Parthemius,
3610 5421 3729 5473 lau-

2138 5484 2253 5538 dari
2282 5484 2348 5538 ab
2376 5487 2661 5551 epiScopo;
2706 5497 2760 5539 at
2796 5484 3091 5554 episcopus
3142 5492 3302 5543 homo
3342 5498 3443 5551 est,
3494 5484 3727 5546 etuittil

2140 5554 2358 5608 humani
2383 5569 2411 5607 a
2438 5570 2494 5609 se
2521 5556 2751 5609 alienum
2784 5563 2950 5623 putat.
2990 5556 3149 5611 8am.

2211 5637 2232 5661 ε
2270 5625 2391 5679 Huic
2417 5640 2513 5679 vox
2548 5626 2598 5678 iu
2635 5639 2734 5678 ms.
2776 5627 2846 5678 ita
2892 5640 3150 5691 expressa
3192 5636 3273 5680 est
3314 5636 3371 5684 ut
3414 5629 3624 5686 nescias
3650 5644 3726 5687 an

2136 5693 2421 5764 legendum
2452 5695 2523 5751 sit
2544 5693 2700 5749 Petro
2728 5709 2795 5751 an
2823 5694 2999 5750 Pelur.
3032 5712 3097 5751 an
3127 5696 3301 5752 Perul.
