4022 6168
270 377 368 432 113

1516 375 2004 433 EPISTOLARUII
2050 375 2173 431 LIB.
2227 375 2291 429 II.

3444 376 3541 432 114

270 488 549 552 cipiamus.
579 480 832 535 Dolemus
863 482 1039 549 itaque
1071 481 1218 534 casui
1246 489 1443 545 veStro,
1479 489 1529 533 et
1555 480 1853 547 planctibus
1881 486 1928 541 Α
1958 484 2071 550 puri
2102 483 2358 536 alimento
2389 483 2707 536 inuoceatim
2738 482 3069 552 temperetis.
3102 482 3211 539 Nec
3238 484 3433 539 mirum
3453 496 3537 540 est

270 586 466 630 vestris
508 577 771 627 interesse
819 586 915 625 nos
944 571 1239 625 credimus.
1297 570 1402 626 Sed
1444 572 1569 639 quid
1626 570 1858 625 facimus

270 665 473 721 domini
507 664 633 717 lilii?
670 663 929 732 Equidem
963 661 1225 715 voluntati
1256 660 1449 714 divina:
1481 661 1731 716 resistere
1758 675 1858 716 nec

268 771 555 828 possumus
592 770 693 811 nec
735 754 1013 819 debemus,
1065 763 1125 808 et
1154 754 1299 807 onmi
1332 753 1691 807 sollicitudine
1721 768 1858 822 prm-

264 865 480 912 cavere,
526 863 593 902 ne
633 847 755 913 dum
786 845 960 899 dulcia
996 845 1150 898 nobis
1200 846 1418 915 pignora
1464 846 1628 898 nimio
1669 845 1856 898 dolore

264 942 549 1005 deflemus,
581 938 878 1008 blasphemi
908 936 1121 1005 quidem
1151 944 1206 988 et
1247 935 1494 1003 iujuriosi
1520 936 1856 990 inveniamur

264 1037 312 1086 in
349 1033 601 1095 Domino,
643 1040 698 1084 et
726 1032 941 1098 graVius
972 1028 1180 1083 animas
1208 1038 1422 1081 nostras
1465 1038 1651 1081 auctor
1682 1028 1853 1096 ipsius

261 1124 476 1187 mortis,
509 1122 722 1175 inventa
751 1120 1056 1183 occasione,
1089 1117 1385 1182 confodiat,
1412 1133 1571 1187 quam
1603 1132 1849 1172 carorum

260 1214 556 1269 amissione
599 1212 884 1281 percussit.
936 1210 1170 1277 Ideoque
1222 1208 1272 1261 iu
1318 1207 1465 1261 omni
1497 1208 1853 1262 amaritudine

260 1309 347 1361 vel
373 1306 563 1360 dolore
610 1305 677 1357 ad
726 1303 889 1356 Deum
940 1301 1094 1354 nobis
1141 1309 1226 1354 est
1248 1298 1642 1368 refugientium,
1694 1308 1750 1353 et
1785 1299 1851 1354 ad

261 1401 408 1453 illum
440 1413 631 1452 omnes
669 1409 826 1449 casus
873 1394 1042 1447 nostri
1081 1401 1193 1445 toto
1224 1392 1388 1445 corde
1434 1392 1727 1454 referendi,
1762 1393 1850 1461 qui

261 1502 414 1545 sanat
443 1489 778 1552 vulneratos,
799 1486 887 1555 qui
921 1486 1125 1539 relevat
1146 1494 1390 1550 maestos,
1423 1486 1511 1550 qui
1544 1485 1853 1539 consolatur

260 1578 510 1634 afﬂictos.
533 1578 603 1631 Et
633 1577 719 1630 illa
744 1575 912 1630 sancti
932 1573 1035 1629 Job
1063 1574 1329 1628 sententia
1361 1574 1581 1627 omnino
1602 1573 1848 1637 dicenda,

260 1681 342 1725 est
373 1686 389 1723 :
422 1668 674 1721 Dominus
705 1668 867 1729 dedit,
900 1664 1154 1718 Dominus
1194 1663 1424 1729 abstulit,
1456 1666 1585 1716 sicut
1630 1663 1851 1718 Domino

260 1760 470 1831 placuit,
502 1760 573 1812 ita
605 1759 798 1826 factum
830 1766 937 1820 est;
962 1757 1029 1809 sit
1066 1772 1248 1808 nomen
1288 1754 1497 1807 Domini
1535 1755 1849 1808 benedictum

1961 576 2063 630 hoc
2094 584 2272 629 tamen
2301 575 2355 629 in
2389 584 2564 630 vestra
2593 577 2787 629 virtute
2822 578 3157 639 miraculum,
3204 588 3260 632 ut
3300 579 3534 647 diligatis

1960 674 2279 720 venerantes
2326 681 2456 731 vos,
2507 667 2597 735 qui
2647 667 2896 722 odientes
2935 682 3116 724 amare
3154 670 3527 725 consuevistis.

1959 756 2233 827 Siquidem
2282 766 2336 812 et
2382 758 2446 811 ad
2478 759 2775 827 augendam
2812 759 2952 813 circa
2998 775 3096 815 nos
3134 762 3409 816 caritatem
3438 779 3533 815 ve-

1957 862 2146 914 s:ram,
2168 850 2275 904 duo
2299 850 2498 905 lumina
2525 861 2708 905 nostra
2737 850 3013 914 detinetis,
3036 852 3382 907 Aurelianum
3412 854 3532 909 dico

1956 949 2115 1010 atque
2137 940 2417 995 Leontium
2451 958 2463 993 :
2498 956 2594 1009 pro
2615 957 2842 1010 quorum
2871 957 2967 1009 spe
2996 950 3050 995 et
3072 944 3532 999 consummatione

1955 1046 2085 1099 rogo
2108 1042 2166 1085 ut
2196 1032 2560 1088 indesinenter
2594 1033 2787 1087 divinat
2816 1034 3221 1095 misericordiae.
3269 1035 3406 1089 sicut
3433 1050 3531 1091 vos

1956 1124 2168 1178 confido
2209 1124 2407 1187 facere,
2456 1124 2789 1193 supplicetis,
2834 1134 3035 1179 etcum
3076 1126 3182 1179 illis
3213 1127 3405 1181 iterum
3438 1142 3533 1196 pro

1957 1215 2109 1270 nobis
2139 1231 2352 1284 semper
2386 1216 2581 1281 oretis;
2632 1217 2754 1285 quia
2799 1216 3116 1272 liducialiter
3157 1218 3343 1287 credo,
3389 1219 3531 1287 quod

1955 1307 2268 1376 profectioni
2301 1316 2515 1371 vestras,
2566 1315 2621 1362 et
2666 1307 2876 1361 illorum
2923 1308 3261 1378 insipientite,
3296 1325 3393 1379 pro
3419 1311 3530 1379 ipsa

1956 1401 2130 1453 adhuc
2159 1400 2534 1464 teneritudine,
2580 1415 2609 1454 a
2640 1401 2901 1456 nutritore
2932 1402 3157 1456 Domino
3188 1402 3261 1455 nil
3289 1410 3529 1471 negetur.

1956 1491 2193 1546 Salutem
2228 1492 2404 1559 itaque
2430 1490 2649 1546 uberem
2682 1492 2804 1546 dico
2829 1494 3010 1561 pietati
3038 1502 3249 1562 vestrae,
3273 1503 3530 1563 quantum

1956 1589 2131 1650 potest
2176 1596 2421 1648 promere
2468 1581 2578 1634 oris
2624 1582 2867 1646 allectus,
2921 1598 3025 1637 non
3066 1593 3322 1651 quantum
3354 1584 3529 1638 cordis

1955 1676 2126 1742 pascit
2164 1675 2407 1729 allectus.
2441 1676 2507 1729 Et
2543 1690 2674 1745 rogo
2700 1685 2758 1728 ut
2800 1678 3047 1744 praefatos
3078 1676 3413 1730 dulcissimos
3438 1678 3529 1731 sti-

1956 1767 2126 1819 mulos
2159 1766 2394 1835 pectoris
2431 1767 2533 1819 mei
2560 1777 2747 1820 nostro
2778 1770 2997 1822 nomine
3041 1768 3350 1837 sospitetis;
3403 1785 3529 1823 nos-

262 1854 377 1921 (λοδ
410 1868 449 1916 ι’
487 1851 605 1919 2W
641 1849 707 1903 Et
740 1849 830 1903 me
861 1849 961 1901 hoc
994 1846 1207 1917 quando
1238 1845 1469 1911 dicem“,
1497 1845 1682 1899 deem“
1710 1845 1847 1898 ﬁlms
1882 1845 1921 1901 Β
1951 1878 2077 1931 que,
2127 1862 2551 1931 quotiescunque
2580 1878 2637 1916 se
2667 1864 3037 1932 opportunitas
3085 1862 3383 1930 porrexerit
3413 1878 3531 1928 ror-

260 1961 380 1999 cum
413 1944 565 1999 omni
600 1943 851 1996 facultate
883 1940 1187 2008 perdiderat
1216 1954 1231 1992 :
1257 1938 1364 1992 Nec
1392 1947 1570 1992 tamen
1599 1937 1843 2005 bIaSphe-

263 2053 408 2093 mare
449 2046 545 2089 aut
590 2035 788 2089 damno
829 2042 921 2088 aut
967 2033 1155 2087 dolore
1201 2032 1513 2100 compulsus
1559 2040 1660 2086 est.
1696 2032 1845 2087 Sicut

265 2130 393 2185 dicit
418 2128 700 2197 Scriptura
733 2144 745 2179 :
784 2124 849 2179 In
877 2126 1109 2179 omnibus
1142 2140 1252 2193 quae
1278 2124 1574 2177 accidebant
1616 2125 1682 2187 ei,
1716 2125 1849 2179 nihil

261 2222 483 2290 peccavit
536 2219 685 2273 labiis
713 2218 811 2272 Job
845 2218 963 2289 (Job
994 2233 1062 2283 II,
1087 2216 1204 2286 2i).
1252 2218 1401 2283 Quod
1449 2233 1547 2285 ego
1583 2228 1636 2272 et
1668 2219 1844 2286 pietati

259 2324 453 2369 vestrae
497 2312 739 2367 scribere
789 2328 884 2380 pro
930 2319 1109 2363 mutua
1151 2309 1375 2363 caritate
1422 2310 1760 2378 praesumpsi,
1793 2319 1847 2363 ut

260 2405 504 2459 dolorem
553 2402 852 2457 animorum
899 2410 1231 2464 vestrorum,
1274 2415 1432 2469 quem
1480 2400 1670 2455 litteris
1715 2400 1849 2453 meis

260 2496 507 2565 mitigare
536 2509 642 2548 non
676 2501 939 2561 poteram,
990 2491 1073 2546 vel
1099 2491 1293 2544 div.nis
1331 2491 1557 2560 eloquiis
1580 2500 1849 2559 utcunque

262 2589 601 2641 moderarer.
656 2586 721 2638 Et
766 2599 914 2651 vere,
966 2583 1012 2637 si
1059 2583 1189 2636 mihi
1238 2583 1390 2651 quasi
1429 2596 1608 2637 vestro
1636 2583 1849 2637 creditis

266 2680 439 2743 cordi,
470 2693 579 2731 non
609 2677 885 2752 minimum
920 2676 1143 2744 potestis
1186 2690 1383 2743 capere
1412 2676 1478 2729 de
1516 2673 1713 2729 Christi
1749 2674 1851 2727 Do-

263 2773 392 2826 tuini
427 2771 707 2825 voluntate
739 2769 1013 2834 solatium,
1053 2768 1194 2837 quod
1226 2778 1486 2836 quatenus
1536 2768 1852 2820 immaturus

263 2864 518 2917 manebat
552 2861 822 2926 interitus,
850 2860 1007 2913 talem
1039 2874 1161 2913 eum
1184 2858 1431 2927 dignatus
1454 2868 1534 2911 est
1555 2871 1848 2920 assumere,

264 2955 502 3023 qualium
528 2967 751 3021 regnum
774 2952 931 3005 docet
953 2966 1072 3005 esse
1094 2949 1382 3012 ctelorum;
1410 2959 1464 3002 ut
1488 2960 1541 3003 et
1570 2957 1849 3016 patronum

267 3044 540 3098 haberetis
570 3058 635 3097 ex
670 3041 801 3106 lilio,
834 3049 886 3094 et
913 3040 1088 3093 minus
1110 3040 1362 3093 doleretis
1390 3040 1667 3103 amissum,
1693 3054 1852 3106 quem

266 3152 295 3189 a
326 3136 558 3192 Domino
578 3134 843 3190 videbatis
864 3143 1215 3203 assumptum.
1245 3133 1383 3203 Opto
1410 3135 1546 3187 bene
1574 3135 1764 3201 agatFS.

816 3269 1031 3325 EPIST.
1073 3268 1315 3333 XXXIX.

271 3366 496 3418 Domino
525 3373 702 3416 sancto
738 3371 783 3413 et
816 3359 1100 3428 apostolico
1142 3361 1193 3410 in
1227 3359 1427 3411 Christo
1464 3358 1683 3411 Domino
1712 3358 1855 3411 cultu

343 3436 634 3502 aﬁ’ectuque
678 3433 952 3501 specialius
986 3429 1294 3502 fexcolendo
1331 3440 1548 3497 patrono
1599 3428 1857 3482 Victurino

356 3501 682 3572 [Victorino]
706 3503 947 3571 episcopo
977 3501 1214 3554 Ruricius
1243 3503 1528 3568 episcopus.

348 3599 537 3652 Frater
588 3605 645 3650 et
690 3592 1091 3662 compresbyter
1136 3602 1317 3644 noster
1363 3590 1681 3659 Capillutus,
1735 3590 1857 3644 licet

276 3687 459 3757 apices
487 3696 702 3740 vestros
734 3682 890 3737 nobis
922 3698 1025 3735 non
1050 3680 1301 3735 detulerit
1327 3681 1378 3733 in
1402 3681 1585 3733 charta
1616 3680 1857 3748 relegen-

276 3782 395 3842 d-s,
445 3789 622 3831 tamen
668 3776 829 3830 totius
874 3773 1037 3844 [lorte
1088 3771 1277 3842 potius]
1322 3772 1563 3827 exhibuit
1601 3772 1652 3825 in
1694 3773 1856 3828 corde

277 3869 652 3938 conscriptos:
677 3867 817 3920 unde
840 3880 934 3920 eos
964 3880 1061 3919 nec
1087 3866 1169 3919 fur
1197 3864 1429 3929 auferre,
1467 3878 1566 3919 nec
1588 3864 1856 3919 violentus

276 3963 507 4030 eripere,
558 3972 660 4013 nec
686 3958 858 4012 imber
893 3957 1093 4023 eluere,
1142 3970 1242 4011 nec
1272 3965 1509 4012 vetustas
1536 3956 1705 4027 possit
1728 3958 1857 4013 abo-

278 4053 385 4107 lere
412 4052 542 4106 dum
574 4050 702 4105 mihi
738 4050 907 4103 lidelis
958 4048 1243 4103 admodum
1275 4047 1437 4103 vestri
1470 4049 1699 4117 pectoris
1727 4064 1856 4105 con-

277 4158 394 4197 sors
415 4152 469 4197 et
499 4140 865 4195 deditissimus
886 4138 1093 4193 delator
1118 4140 1315 4201 saepius
1362 4139 1609 4204 inculcat,
1649 4148 1704 4194 et
1738 4139 1856 4195 dul-

276 4236 411 4301 cius,
455 4232 685 4303 qualiter
726 4246 812 4285 me
849 4240 905 4297 et
936 4246 1093 4300 quam
1123 4230 1333 4285 assidua
1362 4230 1649 4286 dilectione
1678 4232 1745 4287 de
1771 4247 1857 4288 me

278 4326 579 4379 ruminetis.
612 4323 729 4378 Non
756 4324 896 4393 quod
928 4325 981 4377 in
1019 4338 1107 4378 me
1133 4323 1207 4378 sit
1233 4323 1373 4379 unde
1401 4324 1640 4379 caritatis
1667 4336 1858 4383 vestrae

278 4430 500 4483 pascere
550 4414 764 4483 possitis
812 4414 1067 4479 esuriem,
1122 4415 1212 4485 qui
1263 4416 1467 4472 solidos
1495 4427 1552 4473 et
1588 4432 1856 4487 nunquam

281 4508 545 4573 perituros
573 4505 725 4560 cibos
754 4514 808 4559 et
848 4508 1091 4574 accipere
1129 4506 1271 4560 soliti
1307 4508 1439 4563 estis
1469 4516 1523 4563 et
1557 4509 1716 4574 dare;
1763 4508 1856 4563 sed

1953 1953 2148 2017 litoris,
2174 1952 2567 2007 benedictionis
2594 1962 2788 2007 vestrae
2832 1950 3093 2006 imbribus
3138 1951 3389 2021 irrigctis.
3429 1951 3472 2005 Ο
3503 1965 3533 2006 a

1953 2058 2049 2112 pro
2078 2058 2184 2098 me.

2558 2132 2774 2188 EPIST.
2814 2131 2928 2187 XL.

2078 2225 2319 2279 Ruricius
2343 2225 2607 2295 episwpus
2640 2233 2664 2261 η
2690 2223 2980 2293 Apollinari
3006 2222 3033 2261 ι)
3056 2239 3148 2277 suo
3173 2222 3408 2279 salutem.

2022 2337 2259 2393 Allectus
2305 2336 2651 2391 sublimitatis
2690 2346 2881 2390 vestra:
2912 2337 2963 2389 in
2995 2336 3290 2391 visceribus
3336 2335 3534 2389 nostris

1953 2430 2224 2485 violentus
2277 2439 2498 2484 exactor
2543 2440 2664 2493 est,
2711 2436 2765 2482 et
2811 2429 2982 2483 amori
3012 2436 3192 2481 vestro
3239 2443 3325 2481 me
3358 2426 3534 2495 potius

1952 2536 2110 2589 quam
2142 2520 2329 2589 pudori
2362 2536 2485 2575 meo
2516 2521 2722 2574 servire
2750 2519 3055 2588 compellit;
3097 2519 3221 2571 dum
3267 2534 3372 2570 non
3402 2532 3535 2571 con-

1952 2611 2194 2675 siderat,
2226 2625 2331 2677 quo
2368 2625 2619 2665 sermone
2645 2650 2660 2675 ,
2702 2625 2803 2678 qua
2836 2610 3059 2679 pagina;
3104 2618 3304 2661 tantum
3341 2608 3532 2661 vestris

1954 2702 2194 2770 imperiis
2232 2702 2609 2770 obsequamur.
2641 2698 2846 2768 Cogitis
2887 2702 3030 2753 enim
3063 2714 3161 2753 nos
3191 2698 3410 2753 auribus
3437 2713 3533 2767 pe-

1955 2794 2089 2846 ritia:
2120 2800 2312 2847 vestra:
2344 2791 2521 2845 verbis
2561 2791 2775 2844 rusticis
2823 2790 3073 2858 iniuriam
3116 2789 3423 2858 frequenter
3452 2790 3526 2842 iu-

1956 2884 2095 2940 lerre
2120 2929 2135 2953 ,
2186 2886 2313 2938 dum
2362 2885 2542 2952 apices
2569 2891 2785 2937 nostros
2825 2882 3022 2949 saepius
3053 2881 3217 2935 vultis
3250 2881 3533 2948 accipere:

1954 2990 2119 3045 pareo
2150 2976 2407 3029 voluntati
2441 2986 2637 3028 vestrae
2661 3016 2676 3039 ,
2725 2989 2888 3043 pareo
2913 2972 3164 3041 jussioni.
3210 2972 3348 3026 Malo
3392 2971 3535 3026 enim

1955 3068 2024 3123 de
2055 3070 2259 3137 meipso
2286 3068 2379 3122 tibi
2412 3068 2581 3135 magis
2610 3082 2766 3133 quam
2813 3065 2943 3119 mihi
2984 3064 3227 3119 credere.
3260 3063 3391 3128 Quia
3429 3062 3539 3131 pie~

1960 3161 2102 3223 tatis,
2134 3175 2238 3212 non
2272 3159 2548 3227 potestatis
2578 3167 2678 3222 est,
2712 3156 2852 3225 quod
2881 3154 3103 3223 jubetis.
3137 3153 3198 3207 Et
3232 3152 3355 3206 ideo
3377 3192 3390 3216 ,
3421 3167 3540 3221 qum

1962 3254 2336 3321 displicuerint
2364 3251 2716 3306 entendubitis
2749 3249 2934 3318 procul
2974 3248 3137 3301 dubio
3180 3249 3357 3317 potius
3384 3261 3541 3314 quam

1961 3342 2217 3412 prodetis.
2248 3343 2520 3412 Siquidem
2549 3342 2681 3397 nihil
2711 3353 2789 3397 est
2812 3339 3146 3409 imperiosius
3175 3341 3424 3403 caritate;
3457 3338 3542 3393 cui

1958 3451 2027 3504 qu
2050 3451 2181 3502 sque
2226 3445 2336 3488 toto
2382 3434 2547 3488 corde
2593 3449 2652 3487 se
2695 3433 2938 3495 dederit,
2983 3433 3209 3485 lilunter
3249 3438 3305 3483 et
3332 3429 3539 3483 vincula

1959 3529 2101 3580 illius
2134 3528 2359 3594 impacta
2396 3526 2650 3593 patietur,
2680 3535 2734 3579 et
2762 3540 2923 3578 onera
2958 3525 3102 3577 illata
3134 3522 3383 3591 portabit,
3414 3521 3539 3575 dum

1959 3616 2310 3684 praecipientis
2359 3616 2639 3683 imperium
2683 3630 2787 3667 non
2840 3614 3033 3666 invitus
3062 3611 3255 3681 excipit
3279 3654 3292 3677 ,
3323 3612 3415 3666 sed
3447 3614 3541 3666 de-

1958 3710 2113 3762 votus
2166 3720 2398 3761 exercet.
2464 3706 2743 3759 Praestabit
2788 3706 2966 3774 itaque
3020 3705 3195 3759 divina
3242 3705 3539 3759 misericor-

1958 3799 2043 3853 dia
2083 3810 2140 3852 ut
2170 3797 2488 3851 tumultibus
2511 3797 2766 3863 temporis
2797 3797 2971 3865 hujus,
2998 3796 3081 3850 vel
3109 3796 3534 3862 necessitatibus,

1959 3900 2050 3945 aut
2094 3890 2273 3945 dilatis
2319 3891 2375 3945 in
2420 3899 2768 3960 perpetuum,
2797 3898 2886 3943 aut
2915 3903 3200 3958 parumper
3243 3888 3535 3957 oppressis,

1957 3984 2116 4039 citius
2141 3982 2343 4037 fructus
2377 3991 2399 4019 ο
2426 3995 2523 4036 nos
2553 3982 2709 4035 faciat
2738 3980 2806 4035 de
2836 3989 3015 4034 nostra
3046 3994 3268 4047 carpere
3305 3995 3540 4047 praesen-

1959 4077 2055 4144 tia,
2079 4085 2135 4130 ut
2155 4074 2441 4140 desideria,
2461 4090 2578 4144 qua:
2602 4073 2890 4129 incitantur
2915 4072 3211 4136 affectibus,
3238 4072 3538 4140 aspectibus

1961 4169 2291 4238 mitigantur.
2309 4166 2466 4222 Finit.

2556 4256 2769 4313 EI‘IST.
2814 4256 2947 4311 XLI.

1962 4350 2183 4405 Domino
2215 4349 2586 4404 devinctissimo
2627 4358 2672 4401 et
2711 4349 2833 4401 mihi
2862 4347 3000 4401 omni
3036 4348 3226 4400 honore
3263 4346 3535 4401 venrrabiii

2386 4420 2533 4488 fratri
2562 4417 2585 4455 ἀ
2614 4418 2826 4471 Leontio
2858 4417 3116 4471 Ruricius.

2039 4509 2248 4565 Gratias
2275 4526 2394 4579 ago,
2414 4510 2551 4578 quod
2565 4520 2615 4563 et
2633 4510 2796 4563 nostri
2813 4523 2993 4562 curam
3008 4523 3216 4577 gerere,
3235 4518 3286 4563 et
3311 4510 3543 4565 novitate

279 4596 491 4664 quando
513 4595 702 4649 fortior
729 4610 851 4650 esca
878 4595 1127 4661 defuerit,
1157 4598 1473 4652 tenuitatem
1508 4608 1744 4652 nostram
1768 4614 1862 4668 pro
1892 4574 1945 4634 Ῐ)
1969 4602 2196 4663 olerum,
2228 4617 2346 4670 quae
2376 4602 2604 4655 libenter
2634 4599 2831 4653 habere
2859 4614 2957 4654 nos
2985 4574 3177 4665 nostis,
3210 4614 3308 4655 nos
3328 4600 3543 4655 reticere

281 4688 431 4745 lactis
475 4687 671 4760 poculo
716 4688 1000 4755 sorbeatis,
1033 4697 1091 4743 ut
1119 4689 1449 4746 desiderium
1493 4692 1564 4761 pii
1608 4692 1785 4747 cordis
1810 4702 1864 4748 et

352 4893 379 4954 ἒ
401 4884 493 4937 Ms.
508 4925 521 4947 ,
536 4884 860 4954 Apollouari.

356 4953 385 4993 δ
413 4959 482 5007 Ite
510 4952 587 5008 eo
606 4955 672 5007 ad
701 4953 857 5020 epit.
884 4952 972 5007 25.

356 5034 378 5093 ε
405 5024 544 5093 Lege
566 5040 673 5088 vos,
705 5025 788 5077 vel
816 5039 909 5075 nos
936 5023 1097 5090 faciat
1118 5022 1182 5076 de
1205 5030 1386 5079 vestra.

353 5090 380 5129 ιι
405 5090 524 5147 Fuit
552 5094 641 5147 il!e
668 5093 919 5147 Leoatius
950 5093 1277 5147 Arelatensis
1321 5094 1635 5164 episcopus;
1671 5109 1864 5163 quam-

285 5176 365 5215 τις
393 5166 535 5217 enim
563 5164 632 5217 de
661 5168 827 5230 ipsius
866 5164 1014 5217 obitu
1046 5165 1273 5217 tacuerit
1316 5167 1561 5231 superius
1588 5165 1859 5229 Ruricius,

287 5234 337 5286 id
382 5234 551 5287 solum
600 5236 788 5301 prohat
830 5232 971 5287 illius
1027 5235 1280 5298 epistolas
1327 5234 1619 5288 secundum
1668 5237 1860 5289 seriem

285 5317 603 5373 tempommé
633 5317 739 5356 non
784 5315 906 5357 esse
941 5302 1246 5372 dispositas.
1296 5304 1417 5358 Fuit
1465 5306 1675 5373 quidem
1725 5305 1861 5359 alter

289 5373 535 5425 Leontius
564 5370 951 5454 Forojuliensis
998 5370 1303 5454 episcopus,
1333 5376 1423 5454 cui
1447 5370 1667 5429 concilia
1696 5374 1859 5454 Galli-

288 5458 417 5495 rana
456 5443 785 5497 convocandi
812 5444 899 5508 jus
926 5443 1195 5497 concessit
1240 5442 1350 5497 Leo
1379 5444 1618 5511 Magnus,
1646 5454 1704 5498 ut
1731 5444 1886 5497 Gal--

290 5513 456 5565 lorum
516 5513 728 5566 animos
771 5514 970 5566 llilario
1016 5512 1313 5567 Arelatensi
1371 5514 1611 5568 addictos
1655 5515 1861 5569 facilius

290 5592 553 5636 avocaret.
601 5582 707 5637 Sed
740 5586 782 5637 is
810 5582 1060 5636 Leontius
1097 5582 1196 5654 fuit
1235 5585 1345 5654 jam
1392 5595 1660 5654 provectae
1689 5588 1862 5639 aetatis

290 5667 426 5706 anno
454 5654 579 5716 “5,
620 5662 677 5706 ut
705 5661 929 5707 testatur
955 5654 1069 5721 ipse
1095 5652 1246 5708 Leo.’
1268 5652 1418 5709 Iluuc
1448 5652 1729 5710 Leontium
1770 5671 1861 5707 au-

294 5725 507 5794 tumavit
537 5723 796 5794 Baronius
824 5725 1069 5778 eumdem
1101 5739 1221 5778 esse
1242 5740 1304 5779 ac
1335 5726 1483 5779 illum
1512 5726 1597 5779 cui
1623 5726 1863 5794 epistola:

292 5792 491 5851 Sidonii
520 5804 575 5851 et
615 5791 818 5851 Ruricii
861 5803 983 5850 sunt
1014 5794 1264 5863 diri-clm;
1305 5797 1395 5853 sed
1424 5797 1627 5854 obierat
1659 5791 1862 5867 procul

1968 4692 2100 4747 tanti
2128 4691 2416 4754 habuistis;
2451 4689 2594 4759 quod
2622 4698 2676 4744 et
2702 4689 3073 4744 consuetudini
3103 4690 3367 4758 praestatis
3393 4690 3542 4757 pari-

1971 4887 2133 4940 tiubio
2164 4883 2543 4952 Forojuliensis
2569 4883 2821 4939 Leontius
2865 4897 2930 4938 eo
2977 4893 3213 4950 tempore
3239 4881 3444 4936 Sidonii
3526 4890 3545 4935 t

1973 4958 2205 5020 Iiuricii;
2246 4970 2457 5008 comvus
2489 4968 2614 5008 vero
2664 4956 2761 5006 fuit
2804 4953 3054 5007 Leontius
3098 4953 3425 5006 Arelatensis
3455 4954 3543 5017 qui

1972 5027 2210 5080 Raveuio
2239 5030 2515 5079 successit.
2549 5024 2804 5079 Leontius
2852 5023 3227 5090 Forojuliensis
3270 5026 3408 5075 circa
3449 5040 3547 5075 an-

1974 5112 2098 5150 num
2141 5095 2243 5151 Mli
2279 5094 2435 5158 obiit;
2474 5110 2579 5148 non
2626 5095 2670 5146 is
2714 5093 2873 5161 igitur
2899 5107 3019 5147 esse
3051 5094 3219 5159 potuit
3246 5094 3398 5158 Cujus
3428 5094 3543 5145 exi-

1975 5178 2087 5220 tum
2134 5165 2296 5219 tlellet
2343 5165 2587 5218 Ruricius
2632 5165 2914 5231 episcopus
2960 5165 3026 5215 ab
3057 5178 3198 5217 anno
3232 5164 3355 5216 470.
3392 5164 3543 5214 Errat

1973 5237 2252 5303 tripliriter
2281 5236 2482 5289 Savaro
2510 5235 2598 5302 qui
2631 5234 2910 5289 Leontium
2959 5232 3377 5303 Forojuliensem
3419 5246 3540 5282 eum

1970 5302 2089 5361 esse
2120 5314 2328 5374 putaret
2350 5305 2436 5358 cui
2477 5306 2728 5359 Sidonius
2754 5346 2767 5367 ,
2815 5306 2938 5358 item
2973 5303 3195 5358 Faustus
3235 5302 3500 5374 scripsere
3525 5339 3541 5364 ,

1967 5373 2165 5445 quique
2196 5376 2513 5442 subscripsit
2539 5376 2777 5443 episto'm
2797 5375 2971 5445 Fausti
2991 5373 3054 5426 ad
3087 5373 3386 5445 Luciferum
3415 5383 3537 5437 pre-

1969 5438 2265 5516 sbyterum,
2296 5438 2452 5513 idque
2480 5447 2531 5499 iu
2574 5438 2804 5499 concilio
2834 5443 3192 5516 Lugdunen-i.
3227 5438 3278 5516 I_'
3308 5440 3353 5491 Is
3383 5455 3539 5516 quem

1970 5507 2149 5570 laudat
2174 5507 2421 5581 Faustus,
2454 5516 2553 5570 fuit
2584 5507 2937 5576 Arelatensis,
2961 5513 3044 5565 cui
3070 5511 3386 5581 commissus
3417 5507 3541 5562 Gal.

1970 5588 2160 5640 liarum
2209 5579 2511 5640 vicariatus.
2553 5586 2609 5637 2”
2641 5586 2829 5639 Nescio
2858 5582 2983 5650 quid
3022 5582 3122 5634 sibi
3158 5579 3286 5633 velit
3315 5579 3539 5645 Savaro,

1971 5658 2058 5711 ubi
2088 5658 2245 5711 toties
2275 5656 2575 5709 Luciferum
2612 5657 2980 5723 presbyterum
3013 5651 3260 5723 inculcat.
3283 5650 3410 5723 Alfion
3444 5650 3543 5702 fuit

1972 5726 2187 5781 Lucifer
2232 5727 2487 5780 adversus
2536 5720 2693 5792 quém
2733 5720 2831 5776 tela
2880 5736 2976 5792 sua
3017 5721 3245 5774 \ibtavit
3282 5720 3541 5792 Faustus;

1970 5796 2065 5855 sed
2095 5796 2325 5855 Lucidus
2348 5836 2363 5865 ,
2406 5790 2595 5868 injuria
2642 5795 2695 5851 in
2737 5791 3059 5851 Luciferum.
3095 5792 3361 5848 hominem
3392 5790 3539 5858 iguo~
