4022 6168
441 381 539 437 115

1769 376 2019 434 RURlC"
2063 376 2365 433 EPiSCOPl

3605 380 3704 432 116

433 503 513 545 ter
539 504 591 546 et
617 492 806 545 amori.
854 491 1085 561 Ideoque
1133 491 1387 544 redeunte
1420 505 1583 558 puero
1609 501 1809 551 vestro,
1840 490 2007 543 reddo
2036 496 2082 550 Α
2115 502 2345 545 vestram
2407 490 2694 559 plurimum
2742 494 3085 562 sOSpitamus.
3143 493 3208 547 Et
3256 480 3378 564 quia
3414 494 3480 547 de
3521 509 3703 549 nostra

432 587 763 656 reciprocum
790 585 1157 654 sospitationis
1184 584 1449 647 ofﬁcium;
1482 591 1537 637 et
1564 592 1620 636 ut
1644 583 1711 637 dc
1742 593 2013 650 suscepto,

435 682 542 733 lien
572 677 825 747 propitio,
856 680 1033 733 ofﬁcio
1063 678 1426 732 indesinenter
1455 677 1699 746 cogitetis
1727 677 2013 732 admoneo.

429 774 560 839 Quia
594 773 734 827 Deus
766 789 873 826 non
904 772 1111 828 initium
1141 770 1266 825 boni
1297 771 1498 839 operis,
1522 769 1616 824 sed
1648 771 1805 823 ﬁnem
1833 769 2015 838 requi-

427 881 547 919 rere
576 864 971 931 comprobatur,
1001 863 1188 917 dicens
1210 881 1222 915 :
1247 861 1346 927 Qui
1373 861 1759 929 perseveraverit
1782 876 1935 929 usque
1960 860 2015 914 in.

426 959 579 1023 ﬁnem
601 997 618 1023 ,
664 957 746 1008 hic
789 956 958 1009 salvus
998 955 1092 1009 erit
1128 952 1346 1022 (Matth.
1376 968 1432 1017 x,
1460 952 1577 1019 εξ).
1618 952 1926 1019 Ρι-εῑειεὺίῐ,
1958 960 2017 1006 ut

426 1047 716 1109 credimus,
745 1044 1114 1101 misericordia
1138 1044 1325 1111 ipsius,
1352 1052 1409 1097 ut
1435 1042 1522 1113 qui
1547 1042 1839 1112 pmnitenili
1863 1041 2014 1097 vobis

424 1141 662 1192 animum
710 1139 973 1208 inspirare
1026 1137 1274 1207 dignatus
1323 1143 1447 1200 est,
1496 1136 1613 1202 ipse
1660 1134 1810 1189 vobis
1856 1142 1911 1189 et
1958 1134 2012 1187 in

424 1232 632 1298 agendo
660 1230 908 1283 virtutem
935 1269 951 1295 ,
1002 1235 1057 1282 et
1085 1230 1135 1282 in
1166 1226 1629 1281 consummatione
1674 1225 1882 1293 plenam
1913 1222 2012 1277 tri-

424 1320 555 1373 bnat
601 1334 699 1387 pro
746 1334 841 1373 sua
890 1319 1237 1373 miseratione
1285 1317 1655 1372 remissionem
1682 1356 1697 1380 ,
1743 1316 1831 1384 qui
1864 1314 2011 1369 solus

425 1416 602 1476 potest
643 1416 697 1462 et
737 1423 930 1463 sanare
974 1416 1223 1477 corrupta
1246 1449 1261 1471 ,
1294 1418 1349 1462 et
1378 1420 1630 1477 reparare
1667 1406 1928 1473 collapsa,
1958 1413 2013 1460 et

422 1497 603 1553 delere
647 1501 930 1553 commissa
956 1540 973 1565 ,
1020 1509 1076 1554 et
1104 1498 1305 1553 abdere
1345 1498 1613 1566 przrterita
1637 1536 1652 1560 ,
1687 1511 2012 1551 conservare

423 1591 728 1658 praesentia,
754 1598 810 1644 et
835 1590 1039 1645 donare
1064 1598 1309 1643 ventura.
1333 1588 1496 1642 Finit.

1005 1701 1222 1757 EPIST.
1262 1701 1421 1757 XLII.

715 1794 955 1848 Ruricius
981 1796 1049 1847 ad
1074 1794 1315 1848 damnum
1340 1793 1715 1848 Constantium.

2115 583 2351 652 dignaris
2397 597 2519 637 esse
2564 583 2735 637 salute
2778 584 3079 651 sollicitus,
3124 585 3283 653 juxta
3326 594 3448 638 vota
3492 585 3705 654 pietatis

2114 682 2308 729 vestra:
2338 687 2425 728 me
2466 674 2646 728 valere
2684 674 2929 743 signiﬁco
2950 714 2967 739 ,
3013 675 3282 745 simulque
3311 677 3579 747 deposco,
3610 681 3703 735 ubi

2115 775 2365 821 sanctum.
2387 765 2581 831 pascha
2615 765 2806 822 facturi
2848 767 2966 821 sitis
2990 807 3007 833 ,
3058 782 3145 822 me
3184 771 3585 827 recurrentibus
3619 773 3678 828 in

2113 854 2355 910 struatis.
2388 854 2551 908 Finit.

2693 966 2911 1022 EPIST.
2953 967 3113 1024 XLV.

2293 1055 2494 1110 Βατίεἱὶ
2528 1056 2751 1124 episcOpi
2779 1057 2848 1110 ad
2878 1059 3233 1128 presbyterum
3262 1060 3523 1122 Albinum.

2183 1144 2285 1201 Ubi
2313 1146 2380 1201 ad
2410 1162 2495 1202 me
2520 1148 2819 1202 communis
2864 1148 3039 1201 luctus
3070 1150 3242 1204 nuntii
3275 1166 3492 1208 rumore
3518 1170 3697 1224 perve.

2113 1236 2193 1290 nit
2218 1278 2234 1303 ,
2282 1240 2423 1308 quod
2458 1249 2635 1293 tamen
2666 1239 2893 1292 miratus
2922 1254 3042 1293 sum
3071 1280 3084 1303 ,
3117 1240 3259 1309 quod
3289 1257 3395 1297 non
3428 1246 3529 1301 hoc
3558 1254 3698 1316 prius

2113 1340 2175 1379 ex
2206 1327 2579 1395 germanitatis
2607 1338 2797 1381 vestrae
2826 1327 3085 1383 relatione
3107 1332 3357 1399 cognovi,
3378 1334 3491 1402 ipse
3514 1339 3579 1390 ad
3608 1354 3699 1396 vos

2114 1419 2464 1487 requirendos
2494 1420 2746 1475 continuo
2771 1419 3039 1475 venissem
3061 1461 3077 1483 .
3104 1421 3208 1475 nisi
3252 1438 3338 1479 me
3362 1424 3571 1482 dierum
3605 1429 3702 1484 bo-

2113 1526 2229 1563 rum
2277 1513 2574 1565 reverentia
2623 1511 2969 1565 retardasset.
3014 1510 3124 1566 llas
3155 1517 3465 1583 transmisi,
3508 1521 3700 1587 quibus

2112 1616 2293 1671 spero,
2327 1612 2386 1656 ut
2410 1617 2496 1656 me
2525 1612 2833 1656 excusatum
2867 1604 3065 1658 habere
3093 1605 3411 1673 dignemini,
3447 1619 3501 1663 et
3533 1614 3695 1667 ﬁliam

2114 1706 2347 1747 nostram
2375 1738 2389 1760 ,
2421 1710 2579 1763 quam
2623 1694 2783 1749 audio
2811 1708 2870 1749 se
2911 1697 3262 1751 vehementer
3305 1698 3546 1769 afﬂigere
3568 1743 3584 1767 ,
3631 1705 3697 1757 ad

2112 1788 2284 1839 vicem
2314 1802 2511 1851 meam,
2540 1796 2648 1839 tam
2688 1802 2753 1840 ex
2800 1787 3007 1843 ratione
3031 1804 3187 1852 quam
3217 1805 3280 1844 ex
3310 1802 3489 1847 vestra
3513 1805 3699 1851 aucto-

492 1885 567 1940 De
595 1885 803 1940 deliciis
835 1886 1160 1940 transmissis
1185 1884 1381 1954 gratias
1403 1900 1522 1954 ago,
1548 1894 1603 1939 et
1645 1894 1899 1954 quantum
1924 1884 2007 1938 in-
2037 1852 2083 1912 Β
2110 1877 2267 1932 ritate
2306 1876 2655 1931 consolemini
2681 1917 2699 1941 ,
2748 1877 2889 1947 quod
2922 1878 3180 1934 Dominus
3225 1892 3408 1937 noster
3446 1886 3513 1940 de
3541 1901 3698 1943 servo

419 1974 675 2037 dicastis,
724 1983 927 2035 tantum
977 1989 1065 2029 me
1110 1986 1457 2044 utrarumque
1497 1975 1674 2027 avium
1704 1974 2006 2042 suscepisse

418 2067 692 2138 s'gniﬁco;
734 2068 1003 2138 simulque
1041 2070 1200 2123 etiam
1246 2083 1342 2137 per
1374 2083 1569 2136 pueros
1598 2067 1763 2135 ipsos,
1792 2068 1885 2137 qui
1908 2083 2007 2122 no-

418 2159 502 2211 bis
532 2160 645 2211 ltazc
673 2158 981 2213 detulerunt
1006 2199 1023 2224 ,
1057 2169 1236 2229 tergus
1264 2174 1526 2228 aprunum
1559 2175 1644 2214 me
1676 2161 1861 2230 pietati
1887 2161 2005 2215 tua:

418 2249 596 2303 iudico
624 2250 1018 2316 transmisisse;
1060 2261 1114 2304 ut
1140 2254 1265 2304 dum
1292 2266 1389 2306 nos
1419 2251 1652 2306 volatilia
1682 2268 1799 2322 qua:
1832 2260 2005 2306 trans-

417 2338 607 2392 misisti
655 2338 988 2401 deliciamur,
1037 2348 1091 2392 tu
1138 2339 1330 2407 bipcile
1376 2340 1444 2395 de
1488 2341 1835 2411 quadrupede
1864 2342 2005 2397 facto

416 2429 648 2482 satiaris.
683 2429 847 2499 Cujus
880 2437 1055 2485 tamen
1088 2432 1230 2484 malo
1251 2446 1433 2497 carne,
1456 2447 1616 2501 quam
1643 2434 1749 2487 vita
1772 2433 2003 2501 capiaris

416 2520 540 2586 quia
568 2521 657 2591 qni
703 2536 918 2590 semper
944 2521 1013 2577 de
1060 2523 1409 2577 saecularibus
1450 2525 1683 2591 cogitat,
1726 2535 1780 2580 ct
1804 2524 2004 2595 iugiter

416 2620 629 2664 terrena
671 2612 982 2677 meditatur,
1038 2611 1159 2666 huic
1194 2611 1453 2666 animanli
1502 2612 1773 2681 Scriptura
1821 2614 2000 2668 divina

414 2703 608 2757 merito
659 2714 1025 2772 comparatur.
1076 2704 1211 2770 Quia
1259 2704 1327 2759 de
1389 2705 1637 2759 omnibus
1683 2706 2002 2761 animalibus

413 2796 562 2849 solus
594 2796 754 2851 homo
797 2798 1042 2852 sublimis
1070 2807 1281 2852 creatus
1319 2808 1421 2861 est,
1467 2806 1520 2851 et
1548 2797 1791 2859 etractus,
1817 2808 1875 2852 ut
1900 2814 2000 2851 au-

370 2876 373 2879 ’
412 2895 613 2939 ctorem
661 2902 813 2941 suum
863 2902 1077 2953 semper
1120 2890 1261 2943 caelo
1307 2891 1543 2944 intentus
1591 2891 1842 2958 aspiciat,
1891 2906 1997 2944 non

413 2976 682 3030 mundalia
707 2992 870 3045 Opera
912 2979 1031 3033 solo
1062 2979 1451 3033 incessabiliter
1493 2979 1701 3035 deﬁxus
1726 2990 1996 3037 exerceat.

989 3089 1203 3147 EPIST.
1247 3092 1430 3147 XLlil.

413 3180 493 3234 Ad
509 3180 749 3233 damnum
769 3183 1090 3236 Ambrosium
1109 3192 1135 3220 α
1148 3184 1442 3254 episcOpum
1458 3185 1695 3240 Ruricius
1707 3187 1991 3254 episcopus.
2020 3219 2067 3280 ο

482 3271 786 3337 ApOSIolica
837 3281 1095 3342 prmcepta
1134 3288 1232 3326 nos
1264 3288 1605 3328 commonent
1649 3288 1703 3328 ιιι
1743 3278 1994 3346 aquibus

412 3361 590 3416 divina
622 3363 964 3431 percipimus,
997 3364 1074 3417 eis
1103 3374 1313 3419 terrena
1345 3366 1696 3434 prmbeamus,
1723 3367 1866 3436 'quod
1896 3384 1994 3423 nos

412 3453 498 3507 vel
530 3454 582 3507 in
615 3453 713 3507 hac
739 3454 997 3508 duntaxat
1039 3464 1190 3525 parte
1219 3468 1530 3522 servantes,
1563 3472 1660 3524 pro
1690 3458 1993 3513 caelestibus

411 3545 606 3613 epulis,
637 3546 955 3614 quas-nobis
984 3556 1038 3602 et
1064 3560 1315 3601 sermone
1346 3548 1465 3601 vivo
1484 3591 1499 3614 ,
1531 3556 1586 3602 et
1631 3557 1837 3617 patrum
1889 3559 1995 3603 tra-

412 3636 646 3691 ctatibus
673 3637 1008 3703 ministratis,
1037 3639 1299 3708 legumina
1330 3641 1532 3693 marina
1579 3642 1989 3695 transmisimus.

412 3727 517 3782 Per
554 3728 669 3783 haec
716 3731 787 3784 nil
839 3744 937 3784 nos
986 3731 1183 3786 habere
1229 3733 1502 3799 proprium
1547 3734 1991 3801 comprobantes;

412 3819 674 3888 siquidem
700 3828 755 3875 et
778 3834 807 3873 a
831 3821 1029 3875 divinis
1057 3820 1211 3875 bonis
1239 3836 1443 3887 sumus,
1474 3838 1591 3888 quae
1617 3838 1709 3877 vos
1742 3824 1992 3889 tribuitis,

413 3910 717 3979 peregrini,
763 3919 818 3963 et
864 3924 961 3964 nos
1009 3911 1287 3981 peregrina
1330 3913 1760 3967 transmittimus.
1816 3915 1993 3982 Itaque

413 4004 534 4069 quia
563 4017 662 4057 nos
691 4017 719 4057 a
751 4005 968 4058 marinis
999 4005 1309 4060 cwlestibus
1350 4006 1613 4069 exsulare,
1646 4017 1697 4059 et
1728 4007 1855 4060 solis
1887 4016 1992 4061 ter-

413 4094 560 4150 renis
587 4095 803 4151 sedibus
834 4096 1089 4152 incubare
1118 4099 1507 4166 cognoscimus,
1536 4114 1566 4151 a
1593 4098 1745 4151 vobis
1779 4101 1993 4167 specia-

413 4182 516 4240 lius
547 4189 893 4255 postulamus,
923 4197 982 4241 ut
1009 4188 1123 4242 haec
1152 4190 1321 4241 aliena
1353 4203 1382 4240 a
1422 4188 1574 4241 nobis
1596 4187 1825 4244 libenter
1851 4191 1991 4244 acci-

414 4293 543 4345 pere
566 4319 582 4342 ,
630 4288 685 4334 et
733 4288 908 4332 vestra
941 4280 1096 4332 nobis
1137 4278 1424 4348 dignemini
1457 4279 1760 4346 frequenter
1787 4279 1992 4348 impen-

414 4367 563 4422 dere.
593 4368 726 4423 lllnd
754 4370 821 4423 sit
848 4368 1146 4425 affectionis
1170 4410 1187 4437 ,
1230 4370 1331 4424 hoc
1372 4370 1686 4436 ministerii;
1727 4371 1855 4426 illud
1889 4372 1988 4426 do-

411 4459 599 4514 ctrina:
626 4472 929 4529 praestatur,
961 4463 1061 4517 hoc
1089 4463 1292 4531 gratiae.

978 4575 1189 4631 EPIST.
1240 4575 1423 4630 XLIV.

630 4660 711 4714 Ad
733 4661 974 4715 damnum
1002 4663 1284 4734 Hispanum
1312 4664 1510 4720 Ruricii
1538 4666 1779 4735 episcopi.

480 4753 596 4822 Ago
618 4754 812 4821 gratias
831 4752 975 4822 quod
1000 4755 1125 4807 dum
1148 4755 1301 4808 nobis
1321 4756 1457 4811 dona
1484 4758 1719 4824 nomine,
1740 4773 1798 4813 re
1823 4759 1990 4827 spolia

414 4845 772 4898 transmittitis
797 4885 813 4909 ,
857 4845 1111 4911 pietatem
1143 4853 1372 4898 vestram
1405 4862 1527 4916 erga
1562 4864 1647 4903 me
1689 4850 1987 4904 sincerissi-

412 4950 554 4990 mam
598 4936 999 5002 comprobatis,
1052 4952 1155 5007 qua
1199 4952 1299 4990 nos
1337 4940 1566 5007 amplius
1590 4957 1748 5010 quam
1781 4943 1988 4999 deliciis

410 5025 757 5080 delectamur.
802 5026 1075 5096 Siquidem
1123 5027 1247 5082 inde
1293 5029 1521 5084 esuriem
1566 5033 1804 5099 corporis
1833 5047 1985 5087 com-

408 5133 723 5188 pescemus,
777 5117 900 5173 hinc
946 5120 1126 5174 cordis
1171 5138 1184 5173 :
1228 5120 1353 5177 inde
1402 5122 1573 5177 ventri
1617 5124 1979 5180 transitorium

409 5211 731 5280 porrigitnus
790 5220 999 5279 pastum
1043 5230 1056 5263 :
1101 5212 1224 5266 hinc
1268 5228 1395 5267 vero
1449 5213 1627 5268 animo
1674 5230 1982 5270 mansurum

412 5302 712 5368 praebemus
756 5300 1029 5355 allectum.
1061 5302 1290 5357 Proinde
1318 5312 1424 5357 tam
1464 5304 1632 5357 amori
1675 5319 1831 5373 quam
1870 5320 1987 5359 mu-

410 5392 526 5446 neri
555 5402 735 5448 vestro
776 5392 973 5462 gratias
999 5402 1379 5459 repensantes,
1414 5393 1705 5464 reciprocis
1737 5399 1983 5462 pietatem

409 5519 521 5562 tum
547 5551 564 5577 ,
616 5520 1025 5565 transmutatus.
1054 5511 1109 5565 '5'
1134 5509 1379 5578 Denique
1415 5509 1712 5564 Arelatensi
1742 5510 1983 5574 concilio,

406 5580 496 5634 cui
544 5582 753 5647 praefuit
800 5582 1084 5643 Leontius,
1129 5580 1485 5649 subscripsit;
1536 5580 1768 5633 abfuisse
1808 5591 1988 5633 autem

408 5650 619 5721 videtur
645 5667 673 5704 a
701 5652 925 5706 concilio
957 5651 1293 5721 Lngilunensi
1320 5693 1335 5716 ,
1386 5649 1526 5718 quod
1561 5651 1771 5703 unicum
1805 5658 1988 5703 tamen

408 5720 609 5774 indicat
634 5725 858 5773 Savaro.
902 5720 1287 5776 CumLeontio
1321 5720 1623 5775 Arelatensi
1673 5735 1778 5771 non
1830 5721 1990 5773 modo

409 5791 670 5859 tqiscopis
702 5789 987 5846 Gallicanis
1047 5792 1139 5845 sed
1173 5792 1333 5847 ctiam
1371 5791 1571 5847 llilario
1608 5791 1845 5859 pontiﬁci
1879 5789 1988 5845 fre-

2108 1981 2227 2032 suo,
2270 1976 2328 2023 et
2368 1966 2580 2036 quando
2614 1968 2804 2034 voluit,
2836 1976 2891 2023 et
2915 1969 3057 2037 quod
3086 1971 3274 2036 voluit,
3304 1971 3451 2029 fecit.
3480 1974 3547 2029 Et
3577 1978 3697 2032 ideo

2107 2071 2293 2136 (ιοιιψι
2326 2061 2654 2114 voluntatem
2689 2060 2897 2115 Domini
2928 2063 3112 2117 venire
3144 2062 3431 2131 videbitur,
3458 2072 3543 2121 cui
3584 2070 3696 2125 dis-

2106 2156 2270 2225 plicet
2301 2154 2479 2208 divina
2509 2152 3025 2224 praceptiozutique
3051 2154 3227 2209 divina
3253 2172 3268 2221 ;
3308 2159 3434 2227 quia
3462 2160 3694 2216 animam

2108 2253 2344 2298 nostram
2393 2242 2483 2296 ille
2527 2243 2705 2311 solus,
2733 2257 2855 2297 cum
2885 2243 3136 2313 voluerit,
3164 2261 3229 2300 ex
3258 2261 3485 2318 corpore
3516 2260 3693 2318 potest

2105 2335 2357 2402 educere,
2386 2335 2477 2403 qui
2508 2334 2643 2389 fudit
2670 2334 2724 2390 in
2768 2350 3016 2404 corpore.
3059 2338 3126 2392 Et
3157 2337 3360 2393 idcirco
3392 2340 3569 2397 luctus
3595 2343 3695 2399 iste

2105 2430 2339 2493 nimius,
2387 2430 2475 2498 qui
2512 2428 2724 2482 videtur
2766 2442 2885 2483 esse
2929 2430 3161 2497 pietatis,
3203 2431 3371 2501 magis
3397 2447 3462 2487 ex
3490 2432 3689 2493 diaboli

2103 2522 2331 2577 consilio
2372 2536 2529 2591 quam
2562 2536 2628 2575 ex
2674 2520 2870 2589 pietate
2898 2520 3220 2585 descendit;
3263 2532 3321 2576 ut
3367 2538 3488 2579 cum
3537 2526 3691 2582 dolor

2103 2613 2483 2668 consolationis
2506 2611 2788 2680 impatiens
2813 2611 3047 2680 querelis
3072 2613 3178 2667 suis
3217 2611 3378 2669 Deum
3408 2616 3690 2684 impietatis

2103 2701 2410 2769 exprobrat,
2423 2701 2513 2769 qui
2539 2699 2999 2768 praemisitl‘tlium
3023 2716 3117 2770 per
3133 2701 3419 2756 humanam
3433 2705 3694 2761 conditio—

2103 2809 2261 2858 nem,
2299 2809 2396 2863 per
2440 2793 2864 2847 incredulitatem
2914 2794 3146 2847 animam
3188 2794 3398 2864 perdat.
3435 2795 3689 2867 Plangaut

2102 2884 2294 2939 mortui
2333 2894 2573 2938 mortuos
2615 2899 2772 2950 suos,
2810 2898 2946 2953 quos
2985 2897 3384 2943 resurrecturos
3420 2904 3542 2943 esse
3582 2904 3687 2944 non

2100 2974 2363 3041 credunt,
2402 2976 2492 3044 qui
2541 2975 2771 3028 animam
2807 2990 2925 3028 cum
2966 2989 3126 3030 carne
3152 2979 3417 3031 :rstimant
3446 2980 3686 3047 interire,

2098 3065 2292 3137 quibus
2314 3066 2454 3121 nulla
2480 3067 2547 3121 de
2575 3066 2900 3120 beatitudine
2926 3068 3140 3130 anima,
3176 3068 3318 3121 nulla
3348 3068 3415 3123 de
3444 3072 3686 3139 corporis

2101 3159 2488 3214 restanratione
2537 3157 2726 3213 ﬁducia
2760 3166 2861 3214 est.
2885 3157 2990 3211 Nos
3026 3172 3179 3223 vero,
3208 3160 3299 3228 qui
3329 3173 3479 3228 spem
3509 3173 3686 3215 resur-

2100 3251 2352 3305 rectionis
2400 3250 2658 3303 habemus
2703 3251 2755 3303 in
2797 3250 3032 3325 Christo,
3063 3249 3154 3319 qui
3193 3250 3400 3303 animas
3445 3261 3685 3315 nostras,

2092 3345 2241 3411 juxta
2284 3341 2716 3410 pollicitationem
2768 3342 2936 3409 ipsius
2976 3341 3223 3405 Domini,
3272 3341 3325 3395 in
3375 3351 3682 3397 sanctorum

2098 3433 2293 3487 ﬁnibus
2334 3434 2600 3487 credimus
2644 3434 2925 3499 collocari;
2971 3434 3037 3487 ad
3089 3435 3258 3502 ipsum
3300 3450 3398 3488 nos
3437 3436 3601 3490 corde
3629 3447 3685 3491 et

2097 3527 2427 3581 orationibus
2478 3528 2853 3593 conferamus;
2895 3538 2947 3581 et
2989 3528 3343 3582 consolationi
3400 3528 3467 3584 de
3515 3530 3681 3599 ipsius

2098 3617 2451 3685 promissione
2488 3617 2793 3686 capiamus,
2836 3616 2979 3686 quod
3010 3615 3291 3671 credentes
3322 3619 3372 3672 in
3403 3633 3462 3673 se
3495 3632 3677 3675 secum

2094 3709 2282 3764 vivere
2321 3709 2495 3763 faciat.
2538 3708 2646 3763 Nec
2671 3709 2809 3762 ullus
2833 3707 2972 3777 apud
3000 3722 3120 3762 eum
3151 3708 3251 3763 nisi
3279 3709 3508 3764 inﬁdelis
3535 3724 3677 3764 mor-

2097 3809 2221 3853 tuus
2257 3800 2544 3868 judicetur.
2580 3799 2645 3852 Et
2680 3799 2749 3852 ita
2782 3798 3024 3867 planctus
3061 3808 3310 3864 nostros,
3351 3802 3489 3854 sicut
3528 3800 3678 3856 Scri-

2095 3908 2247 3960 p'ura
2284 3906 2382 3945 nos
2422 3891 2647 3957 edocet,
2697 3899 3088 3960 temperemus,
3126 3891 3347 3945 dicens:
3381 3889 3571 3945 Luctus
3589 3908 3675 3945 sa-

2095 3983 2276 4051 pim!is
2324 3992 2512 4051 septem
2560 3981 2768 4046 diebus,
2814 3981 2961 4049 impii
2998 3996 3116 4035 vero
3172 3997 3343 4035 omnes
3399 3980 3512 4034 dies
3564 3983 3677 4034 via:

2091 4091 2201 4128 suae
2232 4075 2251 4143 (
2281 4074 2439 4127 Eccli.
2470 4089 2602 4141 xxtt,
2635 4075 2701 4128 15
2722 4073 2763 4145 ).
2804 4073 2955 4129 Sicut
2982 4075 3179 4127 scimus
3220 4073 3367 4128 illum
3410 4082 3676 4128 mortuum

2092 4182 2339 4235 corpore,
2365 4168 2540 4219 anima
2568 4180 2698 4220 vero
2736 4181 2832 4233 pro
2864 4166 3163 4220 innocentia
3194 4179 3287 4220 sua
3324 4165 3434 4219 Deo
3460 4169 3673 4231 vivere;

2093 4258 2164 4312 ita
2197 4274 2294 4313 nos
2326 4258 2567 4313 viventes
2596 4272 2846 4327 corpore,
2871 4262 3033 4313 corde
3063 4258 3371 4312 moriamur.
3400 4258 3561 4312 Finit.

2662 4390 2875 4445 EPIST.
2917 4389 3101 4444 XLVI.

2410 4483 2607 4539 Ruricii
2638 4484 2860 4554 episcopi
2886 4484 2956 4537 ad
2992 4483 3352 4539 Taurencium.

2018 4588 2073 4648 ι)
2166 4574 2280 4644 Ago
2304 4575 2501 4644 gratias
2531 4573 2941 4643 promptissima;
2970 4572 3023 4627 in
3050 4573 3279 4627 Domino
3298 4573 3590 4639 devotioni,
3619 4585 3674 4629 et

2095 4667 2470 4722 sincerissima:
2516 4681 2636 4734 erga
2670 4681 2754 4720 me
2787 4665 2993 4719 caritati
3031 4675 3259 4731 vestrae,
3310 4680 3428 4734 quae
3478 4666 3673 4725 divinas

2095 4757 2347 4812 bonitatis
2378 4758 2655 4821 imitatrix,
2688 4756 2737 4810 id
2762 4757 2903 4824 quod
2936 4770 3020 4810 me
3050 4755 3151 4809 sibi
3184 4757 3444 4826 prospicit
3471 4757 3673 4824 suppli-

2090 4848 2659 4917 candum,priusqttam
2690 4858 2930 4915 rogetur,
2950 4853 3005 4901 et
3026 4856 3266 4899 nostrum
3296 4860 3673 4915 praeoccupare

2089 4938 2457 4993 benevolentia
2489 4952 2580 4990 sua
2625 4937 2841 4991 festinat
2883 4936 3150 4998 ofﬁcium;
3194 4936 3318 4990 dum
3351 4953 3454 4990 non
3496 4938 3670 4992 solum

2086 5029 2377 5095 custodire,
2401 5042 2585 5082 verum
2608 5026 2768 5081 etiam
2792 5042 2985 5096 augere
3008 5016 3057 5080 in
3082 5027 3237 5080 istum
3261 5027 3360 5081 sibi
3380 5028 3543 5096 gessit
3570 5027 3672 5101 [in-

2088 5119 2260 5193 gessit]
2286 5120 2557 5183 aﬁectum,
2586 5134 2743 5189 quem
2792 5119 2992 5174 idcirco
3026 5120 3298 5175 beneﬁciis
3330 5120 3672 5188 anticipando

2090 5213 2323 5267 lzetiﬁcat
2345 5251 2361 5277 ,
2391 5212 2510 5280 quia
2543 5210 2608 5265 ad
2650 5211 2919 5266 modicum
2948 5210 3268 5264 contristare
3298 5210 3572 5264 formidat.
3605 5210 3672 5264 Et

2092 5304 2214 5359 ideo
2242 5301 2444 5356 mavult
2468 5301 2663 5357 offerre
2696 5302 2893 5356 tacenti
2938 5303 3186 5371 gratiam,
3216 5316 3374 5368 quam
3414 5310 3672 5369 prtestare

2094 5395 2332 5465 poscenti
2355 5411 2369 5449 :
2392 5396 2568 5450 sciens
2598 5394 2782 5464 procul
2810 5393 2993 5458 dubio,
3017 5394 3139 5463 plus
3169 5408 3290 5449 esse
3313 5394 3364 5447 in
3396 5407 3462 5447 eo
3488 5392 3669 5449 meriti

2091 5523 2262 5579 quens
2306 5507 2407 5562 fuit
2450 5508 2776 5579 litterarum_
2796 5508 3203 5561 commercium.
3254 5505 3531 5561 Habentur
3566 5506 3672 5561 illze

2090 5577 2331 5649 epistolae
2350 5579 2556 5634 Concil.
2587 5579 2623 5649 lg.
2652 5577 2906 5649 tv.B.\ss.

2162 5659 2189 5687 ³
2212 5650 2287 5705 De
2333 5664 2399 5702 eo
2428 5647 2680 5704 Sidonius
2726 5648 2764 5701 l.
2807 5662 2884 5714 tx,
2910 5661 2997 5715 ep.
3031 5645 3082 5701 6.
3116 5646 3430 5715 Suspicatnr
3468 5645 3671 5699 Savaro

2092 5720 2257 5774 fuisse
2305 5718 2451 5774 illum
2497 5718 2863 5775 Senonensem
2911 5719 3220 5787 episcopum
3281 5715 3367 5771 cui
3411 5715 3669 5771 successit

2093 5790 2374 5855 Agrmtius.
2402 5788 2558 5843 Bass.
