4022 6168
301 313 413 367 H7

1564 309 2057 367 EPISTOLARUM
2097 310 2228 366 LIB.
2266 310 2330 367 ll.

3484 328 3586 384 ΗΒ

301 425 449 491 quod
498 430 793 489 spontaneo
858 419 1195 489 benignitate.
1227 418 1494 483 defertur,
1541 434 1697 488 quam
1745 420 1887 488 quod
1919 424 1970 481 Α
1999 423 2240 475 morietur
2264 422 2467 493 recipiet
2496 424 2695 489 omnia,
2724 440 2880 491 neque
2909 429 3064 482 simul
3089 430 3354 486 descendet
3379 449 3493 486 cum
3520 451 3581 489 ρο

300 512 561 580 precibus
588 509 912 578 indulgetur.
936 507 1210 577 Siquidem
1241 508 1432 563 horum
1465 523 1627 563 unttm
1659 524 1765 563 non
1796 510 1898 563 nisi

304 604 639 657 necessitate
684 600 844 655 datur
905 600 1335 661 necessitudini;
1394 599 1536 652 aliud
1581 613 1712 653 vero
1757 614 1900 667 stupe

302 694 470 747 etiam
503 692 803 760 precatoris
836 690 1039 745 sedulae
1065 690 1354 745 dimittitur
1393 690 1718 758 improbitati
1746 690 1897 757 (Luc.

302 800 385 847 si,
406 786 485 851 8).
504 784 658 839 Unde
670 783 817 837 salve
834 782 1168 851 reciprocum
1182 781 1466 847 dicens,de
1479 782 1689 850 pietatis
1706 792 1900 837 vestrae

302 877 675 941 promissione
739 888 997 939 securus,
1066 873 1292 940 puellam
1366 883 1601 927 vestram
1673 874 1725 927 in
1786 887 1899 927 rem

300 966 538 1019 directis
583 966 762 1034 pueris
813 966 1044 1028 vestris,
1088 965 1437 1034 consignasse
1476 964 1720 1033 signiﬁco
1755 983 1767 1018 :
1811 966 1900 1020 cui

299 1059 531 1113 conﬁdo
585 1059 727 1129 quod
788 1059 933 1129 juxta
986 1058 1425 1126 pollicitationem
1469 1069 1740 1125 vestram,
1793 1074 1900 1111 non

301 1153 491 1205 solum
526 1152 736 1207 veniam
763 1192 778 1214 ,
824 1151 919 1207 sed
943 1151 1106 1206 etiam
1134 1152 1364 1221 gratiam
1396 1164 1496 1219 pro
1521 1158 1701 1205 nostra
1730 1151 1900 1206 inter-

298 1242 560 1296 cessione
587 1241 854 1297 tribuatis.

878 1372 1094 1429 EPIST.
1135 1373 1342 1427 XLVII.

462 1485 710 1539 Ruricius
748 1486 955 1540 domino
985 1486 1257 1540 venerabili
1288 1488 1437 1557 fratri
1469 1496 1495 1524 ι
1523 1486 1736 1543 Joanni.

382 1598 413 1637 ι»
446 1599 639 1653 Manus
664 1601 966 1655 communis
993 1610 1294 1670 susceptus,
1325 1602 1465 1671 quod
1496 1603 1794 1658 voluntarie
1820 1607 1897 1657 la-

305 1706 441 1745 cere
467 1691 759 1758 debuerat,
790 1692 917 1746 fecit
946 1707 1086 1747 nunc
1115 1695 1432 1747 necessitate
1472 1694 1777 1763 compulsus
1796 1734 1810 1758 ,
1840 1702 1899 1747 ut

305 1781 382 1834 ad
410 1782 813 1835 venerationem
842 1788 983 1836 tuam
1028 1782 1489 1837 commendatitias
1518 1783 1809 1851 ﬂagitaret,
1840 1794 1893 1838 et
1926 1789 1969 1847 Β

307 1884 377 1924 se
417 1871 605 1940 gratia:
637 1880 771 1935 tute,
816 1872 917 1925 etsi
964 1881 1182 1941 propter
1222 1872 1597 1943 negligentiam
1642 1888 1792 1928 suam
1834 1875 1902 1929 de

312 1960 599 2030 prmterito
628 1961 898 2030 ingratus,
930 1976 1025 2031 per
1052 1962 1463 2019 insinuationem
1496 1974 1731 2019 nostram
1764 1980 1905 2020 nunc

312 2063 505 2106 tamen
541 2053 922 2122 gratificandus
966 2054 1250 2123 ingereret.
1295 2055 1458 2125 Cujus
1499 2057 1738 2119 petitioni
1784 2057 1904 2113 ideo

313 2145 624 2213 promptius
653 2146 891 2214 acquievi
913 2186 927 2210 ,
958 2146 1075 2216 quia
1109 2147 1345 2212 credidi,
1384 2149 1523 2203 sicut
1566 2160 1620 2204 et
1662 2150 1901 2216 conﬁdo,

310 2249 419 2289 vos
462 2237 711 2305 petitioni
758 2252 890 2292 mea:
933 2237 1164 2292 libenter
1202 2253 1458 2294 annuere.
1508 2240 1660 2295 Unde
1705 2242 1906 2295 saluta-

314 2327 468 2380 tione
495 2326 729 2395 depcnsa
761 2342 920 2396 spero
940 2368 956 2394 ,
986 2335 1043 2381 ut
1074 2330 1244 2398 ipsum
1273 2344 1372 2399 pro
1400 2330 1786 2387 intercessione
1808 2346 1906 2386 no-

311 2427 433 2470 stra
464 2418 707 2487 recipere
746 2420 878 2473 tanti
911 2419 1175 2474 habeatis.
1220 2422 1287 2475 Et
1318 2423 1438 2491 quia
1467 2424 1601 2489 hoc,
1639 2424 1780 2494 quod
1810 2425 1905 2480 de-

313 2507 469 2572 buit,
516 2508 779 2572 reddidit,
823 2525 1009 2565 usuras
1042 2511 1119 2563 illi
1145 2511 1439 2565 solidorum
1480 2512 1751 2580 ipsorum,
1798 2529 1903 2569 non

315 2608 531 2652 tantum
563 2614 660 2667 pro
706 2601 953 2668 precibus
999 2601 1223 2666 nostris,
1273 2612 1529 2671 quantum
1578 2619 1673 2671 pro
1712 2605 1905 2660 divinis

318 2692 606 2759 praeceptis
643 2690 848 2745 donare
890 2691 1146 2760 digneris.
1178 2691 1328 2757 Quod
1362 2708 1457 2761 pro
1496 2696 1905 2750 conversatione

314 2792 526 2847 vestra,
553 2798 656 2851 qua
680 2797 795 2847 vos,
822 2783 933 2837 Deo
955 2783 1204 2851 pr0pitio,
1233 2797 1329 2851 per
1349 2784 1463 2837 dies
1486 2785 1723 2853 singulos
1745 2786 1905 2841 audio

316 2874 621 2942 proﬁcere,
674 2874 792 2928 sine
818 2874 1153 2929 dubitatione
1183 2878 1468 2944 prmstetis.
1500 2877 1635 2941 Quia
1665 2877 1780 2943 ipse
1810 2893 1906 2931 no-

315 2965 443 3029 sris,
474 2964 614 3033 quod
647 2964 737 3018 ille
761 2979 983 3033 regnum
1008 2965 1102 3019 Dei
1127 2964 1309 3020 laetitia
1331 2975 1386 3019 et
1411 2966 1763 3034 gratulatione
1783 2982 1905 3036 per-

314 3054 521 3121 cipiet,
565 3062 619 3108 et
658 3055 711 3108 in
756 3063 992 3108 montem
1021 3055 1229 3109 Domini
1270 3055 1592 3125 gloriﬁcatus
1620 3057 1900 3121 ascendet.

2002 511 2165 581 gloria
2188 512 2368 565 domus
2393 516 2503 581 eius
2527 511 2644 583 (Ps.
2668 530 2854 581 XLVIII,
2876 517 2989 586 l7).
3016 519 3081 573 Et
3103 519 3292 574 iterum
3316 519 3581 576 :Dormie-

2002 610 2120 653 runt
2146 618 2381 655 somnum
2408 618 2586 662 suum.
2615 614 2661 656 et
2690 605 2821 658 nihil
2844 607 3134 660 invenerunt
3170 626 3342 664 omnes
3376 611 3583 665 divitia-

2000 709 2115 746 rum
2144 694 2371 748 manibus
2394 696 2499 748 suis
2525 694 2640 763 (Ps.
2666 711 2825 760 Lxxv,
2851 697 2929 764 6).
2960 698 3059 765 Qui
3087 701 3129 754 si
3160 700 3372 771 benigni
3402 713 3581 758 essent

2000 788 2193 840 anima:
2212 801 2341 850 sure,
2368 787 2440 840 illi
2467 788 2641 855 potius
2670 788 2803 842 bona
2826 804 2919 843 sua
2946 790 3246 855 crederent,
3274 793 3361 861 qui
3383 803 3438 848 et
3464 794 3579 847 ido-

2003 894 2135 934 neus
2165 879 2447 949 ﬁdejussor
2476 889 2555 935 est
2587 893 2877 949 pauperum
2896 922 2911 947 ,
2956 895 3008 936 et
3039 883 3368 950 largissimus
3398 885 3577 939 reddi-

2003 978 2087 1023 tor
2108 985 2409 1024 usurarum.
2436 970 2551 1024 Non
2578 985 2705 1040 ergo
2726 971 2948 1040 cupidus
2970 973 3062 1035 sis,
3096 973 3260 1028 frater
3277 974 3578 1040 carissime,

2003 1076 2144 1116 nunc
2180 1062 2422 1129 recipere
2453 1062 2505 1115 in
2534 1060 2730 1131 duplo;
2771 1062 2912 1130 quod
2962 1064 3220 1118 Dominus
3250 1065 3580 1119 redditurum

2002 1165 2062 1205 se
2093 1151 2186 1205 tibi
2208 1151 2468 1220 promittit
2496 1152 2548 1204 in
2579 1152 2907 1221 centuplum,
2940 1155 3079 1207 unde
3124 1170 3222 1210 nec
3249 1170 3281 1208 a
3320 1156 3457 1209 tinea
3488 1170 3583 1221 po-

2002 1242 2131 1296 teris
2155 1243 2531 1311 pertimescere
2556 1242 2953 1309 exterminium,
2973 1258 3074 1299 nec
3094 1259 3125 1298 a
3148 1244 3266 1299 iure
3289 1245 3582 1300 formidare

2001 1332 2337 1401 dispendium
2368 1332 2579 1402 (Matth.
2608 1344 2720 1399 xix,
2750 1332 2866 1402 29).
2900 1334 3033 1401 Quia
3059 1334 3172 1404 ipse
3202 1335 3458 1389 Dominus
3488 1352 3584 1388 uo-

2002 1432 2113 1478 ster
2138 1438 2419 1480 munerum
2448 1435 2664 1477 suorum
2687 1433 2740 1478 et
2763 1424 2981 1493 largitor
3001 1433 3056 1479 et
3074 1434 3257 1478 custos
3283 1436 3387 1480 est.
3418 1424 3579 1479 Finit.

2549 1534 2766 1589 EPIST.
2806 1534 3037 1589 XLVIII.

2185 1627 2487 1696 Aprunculo
2520 1636 2542 1664 ο
2574 1628 2811 1695 episcopo
2848 1626 3087 1680 Ruricius
3115 1627 3397 1698 episcOpus.‘

2072 1738 2261 1810 Exegit
2300 1740 2467 1794 mutui
2508 1740 2705 1794 amoris
2743 1741 2971 1795 all'ectus
3000 1741 3064 1795 ad
3096 1742 3421 1797 individuam
3451 1746 3578 1798 mihi

2008 1830 2346 1885 sanctitatem
2374 1840 2607 1885 vestram
2638 1831 2750 1885 sola
2779 1846 2845 1886 ex
2874 1846 3031 1887 causa
3058 1832 3261 1887 litteras
3288 1835 3581 1900 destinare,

2006 1919 2213 1974 etiamsi
2254 1934 2359 1975 non
2391 1935 2451 1975 se
2480 1923 2689 1976 occasio
2724 1932 3022 1991 opportuna
3061 1925 3377 1991 porrexerit.
3434 1926 3584 1982 Unde

2006 2025 2102 2077 per
2142 2011 2411 2065 hominem
2459 2011 2552 2066 ﬁlii
2583 2012 2687 2066 mei
2728 2012 2932 2067 Leontii
2982 2014 3078 2068 has
3119 2015 3184 2069 ad
3229 2014 3584 2085 apostolatum

2004 2108 2243 2155 vestrum
2267 2100 2411 2166 dedi,
2443 2101 2636 2170 quibus
2664 2104 3014 2171 sospitatione
3045 2106 3297 2174 prmlata,
3326 2122 3484 2176 quam
3516 2125 3585 2164 ex

2006 2192 2304 2257 sententia,
2338 2191 2449 2247 Deo
2486 2194 2720 2257 favente,
2755 2195 3011 2265 valeatis,
3052 2199 3283 2267 inquiro.
3313 2200 3447 2265 Quia
3487 2201 3587 2270 ipsi
3644 2244 3649 2249 .

2006 2282 2177 2337 nostis
2199 2282 2620 2339 incolumitatem
2642 2294 2874 2341 vestram
2902 2294 3140 2340 nostram
3165 2302 3284 2341 esse
3312 2288 3583 2357 laetitiam;

2004 2388 2228 2443 sperans
2251 2383 2330 2441 ut,
2364 2373 2619 2430 redeunte
2642 2378 2885 2445 praefato,
2918 2394 3015 2432 nos
3042 2379 3280 2433 reddatis
3300 2379 3365 2433 de
3390 2382 3584 2437 vestris

2004 2465 2232 2532 actibus,
2259 2466 2487 2535 propitia
2510 2466 2815 2535 Divinitate,
2838 2484 3080 2539 securos,
3102 2484 3238 2539 quos
3259 2472 3447 2527 videt's
3466 2488 3585 2530 esse

2004 2556 2071 2611 de
2100 2557 2453 2628 prosperitate
2480 2559 2759 2615 sollicitos.

2578 2671 2790 2727 EPIST.
2833 2673 3019 2729 XLIX.

2247 2760 2487 2814 Ruricius
2514 2762 2780 2831 episcopus
2810 2762 3076 2820 Ceraunia!
3103 2768 3341 2822 salutem.

2077 2849 2154 2905 De
2192 2850 2590 2919 sincerissima,
2636 2869 2737 2923 qua
2776 2869 2878 2909 nos
2918 2872 3012 2924 pro
3051 2857 3375 2928 benignitate
3416 2861 3584 2917 animi

2007 2943 2114 3006 tui,
2146 2956 2251 2996 non
2281 2956 2377 3011 pro
2403 2943 2598 2997 nostris
2628 2944 2833 2998 meritis
2853 2946 3089 3015 dignaris
3116 2950 3361 3005 excolere
3389 2952 3442 3003 in
3470 2950 3573 3007 Do-

2005 3033 2171 3099 mino,
2219 3033 2438 3088 caritate
2475 3033 2783 3100 conﬁdens,
2814 3050 3035 3091 securus
3062 3038 3157 3092 bas
3183 3039 3247 3093 ad
3278 3041 3581 3097 veneratio-

314 3147 414 3214 (μή
457 3148 700 3215 pecunia}
738 3162 847 3201 sum
890 3162 1105 3201 usuram
1146 3163 1254 3200 mm
1285 3148 1336 3201 in
1369 3149 1615 3217 pmsemi
1647 3149 1843 3203 “culo
1870 3165 1900 3203 a
1928 3151 1975 3215 ο
2007 3141 2128 3179 nem
2168 3134 2308 3217 tuam
2353 3125 2560 3217 direxi,
2596 3126 2788 3195 quibus
2832 3128 2884 3181 in
2920 3128 3141 3184 Domino
3167 3145 3230 3184 ac
3259 3130 3368 3185 Deo
3394 3143 3582 3209 nostro

315 3239 570 3307 proximo
596 3251 694 3292 suo
713 3239 1096 3307 exegerit,‘sed
1121 3253 1150 3291 a
1180 3238 1404 3291 Domino
1425 3240 1812 3305 exSpectaverit
1840 3240 1893 3294 in

316 3329 536 3392 luturo;
578 3342 679 3382 nec
708 3342 804 3396 per
830 3328 1013 3382 dolosa
1044 3328 1301 3383 beneﬁcia
1344 3330 1564 3397 laqueos
1605 3330 1894 3384 laboranti-

313 3418 423 3472 bus
452 3416 622 3486 injicit
653 3417 1016 3472 insolubiliutn
1046 3418 1343 3473 debitorum
1366 3459 1382 3484 ,
1415 3418 1507 3473 sed
1537 3418 1679 3472 illius
1707 3430 1791 3474 est
1822 3420 1897 3475 fe-

314 3517 541 3562 nerator
566 3517 623 3563 et
650 3508 906 3581 creditor,
934 3510 1023 3579 qui
1053 3509 1217 3564 dicit:
1245 3511 1387 3573 date,
1410 3520 1463 3566 et
1484 3510 1696 3565 dabitur
1722 3512 1893 3579 vobis,

317 3610 378 3653 et
415 3614 521 3668 qua
546 3614 793 3653 mensura
824 3601 999 3654 mensi
1030 3600 1265 3667 fueritis,
1296 3617 1359 3656 ea
1389 3603 1697 3657 remetiatur
1723 3603 1895 3657 vobis.

317 3687 562 3743 luﬁdelis
603 3689 784 3758 utique
829 3700 882 3743 et
927 3690 1140 3758 iniquus
1186 3701 1268 3745 est
1313 3692 1471 3746 etiam
1502 3691 1637 3755 sibi,
1667 3692 1754 3761 qui
1798 3694 1899 3746 hoc

316 3782 465 3849 quod
490 3780 649 3849 elegit
674 3780 1178 3849 concupiscendum,
1213 3796 1319 3835 non
1342 3782 1455 3836 vult
1484 3782 1682 3836 habere
1708 3797 1899 3852 perpe-

320 3881 498 3925 tuum.
529 3870 783 3937 Quamvis
804 3871 946 3924 enim
968 3874 1269 3941 quicunque
1295 3874 1457 3927 multa
1484 3874 1700 3938 condat,
1734 3874 1898 3928 multa

316 3971 642 4032 ceagreget,
690 3971 744 4017 et
783 3962 991 4016 inﬁnita
1034 3963 1261 4018 diversis
1302 3962 1773 4020 nundinationihus
1811 3977 1899 4019 ac-

316 4058 534 4123 quirat,
579 4054 859 4109 mendicus
899 4054 966 4109 de
1008 4054 1108 4109 hoc
1152 4055 1352 4109 mundo
1394 4054 1665 4121 discedet,
1699 4055 1798 4110 nisi
1828 4056 1897 4111 de

316 4147 484 4199 rebus
509 4146 621 4198 suis
643 4146 943 4214 portionem
965 4159 1114 4199 suam
1141 4145 1205 4199 ad
1233 4156 1491 4199 :eternam
1517 4144 1894 4201 beatitudinem

317 4245 446 4290 ante
487 4236 842 4303 praemiserit,
874 4235 1085 4290 dicente
1128 4235 1351 4289 Domino
1394 4251 1488 4302 per
1536 4237 1893 4305 prophetam:

323 4328 406 4381 Ne
434 4328 707 4381 timueritis
727 4369 742 4393 ,
775 4344 892 4380 cum
930 4328 1065 4380 dives
1092 4327 1259 4395 [actus
1303 4329 1454 4396 fuerit
1488 4327 1671 4391 homo,
1709 4338 1755 4381 et
1782 4345 1895 4381 cum

319 4420 661 4489 multiplicata
698 4418 851 4484 fuerit
898 4418 1063 4487 gloria
1098 4419 1276 4472 domus
1310 4419 1439 4487 ejus.
1485 4418 1615 4483 Quia
1645 4434 1744 4471 non
1780 4434 1895 4471 cum

2004 3217 2231 3271 salutem
2259 3216 2479 3271 uberem
2511 3215 2723 3285 dicens,
2756 3219 3058 3284 specialiter
3101 3235 3230 3291 rogo
3259 3228 3317 3275 ut
3357 3236 3423 3275 ca
3461 3238 3583 3293 quae

2004 3322 2099 3376 per
2128 3321 2339 3361 servum
2374 3316 2609 3359 vestrum
2650 3307 2947 3362 Amandum
2992 3309 3156 3363 verbo
3202 3307 3229 3347 ά
3261 3312 3492 3379 Speravi,
3532 3313 3581 3367 si

2005 3396 2258 3465 possibile
2280 3404 2382 3461 est,
2408 3395 2561 3450 nobis
2580 3396 2695 3450 sine
2715 3397 2969 3453 dilatione
2988 3410 3242 3467 praestare
3262 3401 3573 3470 dignemini.

2003 3486 2136 3552 Quia
2174 3487 2287 3539 haec
2313 3500 2397 3539 res
2427 3495 2480 3539 et
2508 3500 2605 3539 nos
2632 3486 2873 3543 relevare
2894 3498 3088 3555 potest,
3120 3498 3173 3543 et
3199 3490 3347 3545 vobis
3372 3491 3574 3545 nullum

2004 3584 2180 3644 potest
2209 3575 2400 3630 aﬁ‘erre
2447 3576 2816 3643 dispendium;
2861 3578 3003 3646 quod
3041 3594 3140 3647 ego
3180 3595 3276 3649 pro
3319 3581 3579 3637 beneﬁcio

2002 3666 2234 3719 maximo
2271 3670 2613 3733 computabo.
2660 3666 2857 3720 lterum
2903 3668 2959 3720 in
3006 3683 3111 3737 quo
3144 3669 3445 3739 jusseritis,
3494 3673 3579 3728 vel

2001 3774 2128 3812 usus
2157 3759 2428 3828 exegerit,
2459 3758 2629 3814 vicem
2670 3760 2958 3829 reciprocis
2991 3761 3260 3832 obsequiis
3289 3778 3579 3834 repensare

2000 3849 2338 3905 contendam.

2622 3939 2943 3997 EPISTJL.

2091 4030 2332 4085 Ruricius
2361 4031 2627 4102 episwpus
2658 4032 2901 4087 Censurio
2935 4043 2959 4071 ο
2985 4038 3224 4104 episwpo
3248 4036 3485 4091 salutent.

2073 4146 2302 4199 Litteras
2330 4144 2627 4199 sanctitatis
2664 4155 2885 4211 vestrm,
2935 4146 3036 4200 etsi
3074 4162 3170 4215 per
3207 4148 3572 4214 occasionem,

2002 4236 2274 4303 accepisse
2304 4250 2391 4290 me
2425 4236 2681 4305 gratulor.
2721 4235 2838 4290 Non
2865 4239 3008 4291 enim
3048 4238 3268 4292 interest
3296 4249 3472 4293 utrum
3507 4256 3574 4295 ex

2003 4328 2321 4382 necessitate
2346 4337 2437 4381 aut
2463 4344 2528 4382 ex
2558 4330 2846 4395 voluntate,
2880 4330 3168 4385 dummodo
3199 4331 3336 4385 inter
3354 4346 3410 4385 se
3441 4332 3578 4387 invi-

2002 4434 2117 4473 cem
2148 4420 2237 4487 qui
2266 4434 2324 4473 se
2345 4418 2569 4489 diligunt
2590 4421 2979 4490 colloquantur,
3006 4431 3061 4475 et
3082 4437 3216 4490 quos
3238 4436 3465 4492 corpore
3496 4424 3576 4479 lo—

386 4588 416 4617 ει
448 4579 563 4633 Duo
594 4578 743 4632 fuere
774 4586 899 4632 tunc
923 4578 1178 4645 temporis
1205 4577 1255 4631 in
1284 4576 1470 4631 Galliis
1494 4576 1593 4630 viri
1619 4577 1893 4645 cognomi-
1923 4581 1972 4639 1)
1998 4586 2166 4630 matre
2196 4578 2432 4630 Arverna
2463 4575 2643 4631 itidem
2675 4584 2854 4629 natum
2885 4574 3017 4645 dixit
3040 4574 3295 4629 Baronius
3318 4592 3407 4631 an.
3440 4578 3571 4643 484,

313 4666 433 4711 nes,
466 4651 612 4718 prior
652 4648 921 4716 professor
953 4648 1047 4701 fuit
1071 4647 1475 4718 grammatices,
1518 4648 1652 4699 alter
1683 4661 1809 4718 vero
1839 4646 1893 4699 in

313 4715 628 4787 episcopum
654 4715 1062 4787 Cabilonensem
1086 4715 1121 4770 7a
1162 4717 1401 4771 Patiente
1428 4718 1650 4770 electus.
1684 4715 1893 4787 Hiciest

316 4792 379 4844 ad
410 4804 569 4857 quem
602 4786 786 4841 scribit
812 4787 1079 4851 Ruricius,
1113 4802 1374 4855 quemque
1405 4786 1886 4857 fratremgappella-

318 4864 412 4910 vit.
432 4855 539 4911 illic
567 4858 800 4910 Joannes
826 4860 1135 4909 humanitate
1157 4857 1390 4925 insignis,
1423 4857 1592 4924 inquit
1617 4855 1888 4917 Sidonius,

315 4931 489 4983 lector
515 4930 744 4996 primum
774 4926 945 4980 fuerat
968 4935 1022 4979 et
1047 4942 1107 4981 ea
1133 4927 1336 4980 ratione
1358 4927 1602 4980 minister
1623 4926 1805 4980 altaris
1825 4926 1892 4978 ab

315 4999 558 5051 infantia.
598 4997 797 5050 Deinde
837 4996 1242 5050 arch-diaconus
1280 4997 1469 5059 factus,
1495 4997 1545 5048 in
1577 5010 1642 5050 eo
1672 5010 1893 5049 munere

317 5068 577 5132 plurimos
607 5082 777 5118 annos
806 5068 875 5117 oh
904 5066 1213 5119 industriam
1254 5066 1498 5121 detentus
1535 5076 1646 5129 est;
1675 5066 1885 5119 tandem

312 5137 533 5188 secundi
565 5136 769 5189 ordinis
799 5137 1049 5190 sacerdos
1088 5135 1285 5199 factus,
1316 5152 1435 5189 cum
1475 5136 1710 5203 episcopi
1743 5135 1888 5188 laba-

311 5215 550 5259 scuntem
586 5223 636 5260 ιιι
671 5207 904 5259 Ecclesia
941 5206 1274 5259 Cabilouensi
1312 5206 1644 5272 disciplinam
1683 5214 1887 5258 restau—

312 5292 437 5329 rare
469 5278 662 5330 vellent
682 5316 697 5335 ,
727 5278 1029 5344 cpiscopus,
1057 5276 1184 5329 nihil
1212 5276 1317 5330 tale
1344 5277 1602 5344 cogitans,
1633 5283 1689 5328 ut
1715 5276 1883 5339 aiunt,

312 5347 520 5401 electus
543 5355 642 5400 est.
669 5345 827 5399 ΒΑΜ.

382 5415 413 5453 δ
450 5416 569 5469 llazc
605 5432 704 5470 vox
749 5419 819 5467 ita
860 5414 1052 5467 litteris
1082 5415 1127 5467 Μ
1166 5422 1219 5467 ct
1252 5413 1297 5467 A
1326 5414 1573 5481 implexis
1616 5424 1886 5468 contracta

312 5497 394 5538 est
440 5495 495 5537 ut
539 5486 818 5555 desperem
859 5485 1070 5552 legere,
1113 5484 1455 5538 divinandum
1505 5485 1681 5554 igitur.
1729 5484 1889 5539 Forte

309 5557 544 5609 Amicus.

386 5636 410 5662 ε
446 5626 649 5692 Schius
693 5624 758 5676 ad
801 5637 922 5677 eum
968 5623 1181 5691 scripsit
1222 5623 1497 5687 Ruricius.
1548 5632 1605 5678 ut
1646 5632 1792 5691 patet
1820 5639 1885 5678 ex

310 5696 562 5762 e;istolis
592 5695 681 5760 δι,
712 5694 779 5748 55
819 5704 871 5747 et
912 5693 1000 5748 56.
1044 5693 1121 5748 Ad
1164 5709 1282 5749 eum
1326 5696 1594 5765 pertinere
1642 5699 1882 5763 Aprum,

2001 4647 2036 4700 Ι.
2066 4662 2140 4709 vt,
2170 4645 2297 4699 427.
2338 4646 2420 4698 An
2452 4646 2715 4699 intellexit
2753 4643 3011 4698 annalista
3050 4648 3247 4713 Aprum
3277 4661 3396 4702 esse
3427 4664 3576 4701 euut-

2000 4717 2120 4770 dem
2150 4730 2212 4769 ac
2247 4715 2646 4779 Aprunculum,
2677 4715 2762 4769 vel
2800 4714 2965 4778 ipsius
3013 4714 3271 4769 fratrem?
3318 4716 3572 4771 Neutrum

1999 4801 2185 4839 verum
2214 4794 2317 4841 est.
2343 4786 2678 4853 Aprunculus
2699 4799 2803 4838 nou
2832 4784 2931 4838 fuit
2953 4784 3243 4839 Arvernus.
3278 4786 3570 4853 Lingonum

2000 4856 2052 4909 in
2086 4854 2551 4922 Burgundionibus
2575 4856 2755 4908 sedem
2787 4855 2983 4918 tenuit,
3013 4856 3106 4909 sed
3139 4856 3456 4909 Arianorum
3489 4861 3571 4910 tu-

1996 4927 2147 4993 giens
2180 4926 2395 4978 insidias
2426 4925 2783 4981 Arvernorum
2824 4926 3106 4994 episcopus
3127 4964 3143 4987 ,
3176 4935 3295 4992 post
3342 4935 3569 4980 mortem

1998 4994 2201 5049 Sidonii
2244 4995 2343 5049 fuit
2381 4996 2606 5048 electus.
2654 4996 2735 5049 Ab
2769 5009 2834 5048 eo
2874 5005 3049 5047 autem
3082 5002 3193 5048 toto
3231 4995 3368 5049 caelo
3393 4995 3573 5050 differt

1997 5066 2140 5131 Aper
2160 5066 2273 5119 sive
2298 5068 2486 5133 Asper,
2509 5066 2596 5132 qui
2620 5079 2953 5133 nequaquam
2981 5064 3075 5117 fuit
3098 5066 3401 5133 episcopus.
3426 5065 3567 5121 Illius

1997 5144 2246 5200 parentes
2282 5135 2403 5189 vide
2432 5144 2772 5189 enumeratos
2810 5136 2948 5204 apud
2991 5134 3272 5190 Sidonium
3303 5135 3339 5189 l.
3372 5152 3447 5203 tv,
3479 5151 3565 5204 ep.

1992 5207 2084 5274 2|,
2110 5204 2215 5274 959
2242 5219 2328 5274 op.
2362 5204 2632 5259 Sirmond.
2662 5206 2821 5258 BASN.
3156 5242 3163 5249 .

2062 5272 2089 5311 ά
2122 5272 2288 5329 Forte
2308 5275 2608 5344 signiﬁcavi.

2068 5354 2092 5382 ε
2118 5344 2239 5399 Fuit
2279 5341 2370 5398 ille
2395 5344 2864 5399 Antissidiorensis
2912 5344 3229 5414 episcopus,
3275 5341 3568 5414 appellatur

1992 5428 2020 5465 a
2067 5414 2286 5470 Sidonio
2327 5413 2634 5481 Censorius,
2681 5424 2914 5469 attamen
2952 5413 3403 5484 ’presbyterpqui
3451 5413 3566 5484 ejus

1993 5485 2210 5538 nomine
2238 5485 2397 5538 vitam
2428 5484 2484 5539 S.
2518 5484 2771 5540 Germani
2800 5481 3090 5552 inscripsit,
3120 5481 3196 5536 sic
3227 5482 3387 5536 habet
3416 5497 3430 5535 :
3463 5481 3569 5535 Do-

1991 5555 2128 5606 mino
2171 5555 2546 5624 beatissimo,“
2584 5557 2707 5608 mihi
2736 5556 3012 5624 apostolico
3060 5554 3251 5624 honore
3294 5553 3570 5624 uenerabili

1989 5624 2235 5748 (Σωτεηὲἰο
2269 5639 2416 5692 papae
2442 5621 2778 5681 Constantius
2793 5633 3046 5694 peccator.
3076 5623 3167 5678 Sic
3196 5621 3447 5679 Ruricius
3472 5636 3569 5679 tto-

1990 5707 2118 5748 Ster.
2194 5707 2309 5748 asa.

1990 5707 2118 5748 ειετ.
2153 5707 2309 5749 ωερε.
