4022 6168
486 288 594 344 H9

481 510 636 549 suum
668 495 926 563 colloquia
969 497 1069 549 lida
1100 497 1440 564 conjuugant.
1474 496 1604 563 Quia
1645 499 1744 550 hoc
1782 497 1938 551 nobis
1967 513 2061 567 ge-

480 589 663 642 nerale
686 586 768 640 vel
797 587 1082 641 maximum
1106 588 1273 642 virtus
1296 587 1387 641 diu
1407 589 1563 655 jztctze
1591 589 1800 656 pictatis
1821 589 2059 655 indulsit,

480 690 538 735 ut
568 680 656 744 qui
697 693 794 732 nos
821 687 1040 746 aspectu
1072 681 1269 733 carnali
1304 694 1409 732 non
1454 694 1736 747 possumus
1778 681 2056 746 contueri,

479 772 741 838 spirituali
787 785 1072 825 cernamus
1113 772 1324 825 obtutu.
1374 771 1526 826 Unde
1573 772 1830 827 redeunte
1877 775 2062 841 gerulo

477 865 776 917 litterarum
805 863 901 916 has
920 903 936 925 ,
963 863 1100 916 sicut
1127 863 1457 930 injunxistis,
1494 863 1717 918 reddere
1745 867 2057 933 procuravi,

475 965 535 1010 ut
573 965 628 1010 et
657 954 999 1009 sollicitudini
1042 962 1232 1008 vestra:
1277 963 1332 1008 et
1373 963 1569 1006 mutua:
1609 955 1813 1008 caritati
1861 956 2060 1023 pariter

475 1046 882 1113 reSpomierem.
918 1043 1080 1099 Salve
1119 1045 1296 1112 itaque
1325 1043 1641 1111 apostolatui
1669 1053 1852 1098 vestro
1893 1044 2062 1112 pluri-

477 1151 620 1187 mum
651 1134 927 1202 dependo,
958 1143 1011 1187 et
1041 1135 1141 1186 hoc
1178 1131 1318 1197 quod
1358 1133 1598 1200 apicibus
1629 1148 1868 1187 mearum
1913 1134 2061 1187 testi-

476 1227 658 1280 monio
700 1225 945 1279 voluistis
996 1237 1324 1291 agnoscere,
1371 1233 1546 1276 utrum
1594 1223 1816 1278 Sindtlla
1867 1239 2060 1292 porcos

475 1331 636 1380 suos,
681 1315 942 1383 prudente
986 1314 1259 1367 Faedamio
1291 1312 1648 1380 perdidisset;
1687 1314 1938 1369 noveritis
1973 1332 2058 1371 me

475 1409 614 1476 apud
645 1408 887 1461 homines
910 1420 1092 1470 meos,
1119 1407 1208 1458 ubi
1241 1405 1492 1468 fuerunt,
1522 1405 1809 1476 diligenter
1839 1408 2055 1476 perqui-

474 1501 630 1555 sisse.
665 1498 769 1554 Sed
799 1500 938 1551 sicut
965 1506 1089 1551 ante
1116 1495 1224 1564 ja'm
1255 1510 1508 1550 noveram
1539 1497 1706 1566 magis
1741 1505 1794 1551 et
1825 1498 1953 1552 istos
1981 1498 2058 1550 la-

474 1593 658 1646 borem
705 1591 933 1645 faciente
973 1597 998 1625 ⁸
1040 1588 1156 1658 paci
1205 1588 1446 1644 Sindillae
1490 1603 1774 1657 perpessos
1817 1603 1972 1655 esse,
2004 1599 2058 1643 et

474 1687 646 1752 ipsum
679 1696 872 1750 porcos
897 1695 1022 1736 suos
1051 1695 1146 1750 per
1178 1680 1578 1747 perversitatem
1607 1695 1756 1736 suam
1775 1722 1788 1746 ,
1830 1682 1956 1735 dum
1988 1681 2057 1736 de

1829 289 2082 349 RURlCll
2124 292 2423 351 EPISCOPI

480 419 665 459 eorum
712 404 985 481 in‘tervalla
1036 404 1441 470 discriminant,
1490 407 1786 459 animorum
1831 421 1893 462 ac
1941 422 2064 463 sen-
2093 412 2143 470 Α

3651 297 3753 353 1⁸20

2776 409 2988 465 EPIST.
3031 409 3140 464 LII.

2345 502 2586 556 Ruricius
2613 505 2876 571 episcopus
2910 500 3164 555 Praesidio
3201 501 3308 569 ﬁlio
3335 501 3574 554 salutem.

2239 591 2557 660 Plerumque
2601 589 2885 664 [Plerique]
2934 592 3058 644 dum
3112 605 3199 644 me
3243 590 3382 658 apud
3424 591 3753 646 individuam

2166 681 2296 735 mihi
2341 682 2720 736 sublimitatem
2767 693 3000 736 vestram
3050 697 3154 735 non
3203 681 3327 734 vita:
3378 682 3606 746 merito,
3650 683 3753 737 sed

2165 773 2517 826 amicitiarum
2545 774 2820 842 privilegio
2849 773 3070 827 multum
3094 787 3253 840 posse
3281 771 3578 835 conﬁdunt,
3600 787 3753 827 com-

2164 865 2504 920 mendatitias
2534 882 2564 920 a
2601 865 2755 921 nobis
2782 866 2973 933 quibus
3009 865 3166 920 vobis
3194 877 3540 928 excusentur,
3571 867 3752 934 inqui-

2163 963 2329 1010 runt:
2359 970 2490 1024 quas
2529 957 2608 1010 eis
2639 970 2734 1024 pro
2771 955 2930 1009 ofﬁcii
2975 956 3145 1010 nostri
3195 955 3516 1010 necessitate
3555 970 3753 1025 negare

2163 1060 2268 1099 non
2301 1061 2614 1111 possumus;
2648 1060 2753 1100 non
2783 1046 3216 1114 praesumpiionis
3251 1045 3503 1106 audacia,
3530 1046 3622 1100 sed
3649 1047 3753 1098 mi-

2162 1137 2368 1190 nisterii
2410 1136 2722 1204 disciplina,
2752 1137 2882 1190 dum
2912 1145 2965 1191 et
2997 1136 3102 1189 illis
3137 1137 3421 1204 praesentis
3448 1137 3571 1190 vitae
3599 1137 3750 1190 sola-

2161 1227 2292 1281 tium
2312 1267 2327 1293 ,
2355 1235 2409 1281 et
2441 1215 2593 1282 vobis
2619 1226 2902 1295 providere
2931 1226 3300 1280 desideramus
3329 1235 3567 1280 ceterum.
3602 1225 3670 1280 Ut
3695 1238 3748 1280 et

2161 1317 2237 1371 illi
2279 1333 2373 1386 per
2401 1318 2714 1387 patientiam
2745 1326 2975 1372 vestram
3007 1327 3352 1372 reserventur
3381 1317 3448 1368 ad
3484 1317 3746 1385 paeniten-

2161 1409 2320 1475 tiam;
2361 1419 2415 1463 et
2455 1423 2553 1462 vos
2589 1423 2686 1476 per
2728 1407 3153 1463 misericordiam
3192 1406 3519 1476 perveniatis
3559 1407 3625 1460 ad
3655 1422 3744 1461 ve-

2159 1505 2322 1568 niam,
2357 1503 2497 1557 sicut
2523 1503 2650 1556 dicit
2675 1500 2947 1571 Scriptura
2977 1517 2993 1557 :
3027 1501 3159 1565 Quia
3175 1500 3435 1570 judicium
3461 1500 3570 1554 sine
3598 1499 3745 1553 mise-

2157 1597 2380 1650 ricordia
2403 1596 2496 1649 erit
2527 1596 2613 1665 qui
2635 1611 2736 1648 non
2759 1594 2932 1663 fecerit
2955 1593 3355 1646 misericordiam
3379 1591 3520 1660 (Jac.
3544 1608 3602 1655 tt,
3629 1593 3742 1656 l3).

2159 1690 2290 1754 Quia
2321 1689 2457 1742 dixit
2480 1707 2493 1742 :
2520 1687 2791 1750 Dimittite,
2823 1696 2870 1740 et
2890 1686 3168 1739 dimittitur
3189 1686 3325 1738 vobis
3353 1684 3506 1754 (Luc.
3531 1699 3605 1746 VI,
3628 1685 3742 1751 37).

473 1777 696 1829 adversa
727 1783 878 1842 parte
908 1787 1028 1827 esse
1060 1787 1119 1827 se
1141 1773 1368 1840 jactitat.
1398 1771 1641 1825 amisisse
1666 1773 1915 1840 cognovi.
1939 1770 2053 1826 ϐω-
2084 1773 2132 1832 Β
2161 1778 2350 1832 Procul
2379 1778 2540 1831 dubio
2570 1792 2729 1846 quem
2759 1776 2953 1830 viderit
2988 1774 3073 1829 hic
3100 1776 3276 1830 facere
3305 1775 3444 1843 quod
3477 1774 3744 1842 praecipit,

476 1878 648 1922 terum
681 1865 955 1933 praefatum
982 1863 1311 1918 Fmdamium
1344 1862 1417 1915 illi
1456 1861 1511 1915 in
1541 1863 1687 1916 nullo
1713 1862 2051 1930 culpabilem.

474 1960 604 2013 Nam
643 1957 783 2028 quod
818 1957 1065 2025 pertulit,
1100 1949 1361 2009 nulli’nisi
1399 1955 1559 2008 debet
1585 1963 1638 2008 et
1675 1953 1925 2007 omnibus
1951 1955 2054 2007 im-

477 2059 683 2118 putare.
725 2049 778 2101 In
821 2063 926 2115 qua
967 2060 1159 2110 causa,
1198 2055 1453 2115 quantum
1483 2060 1583 2114 ego
1621 2045 2055 2110 contemplationi

473 2141 668 2205 vestri,
703 2147 759 2193 ut
788 2138 1032 2191 homines
1060 2138 1263 2201 vestri,
1296 2144 1389 2190 aut
1432 2153 1461 2191 a
1491 2137 1731 2190 custodia
1764 2138 2056 2192 liberaren-

473 2242 582 2298 tur,
611 2240 703 2284 aut
729 2243 919 2298 porcos
948 2239 1153 2282 vestros
1178 2229 1499 2296 reciperent,
1525 2228 1901 2296 laboraverim,
1927 2228 2057 2295 ipsis

472 2323 578 2391 iam
611 2321 1003 2386 referentibus,
1037 2319 1245 2389 plenius
1276 2319 1520 2388 potuistis
1559 2333 1883 2387 agnoscere;
1914 2319 2055 2389 quod

475 2420 756 2481 propterea
785 2426 1007 2464 necesse
1037 2425 1144 2464 non
1178 2412 1274 2464 fuit
1303 2412 1494 2465 litteris
1526 2411 1779 2465 indicare.
1806 2411 2053 2465 Vestrum

471 2515 556 2559 est
599 2503 870 2557 hominem
903 2517 1088 2555 verum
1120 2501 1262 2569 juste
1305 2501 1372 2554 ab
1413 2501 1570 2570 hujus
1601 2503 1880 2556 calumnia:
1910 2503 2058 2570 obje-

473 2596 653 2650 ctione
683 2593 993 2657 defendere,
1019 2607 1120 2662 qua
1146 2607 1322 2646 meum
1349 2593 1546 2660 injuste
1567 2592 1781 2661 scriptis
1815 2594 2055 2662 agnosci-

473 2686 541 2740 tis
568 2685 852 2740 sustinere.
1619 2675 1624 2679 “

1098 2772 1309 2828 ΕΡιςΤ.
1352 2773 1436 2827 Li.

662 2868 904 2923 Ruricius
929 2867 1193 2936 episcOpus
1222 2866 1485 2933 Stephano
1513 2884 1605 2920 suo
1628 2866 1864 2920 salutem.

545 2957 618 3013 lta
651 2974 734 3012 me
765 2957 1105 3027 paucissimis
1135 2957 1321 3010 diebus
1363 2958 1425 3009 ad
1457 2961 1658 3011 cultum
1703 2973 1855 3010 suum
1889 2958 2056 3026 pietas

474 3059 665 3103 vestrae
695 3049 992 3102 sanctitatis
1021 3047 1221 3113 illexit,
1253 3057 1313 3100 ut
1337 3063 1457 3102 cum
1495 3063 1623 3112 vos,
1657 3049 1765 3103 Deo
1794 3051 2054 3118 propitio,

2164 1869 2214 1922 in
2245 1867 2422 1921 futuro
2452 1869 2499 1922 ei
2541 1868 2788 1921 restituet
2822 1866 2960 1935 quod
2996 1866 3262 1932 promisit.
3306 1865 3469 1918 Nobis
3510 1865 3652 1918 enim
3683 1864 3744 1917 il-

2161 1960 2263 2014 lius
2289 1959 2483 2013 veritas
2518 1967 2714 2027 praesto
2740 1965 2853 2020 est,
2885 1957 2928 2010 si
2959 1957 3034 2010 illi
3067 1956 3201 2011 fides
3234 1967 3416 2010 nostra
3448 1969 3553 2009 non
3582 1956 3742 2010 desit.

2159 2050 2312 2106 Unde
2335 2049 2768 2104 manifestissime
2793 2050 3016 2117 potestis
3043 2048 3327 2102 adverti-re
3352 2048 3744 2103 absolutionem

2160 2143 2477 2194 miserorum
2501 2149 2800 2195 vestrorum
2823 2154 2943 2193 esse
2963 2139 3343 2205 indulgentiam
3370 2148 3744 2206 peccatorum;

2160 2242 2211 2287 et
2244 2233 2346 2287 hoc
2377 2232 2572 2286 vestris
2601 2231 2985 2286 conferendum
3016 2231 3285 2298 precibus,
3315 2231 3454 2298 quod
3487 2245 3580 2283 vns
3612 2245 3746 2298 prae-

2159 2325 2312 2378 statis
2338 2324 2561 2388 alienis,
2585 2324 2734 2390 juxta
2765 2324 2932 2392 ipsius
2972 2325 3023 2376 in
3063 2323 3348 2390 Evangelia
3381 2325 3702 2376 sententiam
3729 2341 3743 2375 :

2162 2415 2486 2484 Quojudieio
2517 2414 2895 2479 iudicaveritis,
2917 2414 3234 2483 judicabitur
3262 2417 3325 2465 de
3354 2413 3488 2466 vobis
3521 2412 3742 2482 (Matth.

2160 2521 2250 2571 vn,
2279 2507 2360 2574 2).
2392 2507 2639 2575 Idemque
2667 2520 2761 2573 pro
2793 2505 2927 2558 Urso
2953 2517 3006 2559 et
3029 2505 3200 2573 Lupo,
3231 2504 3319 2574 qui
3342 2504 3408 2557 ad
3443 2519 3559 2566 me,
3593 2506 3744 2572 quasi

2159 2598 2309 2651 vobis
2354 2597 2701 2664 peculiarius,
2741 2596 2878 2650 sicut
2905 2596 3152 2663 superius
3177 2595 3322 2657 dixi,
3350 2594 3586 2648 caritatis
3623 2596 3746 2662 jure

2158 2690 2494 2752 devinctum,
2541 2703 2635 2757 pro
2666 2689 2950 2741 criminum
2982 2703 3199 2741 suorum
3233 2687 3618 2743 intercessione
3647 2703 3745 2740 ve-

2159 2789 2380 2840 nerunt,
2429 2787 2674 2848 precator
2715 2778 2948 2841 accedo;
2996 2791 3052 2830 ut
3101 2779 3331 2847 primum
3377 2778 3513 2843 Deo,
3547 2779 3746 2832 deinde

2160 2871 2314 2924 nobis
2341 2871 2463 2934 hoc,
2496 2870 2634 2937 quod
2667 2870 3089 2930 commiserunt,
3119 2869 3322 2922 donare
3350 2869 3615 2938 digneris;
3645 2883 3747 2922 nec

2160 2977 2256 3013 nos
2280 2960 2348 3014 de
2376 2975 2562 3015 eorum
2587 2960 2933 3014 damnatione
2957 2958 3273 3020 confundas,
3297 2958 3383 3026 qui
3413 2973 3471 3012 se
3495 2958 3603 3025 jam
3633 2967 3744 3010 tum

2157 3053 2433 3106 absolutos
2455 3067 2596 3118 esse,
2622 3052 2836 3118 quando
2860 3051 2924 3105 ad
2953 3051 3306 3105 humilitatem
3332 3064 3506 3103 meam
3529 3050 3746 3104 deducti

471 3141 636 3195 corde
680 3141 988 3206 detineam,
1040 3151 1094 3194 et
1141 3141 1310 3195 oculis
1359 3142 1553 3195 mentis
1595 3142 1832 3208 intuear;
1881 3151 2056 3196 tamen
2087 3139 2131 3200 C
2162 3155 2305 3211 sunt,
2333 3146 2693 3200 crediderunt.

476 3246 688 3300 semper
732 3230 922 3285 affectu
973 3231 1257 3299 instigante
1307 3235 1634 3300 pcrquiram.
1678 3233 1812 3298 Quia
1852 3233 2062 3286 scilicet

481 3325 642 3377 breve
679 3322 890 3376 videtur
933 3337 1092 3376 omne
1134 3321 1276 3390 quod
1315 3322 1469 3376 dulce
1497 3332 1609 3388 est;
1642 3324 1711 3376 ita
1741 3325 2059 3393 inexplebile

475 3424 560 3468 est
596 3429 754 3467 omne
777 3454 790 3474 ,
822 3412 963 3480 quod
1003 3426 1169 3466 carne
1206 3411 1425 3484 [carum]
1466 3422 1567 3467 est.
1599 3415 1662 3467 Et
1706 3414 2057 3483 omnipotenti

481 3506 588 3557 Deo
612 3504 811 3573 gratias
833 3519 993 3572 super
1024 3511 1130 3556 tam
1163 3505 1460 3556 admirabili
1486 3504 1628 3558 dono
1654 3506 1789 3574 ejus,
1820 3505 1958 3575 quod
1988 3507 2057 3560 ita

476 3594 799 3660 generaliter
839 3596 1011 3648 servis
1055 3595 1166 3649 suis
1209 3594 1445 3649 tribuere
1486 3596 1737 3651 ineffabili
1782 3597 2061 3664 dispensa-

477 3692 623 3739 tione
651 3686 898 3752 dignatus
936 3696 1049 3754 est,
1084 3694 1142 3739 ut
1180 3685 1233 3738 hi
1275 3687 1364 3756 qui
1406 3686 1748 3757 disparantur
1793 3702 2056 3759 corpore,

478 3777 670 3830 animis
696 3777 1079 3844 jungerentur;
1113 3791 1285 3845 neque
1316 3788 1461 3831 esset
1489 3778 1684 3847 aliquid
1719 3791 1823 3832 Iam
1854 3780 2060 3848 longiu-

477 3879 641 3935 quum
672 3864 888 3919 difficile
916 3865 1055 3934 quod
1086 3866 1346 3919 mentium
1373 3867 1644 3922 obtutibus
1671 3869 1918 3924 obviarit.
1951 3871 2056 3925 Sed

477 3972 574 4026 per
601 3955 778 4010 cordis
803 3957 1046 4010 intuitum
1076 3957 1148 4010 ibi
1174 3973 1231 4012 se
1260 3959 1482 4013 invicem
1512 3959 1793 4030 diligentes
1821 3964 2058 4017 caritatis

475 4048 929 4114 contemplatione
973 4049 1380 4118 conspicerent,
1421 4052 1508 4106 ubi
1550 4054 1746 4107 caritas
1775 4054 1892 4122 ipsa
1929 4067 2058 4107 con-

475 4141 638 4196 sistit.
665 4140 782 4207 Quo
804 4141 860 4194 ﬁt
887 4148 946 4195 ut
978 4142 1244 4197 devinetio
1272 4153 1479 4206 vestra,
1517 4159 1635 4212 qua:
1674 4145 1726 4197 in
1758 4143 2057 4199 visceribus

477 4233 613 4286 meis
636 4231 746 4300 jugi
780 4231 1174 4292 recordatione,
1206 4232 1330 4284 dum
1358 4223 1594 4300 quoti’die
1624 4243 1933 4299 renovatur,
1965 4251 2059 4288 au-

475 4333 650 4392 getur,
682 4326 880 4377 amoris
907 4323 1067 4376 vestri
1100 4321 1231 4374 mihi
1253 4321 1675 4379 vicissitudinem
1699 4328 2053 4394 repromittat,

475 4416 684 4466 animus
727 4427 879 4468 meus
911 4413 1042 4467 mihi
1089 4413 1385 4467 animorum
1430 4424 1733 4470 vestrorum
1777 4415 2058 4486 ﬁdejussor

475 4507 724 4569 assistat,
757 4506 881 4560 dum
915 4516 1116 4561 tantum
1145 4506 1244 4561 sibi
1275 4507 1435 4562 audet
1469 4507 1536 4563 de
1564 4519 1739 4564 vestra
1767 4507 2054 4565 dilectione
2083 4501 2133 4560 D

477 4609 832 4664 praesumere,
862 4608 1118 4665 quantum
1164 4599 1313 4653 vobis
1347 4599 1678 4669 concupiscit
1721 4601 2048 4671 impendere.

475 4687 712 4740 Salutem
748 4686 923 4754 itaque
949 4686 1261 4743 beatitudini
1288 4700 1479 4745 vestrae
1509 4690 1790 4758 plurimam
1820 4692 1968 4756 diro,
1999 4701 2054 4746 et

475 4789 637 4844 rogo,
672 4778 1003 4830 incessanter
1031 4778 1300 4830 communi
1349 4779 1573 4833 Domino
1611 4781 1956 4850 supplicetis,
1998 4791 2056 4835 ut;

473 4866 770 4921 secundum
809 4867 1023 4922 divitias
1063 4868 1312 4923 bonitatis
1347 4885 1459 4926 sua:
1497 4880 1657 4942 atque
1686 4875 1928 4938 virtutis,
1967 4875 2053 4928 cui

473 4958 654 5012 omnia
691 4958 965 5028 possibilia
997 4962 1337 5028 confitemur,
1363 4972 1419 5017 ut
1447 4965 1491 5018 si
1521 4965 1573 5018 in
1606 4966 1705 5020 hoc
1729 4967 1923 5021 saeculo
1953 4981 2051 5020 nos

476 5059 696 5116 propter
725 5049 847 5103 vita:
880 5053 1031 5106 istius
1057 5052 1365 5109 turbedines
1389 5069 1452 5109 ac
1484 5057 1766 5126 procellas,
1795 5066 1849 5112 et
1879 5059 2054 5127 regio-

474 5157 601 5194 num
643 5141 920 5195 intervalla
953 5145 1149 5213 smpius
1175 5145 1357 5201 videre
1387 5161 1491 5202 non
1521 5163 1835 5218 possumus,
1873 5149 1957 5204 vel
1986 5148 2054 5203 ad

474 5233 621 5286 illam
667 5233 852 5288 urbem
885 5249 1005 5304 quae
1034 5236 1327 5292 aedificatur
1361 5248 1420 5293 ut
1454 5240 1646 5295 civitas
1687 5240 1857 5312 (Psal.
1886 5256 2050 5307 cm,

475 5323 552 5391 '5).
585 5324 744 5379 faciat
772 5326 1098 5394 convenire,
1128 5327 1194 5382 ad
1222 5343 1381 5398 quam
1411 5345 1510 5385 nos
1549 5333 1912 5389 misericordia
1944 5331 2050 5388 Do-

477 5416 608 5471 mini
638 5419 835 5486 poterit
855 5418 1115 5489 perferre,
1140 5435 1237 5476 vos
1265 5422 1471 5478 merita.

551 5627 576 5688 ξ
611 5618 782 5672 locus
807 5631 1104 5688 corruptus.

549 5687 578 5729 δ
607 5690 678 5744 De
705 5704 769 5743 eo
799 5687 1043 5760 superius
1072 5691 1135 5746 ad
1172 5693 1328 5760 epist.
1361 5690 1446 5747 l9.
1496 5732 1498 5734 -

2757 3261 2969 3316 EPIST.
3013 3261 3140 3315 LIII.

2329 3350 2571 3404 Ruricius
2606 3353 2876 3420 episcopus
2912 3354 3120 3406 Rustico
3142 3351 3168 3390 δ
3195 3353 3304 3422 filio
3331 3354 3562 3406 salutem.

2233 3465 2404 3518 Extra
2430 3465 2680 3519 allectum
2713 3465 3243 3520 consuetudinarium
3279 3475 3332 3519 et
3360 3465 3642 3533 prohatum
3692 3474 3748 3519 et

2166 3554 2550 3608 humanitatem
2596 3556 2752 3609 nobis
2783 3557 3018 3625 dignaris
3045 3556 3377 3624 impendere,
3403 3556 3529 3609 dum
3560 3557 3746 3610 usibus

2161 3648 2268 3701 tuis
2317 3647 2575 3712 detrahis,
2619 3648 2762 3718 quod
2792 3649 2990 3702 nostris
3021 3648 3265 3719 largiaris
3300 3649 3574 3718 expensis.
3609 3649 3744 3715 Quia

2162 3756 2328 3809 puero
2370 3753 2551 3795 vestro
2580 3741 2848 3796 referente
2874 3742 3119 3810 cognovi,
3152 3741 3295 3810 quod
3338 3741 3652 3809 piscationis
3691 3743 3743 3794 iu

2160 3833 2367 3885 viscera
2399 3846 2494 3900 pro
2523 3842 2672 3899 parte
2694 3831 2879 3885 Visera
2922 3831 3074 3885 nobis
3098 3831 3339 3900 jusseras
3384 3830 3603 3885 delicias
3643 3833 3746 3885 mi-

2161 3925 2409 3976 nistrare.
2429 3921 2582 3977 Unde
2604 3922 2927 3977 salutatione
2953 3923 3207 3990 depensa,
3231 3922 3431 3991 gratias
3452 3937 3552 3991 ago
3581 3922 3748 3989 pluri-

2160 4028 2297 4077 mas,
2326 4027 2557 4066 exorans
2587 4012 2822 4068 divinam
2863 4012 3286 4068 misericordiam
3318 4023 3374 4066 ut
3402 4029 3497 4081 pro
3537 4012 3747 4066 honore

2158 4122 2317 4175 quem
2349 4106 2503 4160 nobis
2531 4121 2628 4174 pro
2648 4105 2816 4174 ipsius
2846 4106 3038 4161 timore
3060 4105 3384 4174 dependitis,
3417 4115 3473 4160 et
3500 4121 3746 4173 praesen-

2158 4200 2287 4252 tium
2319 4214 2497 4252 rerum
2529 4199 2683 4252 vobis
2713 4199 2958 4254 conferat
2995 4199 3335 4274 felicitatem,
3372 4209 3426 4256 et
3449 4199 3742 4256 beatitudi-

2158 4304 2279 4345 nem
2312 4290 2511 4345 tribuat
2539 4289 2859 4344 futurorum.
2887 4290 3050 4344 Finit.

2751 4401 2968 4457 EPIST.
3013 4403 3123 4457 LIV

2384 4494 2624 4548 Ruricius
2653 4494 2948 4564 Aprunculo
2981 4504 3004 4530 σε
3031 4495 3266 4564 episcOpo
3285 4495 3520 4546 salutem.

2228 4606 2379 4662 Sicut
2406 4606 2612 4662 litteras
2637 4605 2936 4660 sanctitatis
2962 4614 3156 4661 vestrm
3185 4619 3279 4673 per
3308 4605 3479 4657 virum
3511 4619 3746 4658 venera-

2159 4698 2322 4752 bilem
2351 4699 2592 4767 Elogium
2622 4712 2743 4752 cum
2771 4696 3126 4766 gratulatione
3143 4696 3373 4762 suscepi,
3404 4695 3476 4750 ita
3502 4699 3618 4760 has,
3643 4713 3750 4751 eo-

2158 4789 2279 4844 dem
2323 4787 2605 4851 redeunte,
2657 4789 2886 4843 libenter
2940 4788 3114 4843 emisi.
3163 4787 3369 4854 Quibus
3416 4787 3747 4856 apostolatui

2158 4889 2337 4935 vestro
2357 4879 2594 4935 debitum
2621 4879 2940 4947 deponendo
2967 4878 3241 4952 [dependo]
3264 4880 3631 4948 sOSpitationis
3657 4882 3723 4935 of
3725 4912 3750 4923 -

2163 4971 2362 5035 ficium,
2389 4971 2652 5039 simulque
2691 4971 2926 5040 deposco
2970 4982 3027 5027 ut
3053 4986 3149 5042 pro
3176 4973 3328 5026 nobis
3361 4987 3516 5026 orare
3547 4973 3748 5040 digne-

2160 5064 2310 5128 mini,
2345 5073 2399 5118 et
2424 5063 2473 5116 id
2497 5078 2524 5115 a
2552 5067 2820 5118 communi
2850 5064 3074 5119 Domino
3095 5065 3418 5133 peculiarius
3443 5066 3748 5132 postulare.

2160 5161 2218 5206 ut
2246 5153 2356 5220 jam
2386 5152 2598 5208 tandem
2630 5154 2920 5223 aliquando
2949 5157 3002 5208 in
3031 5171 3192 5209 unum
3223 5155 3426 5220 venire,
3462 5163 3517 5209 et
3541 5169 3641 5208 nos
3665 5157 3748 5209 vi-

2159 5243 2289 5297 dere
2338 5257 2666 5309 mereamur;
2700 5253 2758 5298 ut
2791 5244 3020 5311 caritas,
3052 5261 3171 5314 qua:
3198 5243 3490 5300 secundum
3520 5254 3749 5299 senten-

2157 5334 2283 5389 tiam
2309 5335 2631 5391 dominicam
2661 5338 2712 5390 in
2747 5337 3051 5404 pectoribus
3090 5337 3288 5392 nostris
3317 5352 3416 5406 per
3436 5337 3748 5392 absentiam

2155 5428 2296 5498 quod
2338 5428 2480 5497 peris
2524 5439 2605 5484 est
2660 5428 2822 5501 [forte
2868 5431 3003 5500 longi
3053 5427 3341 5499 temporis},
3395 5426 3608 5484 refrixit
3652 5444 3758 5498 per

2257 5629 2358 5685 'De
2387 5644 2452 5686 eo
2481 5630 2722 5699 superius
2759 5632 2822 5686 ad
2852 5633 3006 5703 epist.
3035 5634 3124 5690 48.
