  <div class='ocr_page' id='page_1' title='image "/cluster/home/n/w/nwhite01/storage/ocr_20150623/58/hvd.32044073505109/066.png"; bbox 0 0 4022 6168; ppageno 0'>
   <div class='ocr_carea' id='block_1_1' title="bbox 260 314 2272 381">
    <p class='ocr_par' dir='ltr' id='par_1_1' title="bbox 260 314 2272 381">
     <span class='ocr_line' id='line_1_1' title="bbox 260 314 2272 381; baseline -0.006 -2"><span class='ocrx_word' id='word_1_1' title='bbox 260 325 342 381; x_wconf 65' lang='lat' dir='ltr'><strong>I‘Bl</strong></span> <span class='ocrx_word' id='word_1_2' title='bbox 1506 314 1992 375; x_wconf 65' lang='lat' dir='ltr'><strong>EPISTOLARIHI</strong></span> <span class='ocrx_word' id='word_1_3' title='bbox 2040 315 2165 370; x_wconf 84' lang='lat' dir='ltr'><strong>LIB.</strong></span> <span class='ocrx_word' id='word_1_4' title='bbox 2208 314 2272 368; x_wconf 81' lang='lat' dir='ltr'><strong>ll.</strong></span> 
     </span>
    </p>
   </div>
   <div class='ocr_carea' id='block_1_2' title="bbox 3420 319 3522 375">
    <p class='ocr_par' dir='ltr' id='par_1_2' title="bbox 3420 319 3522 375">
     <span class='ocr_line' id='line_1_2' title="bbox 3420 319 3522 375; baseline 0.02 -2"><span class='ocrx_word' id='word_1_5' title='bbox 3420 319 3522 375; x_wconf 68' lang='lat'><strong>129.</strong></span> 
     </span>
    </p>
   </div>
   <div class='ocr_carea' id='block_1_3' title="bbox 257 413 1822 495">
    <p class='ocr_par' dir='ltr' id='par_1_3' title="bbox 257 426 1822 495">
     <span class='ocr_line' id='line_1_3' title="bbox 257 426 1822 495; baseline 0.004 -18"><span class='ocrx_word' id='word_1_6' title='bbox 257 426 583 495; x_wconf 65' lang='lat' dir='ltr'><strong>pvmseotiam</strong></span> <span class='ocrx_word' id='word_1_7' title='bbox 628 427 820 479; x_wconf 78' lang='lat' dir='ltr'><strong>iterum</strong></span> <span class='ocrx_word' id='word_1_8' title='bbox 867 429 919 481; x_wconf 87' lang='lat' dir='ltr'><strong>in</strong></span> <span class='ocrx_word' id='word_1_9' title='bbox 962 429 1177 495; x_wconf 73' lang='lat' dir='ltr'><strong>sospitis</strong></span> <span class='ocrx_word' id='word_1_10' title='bbox 1217 429 1484 482; x_wconf 68' lang='lat' dir='ltr'><strong>cineribus</strong></span> <span class='ocrx_word' id='word_1_11' title='bbox 1513 432 1822 492; x_wconf 85' lang='lat' dir='ltr'><strong>suscitetur,</strong></span> 
     </span>
    </p>
   </div>
   <div class='ocr_carea' id='block_1_4' title="bbox 1925 413 3508 495">
    <p class='ocr_par' dir='ltr' id='par_1_4' title="bbox 1937 417 3508 493">
     <span class='ocr_line' id='line_1_4' title="bbox 1937 417 3508 493; baseline 0.01 -30"><span class='ocrx_word' id='word_1_12' title='bbox 1937 429 2107 469; x_wconf 85' lang='lat' dir='ltr'><strong>meam</strong></span> <span class='ocrx_word' id='word_1_13' title='bbox 2139 417 2338 486; x_wconf 86' lang='lat' dir='ltr'><strong>dignati</strong></span> <span class='ocrx_word' id='word_1_14' title='bbox 2366 420 2518 487; x_wconf 88' lang='lat' dir='ltr'><strong>estis,</strong></span> <span class='ocrx_word' id='word_1_15' title='bbox 2551 436 2649 490; x_wconf 89' lang='lat' dir='ltr'><strong>pro</strong></span> <span class='ocrx_word' id='word_1_16' title='bbox 2678 438 2739 477; x_wconf 89' lang='lat' dir='ltr'><strong>ea</strong></span> <span class='ocrx_word' id='word_1_17' title='bbox 2762 439 2882 493; x_wconf 72' lang='lat' dir='ltr'><strong>qum</strong></span> <span class='ocrx_word' id='word_1_18' title='bbox 2905 426 3042 479; x_wconf 86' lang='lat' dir='ltr'><strong>inter</strong></span> <span class='ocrx_word' id='word_1_19' title='bbox 3072 440 3169 480; x_wconf 89' lang='lat' dir='ltr'><strong>nos</strong></span> <span class='ocrx_word' id='word_1_20' title='bbox 3198 435 3297 484; x_wconf 77' lang='lat' dir='ltr'><strong>est.</strong></span> <span class='ocrx_word' id='word_1_21' title='bbox 3334 430 3508 493; x_wconf 76' lang='lat' dir='ltr'><strong>propi-</strong></span> 
     </span>
    </p>
   </div>
   <div class='ocr_carea' id='block_1_5' title="bbox 254 520 1827 591">
    <p class='ocr_par' dir='ltr' id='par_1_5' title="bbox 254 520 1827 591">
     <span class='ocr_line' id='line_1_5' title="bbox 254 520 1827 591; baseline 0.003 -20"><span class='ocrx_word' id='word_1_22' title='bbox 254 521 452 573; x_wconf 85' lang='lat' dir='ltr'><strong>etvivis</strong></span> <span class='ocrx_word' id='word_1_23' title='bbox 478 521 734 586; x_wconf 85' lang='lat' dir='ltr'><strong>vocibus,</strong></span> <span class='ocrx_word' id='word_1_24' title='bbox 781 521 933 591; x_wconf 85' lang='lat' dir='ltr'><strong>quasi</strong></span> <span class='ocrx_word' id='word_1_25' title='bbox 961 522 1115 575; x_wconf 54' lang='lat' dir='ltr'><strong>nobis</strong></span> <span class='ocrx_word' id='word_1_26' title='bbox 1158 520 1368 576; x_wconf 84' lang='lat' dir='ltr'><strong>flatibus</strong></span> <span class='ocrx_word' id='word_1_27' title='bbox 1395 523 1596 576; x_wconf 77' lang='lat' dir='ltr'><strong>veteris</strong></span> <span class='ocrx_word' id='word_1_28' title='bbox 1626 523 1827 576; x_wconf 90' lang='lat' dir='ltr'><strong>amoris</strong></span> 
     </span>
    </p>
   </div>
   <div class='ocr_carea' id='block_1_6' title="bbox 254 612 1829 683">
    <p class='ocr_par' dir='ltr' id='par_1_6' title="bbox 254 612 1829 683">
     <span class='ocr_line' id='line_1_6' title="bbox 254 612 1829 683; baseline 0.002 -18"><span class='ocrx_word' id='word_1_29' title='bbox 254 612 547 666; x_wconf 78' lang='lat' dir='ltr'><strong>rrdivivum</strong></span> <span class='ocrx_word' id='word_1_30' title='bbox 584 616 867 682; x_wconf 78' lang='lat' dir='ltr'><strong>re‘paretur</strong></span> <span class='ocrx_word' id='word_1_31' title='bbox 901 614 1205 668; x_wconf 87' lang='lat' dir='ltr'><strong>incendium</strong></span> <span class='ocrx_word' id='word_1_32' title='bbox 1241 631 1253 664; x_wconf 90' lang='lat'><strong>:</strong></span> <span class='ocrx_word' id='word_1_33' title='bbox 1286 613 1425 683; x_wconf 92' lang='lat' dir='ltr'><strong>quod</strong></span> <span class='ocrx_word' id='word_1_34' title='bbox 1456 629 1639 668; x_wconf 89' lang='lat' dir='ltr'><strong>amore</strong></span> <span class='ocrx_word' id='word_1_35' title='bbox 1668 624 1829 682; x_wconf 89' lang='lat' dir='ltr'><strong>atque</strong></span> 
     </span>
    </p>
   </div>
   <div class='ocr_carea' id='block_1_7' title="bbox 256 703 1826 773">
    <p class='ocr_par' dir='ltr' id='par_1_7' title="bbox 256 703 1826 773">
     <span class='ocr_line' id='line_1_7' title="bbox 256 703 1826 773; baseline 0.001 -18"><span class='ocrx_word' id='word_1_36' title='bbox 256 707 443 758; x_wconf 86' lang='lat' dir='ltr'><strong>virtute</strong></span> <span class='ocrx_word' id='word_1_37' title='bbox 484 704 625 773; x_wconf 90' lang='lat' dir='ltr'><strong>ignis</strong></span> <span class='ocrx_word' id='word_1_38' title='bbox 669 704 836 767; x_wconf 89' lang='lat' dir='ltr'><strong>illius,</strong></span> <span class='ocrx_word' id='word_1_39' title='bbox 884 718 1041 772; x_wconf 84' lang='lat' dir='ltr'><strong>quem</strong></span> <span class='ocrx_word' id='word_1_40' title='bbox 1086 704 1341 758; x_wconf 92' lang='lat' dir='ltr'><strong>Dominus</strong></span> <span class='ocrx_word' id='word_1_41' title='bbox 1373 703 1517 757; x_wconf 89' lang='lat' dir='ltr'><strong>misit</strong></span> <span class='ocrx_word' id='word_1_42' title='bbox 1542 704 1595 757; x_wconf 92' lang='lat' dir='ltr'><strong>in</strong></span> <span class='ocrx_word' id='word_1_43' title='bbox 1630 712 1826 758; x_wconf 87' lang='lat' dir='ltr'><strong>terram</strong></span> 
     </span>
    </p>
   </div>
   <div class='ocr_carea' id='block_1_8' title="bbox 250 796 1829 866">
    <p class='ocr_par' dir='ltr' id='par_1_8' title="bbox 250 796 1829 866">
     <span class='ocr_line' id='line_1_8' title="bbox 250 796 1829 866; baseline 0 -18"><span class='ocrx_word' id='word_1_44' title='bbox 250 797 397 863; x_wconf 76' lang='lat' dir='ltr'><strong>(Luc.</strong></span> <span class='ocrx_word' id='word_1_45' title='bbox 421 811 517 859; x_wconf 80' lang='lat' dir='ltr'><strong>xit,</strong></span> <span class='ocrx_word' id='word_1_46' title='bbox 537 796 653 864; x_wconf 72' lang='lat'><strong>49),</strong></span> <span class='ocrx_word' id='word_1_47' title='bbox 682 805 737 850; x_wconf 91' lang='lat' dir='ltr'><strong>et</strong></span> <span class='ocrx_word' id='word_1_48' title='bbox 766 798 947 865; x_wconf 87' lang='lat' dir='ltr'><strong>spinas</strong></span> <span class='ocrx_word' id='word_1_49' title='bbox 968 797 1304 866; x_wconf 67' lang='lat' dir='ltr'><strong>negligentia:</strong></span> <span class='ocrx_word' id='word_1_50' title='bbox 1329 807 1527 851; x_wconf 68' lang='lat' dir='ltr'><strong>nostrai</strong></span> <span class='ocrx_word' id='word_1_51' title='bbox 1547 806 1705 865; x_wconf 89' lang='lat' dir='ltr'><strong>atqtte</strong></span> <span class='ocrx_word' id='word_1_52' title='bbox 1734 796 1829 849; x_wconf 80' lang='lat' dir='ltr'><strong>de-</strong></span> 
     </span>
    </p>
   </div>
   <div class='ocr_carea' id='block_1_9' title="bbox 251 886 1830 957">
    <p class='ocr_par' dir='ltr' id='par_1_9' title="bbox 251 886 1830 957">
     <span class='ocr_line' id='line_1_9' title="bbox 251 886 1830 957; baseline 0.002 -20"><span class='ocrx_word' id='word_1_53' title='bbox 251 887 413 947; x_wconf 16' lang='lat' dir='ltr'><strong>sidit»,</strong></span> <span class='ocrx_word' id='word_1_54' title='bbox 434 887 483 939; x_wconf 92' lang='lat' dir='ltr'><strong>vi</strong></span> <span class='ocrx_word' id='word_1_55' title='bbox 517 896 726 942; x_wconf 67' lang='lat' dir='ltr'><strong>natura:</strong></span> <span class='ocrx_word' id='word_1_56' title='bbox 756 887 989 957; x_wconf 89' lang='lat' dir='ltr'><strong>potentis</strong></span> <span class='ocrx_word' id='word_1_57' title='bbox 1009 898 1220 952; x_wconf 80' lang='lat' dir='ltr'><strong>exurat,</strong></span> <span class='ocrx_word' id='word_1_58' title='bbox 1246 887 1491 942; x_wconf 88' lang='lat' dir='ltr'><strong>tenebras</strong></span> <span class='ocrx_word' id='word_1_59' title='bbox 1513 886 1830 941; x_wconf 86' lang='lat' dir='ltr'><strong>dormientis</strong></span> 
     </span>
    </p>
   </div>
   <div class='ocr_carea' id='block_1_10' title="bbox 251 977 731 1034">
    <p class='ocr_par' dir='ltr' id='par_1_10' title="bbox 251 977 731 1034">
     <span class='ocr_line' id='line_1_10' title="bbox 251 977 731 1034; baseline -0.002 -1"><span class='ocrx_word' id='word_1_60' title='bbox 251 977 417 1033; x_wconf 83' lang='lat' dir='ltr'><strong>cordis</strong></span> <span class='ocrx_word' id='word_1_61' title='bbox 439 977 731 1034; x_wconf 87' lang='lat' dir='ltr'><strong>illuminet.</strong></span> 
     </span>
    </p>
   </div>
   <div class='ocr_carea' id='block_1_11' title="bbox 852 1070 1225 1125">
    <p class='ocr_par' dir='ltr' id='par_1_11' title="bbox 852 1070 1225 1125">
     <span class='ocr_line' id='line_1_11' title="bbox 852 1070 1225 1125; baseline 0 -2"><span class='ocrx_word' id='word_1_62' title='bbox 852 1070 1067 1125; x_wconf 82' lang='lat' dir='ltr'><strong>EPIST.</strong></span> <span class='ocrx_word' id='word_1_63' title='bbox 1114 1070 1225 1123; x_wconf 77' lang='lat' dir='ltr'><strong>LV.</strong></span> 
     </span>
    </p>
   </div>
   <div class='ocr_carea' id='block_1_12' title="bbox 467 1159 1598 1229">
    <p class='ocr_par' dir='ltr' id='par_1_12' title="bbox 467 1159 1598 1229">
     <span class='ocr_line' id='line_1_12' title="bbox 467 1159 1598 1229; baseline -0.003 -16"><span class='ocrx_word' id='word_1_64' title='bbox 467 1160 611 1214; x_wconf 78' lang='lat' dir='ltr'><strong>Item</strong></span> <span class='ocrx_word' id='word_1_65' title='bbox 637 1161 743 1212; x_wconf 75' lang='lat' dir='ltr'><strong>alia</strong></span> <span class='ocrx_word' id='word_1_66' title='bbox 769 1159 965 1212; x_wconf 70' lang='lat' dir='ltr'><strong>Rurici.‘</strong></span> <span class='ocrx_word' id='word_1_67' title='bbox 996 1161 1065 1211; x_wconf 88' lang='lat' dir='ltr'><strong>ad</strong></span> <span class='ocrx_word' id='word_1_68' title='bbox 1094 1160 1262 1229; x_wconf 83' lang='lat' dir='ltr'><strong>ipsum</strong></span> <span class='ocrx_word' id='word_1_69' title='bbox 1290 1159 1598 1229; x_wconf 75' lang='lat' dir='ltr'><strong>episcopum.</strong></span> 
     </span>
    </p>
   </div>
   <div class='ocr_carea' id='block_1_13' title="bbox 314 1249 1829 1319">
    <p class='ocr_par' dir='ltr' id='par_1_13' title="bbox 314 1249 1829 1319">
     <span class='ocr_line' id='line_1_13' title="bbox 314 1249 1829 1319; baseline -0.002 -13"><span class='ocrx_word' id='word_1_70' title='bbox 314 1253 621 1307; x_wconf 74' lang='lat' dir='ltr'><strong>Assitlnitas</strong></span> <span class='ocrx_word' id='word_1_71' title='bbox 645 1263 671 1290; x_wconf 78' lang='grc'><strong><em>⁸</em></strong></span> <span class='ocrx_word' id='word_1_72' title='bbox 704 1252 1059 1319; x_wconf 81' lang='lat' dir='ltr'><strong>supplicatum</strong></span> <span class='ocrx_word' id='word_1_73' title='bbox 1105 1252 1319 1319; x_wconf 84' lang='lat' dir='ltr'><strong>supplet</strong></span> <span class='ocrx_word' id='word_1_74' title='bbox 1364 1251 1416 1302; x_wconf 91' lang='lat' dir='ltr'><strong>in</strong></span> <span class='ocrx_word' id='word_1_75' title='bbox 1449 1250 1602 1303; x_wconf 91' lang='lat' dir='ltr'><strong>nobis</strong></span> <span class='ocrx_word' id='word_1_76' title='bbox 1644 1249 1829 1317; x_wconf 69' lang='lat' dir='ltr'><strong>gratias</strong></span> 
     </span>
    </p>
   </div>
   <div class='ocr_carea' id='block_1_14' title="bbox 250 1337 1828 1407">
    <p class='ocr_par' dir='ltr' id='par_1_14' title="bbox 250 1337 1828 1407">
     <span class='ocr_line' id='line_1_14' title="bbox 250 1337 1828 1407; baseline -0.004 -9"><span class='ocrx_word' id='word_1_77' title='bbox 250 1337 543 1398; x_wconf 82' lang='lat' dir='ltr'><strong>communis</strong></span> <span class='ocrx_word' id='word_1_78' title='bbox 590 1341 851 1407; x_wconf 87' lang='lat' dir='ltr'><strong>officium,</strong></span> <span class='ocrx_word' id='word_1_79' title='bbox 901 1349 957 1393; x_wconf 91' lang='lat' dir='ltr'><strong>ut</strong></span> <span class='ocrx_word' id='word_1_80' title='bbox 1004 1339 1104 1394; x_wconf 88' lang='lat' dir='ltr'><strong>hoc</strong></span> <span class='ocrx_word' id='word_1_81' title='bbox 1133 1341 1274 1405; x_wconf 91' lang='lat' dir='ltr'><strong>quod</strong></span> <span class='ocrx_word' id='word_1_82' title='bbox 1318 1338 1494 1393; x_wconf 91' lang='lat' dir='ltr'><strong>facere</strong></span> <span class='ocrx_word' id='word_1_83' title='bbox 1538 1339 1828 1393; x_wconf 87' lang='lat' dir='ltr'><strong>debeamus</strong></span> 
     </span>
    </p>
   </div>
   <div class='ocr_carea' id='block_1_15' title="bbox 254 1431 1830 1502">
    <p class='ocr_par' dir='ltr' id='par_1_15' title="bbox 254 1431 1830 1502">
     <span class='ocr_line' id='line_1_15' title="bbox 254 1431 1830 1502; baseline -0.003 -14"><span class='ocrx_word' id='word_1_84' title='bbox 254 1451 405 1502; x_wconf 80' lang='lat' dir='ltr'><strong>Super</strong></span> <span class='ocrx_word' id='word_1_85' title='bbox 457 1443 662 1487; x_wconf 76' lang='lat' dir='ltr'><strong>mutum</strong></span> <span class='ocrx_word' id='word_1_86' title='bbox 689 1433 995 1487; x_wconf 88' lang='lat' dir='ltr'><strong>dilectionis</strong></span> <span class='ocrx_word' id='word_1_87' title='bbox 1034 1431 1308 1497; x_wconf 72' lang='lat' dir='ltr'><strong>affectum,</strong></span> <span class='ocrx_word' id='word_1_88' title='bbox 1351 1432 1575 1486; x_wconf 87' lang='lat' dir='ltr'><strong>facimus</strong></span> <span class='ocrx_word' id='word_1_89' title='bbox 1615 1445 1712 1499; x_wconf 90' lang='lat' dir='ltr'><strong>per</strong></span> <span class='ocrx_word' id='word_1_90' title='bbox 1737 1445 1830 1484; x_wconf 83' lang='lat' dir='ltr'><strong>ex-</strong></span> 
     </span>
    </p>
   </div>
   <div class='ocr_carea' id='block_1_16' title="bbox 252 1523 1829 1592">
    <p class='ocr_par' dir='ltr' id='par_1_16' title="bbox 252 1523 1829 1592">
     <span class='ocr_line' id='line_1_16' title="bbox 252 1523 1829 1592; baseline -0.001 -13"><span class='ocrx_word' id='word_1_91' title='bbox 252 1537 407 1579; x_wconf 67' lang='lat' dir='ltr'><strong>ternae</strong></span> <span class='ocrx_word' id='word_1_92' title='bbox 439 1526 780 1580; x_wconf 85' lang='lat' dir='ltr'><strong>necessitatis</strong></span> <span class='ocrx_word' id='word_1_93' title='bbox 812 1523 1091 1592; x_wconf 91' lang='lat' dir='ltr'><strong>imperium</strong></span> <span class='ocrx_word' id='word_1_94' title='bbox 1117 1540 1132 1588; x_wconf 91' lang='lat'><strong>;</strong></span> <span class='ocrx_word' id='word_1_95' title='bbox 1171 1523 1297 1576; x_wconf 92' lang='lat' dir='ltr'><strong>dum</strong></span> <span class='ocrx_word' id='word_1_96' title='bbox 1328 1523 1517 1576; x_wconf 68' lang='lat' dir='ltr'><strong>aliena:</strong></span> <span class='ocrx_word' id='word_1_97' title='bbox 1546 1523 1829 1577; x_wconf 89' lang='lat' dir='ltr'><strong>tribuimus</strong></span> 
     </span>
    </p>
   </div>
   <div class='ocr_carea' id='block_1_17' title="bbox 250 1615 1825 1686">
    <p class='ocr_par' dir='ltr' id='par_1_17' title="bbox 250 1615 1825 1686">
     <span class='ocr_line' id='line_1_17' title="bbox 250 1615 1825 1686; baseline -0.001 -16"><span class='ocrx_word' id='word_1_98' title='bbox 250 1618 506 1686; x_wconf 71' lang='lat' dir='ltr'><strong>petitioni,</strong></span> <span class='ocrx_word' id='word_1_99' title='bbox 553 1616 694 1686; x_wconf 92' lang='lat' dir='ltr'><strong>quod</strong></span> <span class='ocrx_word' id='word_1_100' title='bbox 720 1616 949 1685; x_wconf 68' lang='lat' dir='ltr'><strong>propria:</strong></span> <span class='ocrx_word' id='word_1_101' title='bbox 973 1616 1169 1670; x_wconf 88' lang='lat' dir='ltr'><strong>debere</strong></span> <span class='ocrx_word' id='word_1_102' title='bbox 1200 1630 1299 1670; x_wconf 94' lang='lat' dir='ltr'><strong>nos</strong></span> <span class='ocrx_word' id='word_1_103' title='bbox 1334 1615 1707 1685; x_wconf 81' lang='lat' dir='ltr'><strong>cognoscimus</strong></span> <span class='ocrx_word' id='word_1_104' title='bbox 1732 1630 1825 1669; x_wconf 89' lang='lat' dir='ltr'><strong>ca—</strong></span> 
     </span>
    </p>
   </div>
   <div class='ocr_carea' id='block_1_18' title="bbox 254 1706 1828 1762">
    <p class='ocr_par' dir='ltr' id='par_1_18' title="bbox 254 1706 1828 1762">
     <span class='ocr_line' id='line_1_18' title="bbox 254 1706 1828 1762; baseline -0.001 -1"><span class='ocrx_word' id='word_1_105' title='bbox 254 1709 406 1761; x_wconf 71' lang='lat' dir='ltr'><strong>ritati.</strong></span> <span class='ocrx_word' id='word_1_106' title='bbox 446 1707 518 1762; x_wconf 89' lang='lat' dir='ltr'><strong>Ut</strong></span> <span class='ocrx_word' id='word_1_107' title='bbox 554 1707 985 1761; x_wconf 68' lang='lat' dir='ltr'><strong>haclitterarum</strong></span> <span class='ocrx_word' id='word_1_108' title='bbox 1012 1706 1349 1760; x_wconf 79' lang='lat' dir='ltr'><strong>necessitudo</strong></span> <span class='ocrx_word' id='word_1_109' title='bbox 1375 1714 1517 1760; x_wconf 86' lang='lat' dir='ltr'><strong>esset</strong></span> <span class='ocrx_word' id='word_1_110' title='bbox 1544 1721 1607 1759; x_wconf 77' lang='lat' dir='ltr'><strong>ex</strong></span> <span class='ocrx_word' id='word_1_111' title='bbox 1639 1707 1828 1759; x_wconf 87' lang='lat' dir='ltr'><strong>volun-</strong></span> 
     </span>
    </p>
   </div>
   <div class='ocr_carea' id='block_1_19' title="bbox 1936 510 3510 589">
    <p class='ocr_par' dir='ltr' id='par_1_19' title="bbox 1936 510 3510 589">
     <span class='ocr_line' id='line_1_19' title="bbox 1936 510 3510 589; baseline 0.009 -29"><span class='ocrx_word' id='word_1_112' title='bbox 1936 510 2008 567; x_wconf 89' lang='lat' dir='ltr'><strong>tio</strong></span> <span class='ocrx_word' id='word_1_113' title='bbox 2037 511 2169 576; x_wconf 91' lang='lat' dir='ltr'><strong>Deo,</strong></span> <span class='ocrx_word' id='word_1_114' title='bbox 2213 516 2461 581; x_wconf 85' lang='lat' dir='ltr'><strong>caritate,</strong></span> <span class='ocrx_word' id='word_1_115' title='bbox 2508 518 2813 585; x_wconf 80' lang='lat' dir='ltr'><strong>consulere,</strong></span> <span class='ocrx_word' id='word_1_116' title='bbox 2846 531 2902 574; x_wconf 92' lang='lat' dir='ltr'><strong>et</strong></span> <span class='ocrx_word' id='word_1_117' title='bbox 2941 522 3094 575; x_wconf 89' lang='lat' dir='ltr'><strong>nobis</strong></span> <span class='ocrx_word' id='word_1_118' title='bbox 3140 531 3317 575; x_wconf 88' lang='lat' dir='ltr'><strong>utrum</strong></span> <span class='ocrx_word' id='word_1_119' title='bbox 3368 521 3510 589; x_wconf 85' lang='lat' dir='ltr'><strong>jnsta</strong></span> 
     </span>
    </p>
   </div>
   <div class='ocr_carea' id='block_1_20' title="bbox 1932 605 3513 681">
    <p class='ocr_par' dir='ltr' id='par_1_20' title="bbox 1932 605 3513 681">
     <span class='ocr_line' id='line_1_20' title="bbox 1932 605 3513 681; baseline 0.008 -28"><span class='ocrx_word' id='word_1_120' title='bbox 1932 612 2076 655; x_wconf 80' lang='lat' dir='ltr'><strong>esset</strong></span> <span class='ocrx_word' id='word_1_121' title='bbox 2104 612 2277 657; x_wconf 80' lang='lat' dir='ltr'><strong>vestra</strong></span> <span class='ocrx_word' id='word_1_122' title='bbox 2306 605 2589 671; x_wconf 87' lang='lat' dir='ltr'><strong>districtio,</strong></span> <span class='ocrx_word' id='word_1_123' title='bbox 2622 611 2755 663; x_wconf 89' lang='lat' dir='ltr'><strong>meis</strong></span> <span class='ocrx_word' id='word_1_124' title='bbox 2786 611 3123 678; x_wconf 87' lang='lat' dir='ltr'><strong>potissimum</strong></span> <span class='ocrx_word' id='word_1_125' title='bbox 3152 612 3390 681; x_wconf 83' lang='lat' dir='ltr'><strong>apicibus</strong></span> <span class='ocrx_word' id='word_1_126' title='bbox 3432 614 3513 666; x_wconf 88' lang='lat' dir='ltr'><strong>itt-</strong></span> 
     </span>
    </p>
   </div>
   <div class='ocr_carea' id='block_1_21' title="bbox 1932 694 3512 772">
    <p class='ocr_par' dir='ltr' id='par_1_21' title="bbox 1932 694 3512 772">
     <span class='ocr_line' id='line_1_21' title="bbox 1932 694 3512 772; baseline 0.008 -27"><span class='ocrx_word' id='word_1_127' title='bbox 1932 694 2194 759; x_wconf 81' lang='lat' dir='ltr'><strong>dicarem;</strong></span> <span class='ocrx_word' id='word_1_128' title='bbox 2224 697 2359 749; x_wconf 89' lang='lat' dir='ltr'><strong>sciat</strong></span> <span class='ocrx_word' id='word_1_129' title='bbox 2388 698 2643 753; x_wconf 87' lang='lat' dir='ltr'><strong>Dominus</strong></span> <span class='ocrx_word' id='word_1_130' title='bbox 2673 715 2857 760; x_wconf 74' lang='lat' dir='ltr'><strong>noster</strong></span> <span class='ocrx_word' id='word_1_131' title='bbox 2881 702 3022 770; x_wconf 91' lang='lat' dir='ltr'><strong>quod</strong></span> <span class='ocrx_word' id='word_1_132' title='bbox 3051 719 3152 772; x_wconf 86' lang='lat' dir='ltr'><strong>ego</strong></span> <span class='ocrx_word' id='word_1_133' title='bbox 3197 704 3391 758; x_wconf 88' lang='lat' dir='ltr'><strong>factum</strong></span> <span class='ocrx_word' id='word_1_134' title='bbox 3419 716 3512 758; x_wconf 82' lang='lat' dir='ltr'><strong>ve-</strong></span> 
     </span>
    </p>
   </div>
   <div class='ocr_carea' id='block_1_22' title="bbox 1931 786 3506 853">
    <p class='ocr_par' dir='ltr' id='par_1_22' title="bbox 1931 786 3506 853">
     <span class='ocr_line' id='line_1_22' title="bbox 1931 786 3506 853; baseline 0.01 -19"><span class='ocrx_word' id='word_1_135' title='bbox 1931 790 2099 836; x_wconf 89' lang='lat' dir='ltr'><strong>strum</strong></span> <span class='ocrx_word' id='word_1_136' title='bbox 2131 795 2183 838; x_wconf 92' lang='lat' dir='ltr'><strong>et</strong></span> <span class='ocrx_word' id='word_1_137' title='bbox 2210 786 2398 853; x_wconf 88' lang='lat' dir='ltr'><strong>probo,</strong></span> <span class='ocrx_word' id='word_1_138' title='bbox 2425 794 2479 843; x_wconf 87' lang='lat' dir='ltr'><strong>et</strong></span> <span class='ocrx_word' id='word_1_139' title='bbox 2502 790 2768 852; x_wconf 85' lang='lat' dir='ltr'><strong>collaudo.</strong></span> <span class='ocrx_word' id='word_1_140' title='bbox 2801 802 2855 845; x_wconf 88' lang='lat' dir='ltr'><strong>et</strong></span> <span class='ocrx_word' id='word_1_141' title='bbox 2882 792 3227 848; x_wconf 87' lang='lat' dir='ltr'><strong>vehementer</strong></span> <span class='ocrx_word' id='word_1_142' title='bbox 3250 795 3506 849; x_wconf 84' lang='lat' dir='ltr'><strong>admiror.</strong></span> 
     </span>
    </p>
   </div>
   <div class='ocr_carea' id='block_1_23' title="bbox 1931 873 3507 950">
    <p class='ocr_par' dir='ltr' id='par_1_23' title="bbox 1931 873 3507 950">
     <span class='ocr_line' id='line_1_23' title="bbox 1931 873 3507 950; baseline 0.008 -25"><span class='ocrx_word' id='word_1_143' title='bbox 1931 873 2062 940; x_wconf 87' lang='lat' dir='ltr'><strong>Quia</strong></span> <span class='ocrx_word' id='word_1_144' title='bbox 2097 874 2221 929; x_wconf 91' lang='lat' dir='ltr'><strong>dum</strong></span> <span class='ocrx_word' id='word_1_145' title='bbox 2259 878 2347 930; x_wconf 91' lang='lat' dir='ltr'><strong>uni</strong></span> <span class='ocrx_word' id='word_1_146' title='bbox 2394 878 2723 947; x_wconf 88' lang='lat' dir='ltr'><strong>indisperato</strong></span> <span class='ocrx_word' id='word_1_147' title='bbox 2754 897 2849 950; x_wconf 91' lang='lat' dir='ltr'><strong>per</strong></span> <span class='ocrx_word' id='word_1_148' title='bbox 2886 883 3308 937; x_wconf 87' lang='lat' dir='ltr'><strong>admonitionem</strong></span> <span class='ocrx_word' id='word_1_149' title='bbox 3350 886 3507 950; x_wconf 76' lang='lat' dir='ltr'><strong>gladii</strong></span> 
     </span>
    </p>
   </div>
   <div class='ocr_carea' id='block_1_24' title="bbox 1930 964 3509 1041">
    <p class='ocr_par' dir='ltr' id='par_1_24' title="bbox 1930 964 3509 1041">
     <span class='ocr_line' id='line_1_24' title="bbox 1930 964 3509 1041; baseline 0.007 -24"><span class='ocrx_word' id='word_1_150' title='bbox 1930 965 2169 1031; x_wconf 79' lang='lat' dir='ltr'><strong>spiritale</strong></span> <span class='ocrx_word' id='word_1_151' title='bbox 2191 964 2348 1037; x_wconf 90' lang='lat' dir='ltr'><strong>[forte</strong></span> <span class='ocrx_word' id='word_1_152' title='bbox 2369 970 2638 1041; x_wconf 73' lang='lat' dir='ltr'><strong>spiritalis]</strong></span> <span class='ocrx_word' id='word_1_153' title='bbox 2664 987 2757 1039; x_wconf 90' lang='lat' dir='ltr'><strong>pro</strong></span> <span class='ocrx_word' id='word_1_154' title='bbox 2779 973 3047 1027; x_wconf 87' lang='lat' dir='ltr'><strong>reddenda</strong></span> <span class='ocrx_word' id='word_1_155' title='bbox 3068 975 3240 1028; x_wconf 84' lang='lat' dir='ltr'><strong>salute</strong></span> <span class='ocrx_word' id='word_1_156' title='bbox 3255 975 3509 1028; x_wconf 79' lang='lat' dir='ltr'><strong>intulistis</strong></span> 
     </span>
    </p>
   </div>
   <div class='ocr_carea' id='block_1_25' title="bbox 1929 1054 3506 1133">
    <p class='ocr_par' dir='ltr' id='par_1_25' title="bbox 1929 1054 3506 1133">
     <span class='ocr_line' id='line_1_25' title="bbox 1929 1054 3506 1133; baseline 0.006 -25"><span class='ocrx_word' id='word_1_157' title='bbox 1929 1054 2194 1121; x_wconf 86' lang='lat' dir='ltr'><strong>dolorem,</strong></span> <span class='ocrx_word' id='word_1_158' title='bbox 2226 1058 2412 1111; x_wconf 88' lang='lat' dir='ltr'><strong>multis</strong></span> <span class='ocrx_word' id='word_1_159' title='bbox 2440 1061 2745 1116; x_wconf 88' lang='lat' dir='ltr'><strong>contulistis</strong></span> <span class='ocrx_word' id='word_1_160' title='bbox 2795 1064 3164 1133; x_wconf 88' lang='lat' dir='ltr'><strong>languentibus</strong></span> <span class='ocrx_word' id='word_1_161' title='bbox 3200 1066 3506 1119; x_wconf 86' lang='lat' dir='ltr'><strong>sanitatem.</strong></span> 
     </span>
    </p>
   </div>
   <div class='ocr_carea' id='block_1_26' title="bbox 1933 1145 3504 1223">
    <p class='ocr_par' dir='ltr' id='par_1_26' title="bbox 1933 1145 3504 1223">
     <span class='ocr_line' id='line_1_26' title="bbox 1933 1145 3504 1223; baseline 0.004 -23"><span class='ocrx_word' id='word_1_162' title='bbox 1933 1145 2079 1200; x_wconf 82' lang='lat' dir='ltr'><strong>Multi</strong></span> <span class='ocrx_word' id='word_1_163' title='bbox 2102 1148 2300 1201; x_wconf 91' lang='lat' dir='ltr'><strong>etenim</strong></span> <span class='ocrx_word' id='word_1_164' title='bbox 2335 1150 2387 1202; x_wconf 92' lang='lat' dir='ltr'><strong>in</strong></span> <span class='ocrx_word' id='word_1_165' title='bbox 2417 1150 2656 1205; x_wconf 85' lang='lat' dir='ltr'><strong>Ecclesia</strong></span> <span class='ocrx_word' id='word_1_166' title='bbox 2688 1153 2776 1221; x_wconf 93' lang='lat' dir='ltr'><strong>qui</strong></span> <span class='ocrx_word' id='word_1_167' title='bbox 2803 1155 2980 1209; x_wconf 87' lang='lat' dir='ltr'><strong>curari</strong></span> <span class='ocrx_word' id='word_1_168' title='bbox 3021 1166 3291 1223; x_wconf 90' lang='lat' dir='ltr'><strong>nequeunt</strong></span> <span class='ocrx_word' id='word_1_169' title='bbox 3318 1158 3504 1221; x_wconf 82' lang='lat' dir='ltr'><strong>verbo,</strong></span> 
     </span>
    </p>
   </div>
   <div class='ocr_carea' id='block_1_27' title="bbox 1929 1226 3508 1307">
    <p class='ocr_par' dir='ltr' id='par_1_27' title="bbox 1929 1226 3508 1307">
     <span class='ocr_line' id='line_1_27' title="bbox 1929 1226 3508 1307; baseline 0.007 -19"><span class='ocrx_word' id='word_1_170' title='bbox 1929 1248 2187 1291; x_wconf 87' lang='lat' dir='ltr'><strong>sanantur</strong></span> <span class='ocrx_word' id='word_1_171' title='bbox 2214 1239 2483 1307; x_wconf 84' lang='lat' dir='ltr'><strong>exemplo.</strong></span> <span class='ocrx_word' id='word_1_172' title='bbox 2515 1240 2790 1307; x_wconf 88' lang='lat' dir='ltr'><strong>Superest,</strong></span> <span class='ocrx_word' id='word_1_173' title='bbox 2836 1226 3176 1299; x_wconf 85' lang='lat' dir='ltr'><strong>severitatem</strong></span> <span class='ocrx_word' id='word_1_174' title='bbox 3208 1247 3508 1301; x_wconf 82' lang='lat' dir='ltr'><strong>misericor-</strong></span> 
     </span>
    </p>
   </div>
   <div class='ocr_carea' id='block_1_28' title="bbox 1930 1326 3505 1402">
    <p class='ocr_par' dir='ltr' id='par_1_28' title="bbox 1930 1326 3505 1402">
     <span class='ocr_line' id='line_1_28' title="bbox 1930 1326 3505 1402; baseline 0.007 -25"><span class='ocrx_word' id='word_1_175' title='bbox 1930 1326 2015 1380; x_wconf 90' lang='lat' dir='ltr'><strong>dia</strong></span> <span class='ocrx_word' id='word_1_176' title='bbox 2050 1340 2428 1394; x_wconf 81' lang='lat' dir='ltr'><strong>consequatur,</strong></span> <span class='ocrx_word' id='word_1_177' title='bbox 2461 1340 2519 1383; x_wconf 90' lang='lat' dir='ltr'><strong>nt</strong></span> <span class='ocrx_word' id='word_1_178' title='bbox 2562 1333 2832 1400; x_wconf 83' lang='lat' dir='ltr'><strong>recipiatis</strong></span> <span class='ocrx_word' id='word_1_179' title='bbox 2874 1334 3093 1387; x_wconf 88' lang='lat' dir='ltr'><strong>lenitate</strong></span> <span class='ocrx_word' id='word_1_180' title='bbox 3137 1336 3505 1402; x_wconf 87' lang='lat' dir='ltr'><strong>patris,quent</strong></span> 
     </span>
    </p>
   </div>
   <div class='ocr_carea' id='block_1_29' title="bbox 1928 1418 3505 1491">
    <p class='ocr_par' dir='ltr' id='par_1_29' title="bbox 1928 1418 3505 1491">
     <span class='ocr_line' id='line_1_29' title="bbox 1928 1418 3505 1491; baseline 0.004 -20"><span class='ocrx_word' id='word_1_181' title='bbox 1928 1418 2264 1487; x_wconf 78' lang='lat' dir='ltr'><strong>corripuiStis</strong></span> <span class='ocrx_word' id='word_1_182' title='bbox 2284 1422 2603 1475; x_wconf 78' lang='lat' dir='ltr'><strong>auctoritate</strong></span> <span class='ocrx_word' id='word_1_183' title='bbox 2624 1422 2909 1489; x_wconf 86' lang='lat' dir='ltr'><strong>pontiﬁcis.</strong></span> <span class='ocrx_word' id='word_1_184' title='bbox 2929 1423 2989 1476; x_wconf 88' lang='lat' dir='ltr'><strong>Et</strong></span> <span class='ocrx_word' id='word_1_185' title='bbox 3010 1424 3158 1491; x_wconf 80' lang='lat' dir='ltr'><strong>juxta</strong></span> <span class='ocrx_word' id='word_1_186' title='bbox 3178 1424 3323 1476; x_wconf 89' lang='lat' dir='ltr'><strong>illutn</strong></span> <span class='ocrx_word' id='word_1_187' title='bbox 3346 1439 3505 1478; x_wconf 86' lang='lat' dir='ltr'><strong>evan-</strong></span> 
     </span>
    </p>
   </div>
   <div class='ocr_carea' id='block_1_30' title="bbox 1928 1509 3508 1581">
    <p class='ocr_par' dir='ltr' id='par_1_30' title="bbox 1928 1509 3508 1581">
     <span class='ocr_line' id='line_1_30' title="bbox 1928 1509 3508 1581; baseline 0.003 -20"><span class='ocrx_word' id='word_1_188' title='bbox 1928 1509 2156 1577; x_wconf 85' lang='lat' dir='ltr'><strong>gelicum</strong></span> <span class='ocrx_word' id='word_1_189' title='bbox 2180 1509 2330 1578; x_wconf 86' lang='lat' dir='ltr'><strong>(Luc.</strong></span> <span class='ocrx_word' id='word_1_190' title='bbox 2362 1526 2448 1574; x_wconf 74' lang='lat' dir='ltr'><strong>xv,</strong></span> <span class='ocrx_word' id='word_1_191' title='bbox 2472 1511 2583 1576; x_wconf 83' lang='grc'><strong>50),</strong></span> <span class='ocrx_word' id='word_1_192' title='bbox 2621 1511 2935 1565; x_wconf 78' lang='lat' dir='ltr'><strong>invocantes</strong></span> <span class='ocrx_word' id='word_1_193' title='bbox 2960 1528 3117 1579; x_wconf 90' lang='lat' dir='ltr'><strong>quem</strong></span> <span class='ocrx_word' id='word_1_194' title='bbox 3149 1527 3245 1565; x_wconf 90' lang='lat' dir='ltr'><strong>nos</strong></span> <span class='ocrx_word' id='word_1_195' title='bbox 3276 1528 3369 1581; x_wconf 88' lang='lat' dir='ltr'><strong>per</strong></span> <span class='ocrx_word' id='word_1_196' title='bbox 3393 1529 3508 1566; x_wconf 89' lang='lat' dir='ltr'><strong>om-</strong></span> 
     </span>
    </p>
   </div>
   <div class='ocr_carea' id='block_1_31' title="bbox 1929 1599 3505 1670">
    <p class='ocr_par' dir='ltr' id='par_1_31' title="bbox 1929 1599 3505 1670">
     <span class='ocr_line' id='line_1_31' title="bbox 1929 1599 3505 1670; baseline 0.002 -19"><span class='ocrx_word' id='word_1_197' title='bbox 1929 1599 2016 1652; x_wconf 92' lang='lat' dir='ltr'><strong>nia</strong></span> <span class='ocrx_word' id='word_1_198' title='bbox 2047 1608 2100 1653; x_wconf 95' lang='lat' dir='ltr'><strong>et</strong></span> <span class='ocrx_word' id='word_1_199' title='bbox 2124 1599 2275 1666; x_wconf 88' lang='lat' dir='ltr'><strong>sequi</strong></span> <span class='ocrx_word' id='word_1_200' title='bbox 2306 1608 2360 1654; x_wconf 90' lang='lat' dir='ltr'><strong>et</strong></span> <span class='ocrx_word' id='word_1_201' title='bbox 2383 1609 2596 1669; x_wconf 84' lang='lat' dir='ltr'><strong>oportet</strong></span> <span class='ocrx_word' id='word_1_202' title='bbox 2623 1602 2844 1664; x_wconf 88' lang='lat' dir='ltr'><strong>imitari,</strong></span> <span class='ocrx_word' id='word_1_203' title='bbox 2868 1602 2958 1670; x_wconf 89' lang='lat' dir='ltr'><strong>qui</strong></span> <span class='ocrx_word' id='word_1_204' title='bbox 2984 1602 3093 1655; x_wconf 90' lang='lat' dir='ltr'><strong>filio</strong></span> <span class='ocrx_word' id='word_1_205' title='bbox 3123 1611 3356 1670; x_wconf 65' lang='lat' dir='ltr'><strong>paternae</strong></span> <span class='ocrx_word' id='word_1_206' title='bbox 3375 1603 3505 1655; x_wconf 90' lang='lat' dir='ltr'><strong>sub-</strong></span> 
     </span>
    </p>
   </div>
   <div class='ocr_carea' id='block_1_32' title="bbox 1928 1689 3503 1756">
    <p class='ocr_par' dir='ltr' id='par_1_32' title="bbox 1928 1689 3503 1756">
     <span class='ocr_line' id='line_1_32' title="bbox 1928 1689 3503 1756; baseline 0.003 -15"><span class='ocrx_word' id='word_1_207' title='bbox 1928 1689 2138 1743; x_wconf 71' lang='lat' dir='ltr'><strong>stantiae</strong></span> <span class='ocrx_word' id='word_1_208' title='bbox 2179 1690 2484 1756; x_wconf 88' lang='lat' dir='ltr'><strong>decoctori,</strong></span> <span class='ocrx_word' id='word_1_209' title='bbox 2515 1700 2571 1745; x_wconf 92' lang='lat' dir='ltr'><strong>et</strong></span> <span class='ocrx_word' id='word_1_210' title='bbox 2615 1692 2817 1745; x_wconf 87' lang='lat' dir='ltr'><strong>facinus</strong></span> <span class='ocrx_word' id='word_1_211' title='bbox 2864 1692 3141 1746; x_wconf 83' lang='lat' dir='ltr'><strong>coofitenti</strong></span> <span class='ocrx_word' id='word_1_212' title='bbox 3185 1708 3287 1745; x_wconf 90' lang='lat' dir='ltr'><strong>non</strong></span> <span class='ocrx_word' id='word_1_213' title='bbox 3330 1691 3503 1746; x_wconf 91' lang='lat' dir='ltr'><strong>solum</strong></span> 
     </span>
    </p>
   </div>
   <div class='ocr_carea' id='block_1_33' title="bbox 252 1769 1822 1867">
    <p class='ocr_par' dir='ltr' id='par_1_33' title="bbox 252 1797 1822 1867">
     <span class='ocr_line' id='line_1_33' title="bbox 252 1797 1822 1867; baseline 0.001 -14"><span class='ocrx_word' id='word_1_214' title='bbox 252 1810 350 1853; x_wconf 82' lang='lat' dir='ltr'><strong>tate</strong></span> <span class='ocrx_word' id='word_1_215' title='bbox 371 1799 794 1854; x_wconf 84' lang='lat' dir='ltr'><strong>necessitudinis</strong></span> <span class='ocrx_word' id='word_1_216' title='bbox 805 1797 1034 1867; x_wconf 73' lang='lat' dir='ltr'><strong>iocunda</strong></span> <span class='ocrx_word' id='word_1_217' title='bbox 1060 1814 1193 1852; x_wconf 89' lang='lat' dir='ltr'><strong>nova</strong></span> <span class='ocrx_word' id='word_1_218' title='bbox 1217 1798 1521 1853; x_wconf 80' lang='lat' dir='ltr'><strong>calamitate</strong></span> <span class='ocrx_word' id='word_1_219' title='bbox 1542 1798 1822 1867; x_wconf 86' lang='lat' dir='ltr'><strong>deploran-</strong></span> 
     </span>
    </p>
   </div>
   <div class='ocr_carea' id='block_1_34' title="bbox 1925 1769 3503 1867">
    <p class='ocr_par' dir='ltr' id='par_1_34' title="bbox 1931 1781 3503 1851">
     <span class='ocr_line' id='line_1_34' title="bbox 1931 1781 3503 1851; baseline 0.003 -19"><span class='ocrx_word' id='word_1_220' title='bbox 1931 1781 2140 1834; x_wconf 88' lang='lat' dir='ltr'><strong>veniatn</strong></span> <span class='ocrx_word' id='word_1_221' title='bbox 2168 1781 2460 1835; x_wconf 85' lang='lat' dir='ltr'><strong>clementer</strong></span> <span class='ocrx_word' id='word_1_222' title='bbox 2491 1782 2773 1848; x_wconf 87' lang='lat' dir='ltr'><strong>impertiit,</strong></span> <span class='ocrx_word' id='word_1_223' title='bbox 2807 1798 2989 1835; x_wconf 76' lang='lat' dir='ltr'><strong>Verum</strong></span> <span class='ocrx_word' id='word_1_224' title='bbox 3028 1783 3186 1836; x_wconf 89' lang='lat' dir='ltr'><strong>etiam</strong></span> <span class='ocrx_word' id='word_1_225' title='bbox 3228 1783 3503 1851; x_wconf 85' lang='lat' dir='ltr'><strong>pristinam</strong></span> 
     </span>
    </p>
   </div>
   <div class='ocr_carea' id='block_1_35' title="bbox 254 1888 1826 1957">
    <p class='ocr_par' dir='ltr' id='par_1_35' title="bbox 254 1888 1826 1957">
     <span class='ocr_line' id='line_1_35' title="bbox 254 1888 1826 1957; baseline 0.001 -15"><span class='ocrx_word' id='word_1_226' title='bbox 254 1894 314 1943; x_wconf 86' lang='lat' dir='ltr'><strong>tis</strong></span> <span class='ocrx_word' id='word_1_227' title='bbox 336 1899 573 1943; x_wconf 77' lang='lat' dir='ltr'><strong>extorta.</strong></span> <span class='ocrx_word' id='word_1_228' title='bbox 604 1888 804 1941; x_wconf 86' lang='lat' dir='ltr'><strong>Tamen</strong></span> <span class='ocrx_word' id='word_1_229' title='bbox 834 1888 957 1955; x_wconf 89' lang='lat' dir='ltr'><strong>quia</strong></span> <span class='ocrx_word' id='word_1_230' title='bbox 984 1897 1329 1957; x_wconf 77' lang='lat' dir='ltr'><strong>spontaneatu</strong></span> <span class='ocrx_word' id='word_1_231' title='bbox 1355 1889 1619 1944; x_wconf 89' lang='lat' dir='ltr'><strong>scribendi</strong></span> <span class='ocrx_word' id='word_1_232' title='bbox 1650 1891 1826 1957; x_wconf 82' lang='lat' dir='ltr'><strong>negle-</strong></span> 
     </span>
    </p>
   </div>
   <div class='ocr_carea' id='block_1_36' title="bbox 252 1979 1825 2049">
    <p class='ocr_par' dir='ltr' id='par_1_36' title="bbox 252 1979 1825 2049">
     <span class='ocr_line' id='line_1_36' title="bbox 252 1979 1825 2049; baseline 0.002 -18"><span class='ocrx_word' id='word_1_233' title='bbox 252 1982 411 2047; x_wconf 75' lang='lat' dir='ltr'><strong>gimus</strong></span> <span class='ocrx_word' id='word_1_234' title='bbox 460 1982 715 2047; x_wconf 81' lang='lat' dir='ltr'><strong>gratiam,</strong></span> <span class='ocrx_word' id='word_1_235' title='bbox 764 1979 950 2033; x_wconf 84' lang='lat' dir='ltr'><strong>saltem</strong></span> <span class='ocrx_word' id='word_1_236' title='bbox 982 1980 1395 2049; x_wconf 65' lang='lat' dir='ltr'><strong>praetermittere</strong></span> <span class='ocrx_word' id='word_1_237' title='bbox 1424 1996 1528 2033; x_wconf 91' lang='lat' dir='ltr'><strong>non</strong></span> <span class='ocrx_word' id='word_1_238' title='bbox 1568 1980 1825 2034; x_wconf 86' lang='lat' dir='ltr'><strong>debemus</strong></span> 
     </span>
    </p>
   </div>
   <div class='ocr_carea' id='block_1_37' title="bbox 253 2070 1823 2140">
    <p class='ocr_par' dir='ltr' id='par_1_37' title="bbox 253 2070 1823 2140">
     <span class='ocr_line' id='line_1_37' title="bbox 253 2070 1823 2140; baseline 0 -17"><span class='ocrx_word' id='word_1_239' title='bbox 253 2076 526 2139; x_wconf 75' lang='lat' dir='ltr'><strong>ingestam.</strong></span> <span class='ocrx_word' id='word_1_240' title='bbox 571 2070 803 2136; x_wconf 83' lang='lat' dir='ltr'><strong>Ideoque</strong></span> <span class='ocrx_word' id='word_1_241' title='bbox 832 2085 928 2139; x_wconf 90' lang='lat' dir='ltr'><strong>per</strong></span> <span class='ocrx_word' id='word_1_242' title='bbox 970 2070 1184 2123; x_wconf 80' lang='lat' dir='ltr'><strong>fratrem</strong></span> <span class='ocrx_word' id='word_1_243' title='bbox 1233 2079 1287 2124; x_wconf 91' lang='lat' dir='ltr'><strong>et</strong></span> <span class='ocrx_word' id='word_1_244' title='bbox 1332 2071 1823 2140; x_wconf 85' lang='lat' dir='ltr'><strong>compresbyterum</strong></span> 
     </span>
    </p>
   </div>
   <div class='ocr_carea' id='block_1_38' title="bbox 251 2158 1823 2229">
    <p class='ocr_par' dir='ltr' id='par_1_38' title="bbox 251 2158 1823 2229">
     <span class='ocr_line' id='line_1_38' title="bbox 251 2158 1823 2229; baseline -0.002 -14"><span class='ocrx_word' id='word_1_245' title='bbox 251 2172 481 2217; x_wconf 84' lang='lat' dir='ltr'><strong>nostrum</strong></span> <span class='ocrx_word' id='word_1_246' title='bbox 516 2161 861 2223; x_wconf 74' lang='lat' dir='ltr'><strong>Maxentium,</strong></span> <span class='ocrx_word' id='word_1_247' title='bbox 907 2176 1065 2229; x_wconf 89' lang='lat' dir='ltr'><strong>quem</strong></span> <span class='ocrx_word' id='word_1_248' title='bbox 1097 2159 1250 2216; x_wconf 89' lang='lat' dir='ltr'><strong>nobis</strong></span> <span class='ocrx_word' id='word_1_249' title='bbox 1290 2158 1456 2214; x_wconf 80' lang='lat' dir='ltr'><strong>frater</strong></span> <span class='ocrx_word' id='word_1_250' title='bbox 1484 2159 1512 2198; x_wconf 70' lang='grc' dir='ltr'>δ</span> <span class='ocrx_word' id='word_1_251' title='bbox 1542 2162 1823 2229; x_wconf 81' lang='lat' dir='ltr'><strong>episc0pus</strong></span> 
     </span>
    </p>
   </div>
   <div class='ocr_carea' id='block_1_39' title="bbox 249 2252 1822 2322">
    <p class='ocr_par' dir='ltr' id='par_1_39' title="bbox 249 2252 1822 2322">
     <span class='ocr_line' id='line_1_39' title="bbox 249 2252 1822 2322; baseline -0.001 -14"><span class='ocrx_word' id='word_1_252' title='bbox 249 2254 403 2308; x_wconf 76' lang='lat' dir='ltr'><strong>iisitts</strong></span> <span class='ocrx_word' id='word_1_253' title='bbox 454 2252 876 2316; x_wconf 82' lang='lat' dir='ltr'><strong>commendavit,</strong></span> <span class='ocrx_word' id='word_1_254' title='bbox 912 2253 1057 2318; x_wconf 83' lang='lat' dir='ltr'><strong>dedi,</strong></span> <span class='ocrx_word' id='word_1_255' title='bbox 1101 2254 1294 2322; x_wconf 88' lang='lat' dir='ltr'><strong>quibus</strong></span> <span class='ocrx_word' id='word_1_256' title='bbox 1339 2254 1688 2320; x_wconf 66' lang='lat' dir='ltr'><strong>sosttitatione</strong></span> <span class='ocrx_word' id='word_1_257' title='bbox 1725 2254 1822 2307; x_wconf 87' lang='lat' dir='ltr'><strong>de-</strong></span> 
     </span>
    </p>
   </div>
   <div class='ocr_carea' id='block_1_40' title="bbox 252 2344 1824 2415">
    <p class='ocr_par' dir='ltr' id='par_1_40' title="bbox 252 2344 1824 2415">
     <span class='ocr_line' id='line_1_40' title="bbox 252 2344 1824 2415; baseline 0.001 -17"><span class='ocrx_word' id='word_1_258' title='bbox 252 2359 423 2411; x_wconf 60' lang='lat' dir='ltr'><strong>pensa,</strong></span> <span class='ocrx_word' id='word_1_259' title='bbox 448 2345 628 2415; x_wconf 86' lang='lat' dir='ltr'><strong>ipsum</strong></span> <span class='ocrx_word' id='word_1_260' title='bbox 656 2344 974 2413; x_wconf 84' lang='lat' dir='ltr'><strong>apostolatui</strong></span> <span class='ocrx_word' id='word_1_261' title='bbox 1001 2354 1198 2410; x_wconf 86' lang='lat' dir='ltr'><strong>vestro,</strong></span> <span class='ocrx_word' id='word_1_262' title='bbox 1234 2344 1525 2399; x_wconf 88' lang='lat' dir='ltr'><strong>secundum</strong></span> <span class='ocrx_word' id='word_1_263' title='bbox 1556 2346 1693 2412; x_wconf 93' lang='lat' dir='ltr'><strong>quod</strong></span> <span class='ocrx_word' id='word_1_264' title='bbox 1731 2360 1824 2413; x_wconf 83' lang='lat' dir='ltr'><strong>po-</strong></span> 
     </span>
    </p>
   </div>
   <div class='ocr_carea' id='block_1_41' title="bbox 250 2436 1823 2505">
    <p class='ocr_par' dir='ltr' id='par_1_41' title="bbox 250 2436 1823 2505">
     <span class='ocr_line' id='line_1_41' title="bbox 250 2436 1823 2505; baseline 0.002 -17"><span class='ocrx_word' id='word_1_265' title='bbox 250 2437 476 2501; x_wconf 82' lang='lat' dir='ltr'><strong>stulavit,</strong></span> <span class='ocrx_word' id='word_1_266' title='bbox 509 2437 757 2501; x_wconf 90' lang='lat' dir='ltr'><strong>insinuo;</strong></span> <span class='ocrx_word' id='word_1_267' title='bbox 785 2436 911 2505; x_wconf 91' lang='lat' dir='ltr'><strong>quia</strong></span> <span class='ocrx_word' id='word_1_268' title='bbox 936 2436 1045 2490; x_wconf 90' lang='lat' dir='ltr'><strong>illic</strong></span> <span class='ocrx_word' id='word_1_269' title='bbox 1076 2447 1234 2491; x_wconf 88' lang='lat' dir='ltr'><strong>notos</strong></span> <span class='ocrx_word' id='word_1_270' title='bbox 1255 2446 1306 2490; x_wconf 89' lang='lat' dir='ltr'><strong>et</strong></span> <span class='ocrx_word' id='word_1_271' title='bbox 1327 2436 1529 2490; x_wconf 89' lang='lat' dir='ltr'><strong>amicos</strong></span> <span class='ocrx_word' id='word_1_272' title='bbox 1552 2436 1747 2491; x_wconf 89' lang='lat' dir='ltr'><strong>habere</strong></span> <span class='ocrx_word' id='word_1_273' title='bbox 1764 2452 1823 2491; x_wconf 89' lang='lat' dir='ltr'><strong>se</strong></span> 
     </span>
    </p>
   </div>
   <div class='ocr_carea' id='block_1_42' title="bbox 248 2526 1820 2597">
    <p class='ocr_par' dir='ltr' id='par_1_42' title="bbox 248 2526 1820 2597">
     <span class='ocr_line' id='line_1_42' title="bbox 248 2526 1820 2597; baseline 0.003 -19"><span class='ocrx_word' id='word_1_274' title='bbox 248 2527 387 2593; x_wconf 87' lang='lat' dir='ltr'><strong>dicit,</strong></span> <span class='ocrx_word' id='word_1_275' title='bbox 418 2527 516 2597; x_wconf 89' lang='lat' dir='ltr'><strong>qui</strong></span> <span class='ocrx_word' id='word_1_276' title='bbox 540 2542 662 2580; x_wconf 89' lang='lat' dir='ltr'><strong>eum</strong></span> <span class='ocrx_word' id='word_1_277' title='bbox 692 2526 1004 2581; x_wconf 88' lang='lat' dir='ltr'><strong>beatitudini</strong></span> <span class='ocrx_word' id='word_1_278' title='bbox 1035 2536 1227 2580; x_wconf 76' lang='lat' dir='ltr'><strong>vestrze</strong></span> <span class='ocrx_word' id='word_1_279' title='bbox 1259 2527 1463 2596; x_wconf 74' lang='lat' dir='ltr'><strong>puSsint</strong></span> <span class='ocrx_word' id='word_1_280' title='bbox 1492 2528 1543 2581; x_wconf 92' lang='lat' dir='ltr'><strong>in</strong></span> <span class='ocrx_word' id='word_1_281' title='bbox 1574 2530 1820 2595; x_wconf 83' lang='lat' dir='ltr'><strong>praesenti</strong></span> 
     </span>
    </p>
   </div>
   <div class='ocr_carea' id='block_1_43' title="bbox 249 2619 1819 2689">
    <p class='ocr_par' dir='ltr' id='par_1_43' title="bbox 249 2619 1819 2689">
     <span class='ocr_line' id='line_1_43' title="bbox 249 2619 1819 2689; baseline 0.004 -19"><span class='ocrx_word' id='word_1_282' title='bbox 249 2619 447 2687; x_wconf 85' lang='lat' dir='ltr'><strong>plenius</strong></span> <span class='ocrx_word' id='word_1_283' title='bbox 490 2620 772 2683; x_wconf 88' lang='lat' dir='ltr'><strong>intimare,</strong></span> <span class='ocrx_word' id='word_1_284' title='bbox 822 2634 1047 2688; x_wconf 91' lang='lat' dir='ltr'><strong>quorum</strong></span> <span class='ocrx_word' id='word_1_285' title='bbox 1095 2620 1399 2674; x_wconf 90' lang='lat' dir='ltr'><strong>testimonio</strong></span> <span class='ocrx_word' id='word_1_286' title='bbox 1426 2621 1594 2689; x_wconf 88' lang='lat' dir='ltr'><strong>po-sit</strong></span> <span class='ocrx_word' id='word_1_287' title='bbox 1631 2622 1819 2689; x_wconf 89' lang='lat' dir='ltr'><strong>credi,</strong></span> 
     </span>
    </p>
   </div>
   <div class='ocr_carea' id='block_1_44' title="bbox 246 2711 1566 2781">
    <p class='ocr_par' dir='ltr' id='par_1_44' title="bbox 246 2711 1566 2781">
     <span class='ocr_line' id='line_1_44' title="bbox 246 2711 1566 2781; baseline 0.003 -18"><span class='ocrx_word' id='word_1_288' title='bbox 246 2713 375 2779; x_wconf 80' lang='lat' dir='ltr'><strong>quod</strong></span> <span class='ocrx_word' id='word_1_289' title='bbox 403 2712 701 2767; x_wconf 86' lang='lat' dir='ltr'><strong>assertioni</strong></span> <span class='ocrx_word' id='word_1_290' title='bbox 730 2711 900 2781; x_wconf 89' lang='lat' dir='ltr'><strong>ipsius</strong></span> <span class='ocrx_word' id='word_1_291' title='bbox 932 2711 1160 2766; x_wconf 84' lang='lat' dir='ltr'><strong>fortasse</strong></span> <span class='ocrx_word' id='word_1_292' title='bbox 1182 2727 1285 2765; x_wconf 90' lang='lat' dir='ltr'><strong>non</strong></span> <span class='ocrx_word' id='word_1_293' title='bbox 1312 2714 1566 2768; x_wconf 88' lang='lat' dir='ltr'><strong>creditur.</strong></span> 
     </span>
    </p>
   </div>
   <div class='ocr_carea' id='block_1_45' title="bbox 594 2802 1226 2857">
    <p class='ocr_par' dir='ltr' id='par_1_45' title="bbox 594 2802 1226 2857">
     <span class='ocr_line' id='line_1_45' title="bbox 594 2802 1226 2857; baseline 0.002 -2"><span class='ocrx_word' id='word_1_294' title='bbox 594 2807 600 2811; x_wconf 85' lang='grc'><strong>’</strong></span> <span class='ocrx_word' id='word_1_295' title='bbox 830 2802 1048 2857; x_wconf 83' lang='lat' dir='ltr'><strong>EPIST.</strong></span> <span class='ocrx_word' id='word_1_296' title='bbox 1096 2802 1226 2857; x_wconf 83' lang='lat' dir='ltr'><strong>LVI.</strong></span> 
     </span>
    </p>
   </div>
   <div class='ocr_carea' id='block_1_46' title="bbox 809 2894 1250 2965">
    <p class='ocr_par' dir='ltr' id='par_1_46' title="bbox 809 2894 1250 2965">
     <span class='ocr_line' id='line_1_46' title="bbox 809 2894 1250 2965; baseline 0.002 -18"><span class='ocrx_word' id='word_1_297' title='bbox 809 2894 941 2947; x_wconf 89' lang='lat' dir='ltr'><strong>Item</strong></span> <span class='ocrx_word' id='word_1_298' title='bbox 966 2897 1033 2947; x_wconf 86' lang='lat' dir='ltr'><strong>ad</strong></span> <span class='ocrx_word' id='word_1_299' title='bbox 1064 2896 1250 2965; x_wconf 87' lang='lat' dir='ltr'><strong>ipsum.</strong></span> 
     </span>
    </p>
   </div>
   <div class='ocr_carea' id='block_1_47' title="bbox 306 2986 1822 3054">
    <p class='ocr_par' dir='ltr' id='par_1_47' title="bbox 306 2986 1822 3054">
     <span class='ocr_line' id='line_1_47' title="bbox 306 2986 1822 3054; baseline -0.002 -13"><span class='ocrx_word' id='word_1_300' title='bbox 306 2986 425 3042; x_wconf 76' lang='lat' dir='ltr'><strong>Filii</strong></span> <span class='ocrx_word' id='word_1_301' title='bbox 456 2987 633 3041; x_wconf 85' lang='lat' dir='ltr'><strong>nostri</strong></span> <span class='ocrx_word' id='word_1_302' title='bbox 664 2986 912 3041; x_wconf 88' lang='lat' dir='ltr'><strong>Omacius</strong></span> <span class='ocrx_word' id='word_1_303' title='bbox 958 2995 1015 3038; x_wconf 87' lang='lat' dir='ltr'><strong>et</strong></span> <span class='ocrx_word' id='word_1_304' title='bbox 1053 2987 1347 3054; x_wconf 87' lang='lat' dir='ltr'><strong>Eparcliius</strong></span> <span class='ocrx_word' id='word_1_305' title='bbox 1378 2986 1443 3041; x_wconf 92' lang='lat' dir='ltr'><strong>ad</strong></span> <span class='ocrx_word' id='word_1_306' title='bbox 1487 3001 1577 3041; x_wconf 89' lang='lat' dir='ltr'><strong>me</strong></span> <span class='ocrx_word' id='word_1_307' title='bbox 1619 2987 1822 3041; x_wconf 88' lang='lat' dir='ltr'><strong>litteras</strong></span> 
     </span>
    </p>
   </div>
   <div class='ocr_carea' id='block_1_48' title="bbox 244 3076 1820 3148">
    <p class='ocr_par' dir='ltr' id='par_1_48' title="bbox 244 3076 1820 3148">
     <span class='ocr_line' id='line_1_48' title="bbox 244 3076 1820 3148; baseline 0 -17"><span class='ocrx_word' id='word_1_308' title='bbox 244 3079 417 3146; x_wconf 83' lang='lat' dir='ltr'><strong>plenas</strong></span> <span class='ocrx_word' id='word_1_309' title='bbox 450 3080 709 3147; x_wconf 55' lang='lat' dir='ltr'><strong>lacrimis</strong></span> <span class='ocrx_word' id='word_1_310' title='bbox 746 3087 801 3131; x_wconf 91' lang='lat' dir='ltr'><strong>et</strong></span> <span class='ocrx_word' id='word_1_311' title='bbox 823 3076 1191 3145; x_wconf 85' lang='lat' dir='ltr'><strong>deploratione</strong></span> <span class='ocrx_word' id='word_1_312' title='bbox 1214 3078 1493 3142; x_wconf 88' lang='lat' dir='ltr'><strong>miserunt,</strong></span> <span class='ocrx_word' id='word_1_313' title='bbox 1517 3077 1820 3148; x_wconf 89' lang='lat' dir='ltr'><strong>specialiter</strong></span> 
     </span>
    </p>
   </div>
   <div class='ocr_carea' id='block_1_49' title="bbox 245 3167 1818 3239">
    <p class='ocr_par' dir='ltr' id='par_1_49' title="bbox 245 3167 1818 3239">
     <span class='ocr_line' id='line_1_49' title="bbox 245 3167 1818 3239; baseline 0.002 -18"><span class='ocrx_word' id='word_1_314' title='bbox 245 3174 590 3238; x_wconf 77' lang='lat' dir='ltr'><strong>deprecantes</strong></span> <span class='ocrx_word' id='word_1_315' title='bbox 620 3177 679 3222; x_wconf 93' lang='lat' dir='ltr'><strong>ut</strong></span> <span class='ocrx_word' id='word_1_316' title='bbox 720 3170 857 3236; x_wconf 76' lang='lat' dir='ltr'><strong>apud</strong></span> <span class='ocrx_word' id='word_1_317' title='bbox 891 3167 1228 3222; x_wconf 88' lang='lat' dir='ltr'><strong>sanctitatem</strong></span> <span class='ocrx_word' id='word_1_318' title='bbox 1270 3176 1505 3223; x_wconf 85' lang='lat' dir='ltr'><strong>vestram</strong></span> <span class='ocrx_word' id='word_1_319' title='bbox 1537 3184 1631 3237; x_wconf 91' lang='lat' dir='ltr'><strong>pro</strong></span> <span class='ocrx_word' id='word_1_320' title='bbox 1670 3170 1818 3239; x_wconf 86' lang='lat' dir='ltr'><strong>igno-</strong></span> 
     </span>
    </p>
   </div>
   <div class='ocr_carea' id='block_1_50' title="bbox 245 3256 1821 3327">
    <p class='ocr_par' dir='ltr' id='par_1_50' title="bbox 245 3256 1821 3327">
     <span class='ocr_line' id='line_1_50' title="bbox 245 3256 1821 3327; baseline -0.001 -14"><span class='ocrx_word' id='word_1_321' title='bbox 245 3260 421 3313; x_wconf 66' lang='lat' dir='ltr'><strong>rantiae</strong></span> <span class='ocrx_word' id='word_1_322' title='bbox 448 3257 622 3327; x_wconf 80' lang='lat' dir='ltr'><strong>ipsius</strong></span> <span class='ocrx_word' id='word_1_323' title='bbox 656 3256 746 3311; x_wconf 84' lang='lat' dir='ltr'><strong>lilii</strong></span> <span class='ocrx_word' id='word_1_324' title='bbox 778 3257 944 3311; x_wconf 79' lang='lat' dir='ltr'><strong>nostri</strong></span> <span class='ocrx_word' id='word_1_325' title='bbox 970 3257 1219 3325; x_wconf 86' lang='lat' dir='ltr'><strong>Eparchii</strong></span> <span class='ocrx_word' id='word_1_326' title='bbox 1261 3259 1583 3312; x_wconf 89' lang='lat' dir='ltr'><strong>intercessor</strong></span> <span class='ocrx_word' id='word_1_327' title='bbox 1625 3259 1821 3313; x_wconf 70' lang='lat' dir='ltr'><strong>existe-</strong></span> 
     </span>
    </p>
   </div>
   <div class='ocr_carea' id='block_1_51' title="bbox 247 3348 1820 3417">
    <p class='ocr_par' dir='ltr' id='par_1_51' title="bbox 247 3348 1820 3417">
     <span class='ocr_line' id='line_1_51' title="bbox 247 3348 1820 3417; baseline -0.001 -14"><span class='ocrx_word' id='word_1_328' title='bbox 247 3366 384 3414; x_wconf 83' lang='lat' dir='ltr'><strong>rent;</strong></span> <span class='ocrx_word' id='word_1_329' title='bbox 429 3348 771 3403; x_wconf 81' lang='lat' dir='ltr'><strong>confidentes</strong></span> <span class='ocrx_word' id='word_1_330' title='bbox 794 3348 932 3417; x_wconf 85' lang='lat' dir='ltr'><strong>quod</strong></span> <span class='ocrx_word' id='word_1_331' title='bbox 960 3363 1054 3416; x_wconf 90' lang='lat' dir='ltr'><strong>pro</strong></span> <span class='ocrx_word' id='word_1_332' title='bbox 1083 3362 1264 3402; x_wconf 89' lang='lat' dir='ltr'><strong>amore</strong></span> <span class='ocrx_word' id='word_1_333' title='bbox 1301 3362 1485 3404; x_wconf 81' lang='lat' dir='ltr'><strong>mutuo</strong></span> <span class='ocrx_word' id='word_1_334' title='bbox 1512 3349 1642 3403; x_wconf 82' lang='lat' dir='ltr'><strong>nihil</strong></span> <span class='ocrx_word' id='word_1_335' title='bbox 1667 3349 1820 3404; x_wconf 89' lang='lat' dir='ltr'><strong>nobis</strong></span> 
     </span>
    </p>
   </div>
   <div class='ocr_carea' id='block_1_52' title="bbox 245 3438 1816 3510">
    <p class='ocr_par' dir='ltr' id='par_1_52' title="bbox 245 3438 1816 3510">
     <span class='ocr_line' id='line_1_52' title="bbox 245 3438 1816 3510; baseline -0.001 -16"><span class='ocrx_word' id='word_1_336' title='bbox 245 3456 429 3510; x_wconf 83' lang='lat' dir='ltr'><strong>negare</strong></span> <span class='ocrx_word' id='word_1_337' title='bbox 480 3438 777 3494; x_wconf 84' lang='lat' dir='ltr'><strong>deberetis.</strong></span> <span class='ocrx_word' id='word_1_338' title='bbox 847 3438 1097 3506; x_wconf 88' lang='lat' dir='ltr'><strong>Idemque</strong></span> <span class='ocrx_word' id='word_1_339' title='bbox 1146 3438 1514 3508; x_wconf 80' lang='lat' dir='ltr'><strong>presbyterum</strong></span> <span class='ocrx_word' id='word_1_340' title='bbox 1574 3448 1816 3494; x_wconf 90' lang='lat' dir='ltr'><strong>nostrum</strong></span> 
     </span>
    </p>
   </div>
   <div class='ocr_carea' id='block_1_53' title="bbox 250 3530 1816 3599">
    <p class='ocr_par' dir='ltr' id='par_1_53' title="bbox 250 3530 1816 3599">
     <span class='ocr_line' id='line_1_53' title="bbox 250 3530 1816 3599; baseline 0.001 -16"><span class='ocrx_word' id='word_1_341' title='bbox 250 3533 590 3587; x_wconf 82' lang='lat' dir='ltr'><strong>l‘usebiolum</strong></span> <span class='ocrx_word' id='word_1_342' title='bbox 611 3531 674 3583; x_wconf 87' lang='lat' dir='ltr'><strong>ad</strong></span> <span class='ocrx_word' id='word_1_343' title='bbox 698 3531 950 3599; x_wconf 87' lang='lat' dir='ltr'><strong>pietatem</strong></span> <span class='ocrx_word' id='word_1_344' title='bbox 973 3542 1201 3584; x_wconf 70' lang='lat' dir='ltr'><strong>vesuam</strong></span> <span class='ocrx_word' id='word_1_345' title='bbox 1234 3531 1287 3583; x_wconf 90' lang='lat' dir='ltr'><strong>in</strong></span> <span class='ocrx_word' id='word_1_346' title='bbox 1319 3530 1417 3584; x_wconf 86' lang='lat' dir='ltr'><strong>hac</strong></span> <span class='ocrx_word' id='word_1_347' title='bbox 1445 3545 1603 3585; x_wconf 86' lang='lat' dir='ltr'><strong>causa</strong></span> <span class='ocrx_word' id='word_1_348' title='bbox 1624 3531 1816 3585; x_wconf 80' lang='lat' dir='ltr'><strong>direxi.</strong></span> 
     </span>
    </p>
   </div>
   <div class='ocr_carea' id='block_1_54' title="bbox 244 3621 1822 3692">
    <p class='ocr_par' dir='ltr' id='par_1_54' title="bbox 244 3621 1822 3692">
     <span class='ocr_line' id='line_1_54' title="bbox 244 3621 1822 3692; baseline -0.001 -15"><span class='ocrx_word' id='word_1_349' title='bbox 244 3622 337 3677; x_wconf 71' lang='lat' dir='ltr'><strong>Prr</strong></span> <span class='ocrx_word' id='word_1_350' title='bbox 363 3638 528 3691; x_wconf 87' lang='lat' dir='ltr'><strong>quem</strong></span> <span class='ocrx_word' id='word_1_351' title='bbox 559 3623 730 3677; x_wconf 88' lang='lat' dir='ltr'><strong>saluto</strong></span> <span class='ocrx_word' id='word_1_352' title='bbox 752 3622 1060 3691; x_wconf 86' lang='lat' dir='ltr'><strong>plurimum,</strong></span> <span class='ocrx_word' id='word_1_353' title='bbox 1090 3630 1145 3676; x_wconf 88' lang='lat' dir='ltr'><strong>et</strong></span> <span class='ocrx_word' id='word_1_354' title='bbox 1173 3636 1303 3692; x_wconf 91' lang='lat' dir='ltr'><strong>rogo</strong></span> <span class='ocrx_word' id='word_1_355' title='bbox 1333 3630 1391 3676; x_wconf 91' lang='lat' dir='ltr'><strong>ut</strong></span> <span class='ocrx_word' id='word_1_356' title='bbox 1412 3621 1654 3691; x_wconf 70' lang='lat' dir='ltr'><strong>praefato,</strong></span> <span class='ocrx_word' id='word_1_357' title='bbox 1680 3622 1822 3677; x_wconf 87' lang='lat' dir='ltr'><strong>sicut</strong></span> 
     </span>
    </p>
   </div>
   <div class='ocr_carea' id='block_1_55' title="bbox 245 3696 1818 3783">
    <p class='ocr_par' dir='ltr' id='par_1_55' title="bbox 245 3696 1818 3783">
     <span class='ocr_line' id='line_1_55' title="bbox 245 3696 1818 3783; baseline 0.001 -18"><span class='ocrx_word' id='word_1_358' title='bbox 245 3704 425 3777; x_wconf 66' lang='lat' dir='ltr'><strong>de&#39;ct,</strong></span> <span class='ocrx_word' id='word_1_359' title='bbox 482 3712 815 3768; x_wconf 84' lang='lat' dir='ltr'><strong>sufficienter</strong></span> <span class='ocrx_word' id='word_1_360' title='bbox 850 3696 1167 3777; x_wconf 82' lang='lat' dir='ltr'><strong>admonito,</strong></span> <span class='ocrx_word' id='word_1_361' title='bbox 1213 3711 1598 3783; x_wconf 84' lang='lat' dir='ltr'><strong>indulgentiam</strong></span> <span class='ocrx_word' id='word_1_362' title='bbox 1649 3712 1818 3766; x_wconf 90' lang='lat' dir='ltr'><strong>errori</strong></span> 
     </span>
    </p>
   </div>
   <div class='ocr_carea' id='block_1_56' title="bbox 246 3804 1817 3875">
    <p class='ocr_par' dir='ltr' id='par_1_56' title="bbox 246 3804 1817 3875">
     <span class='ocr_line' id='line_1_56' title="bbox 246 3804 1817 3875; baseline -0.001 -16"><span class='ocrx_word' id='word_1_363' title='bbox 246 3807 378 3863; x_wconf 79' lang='lat' dir='ltr'><strong>illius</strong></span> <span class='ocrx_word' id='word_1_364' title='bbox 407 3806 545 3862; x_wconf 87' lang='lat' dir='ltr'><strong>dare</strong></span> <span class='ocrx_word' id='word_1_365' title='bbox 568 3820 665 3875; x_wconf 92' lang='lat' dir='ltr'><strong>pro</strong></span> <span class='ocrx_word' id='word_1_366' title='bbox 686 3812 866 3859; x_wconf 91' lang='lat' dir='ltr'><strong>nostra</strong></span> <span class='ocrx_word' id='word_1_367' title='bbox 899 3814 922 3843; x_wconf 77' lang='grc' dir='ltr'><strong>ο</strong></span> <span class='ocrx_word' id='word_1_368' title='bbox 954 3805 1343 3873; x_wconf 77' lang='lat' dir='ltr'><strong>supplicatione</strong></span> <span class='ocrx_word' id='word_1_369' title='bbox 1374 3806 1594 3860; x_wconf 89' lang='lat' dir='ltr'><strong>minime</strong></span> <span class='ocrx_word' id='word_1_370' title='bbox 1619 3804 1817 3871; x_wconf 87' lang='lat' dir='ltr'><strong>iniqua.</strong></span> 
     </span>
    </p>
   </div>
   <div class='ocr_carea' id='block_1_57' title="bbox 244 3896 1822 3967">
    <p class='ocr_par' dir='ltr' id='par_1_57' title="bbox 244 3896 1822 3967">
     <span class='ocr_line' id='line_1_57' title="bbox 244 3896 1822 3967; baseline -0.003 -13"><span class='ocrx_word' id='word_1_371' title='bbox 244 3899 385 3954; x_wconf 89' lang='lat' dir='ltr'><strong>Sicut</strong></span> <span class='ocrx_word' id='word_1_372' title='bbox 430 3899 489 3953; x_wconf 89' lang='lat' dir='ltr'><strong>in</strong></span> <span class='ocrx_word' id='word_1_373' title='bbox 533 3897 849 3952; x_wconf 83' lang='lat' dir='ltr'><strong>defensione</strong></span> <span class='ocrx_word' id='word_1_374' title='bbox 888 3897 1091 3965; x_wconf 86' lang='lat' dir='ltr'><strong>peccati</strong></span> <span class='ocrx_word' id='word_1_375' title='bbox 1130 3896 1291 3951; x_wconf 80' lang='lat' dir='ltr'><strong>stulte</strong></span> <span class='ocrx_word' id='word_1_376' title='bbox 1337 3906 1495 3967; x_wconf 86' lang='lat' dir='ltr'><strong>atque</strong></span> <span class='ocrx_word' id='word_1_377' title='bbox 1533 3897 1822 3951; x_wconf 86' lang='lat' dir='ltr'><strong>infideliter</strong></span> 
     </span>
    </p>
   </div>
   <div class='ocr_carea' id='block_1_58' title="bbox 244 3985 1822 4060">
    <p class='ocr_par' dir='ltr' id='par_1_58' title="bbox 244 3985 1822 4060">
     <span class='ocr_line' id='line_1_58' title="bbox 244 3985 1822 4060; baseline -0.001 -16"><span class='ocrx_word' id='word_1_378' title='bbox 244 3990 546 4059; x_wconf 83' lang='lat' dir='ltr'><strong>perduranti</strong></span> <span class='ocrx_word' id='word_1_379' title='bbox 562 3988 738 4058; x_wconf 88' lang='lat' dir='ltr'><strong>culpa,</strong></span> <span class='ocrx_word' id='word_1_380' title='bbox 760 3987 933 4043; x_wconf 90' lang='lat' dir='ltr'><strong>donec</strong></span> <span class='ocrx_word' id='word_1_381' title='bbox 955 3998 1425 4057; x_wconf 87' lang='lat' dir='ltr'><strong>agnoscatrcatum</strong></span> <span class='ocrx_word' id='word_1_382' title='bbox 1442 3985 1468 4024; x_wconf 78' lang='grc' dir='ltr'>ά</span> <span class='ocrx_word' id='word_1_383' title='bbox 1485 3988 1635 4060; x_wconf 89' lang='lat' dir='ltr'><strong>(non)</strong></span> <span class='ocrx_word' id='word_1_384' title='bbox 1664 3989 1822 4043; x_wconf 86' lang='lat' dir='ltr'><strong>debet</strong></span> 
     </span>
    </p>
   </div>
   <div class='ocr_carea' id='block_1_59' title="bbox 243 4080 1821 4151">
    <p class='ocr_par' dir='ltr' id='par_1_59' title="bbox 243 4080 1821 4151">
     <span class='ocr_line' id='line_1_59' title="bbox 243 4080 1821 4151; baseline -0.001 -15"><span class='ocrx_word' id='word_1_385' title='bbox 243 4083 495 4143; x_wconf 80' lang='lat' dir='ltr'><strong>relaxari.</strong></span> <span class='ocrx_word' id='word_1_386' title='bbox 527 4081 600 4135; x_wconf 89' lang='lat' dir='ltr'><strong>ita</strong></span> <span class='ocrx_word' id='word_1_387' title='bbox 632 4080 834 4151; x_wconf 86' lang='lat' dir='ltr'><strong>agnitio</strong></span> <span class='ocrx_word' id='word_1_388' title='bbox 872 4080 1077 4150; x_wconf 84' lang='lat' dir='ltr'><strong>peccati</strong></span> <span class='ocrx_word' id='word_1_389' title='bbox 1126 4080 1284 4136; x_wconf 87' lang='lat' dir='ltr'><strong>debet</strong></span> <span class='ocrx_word' id='word_1_390' title='bbox 1326 4080 1573 4136; x_wconf 88' lang='lat' dir='ltr'><strong>conferre</strong></span> <span class='ocrx_word' id='word_1_391' title='bbox 1609 4081 1821 4136; x_wconf 79' lang='lat' dir='ltr'><strong>veniam</strong></span> 
     </span>
    </p>
   </div>
   <div class='ocr_carea' id='block_1_60' title="bbox 243 4172 1821 4229">
    <p class='ocr_par' dir='ltr' id='par_1_60' title="bbox 243 4172 1821 4229">
     <span class='ocr_line' id='line_1_60' title="bbox 243 4172 1821 4229; baseline 0 -2"><span class='ocrx_word' id='word_1_392' title='bbox 243 4174 542 4229; x_wconf 81' lang='lat' dir='ltr'><strong>confitenti.</strong></span> <span class='ocrx_word' id='word_1_393' title='bbox 560 4173 878 4228; x_wconf 80' lang='lat' dir='ltr'><strong>Remedium</strong></span> <span class='ocrx_word' id='word_1_394' title='bbox 906 4181 993 4228; x_wconf 84' lang='lat' dir='ltr'><strong>est</strong></span> <span class='ocrx_word' id='word_1_395' title='bbox 1011 4173 1151 4229; x_wconf 90' lang='lat' dir='ltr'><strong>enim</strong></span> <span class='ocrx_word' id='word_1_396' title='bbox 1185 4173 1307 4227; x_wconf 90' lang='lat' dir='ltr'><strong>mali</strong></span> <span class='ocrx_word' id='word_1_397' title='bbox 1328 4172 1595 4228; x_wconf 87' lang='lat' dir='ltr'><strong>confessio</strong></span> <span class='ocrx_word' id='word_1_398' title='bbox 1618 4188 1721 4227; x_wconf 92' lang='lat' dir='ltr'><strong>non</strong></span> <span class='ocrx_word' id='word_1_399' title='bbox 1745 4174 1821 4227; x_wconf 86' lang='lat' dir='ltr'><strong>si-</strong></span> 
     </span>
    </p>
   </div>
   <div class='ocr_carea' id='block_1_61' title="bbox 245 4263 1820 4333">
    <p class='ocr_par' dir='ltr' id='par_1_61' title="bbox 245 4263 1820 4333">
     <span class='ocr_line' id='line_1_61' title="bbox 245 4263 1820 4333; baseline -0.001 -15"><span class='ocrx_word' id='word_1_400' title='bbox 245 4266 441 4320; x_wconf 89' lang='lat' dir='ltr'><strong>mulata</strong></span> <span class='ocrx_word' id='word_1_401' title='bbox 468 4265 687 4329; x_wconf 91' lang='lat' dir='ltr'><strong>delicti;</strong></span> <span class='ocrx_word' id='word_1_402' title='bbox 713 4279 813 4318; x_wconf 90' lang='lat' dir='ltr'><strong>nec</strong></span> <span class='ocrx_word' id='word_1_403' title='bbox 842 4263 1027 4319; x_wconf 89' lang='lat' dir='ltr'><strong>ultioni</strong></span> <span class='ocrx_word' id='word_1_404' title='bbox 1056 4263 1279 4332; x_wconf 66' lang='lat' dir='ltr'><strong>publica:</strong></span> <span class='ocrx_word' id='word_1_405' title='bbox 1306 4263 1626 4333; x_wconf 87' lang='lat' dir='ltr'><strong>relinquitur</strong></span> <span class='ocrx_word' id='word_1_406' title='bbox 1651 4263 1820 4329; x_wconf 84' lang='lat' dir='ltr'><strong>locus,</strong></span> 
     </span>
    </p>
   </div>
   <div class='ocr_carea' id='block_1_62' title="bbox 245 4356 1425 4424">
    <p class='ocr_par' dir='ltr' id='par_1_62' title="bbox 245 4356 1425 4424">
     <span class='ocr_line' id='line_1_62' title="bbox 245 4356 1425 4424; baseline 0.001 -14"><span class='ocrx_word' id='word_1_407' title='bbox 245 4356 329 4411; x_wconf 89' lang='lat' dir='ltr'><strong>ubi</strong></span> <span class='ocrx_word' id='word_1_408' title='bbox 357 4373 488 4415; x_wconf 88' lang='lat' dir='ltr'><strong>reus</strong></span> <span class='ocrx_word' id='word_1_409' title='bbox 509 4356 840 4413; x_wconf 87' lang='lat' dir='ltr'><strong>conscientia</strong></span> <span class='ocrx_word' id='word_1_410' title='bbox 873 4364 1154 4424; x_wconf 90' lang='lat' dir='ltr'><strong>torquente</strong></span> <span class='ocrx_word' id='word_1_411' title='bbox 1185 4356 1425 4424; x_wconf 90' lang='lat' dir='ltr'><strong>punitur.</strong></span> 
     </span>
    </p>
   </div>
   <div class='ocr_carea' id='block_1_63' title="bbox 819 4447 1231 4502">
    <p class='ocr_par' dir='ltr' id='par_1_63' title="bbox 819 4447 1231 4502">
     <span class='ocr_line' id='line_1_63' title="bbox 819 4447 1231 4502; baseline 0 0"><span class='ocrx_word' id='word_1_412' title='bbox 819 4447 1034 4502; x_wconf 84' lang='lat' dir='ltr'><strong>EPIST.</strong></span> <span class='ocrx_word' id='word_1_413' title='bbox 1076 4447 1231 4502; x_wconf 86' lang='lat' dir='ltr'><strong>LVII.</strong></span> 
     </span>
    </p>
   </div>
   <div class='ocr_carea' id='block_1_64' title="bbox 630 4536 1432 4608">
    <p class='ocr_par' dir='ltr' id='par_1_64' title="bbox 630 4536 1432 4608">
     <span class='ocr_line' id='line_1_64' title="bbox 630 4536 1432 4608; baseline 0 -17"><span class='ocrx_word' id='word_1_414' title='bbox 630 4537 764 4591; x_wconf 79' lang='lat' dir='ltr'><strong>Item</strong></span> <span class='ocrx_word' id='word_1_415' title='bbox 791 4536 894 4590; x_wconf 85' lang='lat' dir='ltr'><strong>alia</strong></span> <span class='ocrx_word' id='word_1_416' title='bbox 924 4537 1123 4590; x_wconf 72' lang='grc' dir='ltr'><strong>Βατίεἱὶ</strong></span> <span class='ocrx_word' id='word_1_417' title='bbox 1152 4541 1216 4590; x_wconf 83' lang='lat' dir='ltr'><strong>ad</strong></span> <span class='ocrx_word' id='word_1_418' title='bbox 1248 4539 1432 4608; x_wconf 85' lang='lat' dir='ltr'><strong>ipsum.</strong></span> 
     </span>
    </p>
   </div>
   <div class='ocr_carea' id='block_1_65' title="bbox 308 4628 1821 4699">
    <p class='ocr_par' dir='ltr' id='par_1_65' title="bbox 308 4628 1821 4699">
     <span class='ocr_line' id='line_1_65' title="bbox 308 4628 1821 4699; baseline -0.002 -11"><span class='ocrx_word' id='word_1_419' title='bbox 308 4633 449 4687; x_wconf 80' lang='lat' dir='ltr'><strong>Ante</strong></span> <span class='ocrx_word' id='word_1_420' title='bbox 479 4631 622 4686; x_wconf 89' lang='lat' dir='ltr'><strong>diem</strong></span> <span class='ocrx_word' id='word_1_421' title='bbox 647 4644 806 4699; x_wconf 85' lang='lat' dir='ltr'><strong>quani</strong></span> <span class='ocrx_word' id='word_1_422' title='bbox 832 4630 1037 4683; x_wconf 89' lang='lat' dir='ltr'><strong>litteras</strong></span> <span class='ocrx_word' id='word_1_423' title='bbox 1062 4638 1253 4683; x_wconf 65' lang='lat' dir='ltr'><strong>vestra</strong></span> <span class='ocrx_word' id='word_1_424' title='bbox 1282 4628 1580 4683; x_wconf 87' lang='lat' dir='ltr'><strong>sanctitatis</strong></span> <span class='ocrx_word' id='word_1_425' title='bbox 1598 4642 1821 4696; x_wconf 85' lang='lat' dir='ltr'><strong>accepe-</strong></span> 
     </span>
    </p>
   </div>
   <div class='ocr_carea' id='block_1_66' title="bbox 243 4716 1822 4792">
    <p class='ocr_par' dir='ltr' id='par_1_66' title="bbox 243 4716 1822 4792">
     <span class='ocr_line' id='line_1_66' title="bbox 243 4716 1822 4792; baseline -0.003 -15"><span class='ocrx_word' id='word_1_426' title='bbox 243 4722 365 4791; x_wconf 90' lang='lat' dir='ltr'><strong>rim,</strong></span> <span class='ocrx_word' id='word_1_427' title='bbox 392 4716 893 4792; x_wconf 68' lang='lat' dir='ltr'><strong>compresbykérum</strong></span> <span class='ocrx_word' id='word_1_428' title='bbox 916 4733 1116 4785; x_wconf 88' lang='lat' dir='ltr'><strong>meum,</strong></span> <span class='ocrx_word' id='word_1_429' title='bbox 1135 4721 1271 4773; x_wconf 91' lang='lat' dir='ltr'><strong>sicut</strong></span> <span class='ocrx_word' id='word_1_430' title='bbox 1294 4718 1410 4789; x_wconf 68' lang='lat' dir='ltr'><strong>ipso</strong></span> <span class='ocrx_word' id='word_1_431' title='bbox 1438 4718 1703 4774; x_wconf 86' lang='lat' dir='ltr'><strong>referente</strong></span> <span class='ocrx_word' id='word_1_432' title='bbox 1727 4734 1822 4787; x_wconf 87' lang='lat' dir='ltr'><strong>po-</strong></span> 
     </span>
    </p>
   </div>
   <div class='ocr_carea' id='block_1_67' title="bbox 242 4809 1818 4885">
    <p class='ocr_par' dir='ltr' id='par_1_67' title="bbox 242 4809 1818 4885">
     <span class='ocr_line' id='line_1_67' title="bbox 242 4809 1818 4885; baseline -0.003 -17"><span class='ocrx_word' id='word_1_433' title='bbox 242 4817 413 4870; x_wconf 87' lang='lat' dir='ltr'><strong>teritis</strong></span> <span class='ocrx_word' id='word_1_434' title='bbox 435 4828 748 4885; x_wconf 86' lang='lat' dir='ltr'><strong>agnoscere,</strong></span> <span class='ocrx_word' id='word_1_435' title='bbox 779 4812 843 4867; x_wconf 78' lang='lat' dir='ltr'><strong>ad</strong></span> <span class='ocrx_word' id='word_1_436' title='bbox 864 4811 1270 4882; x_wconf 88' lang='lat' dir='ltr'><strong>germanitatcm</strong></span> <span class='ocrx_word' id='word_1_437' title='bbox 1299 4819 1530 4865; x_wconf 88' lang='lat' dir='ltr'><strong>vestram</strong></span> <span class='ocrx_word' id='word_1_438' title='bbox 1557 4809 1610 4863; x_wconf 89' lang='lat' dir='ltr'><strong>in</strong></span> <span class='ocrx_word' id='word_1_439' title='bbox 1631 4811 1818 4864; x_wconf 88' lang='lat' dir='ltr'><strong>eadem</strong></span> 
     </span>
    </p>
   </div>
   <div class='ocr_carea' id='block_1_68' title="bbox 242 4900 1821 4974">
    <p class='ocr_par' dir='ltr' id='par_1_68' title="bbox 242 4900 1821 4974">
     <span class='ocr_line' id='line_1_68' title="bbox 242 4900 1821 4974; baseline -0.001 -17"><span class='ocrx_word' id='word_1_440' title='bbox 242 4921 343 4973; x_wconf 85' lang='lat' dir='ltr'><strong>qua</strong></span> <span class='ocrx_word' id='word_1_441' title='bbox 373 4905 505 4960; x_wconf 89' lang='lat' dir='ltr'><strong>mihi</strong></span> <span class='ocrx_word' id='word_1_442' title='bbox 536 4904 831 4974; x_wconf 82' lang='lat' dir='ltr'><strong>scripsistis</strong></span> <span class='ocrx_word' id='word_1_443' title='bbox 867 4916 1026 4957; x_wconf 85' lang='lat' dir='ltr'><strong>causa</strong></span> <span class='ocrx_word' id='word_1_444' title='bbox 1057 4901 1384 4956; x_wconf 78' lang='lat' dir='ltr'><strong>direxeram.</strong></span> <span class='ocrx_word' id='word_1_445' title='bbox 1425 4900 1496 4956; x_wconf 82' lang='lat' dir='ltr'><strong>Et</strong></span> <span class='ocrx_word' id='word_1_446' title='bbox 1535 4902 1659 4970; x_wconf 88' lang='lat' dir='ltr'><strong>quia</strong></span> <span class='ocrx_word' id='word_1_447' title='bbox 1690 4901 1821 4957; x_wconf 90' lang='lat' dir='ltr'><strong>mihi</strong></span> 
     </span>
    </p>
   </div>
   <div class='ocr_carea' id='block_1_69' title="bbox 242 4990 1817 5063">
    <p class='ocr_par' dir='ltr' id='par_1_69' title="bbox 242 4990 1817 5063">
     <span class='ocr_line' id='line_1_69' title="bbox 242 4990 1817 5063; baseline -0.002 -14"><span class='ocrx_word' id='word_1_448' title='bbox 242 5013 349 5050; x_wconf 88' lang='lat' dir='ltr'><strong>non</strong></span> <span class='ocrx_word' id='word_1_449' title='bbox 379 4997 554 5050; x_wconf 82' lang='lat' dir='ltr'><strong>solum</strong></span> <span class='ocrx_word' id='word_1_450' title='bbox 601 4996 716 5063; x_wconf 83' lang='lat' dir='ltr'><strong>ipse</strong></span> <span class='ocrx_word' id='word_1_451' title='bbox 765 4992 903 5047; x_wconf 84' lang='lat' dir='ltr'><strong>filius</strong></span> <span class='ocrx_word' id='word_1_452' title='bbox 948 4998 1133 5045; x_wconf 89' lang='lat' dir='ltr'><strong>noster</strong></span> <span class='ocrx_word' id='word_1_453' title='bbox 1169 4992 1480 5061; x_wconf 83' lang='lat' dir='ltr'><strong>Eparchius,</strong></span> <span class='ocrx_word' id='word_1_454' title='bbox 1528 4990 1623 5045; x_wconf 90' lang='lat' dir='ltr'><strong>sed</strong></span> <span class='ocrx_word' id='word_1_455' title='bbox 1653 4992 1817 5047; x_wconf 89' lang='lat' dir='ltr'><strong>etiam</strong></span> 
     </span>
    </p>
   </div>
   <div class='ocr_carea' id='block_1_70' title="bbox 243 5082 1817 5152">
    <p class='ocr_par' dir='ltr' id='par_1_70' title="bbox 243 5082 1817 5152">
     <span class='ocr_line' id='line_1_70' title="bbox 243 5082 1817 5152; baseline -0.002 -12"><span class='ocrx_word' id='word_1_456' title='bbox 243 5091 413 5142; x_wconf 85' lang='lat' dir='ltr'><strong>frater</strong></span> <span class='ocrx_word' id='word_1_457' title='bbox 424 5101 552 5140; x_wconf 84' lang='lat' dir='ltr'><strong>suos</strong></span> <span class='ocrx_word' id='word_1_458' title='bbox 570 5085 818 5140; x_wconf 87' lang='lat' dir='ltr'><strong>flebiliter</strong></span> <span class='ocrx_word' id='word_1_459' title='bbox 847 5097 942 5152; x_wconf 87' lang='lat' dir='ltr'><strong>per</strong></span> <span class='ocrx_word' id='word_1_460' title='bbox 962 5083 1167 5137; x_wconf 85' lang='lat' dir='ltr'><strong>litteras</strong></span> <span class='ocrx_word' id='word_1_461' title='bbox 1194 5082 1579 5152; x_wconf 88' lang='lat' dir='ltr'><strong>supplicarunt,</strong></span> <span class='ocrx_word' id='word_1_462' title='bbox 1599 5094 1817 5151; x_wconf 83' lang='lat' dir='ltr'><strong>aposto-</strong></span> 
     </span>
    </p>
   </div>
   <div class='ocr_carea' id='block_1_71' title="bbox 240 5173 1820 5257">
    <p class='ocr_par' dir='ltr' id='par_1_71' title="bbox 240 5173 1820 5257">
     <span class='ocr_line' id='line_1_71' title="bbox 240 5173 1820 5257; baseline -0.002 -26"><span class='ocrx_word' id='word_1_463' title='bbox 240 5179 369 5233; x_wconf 84' lang='lat' dir='ltr'><strong>latui</strong></span> <span class='ocrx_word' id='word_1_464' title='bbox 418 5178 581 5231; x_wconf 79' lang='lat' dir='ltr'><strong>vestri</strong></span> <span class='ocrx_word' id='word_1_465' title='bbox 614 5183 863 5244; x_wconf 85' lang='lat' dir='ltr'><strong>precator</strong></span> <span class='ocrx_word' id='word_1_466' title='bbox 889 5175 1222 5228; x_wconf 81' lang='lat' dir='ltr'><strong>accederem.</strong></span> <span class='ocrx_word' id='word_1_467' title='bbox 1264 5173 1365 5240; x_wconf 87' lang='lat' dir='ltr'><strong>Qui</strong></span> <span class='ocrx_word' id='word_1_468' title='bbox 1392 5181 1453 5228; x_wconf 89' lang='lat' dir='ltr'><strong>et</strong></span> <span class='ocrx_word' id='word_1_469' title='bbox 1478 5173 1820 5257; x_wconf 65' lang='lat' dir='ltr'><strong>confessione</strong></span> 
     </span>
    </p>
   </div>
   <div class='ocr_carea' id='block_1_72' title="bbox 241 5262 1819 5339">
    <p class='ocr_par' dir='ltr' id='par_1_72' title="bbox 241 5262 1819 5339">
     <span class='ocr_line' id='line_1_72' title="bbox 241 5262 1819 5339; baseline -0.002 -19"><span class='ocrx_word' id='word_1_470' title='bbox 241 5271 415 5338; x_wconf 65' lang='lat' dir='ltr'><strong>culpa</strong></span> <span class='ocrx_word' id='word_1_471' title='bbox 440 5311 458 5339; x_wconf 93' lang='lat'><strong>,</strong></span> <span class='ocrx_word' id='word_1_472' title='bbox 494 5278 551 5323; x_wconf 88' lang='lat' dir='ltr'><strong>et</strong></span> <span class='ocrx_word' id='word_1_473' title='bbox 590 5264 974 5336; x_wconf 79' lang='lat' dir='ltr'><strong>deprecatione</strong></span> <span class='ocrx_word' id='word_1_474' title='bbox 1016 5264 1221 5328; x_wconf 71' lang='lat' dir='ltr'><strong>veniae,</strong></span> <span class='ocrx_word' id='word_1_475' title='bbox 1262 5274 1316 5318; x_wconf 84' lang='lat' dir='ltr'><strong>et</strong></span> <span class='ocrx_word' id='word_1_476' title='bbox 1341 5262 1819 5331; x_wconf 80' lang='lat' dir='ltr'><strong>consanguinitatis</strong></span> 
     </span>
    </p>
   </div>
   <div class='ocr_carea' id='block_1_73' title="bbox 239 5352 1819 5426">
    <p class='ocr_par' dir='ltr' id='par_1_73' title="bbox 239 5352 1819 5426">
     <span class='ocr_line' id='line_1_73' title="bbox 239 5352 1819 5426; baseline -0.004 -12"><span class='ocrx_word' id='word_1_477' title='bbox 239 5361 437 5417; x_wconf 72' lang='lat' dir='ltr'><strong>affectu</strong></span> <span class='ocrx_word' id='word_1_478' title='bbox 465 5360 797 5426; x_wconf 81' lang='lat' dir='ltr'><strong>compulsus,</strong></span> <span class='ocrx_word' id='word_1_479' title='bbox 843 5353 1057 5409; x_wconf 87' lang='lat' dir='ltr'><strong>indulsi.</strong></span> <span class='ocrx_word' id='word_1_480' title='bbox 1087 5354 1221 5419; x_wconf 83' lang='lat' dir='ltr'><strong>Quia</strong></span> <span class='ocrx_word' id='word_1_481' title='bbox 1251 5367 1345 5407; x_wconf 84' lang='lat' dir='ltr'><strong>vos</strong></span> <span class='ocrx_word' id='word_1_482' title='bbox 1374 5352 1504 5407; x_wconf 85' lang='lat' dir='ltr'><strong>mihi</strong></span> <span class='ocrx_word' id='word_1_483' title='bbox 1537 5369 1697 5421; x_wconf 85' lang='lat' dir='ltr'><strong>super</strong></span> <span class='ocrx_word' id='word_1_484' title='bbox 1720 5354 1819 5408; x_wconf 83' lang='lat' dir='ltr'><strong>hac</strong></span> 
     </span>
    </p>
   </div>
   <div class='ocr_carea' id='block_1_74' title="bbox 241 5442 1817 5519">
    <p class='ocr_par' dir='ltr' id='par_1_74' title="bbox 241 5442 1817 5519">
     <span class='ocr_line' id='line_1_74' title="bbox 241 5442 1817 5519; baseline -0.004 -12"><span class='ocrx_word' id='word_1_485' title='bbox 241 5469 299 5507; x_wconf 90' lang='lat' dir='ltr'><strong>re</strong></span> <span class='ocrx_word' id='word_1_486' title='bbox 321 5452 620 5519; x_wconf 82' lang='lat' dir='ltr'><strong>scripturus</strong></span> <span class='ocrx_word' id='word_1_487' title='bbox 646 5461 769 5503; x_wconf 89' lang='lat' dir='ltr'><strong>esse</strong></span> <span class='ocrx_word' id='word_1_488' title='bbox 797 5461 903 5500; x_wconf 91' lang='lat' dir='ltr'><strong>non</strong></span> <span class='ocrx_word' id='word_1_489' title='bbox 933 5444 1155 5499; x_wconf 89' lang='lat' dir='ltr'><strong>credidi.</strong></span> <span class='ocrx_word' id='word_1_490' title='bbox 1188 5443 1291 5499; x_wconf 90' lang='lat' dir='ltr'><strong>Sed</strong></span> <span class='ocrx_word' id='word_1_491' title='bbox 1314 5444 1435 5513; x_wconf 88' lang='lat' dir='ltr'><strong>quia</strong></span> <span class='ocrx_word' id='word_1_492' title='bbox 1463 5442 1817 5501; x_wconf 86' lang='lat' dir='ltr'><strong>humilitatem</strong></span> 
     </span>
    </p>
   </div>
   <div class='ocr_carea' id='block_1_75' title="bbox 311 5580 1475 5654">
    <p class='ocr_par' dir='ltr' id='par_1_75' title="bbox 311 5580 1475 5654">
     <span class='ocr_line' id='line_1_75' title="bbox 311 5580 1475 5654; baseline -0.007 -11"><span class='ocrx_word' id='word_1_493' title='bbox 311 5598 336 5623; x_wconf 84' lang='grc'><strong><em>⁸</em></strong></span> <span class='ocrx_word' id='word_1_494' title='bbox 364 5587 532 5642; x_wconf 78' lang='lat' dir='ltr'><strong>Forte</strong></span> <span class='ocrx_word' id='word_1_495' title='bbox 551 5584 927 5654; x_wconf 79' lang='lat' dir='ltr'><strong>supplicatuum</strong></span> <span class='ocrx_word' id='word_1_496' title='bbox 952 5581 1034 5636; x_wconf 86' lang='lat' dir='ltr'><strong>vel</strong></span> <span class='ocrx_word' id='word_1_497' title='bbox 1059 5580 1475 5651; x_wconf 78' lang='lat' dir='ltr'><strong>supplicantium.</strong></span> 
     </span>
    </p>
   </div>
   <div class='ocr_carea' id='block_1_76' title="bbox 306 5655 757 5721">
    <p class='ocr_par' dir='ltr' id='par_1_76' title="bbox 306 5655 757 5721">
     <span class='ocr_line' id='line_1_76' title="bbox 306 5655 757 5721; baseline -0.007 -12"><span class='ocrx_word' id='word_1_498' title='bbox 306 5658 336 5696; x_wconf 68' lang='grc' dir='ltr'><strong>ι’</strong></span> <span class='ocrx_word' id='word_1_499' title='bbox 374 5660 419 5709; x_wconf 73' lang='grc' dir='ltr'>Μ</span> <span class='ocrx_word' id='word_1_500' title='bbox 429 5672 476 5709; x_wconf 91' lang='lat' dir='ltr'><strong>s.</strong></span> <span class='ocrx_word' id='word_1_501' title='bbox 490 5694 503 5719; x_wconf 92' lang='lat'><strong>,</strong></span> <span class='ocrx_word' id='word_1_502' title='bbox 519 5655 757 5721; x_wconf 74' lang='lat' dir='ltr'><strong>episcopi.</strong></span> 
     </span>
    </p>
   </div>
   <div class='ocr_carea' id='block_1_77' title="bbox 315 5720 1178 5794">
    <p class='ocr_par' dir='ltr' id='par_1_77' title="bbox 315 5720 1178 5794">
     <span class='ocr_line' id='line_1_77' title="bbox 315 5720 1178 5794; baseline -0.01 -12"><span class='ocrx_word' id='word_1_503' title='bbox 315 5730 337 5755; x_wconf 82' lang='lat'><strong>&#39;</strong></span> <span class='ocrx_word' id='word_1_504' title='bbox 366 5728 497 5790; x_wconf 71' lang='lat'><strong>315.,</strong></span> <span class='ocrx_word' id='word_1_505' title='bbox 524 5720 938 5794; x_wconf 76' lang='lat' dir='ltr'><strong>supplicationem</strong></span> <span class='ocrx_word' id='word_1_506' title='bbox 967 5720 1178 5790; x_wconf 72' lang='lat' dir='ltr'><strong>iniquis.</strong></span> 
     </span>
    </p>
   </div>
   <div class='ocr_carea' id='block_1_78' title="bbox 1841 4479 1896 4540">
    <p class='ocr_par' dir='ltr' id='par_1_78' title="bbox 1841 4479 1896 4540">
     <span class='ocr_line' id='line_1_78' title="bbox 1841 4479 1896 4540; baseline 0 0"><span class='ocrx_word' id='word_1_507' title='bbox 1841 4479 1896 4540; x_wconf 86' lang='lat' dir='ltr'><strong>D</strong></span> 
     </span>
    </p>
   </div>
   <div class='ocr_carea' id='block_1_79' title="bbox 1928 1872 3502 1941">
    <p class='ocr_par' dir='ltr' id='par_1_79' title="bbox 1928 1872 3502 1941">
     <span class='ocr_line' id='line_1_79' title="bbox 1928 1872 3502 1941; baseline -0.001 -17"><span class='ocrx_word' id='word_1_508' title='bbox 1928 1872 2151 1941; x_wconf 84' lang='lat' dir='ltr'><strong>gratiam</strong></span> <span class='ocrx_word' id='word_1_509' title='bbox 2183 1872 2415 1927; x_wconf 90' lang='lat' dir='ltr'><strong>libenter</strong></span> <span class='ocrx_word' id='word_1_510' title='bbox 2442 1872 2688 1937; x_wconf 87' lang='lat' dir='ltr'><strong>indulsit;</strong></span> <span class='ocrx_word' id='word_1_511' title='bbox 2714 1883 2765 1927; x_wconf 93' lang='lat' dir='ltr'><strong>et</strong></span> <span class='ocrx_word' id='word_1_512' title='bbox 2797 1888 2895 1927; x_wconf 88' lang='lat' dir='ltr'><strong>nos</strong></span> <span class='ocrx_word' id='word_1_513' title='bbox 2926 1872 3303 1927; x_wconf 87' lang='lat' dir='ltr'><strong>condoleamus</strong></span> <span class='ocrx_word' id='word_1_514' title='bbox 3334 1873 3502 1939; x_wconf 79' lang='lat' dir='ltr'><strong>lapso,</strong></span> 
     </span>
    </p>
   </div>
   <div class='ocr_carea' id='block_1_80' title="bbox 1926 1962 3505 2031">
    <p class='ocr_par' dir='ltr' id='par_1_80' title="bbox 1926 1962 3505 2031">
     <span class='ocr_line' id='line_1_80' title="bbox 1926 1962 3505 2031; baseline 0.001 -16"><span class='ocrx_word' id='word_1_515' title='bbox 1926 1962 2312 2016; x_wconf 88' lang='lat' dir='ltr'><strong>snbveniamus</strong></span> <span class='ocrx_word' id='word_1_516' title='bbox 2331 1964 2533 2028; x_wconf 87' lang='lat' dir='ltr'><strong>attrito,</strong></span> <span class='ocrx_word' id='word_1_517' title='bbox 2550 1964 2937 2031; x_wconf 88' lang='lat' dir='ltr'><strong>amplectamur</strong></span> <span class='ocrx_word' id='word_1_518' title='bbox 2954 1978 3248 2028; x_wconf 91' lang='lat' dir='ltr'><strong>reversum,</strong></span> <span class='ocrx_word' id='word_1_519' title='bbox 3263 1963 3505 2017; x_wconf 74' lang='lat' dir='ltr'><strong>laetemur</strong></span> 
     </span>
    </p>
   </div>
   <div class='ocr_carea' id='block_1_81' title="bbox 1927 2054 3502 2122">
    <p class='ocr_par' dir='ltr' id='par_1_81' title="bbox 1927 2054 3502 2122">
     <span class='ocr_line' id='line_1_81' title="bbox 1927 2054 3502 2122; baseline -0.001 -15"><span class='ocrx_word' id='word_1_520' title='bbox 1927 2054 2222 2108; x_wconf 87' lang='lat' dir='ltr'><strong>inventum.</strong></span> <span class='ocrx_word' id='word_1_521' title='bbox 2262 2054 2412 2120; x_wconf 87' lang='lat' dir='ltr'><strong>Quod</strong></span> <span class='ocrx_word' id='word_1_522' title='bbox 2453 2063 2507 2109; x_wconf 92' lang='lat' dir='ltr'><strong>et</strong></span> <span class='ocrx_word' id='word_1_523' title='bbox 2537 2054 2893 2122; x_wconf 83' lang='lat' dir='ltr'><strong>apostolatum</strong></span> <span class='ocrx_word' id='word_1_524' title='bbox 2934 2062 3170 2108; x_wconf 86' lang='lat' dir='ltr'><strong>vestrum</strong></span> <span class='ocrx_word' id='word_1_525' title='bbox 3224 2061 3502 2121; x_wconf 83' lang='lat' dir='ltr'><strong>ptopterea</strong></span> 
     </span>
    </p>
   </div>
   <div class='ocr_carea' id='block_1_82' title="bbox 1927 2144 3501 2213">
    <p class='ocr_par' dir='ltr' id='par_1_82' title="bbox 1927 2144 3501 2213">
     <span class='ocr_line' id='line_1_82' title="bbox 1927 2144 3501 2213; baseline -0.001 -15"><span class='ocrx_word' id='word_1_526' title='bbox 1927 2144 2117 2199; x_wconf 83' lang='lat' dir='ltr'><strong>fecisse</strong></span> <span class='ocrx_word' id='word_1_527' title='bbox 2146 2156 2327 2200; x_wconf 89' lang='lat' dir='ltr'><strong>certus</strong></span> <span class='ocrx_word' id='word_1_528' title='bbox 2370 2160 2509 2208; x_wconf 87' lang='lat' dir='ltr'><strong>sum,</strong></span> <span class='ocrx_word' id='word_1_529' title='bbox 2557 2154 2615 2199; x_wconf 91' lang='lat' dir='ltr'><strong>ut</strong></span> <span class='ocrx_word' id='word_1_530' title='bbox 2641 2145 2911 2213; x_wconf 86' lang='lat' dir='ltr'><strong>paululum</strong></span> <span class='ocrx_word' id='word_1_531' title='bbox 2944 2144 3302 2198; x_wconf 87' lang='lat' dir='ltr'><strong>infirmantem</strong></span> <span class='ocrx_word' id='word_1_532' title='bbox 3338 2144 3501 2198; x_wconf 86' lang='lat' dir='ltr'><strong>tilium</strong></span> 
     </span>
    </p>
   </div>
   <div class='ocr_carea' id='block_1_83' title="bbox 1924 2237 3506 2307">
    <p class='ocr_par' dir='ltr' id='par_1_83' title="bbox 1924 2237 3506 2307">
     <span class='ocr_line' id='line_1_83' title="bbox 1924 2237 3506 2307; baseline 0 -16"><span class='ocrx_word' id='word_1_533' title='bbox 1924 2237 2282 2292; x_wconf 80' lang='lat' dir='ltr'><strong>excluderetis</strong></span> <span class='ocrx_word' id='word_1_534' title='bbox 2312 2254 2340 2291; x_wconf 91' lang='lat' dir='ltr'><strong>a</strong></span> <span class='ocrx_word' id='word_1_535' title='bbox 2373 2247 2564 2302; x_wconf 90' lang='lat' dir='ltr'><strong>matre,</strong></span> <span class='ocrx_word' id='word_1_536' title='bbox 2594 2246 2652 2291; x_wconf 88' lang='lat' dir='ltr'><strong>ut</strong></span> <span class='ocrx_word' id='word_1_537' title='bbox 2695 2253 2815 2291; x_wconf 90' lang='lat' dir='ltr'><strong>eum</strong></span> <span class='ocrx_word' id='word_1_538' title='bbox 2856 2238 2955 2305; x_wconf 90' lang='lat' dir='ltr'><strong>ipsi</strong></span> <span class='ocrx_word' id='word_1_539' title='bbox 2982 2247 3101 2307; x_wconf 89' lang='lat' dir='ltr'><strong>post</strong></span> <span class='ocrx_word' id='word_1_540' title='bbox 3126 2237 3391 2292; x_wconf 87' lang='lat' dir='ltr'><strong>modicum</strong></span> <span class='ocrx_word' id='word_1_541' title='bbox 3418 2252 3506 2291; x_wconf 85' lang='lat' dir='ltr'><strong>re-</strong></span> 
     </span>
    </p>
   </div>
   <div class='ocr_carea' id='block_1_84' title="bbox 1923 2328 3503 2392">
    <p class='ocr_par' dir='ltr' id='par_1_84' title="bbox 1923 2328 3503 2392">
     <span class='ocr_line' id='line_1_84' title="bbox 1923 2328 3503 2392; baseline 0.001 -10"><span class='ocrx_word' id='word_1_542' title='bbox 1923 2330 2218 2384; x_wconf 89' lang='lat' dir='ltr'><strong>stitueretis</strong></span> <span class='ocrx_word' id='word_1_543' title='bbox 2280 2330 2641 2392; x_wconf 87' lang='lat' dir='ltr'><strong>incolumem;</strong></span> <span class='ocrx_word' id='word_1_544' title='bbox 2708 2339 2763 2383; x_wconf 89' lang='lat' dir='ltr'><strong>et</strong></span> <span class='ocrx_word' id='word_1_545' title='bbox 2815 2345 2935 2382; x_wconf 90' lang='lat' dir='ltr'><strong>eum</strong></span> <span class='ocrx_word' id='word_1_546' title='bbox 2994 2330 3384 2383; x_wconf 89' lang='lat' dir='ltr'><strong>contristaretis</strong></span> <span class='ocrx_word' id='word_1_547' title='bbox 3436 2328 3503 2383; x_wconf 88' lang='lat' dir='ltr'><strong>ad</strong></span> 
     </span>
    </p>
   </div>
   <div class='ocr_carea' id='block_1_85' title="bbox 1926 2419 3425 2490">
    <p class='ocr_par' dir='ltr' id='par_1_85' title="bbox 1926 2419 3425 2490">
     <span class='ocr_line' id='line_1_85' title="bbox 1926 2419 3425 2490; baseline -0.004 -15"><span class='ocrx_word' id='word_1_548' title='bbox 1926 2431 2156 2490; x_wconf 85' lang='lat' dir='ltr'><strong>tempus,</strong></span> <span class='ocrx_word' id='word_1_549' title='bbox 2185 2421 2251 2475; x_wconf 88' lang='lat' dir='ltr'><strong>de</strong></span> <span class='ocrx_word' id='word_1_550' title='bbox 2280 2436 2386 2490; x_wconf 87' lang='lat' dir='ltr'><strong>quo</strong></span> <span class='ocrx_word' id='word_1_551' title='bbox 2408 2420 2639 2490; x_wconf 82' lang='lat' dir='ltr'><strong>gaudere</strong></span> <span class='ocrx_word' id='word_1_552' title='bbox 2659 2419 3040 2488; x_wconf 86' lang='lat' dir='ltr'><strong>concupiscitis</strong></span> <span class='ocrx_word' id='word_1_553' title='bbox 3067 2420 3118 2474; x_wconf 93' lang='lat' dir='ltr'><strong>in</strong></span> <span class='ocrx_word' id='word_1_554' title='bbox 3148 2428 3425 2474; x_wconf 68' lang='lat' dir='ltr'><strong>atternum.</strong></span> 
     </span>
    </p>
   </div>
   <div class='ocr_carea' id='block_1_86' title="bbox 2482 2510 2937 2565">
    <p class='ocr_par' dir='ltr' id='par_1_86' title="bbox 2482 2510 2937 2565">
     <span class='ocr_line' id='line_1_86' title="bbox 2482 2510 2937 2565; baseline -0.002 -1"><span class='ocrx_word' id='word_1_555' title='bbox 2482 2511 2697 2565; x_wconf 81' lang='lat' dir='ltr'><strong>EPIST.</strong></span> <span class='ocrx_word' id='word_1_556' title='bbox 2760 2510 2937 2564; x_wconf 80' lang='lat' dir='ltr'><strong>LVIII.</strong></span> 
     </span>
    </p>
   </div>
   <div class='ocr_carea' id='block_1_87' title="bbox 2139 2600 3285 2670">
    <p class='ocr_par' dir='ltr' id='par_1_87' title="bbox 2139 2600 3285 2670">
     <span class='ocr_line' id='line_1_87' title="bbox 2139 2600 3285 2670; baseline -0.001 -14"><span class='ocrx_word' id='word_1_557' title='bbox 2139 2603 2379 2657; x_wconf 85' lang='lat' dir='ltr'><strong>Ruricius</strong></span> <span class='ocrx_word' id='word_1_558' title='bbox 2411 2603 2674 2670; x_wconf 82' lang='lat' dir='ltr'><strong>episcopus</strong></span> <span class='ocrx_word' id='word_1_559' title='bbox 2705 2603 2812 2667; x_wconf 79' lang='lat' dir='ltr'><strong>ﬁlio</strong></span> <span class='ocrx_word' id='word_1_560' title='bbox 2836 2602 3021 2656; x_wconf 83' lang='lat' dir='ltr'><strong>Severo</strong></span> <span class='ocrx_word' id='word_1_561' title='bbox 3050 2600 3285 2655; x_wconf 83' lang='lat' dir='ltr'><strong>salutem.</strong></span> 
     </span>
    </p>
   </div>
   <div class='ocr_carea' id='block_1_88' title="bbox 1994 2693 3501 2765">
    <p class='ocr_par' dir='ltr' id='par_1_88' title="bbox 1994 2693 3501 2765">
     <span class='ocr_line' id='line_1_88' title="bbox 1994 2693 3501 2765; baseline -0.003 -16"><span class='ocrx_word' id='word_1_562' title='bbox 1994 2693 2377 2765; x_wconf 87' lang='lat' dir='ltr'><strong>Negligentiam</strong></span> <span class='ocrx_word' id='word_1_563' title='bbox 2402 2703 2639 2747; x_wconf 82' lang='lat' dir='ltr'><strong>nostrain</strong></span> <span class='ocrx_word' id='word_1_564' title='bbox 2665 2702 2822 2760; x_wconf 87' lang='lat' dir='ltr'><strong>atque</strong></span> <span class='ocrx_word' id='word_1_565' title='bbox 2850 2693 3112 2760; x_wconf 59' lang='lat' dir='ltr'><strong>pigritiam</strong></span> <span class='ocrx_word' id='word_1_566' title='bbox 3137 2693 3260 2744; x_wconf 90' lang='lat' dir='ltr'><strong>dum</strong></span> <span class='ocrx_word' id='word_1_567' title='bbox 3291 2707 3387 2745; x_wconf 89' lang='lat' dir='ltr'><strong>vos</strong></span> <span class='ocrx_word' id='word_1_568' title='bbox 3407 2706 3501 2747; x_wconf 76' lang='lat' dir='ltr'><strong>ex-</strong></span> 
     </span>
    </p>
   </div>
   <div class='ocr_carea' id='block_1_89' title="bbox 1902 2782 3500 2855">
    <p class='ocr_par' dir='ltr' id='par_1_89' title="bbox 1902 2782 3500 2855">
     <span class='ocr_line' id='line_1_89' title="bbox 1902 2782 3500 2855; baseline -0.002 -14"><span class='ocrx_word' id='word_1_569' title='bbox 1902 2782 2143 2854; x_wconf 77' lang='lat' dir='ltr'><strong>cusatis,</strong></span> <span class='ocrx_word' id='word_1_570' title='bbox 2176 2786 2431 2855; x_wconf 88' lang='lat' dir='ltr'><strong>arguitis,</strong></span> <span class='ocrx_word' id='word_1_571' title='bbox 2483 2794 2536 2839; x_wconf 91' lang='lat' dir='ltr'><strong>et</strong></span> <span class='ocrx_word' id='word_1_572' title='bbox 2581 2798 2679 2838; x_wconf 90' lang='lat' dir='ltr'><strong>nos</strong></span> <span class='ocrx_word' id='word_1_573' title='bbox 2705 2782 2978 2837; x_wconf 85' lang='lat' dir='ltr'><strong>beneflciis</strong></span> <span class='ocrx_word' id='word_1_574' title='bbox 3005 2791 3058 2837; x_wconf 89' lang='lat' dir='ltr'><strong>et</strong></span> <span class='ocrx_word' id='word_1_575' title='bbox 3085 2782 3278 2837; x_wconf 86' lang='lat' dir='ltr'><strong>officiis</strong></span> <span class='ocrx_word' id='word_1_576' title='bbox 3306 2784 3500 2838; x_wconf 83' lang='lat' dir='ltr'><strong>vestris</strong></span> 
     </span>
    </p>
   </div>
   <div class='ocr_carea' id='block_1_90' title="bbox 1923 2875 3498 2947">
    <p class='ocr_par' dir='ltr' id='par_1_90' title="bbox 1923 2875 3498 2947">
     <span class='ocr_line' id='line_1_90' title="bbox 1923 2875 3498 2947; baseline -0.001 -16"><span class='ocrx_word' id='word_1_577' title='bbox 1923 2878 2261 2947; x_wconf 81' lang='lat' dir='ltr'><strong>agnoscimus</strong></span> <span class='ocrx_word' id='word_1_578' title='bbox 2292 2876 2584 2933; x_wconf 87' lang='lat' dir='ltr'><strong>debitores.</strong></span> <span class='ocrx_word' id='word_1_579' title='bbox 2619 2876 2723 2931; x_wconf 91' lang='lat' dir='ltr'><strong>Sed</strong></span> <span class='ocrx_word' id='word_1_580' title='bbox 2764 2876 2876 2930; x_wconf 88' lang='lat' dir='ltr'><strong>scio</strong></span> <span class='ocrx_word' id='word_1_581' title='bbox 2898 2875 2999 2929; x_wconf 88' lang='lat' dir='ltr'><strong>hoc</strong></span> <span class='ocrx_word' id='word_1_582' title='bbox 3044 2876 3261 2930; x_wconf 89' lang='lat' dir='ltr'><strong>sincero</strong></span> <span class='ocrx_word' id='word_1_583' title='bbox 3296 2890 3498 2937; x_wconf 87' lang='lat' dir='ltr'><strong>amore.</strong></span> 
     </span>
    </p>
   </div>
   <div class='ocr_carea' id='block_1_91' title="bbox 1924 2966 3499 3039">
    <p class='ocr_par' dir='ltr' id='par_1_91' title="bbox 1924 2966 3499 3039">
     <span class='ocr_line' id='line_1_91' title="bbox 1924 2966 3499 3039; baseline -0.003 -15"><span class='ocrx_word' id='word_1_584' title='bbox 1924 2986 2028 3039; x_wconf 91' lang='lat' dir='ltr'><strong>quo</strong></span> <span class='ocrx_word' id='word_1_585' title='bbox 2052 2983 2149 3023; x_wconf 90' lang='lat' dir='ltr'><strong>nos</strong></span> <span class='ocrx_word' id='word_1_586' title='bbox 2173 2969 2415 3038; x_wconf 83' lang='lat' dir='ltr'><strong>diligitis,</strong></span> <span class='ocrx_word' id='word_1_587' title='bbox 2458 2968 2634 3023; x_wconf 87' lang='lat' dir='ltr'><strong>facere</strong></span> <span class='ocrx_word' id='word_1_588' title='bbox 2663 2977 2825 3035; x_wconf 89' lang='lat' dir='ltr'><strong>atque</strong></span> <span class='ocrx_word' id='word_1_589' title='bbox 2853 2967 3125 3034; x_wconf 85' lang='lat' dir='ltr'><strong>perfecto;</strong></span> <span class='ocrx_word' id='word_1_590' title='bbox 3157 2966 3278 3035; x_wconf 84' lang='lat' dir='ltr'><strong>quia</strong></span> <span class='ocrx_word' id='word_1_591' title='bbox 3314 2981 3499 3035; x_wconf 90' lang='lat' dir='ltr'><strong>parum</strong></span> 
     </span>
    </p>
   </div>
   <div class='ocr_carea' id='block_1_92' title="bbox 1924 3058 3499 3131">
    <p class='ocr_par' dir='ltr' id='par_1_92' title="bbox 1924 3058 3499 3131">
     <span class='ocr_line' id='line_1_92' title="bbox 1924 3058 3499 3131; baseline -0.002 -14"><span class='ocrx_word' id='word_1_592' title='bbox 1924 3075 2008 3119; x_wconf 87' lang='lat' dir='ltr'><strong>est</strong></span> <span class='ocrx_word' id='word_1_593' title='bbox 2034 3062 2244 3119; x_wconf 87' lang='lat' dir='ltr'><strong>caritati</strong></span> <span class='ocrx_word' id='word_1_594' title='bbox 2272 3070 2488 3125; x_wconf 66' lang='lat' dir='ltr'><strong>vestrae,</strong></span> <span class='ocrx_word' id='word_1_595' title='bbox 2517 3060 2659 3131; x_wconf 90' lang='lat' dir='ltr'><strong>quod</strong></span> <span class='ocrx_word' id='word_1_596' title='bbox 2690 3060 2843 3115; x_wconf 92' lang='lat' dir='ltr'><strong>nobis</strong></span> <span class='ocrx_word' id='word_1_597' title='bbox 2874 3058 3139 3122; x_wconf 87' lang='lat' dir='ltr'><strong>tribuitis,</strong></span> <span class='ocrx_word' id='word_1_598' title='bbox 3178 3060 3302 3111; x_wconf 88' lang='lat' dir='ltr'><strong>dttm</strong></span> <span class='ocrx_word' id='word_1_599' title='bbox 3360 3068 3499 3114; x_wconf 89' lang='lat' dir='ltr'><strong>totos</strong></span> 
     </span>
    </p>
   </div>
   <div class='ocr_carea' id='block_1_93' title="bbox 1926 3148 3501 3224">
    <p class='ocr_par' dir='ltr' id='par_1_93' title="bbox 1926 3148 3501 3224">
     <span class='ocr_line' id='line_1_93' title="bbox 1926 3148 3501 3224; baseline -0.006 -15"><span class='ocrx_word' id='word_1_600' title='bbox 1926 3171 2021 3211; x_wconf 89' lang='lat' dir='ltr'><strong>vos</strong></span> <span class='ocrx_word' id='word_1_601' title='bbox 2051 3156 2206 3212; x_wconf 79' lang='lat' dir='ltr'><strong>nobis</strong></span> <span class='ocrx_word' id='word_1_602' title='bbox 2232 3164 2289 3210; x_wconf 90' lang='lat' dir='ltr'><strong>et</strong></span> <span class='ocrx_word' id='word_1_603' title='bbox 2314 3153 2551 3224; x_wconf 85' lang='lat' dir='ltr'><strong>quotidie</strong></span> <span class='ocrx_word' id='word_1_604' title='bbox 2573 3152 2882 3220; x_wconf 89' lang='lat' dir='ltr'><strong>impendere</strong></span> <span class='ocrx_word' id='word_1_605' title='bbox 2912 3148 3250 3205; x_wconf 89' lang='lat' dir='ltr'><strong>desideratis.</strong></span> <span class='ocrx_word' id='word_1_606' title='bbox 3273 3149 3374 3203; x_wconf 85' lang='lat' dir='ltr'><strong>Sed</strong></span> <span class='ocrx_word' id='word_1_607' title='bbox 3405 3163 3501 3201; x_wconf 85' lang='lat' dir='ltr'><strong>no-</strong></span> 
     </span>
    </p>
   </div>
   <div class='ocr_carea' id='block_1_94' title="bbox 1925 3241 3497 3315">
    <p class='ocr_par' dir='ltr' id='par_1_94' title="bbox 1925 3241 3497 3315">
     <span class='ocr_line' id='line_1_94' title="bbox 1925 3241 3497 3315; baseline -0.005 -13"><span class='ocrx_word' id='word_1_608' title='bbox 1925 3250 2007 3302; x_wconf 89' lang='lat' dir='ltr'><strong>bis</strong></span> <span class='ocrx_word' id='word_1_609' title='bbox 2054 3248 2185 3303; x_wconf 87' lang='lat' dir='ltr'><strong>satis</strong></span> <span class='ocrx_word' id='word_1_610' title='bbox 2230 3260 2499 3315; x_wconf 88' lang='lat' dir='ltr'><strong>superque</strong></span> <span class='ocrx_word' id='word_1_611' title='bbox 2542 3244 2813 3300; x_wconf 84' lang='lat' dir='ltr'><strong>sufﬁceret</strong></span> <span class='ocrx_word' id='word_1_612' title='bbox 2861 3241 3256 3303; x_wconf 88' lang='lat' dir='ltr'><strong>benevolentia,</strong></span> <span class='ocrx_word' id='word_1_613' title='bbox 3288 3249 3311 3277; x_wconf 84' lang='grc' dir='ltr'><strong>ο</strong></span> <span class='ocrx_word' id='word_1_614' title='bbox 3339 3256 3497 3308; x_wconf 84' lang='lat' dir='ltr'><strong>quam</strong></span> 
     </span>
    </p>
   </div>
   <div class='ocr_carea' id='block_1_95' title="bbox 1924 3330 3501 3408">
    <p class='ocr_par' dir='ltr' id='par_1_95' title="bbox 1924 3330 3501 3408">
     <span class='ocr_line' id='line_1_95' title="bbox 1924 3330 3501 3408; baseline -0.006 -15"><span class='ocrx_word' id='word_1_615' title='bbox 1924 3341 2154 3408; x_wconf 90' lang='lat' dir='ltr'><strong>prompti</strong></span> <span class='ocrx_word' id='word_1_616' title='bbox 2198 3337 2359 3392; x_wconf 89' lang='lat' dir='ltr'><strong>animi</strong></span> <span class='ocrx_word' id='word_1_617' title='bbox 2402 3345 2457 3391; x_wconf 91' lang='lat' dir='ltr'><strong>et</strong></span> <span class='ocrx_word' id='word_1_618' title='bbox 2481 3335 2766 3390; x_wconf 87' lang='lat' dir='ltr'><strong>assiduitas</strong></span> <span class='ocrx_word' id='word_1_619' title='bbox 2809 3332 3025 3388; x_wconf 86' lang='lat' dir='ltr'><strong>deesset</strong></span> <span class='ocrx_word' id='word_1_620' title='bbox 3053 3330 3315 3397; x_wconf 90' lang='lat' dir='ltr'><strong>obsequii.</strong></span> <span class='ocrx_word' id='word_1_621' title='bbox 3353 3330 3501 3384; x_wconf 66' lang='lat' dir='ltr'><strong>L‘ttdc</strong></span> 
     </span>
    </p>
   </div>
   <div class='ocr_carea' id='block_1_96' title="bbox 1922 3421 3501 3497">
    <p class='ocr_par' dir='ltr' id='par_1_96' title="bbox 1922 3421 3501 3497">
     <span class='ocr_line' id='line_1_96' title="bbox 1922 3421 3501 3497; baseline -0.008 -12"><span class='ocrx_word' id='word_1_622' title='bbox 1922 3431 2237 3485; x_wconf 90' lang='lat' dir='ltr'><strong>salutatione</strong></span> <span class='ocrx_word' id='word_1_623' title='bbox 2258 3428 2515 3497; x_wconf 86' lang='lat' dir='ltr'><strong>depensa,</strong></span> <span class='ocrx_word' id='word_1_624' title='bbox 2539 3426 2738 3494; x_wconf 86' lang='lat' dir='ltr'><strong>gratias</strong></span> <span class='ocrx_word' id='word_1_625' title='bbox 2758 3439 2857 3493; x_wconf 87' lang='lat' dir='ltr'><strong>ago</strong></span> <span class='ocrx_word' id='word_1_626' title='bbox 2880 3422 3168 3477; x_wconf 71' lang='lat' dir='ltr'><strong>uberrimre</strong></span> <span class='ocrx_word' id='word_1_627' title='bbox 3197 3421 3377 3488; x_wconf 88' lang='lat' dir='ltr'><strong>pietati</strong></span> <span class='ocrx_word' id='word_1_628' title='bbox 3408 3434 3501 3472; x_wconf 86' lang='lat' dir='ltr'><strong>ve-</strong></span> 
     </span>
    </p>
   </div>
   <div class='ocr_carea' id='block_1_97' title="bbox 1922 3510 3498 3586">
    <p class='ocr_par' dir='ltr' id='par_1_97' title="bbox 1922 3510 3498 3586">
     <span class='ocr_line' id='line_1_97' title="bbox 1922 3510 3498 3586; baseline -0.006 -13"><span class='ocrx_word' id='word_1_629' title='bbox 1922 3516 2224 3586; x_wconf 72' lang='lat' dir='ltr'><strong>strte,quod</strong></span> <span class='ocrx_word' id='word_1_630' title='bbox 2256 3531 2380 3584; x_wconf 91' lang='lat' dir='ltr'><strong>erga</strong></span> <span class='ocrx_word' id='word_1_631' title='bbox 2404 3529 2490 3569; x_wconf 89' lang='lat' dir='ltr'><strong>me</strong></span> <span class='ocrx_word' id='word_1_632' title='bbox 2529 3516 2683 3568; x_wconf 73' lang='lat' dir='ltr'><strong>bona:</strong></span> <span class='ocrx_word' id='word_1_633' title='bbox 2715 3512 2989 3566; x_wconf 69' lang='lat' dir='ltr'><strong>memoria:</strong></span> <span class='ocrx_word' id='word_1_634' title='bbox 3016 3512 3182 3578; x_wconf 89' lang='lat' dir='ltr'><strong>patris</strong></span> <span class='ocrx_word' id='word_1_635' title='bbox 3209 3510 3368 3563; x_wconf 87' lang='lat' dir='ltr'><strong>vestri</strong></span> <span class='ocrx_word' id='word_1_636' title='bbox 3391 3523 3498 3563; x_wconf 88' lang='lat' dir='ltr'><strong>non</strong></span> 
     </span>
    </p>
   </div>
   <div class='ocr_carea' id='block_1_98' title="bbox 1922 3601 3218 3671">
    <p class='ocr_par' dir='ltr' id='par_1_98' title="bbox 1922 3601 3218 3671">
     <span class='ocr_line' id='line_1_98' title="bbox 1922 3601 3218 3671; baseline -0.008 -8"><span class='ocrx_word' id='word_1_637' title='bbox 1922 3610 2094 3664; x_wconf 87' lang='lat' dir='ltr'><strong>solum</strong></span> <span class='ocrx_word' id='word_1_638' title='bbox 2118 3606 2384 3671; x_wconf 86' lang='lat' dir='ltr'><strong>retinetis,</strong></span> <span class='ocrx_word' id='word_1_639' title='bbox 2409 3605 2500 3660; x_wconf 86' lang='lat' dir='ltr'><strong>sed</strong></span> <span class='ocrx_word' id='word_1_640' title='bbox 2529 3605 2690 3659; x_wconf 83' lang='lat' dir='ltr'><strong>etiam</strong></span> <span class='ocrx_word' id='word_1_641' title='bbox 2722 3603 2929 3656; x_wconf 83' lang='lat' dir='ltr'><strong>vicistis</strong></span> <span class='ocrx_word' id='word_1_642' title='bbox 2950 3601 3218 3654; x_wconf 74' lang='lat' dir='ltr'><strong>affectum.</strong></span> 
     </span>
    </p>
   </div>
   <div class='ocr_carea' id='block_1_99' title="bbox 2511 3692 2902 3748">
    <p class='ocr_par' dir='ltr' id='par_1_99' title="bbox 2511 3692 2902 3748">
     <span class='ocr_line' id='line_1_99' title="bbox 2511 3692 2902 3748; baseline -0.008 0"><span class='ocrx_word' id='word_1_643' title='bbox 2511 3694 2724 3748; x_wconf 80' lang='lat' dir='ltr'><strong>EPIST.</strong></span> <span class='ocrx_word' id='word_1_644' title='bbox 2768 3692 2902 3747; x_wconf 82' lang='lat' dir='ltr'><strong>LIX.</strong></span> 
     </span>
    </p>
   </div>
   <div class='ocr_carea' id='block_1_100' title="bbox 2078 3787 3342 3867">
    <p class='ocr_par' dir='ltr' id='par_1_100' title="bbox 2078 3787 3342 3867">
     <span class='ocr_line' id='line_1_100' title="bbox 2078 3787 3342 3867; baseline -0.005 -23"><span class='ocrx_word' id='word_1_645' title='bbox 2078 3790 2319 3847; x_wconf 83' lang='lat' dir='ltr'><strong>Ruricius</strong></span> <span class='ocrx_word' id='word_1_646' title='bbox 2344 3790 2608 3858; x_wconf 77' lang='lat' dir='ltr'><strong>episwpus</strong></span> <span class='ocrx_word' id='word_1_647' title='bbox 2635 3788 2741 3867; x_wconf 73' lang='lat' dir='ltr'><strong>ﬁlio</strong></span> <span class='ocrx_word' id='word_1_648' title='bbox 2764 3787 3073 3843; x_wconf 84' lang='lat' dir='ltr'><strong>Sthorachio</strong></span> <span class='ocrx_word' id='word_1_649' title='bbox 3101 3787 3342 3840; x_wconf 81' lang='lat' dir='ltr'><strong>salutem.</strong></span> 
     </span>
    </p>
   </div>
   <div class='ocr_carea' id='block_1_101' title="bbox 1993 3878 3498 3953">
    <p class='ocr_par' dir='ltr' id='par_1_101' title="bbox 1993 3878 3498 3953">
     <span class='ocr_line' id='line_1_101' title="bbox 1993 3878 3498 3953; baseline -0.006 -15"><span class='ocrx_word' id='word_1_650' title='bbox 1993 3884 2109 3953; x_wconf 76' lang='lat' dir='ltr'><strong>Ago</strong></span> <span class='ocrx_word' id='word_1_651' title='bbox 2146 3891 2305 3951; x_wconf 90' lang='lat' dir='ltr'><strong>atque</strong></span> <span class='ocrx_word' id='word_1_652' title='bbox 2358 3881 2530 3935; x_wconf 90' lang='lat' dir='ltr'><strong>habeo</strong></span> <span class='ocrx_word' id='word_1_653' title='bbox 2581 3879 2771 3934; x_wconf 88' lang='lat' dir='ltr'><strong>uberes</strong></span> <span class='ocrx_word' id='word_1_654' title='bbox 2811 3881 3010 3949; x_wconf 82' lang='lat' dir='ltr'><strong>gratias</strong></span> <span class='ocrx_word' id='word_1_655' title='bbox 3061 3878 3242 3947; x_wconf 86' lang='lat' dir='ltr'><strong>pietati</strong></span> <span class='ocrx_word' id='word_1_656' title='bbox 3273 3883 3498 3941; x_wconf 64' lang='lat' dir='ltr'><strong>vestras,</strong></span> 
     </span>
    </p>
   </div>
   <div class='ocr_carea' id='block_1_102' title="bbox 1921 3968 3501 4045">
    <p class='ocr_par' dir='ltr' id='par_1_102' title="bbox 1921 3968 3501 4045">
     <span class='ocr_line' id='line_1_102' title="bbox 1921 3968 3501 4045; baseline -0.006 -17"><span class='ocrx_word' id='word_1_657' title='bbox 1921 3974 2067 4045; x_wconf 91' lang='lat' dir='ltr'><strong>quod</strong></span> <span class='ocrx_word' id='word_1_658' title='bbox 2106 3988 2204 4027; x_wconf 91' lang='lat' dir='ltr'><strong>nos</strong></span> <span class='ocrx_word' id='word_1_659' title='bbox 2236 3972 2613 4041; x_wconf 85' lang='lat' dir='ltr'><strong>negligentiam</strong></span> <span class='ocrx_word' id='word_1_660' title='bbox 2655 3970 2975 4025; x_wconf 86' lang='lat' dir='ltr'><strong>famulorum</strong></span> <span class='ocrx_word' id='word_1_661' title='bbox 3015 3980 3318 4022; x_wconf 84' lang='lat' dir='ltr'><strong>nostrorum</strong></span> <span class='ocrx_word' id='word_1_662' title='bbox 3362 3968 3501 4021; x_wconf 87' lang='lat' dir='ltr'><strong>scire</strong></span> 
     </span>
    </p>
   </div>
   <div class='ocr_carea' id='block_1_103' title="bbox 1922 4054 3501 4131">
    <p class='ocr_par' dir='ltr' id='par_1_103' title="bbox 1922 4054 3501 4131">
     <span class='ocr_line' id='line_1_103' title="bbox 1922 4054 3501 4131; baseline -0.008 -11"><span class='ocrx_word' id='word_1_663' title='bbox 1922 4065 2146 4131; x_wconf 87' lang='lat' dir='ltr'><strong>fecistis,</strong></span> <span class='ocrx_word' id='word_1_664' title='bbox 2173 4063 2302 4117; x_wconf 91' lang='lat' dir='ltr'><strong>dum</strong></span> <span class='ocrx_word' id='word_1_665' title='bbox 2346 4060 2746 4116; x_wconf 89' lang='lat' dir='ltr'><strong>subvectionem</strong></span> <span class='ocrx_word' id='word_1_666' title='bbox 2792 4072 3106 4127; x_wconf 89' lang='lat' dir='ltr'><strong>congruant,</strong></span> <span class='ocrx_word' id='word_1_667' title='bbox 3135 4071 3295 4125; x_wconf 86' lang='lat' dir='ltr'><strong>quam</strong></span> <span class='ocrx_word' id='word_1_668' title='bbox 3344 4054 3501 4108; x_wconf 84' lang='lat' dir='ltr'><strong>nobis</strong></span> 
     </span>
    </p>
   </div>
   <div class='ocr_carea' id='block_1_104' title="bbox 1922 4142 3500 4216">
    <p class='ocr_par' dir='ltr' id='par_1_104' title="bbox 1922 4142 3500 4216">
     <span class='ocr_line' id='line_1_104' title="bbox 1922 4142 3500 4216; baseline -0.008 -6"><span class='ocrx_word' id='word_1_669' title='bbox 1922 4155 2147 4210; x_wconf 89' lang='lat' dir='ltr'><strong>callidus</strong></span> <span class='ocrx_word' id='word_1_670' title='bbox 2178 4155 2521 4208; x_wconf 79' lang='lat' dir='ltr'><strong>subtraxerat</strong></span> <span class='ocrx_word' id='word_1_671' title='bbox 2546 4149 2813 4214; x_wconf 89' lang='lat' dir='ltr'><strong>inimicus,</strong></span> <span class='ocrx_word' id='word_1_672' title='bbox 2841 4147 3104 4216; x_wconf 87' lang='lat' dir='ltr'><strong>benignus</strong></span> <span class='ocrx_word' id='word_1_673' title='bbox 3128 4142 3500 4199; x_wconf 77' lang='lat' dir='ltr'><strong>subministra-</strong></span> 
     </span>
    </p>
   </div>
   <div class='ocr_carea' id='block_1_105' title="bbox 1923 4232 3498 4310">
    <p class='ocr_par' dir='ltr' id='par_1_105' title="bbox 1923 4232 3498 4310">
     <span class='ocr_line' id='line_1_105' title="bbox 1923 4232 3498 4310; baseline -0.011 -9"><span class='ocrx_word' id='word_1_674' title='bbox 1923 4247 2002 4301; x_wconf 88' lang='lat' dir='ltr'><strong>vit</strong></span> <span class='ocrx_word' id='word_1_675' title='bbox 2041 4246 2285 4302; x_wconf 83' lang='lat' dir='ltr'><strong>afl&#39;ectus.</strong></span> <span class='ocrx_word' id='word_1_676' title='bbox 2330 4244 2499 4310; x_wconf 85' lang='lat' dir='ltr'><strong>Quem</strong></span> <span class='ocrx_word' id='word_1_677' title='bbox 2554 4240 2756 4296; x_wconf 91' lang='lat' dir='ltr'><strong>idcirco</strong></span> <span class='ocrx_word' id='word_1_678' title='bbox 2803 4238 2958 4293; x_wconf 91' lang='lat' dir='ltr'><strong>nobis</strong></span> <span class='ocrx_word' id='word_1_679' title='bbox 3006 4236 3259 4291; x_wconf 76' lang='lat' dir='ltr'><strong>Dominus</strong></span> <span class='ocrx_word' id='word_1_680' title='bbox 3291 4234 3395 4288; x_wconf 88' lang='lat' dir='ltr'><strong>hoc</strong></span> <span class='ocrx_word' id='word_1_681' title='bbox 3432 4232 3498 4285; x_wconf 87' lang='lat' dir='ltr'><strong>ad</strong></span> 
     </span>
    </p>
   </div>
   <div class='ocr_carea' id='block_1_106' title="bbox 1925 4322 3499 4406">
    <p class='ocr_par' dir='ltr' id='par_1_106' title="bbox 1925 4322 3499 4406">
     <span class='ocr_line' id='line_1_106' title="bbox 1925 4322 3499 4406; baseline -0.008 -15"><span class='ocrx_word' id='word_1_682' title='bbox 1925 4346 2140 4406; x_wconf 90' lang='lat' dir='ltr'><strong>tempus</strong></span> <span class='ocrx_word' id='word_1_683' title='bbox 2184 4334 2430 4403; x_wconf 89' lang='lat' dir='ltr'><strong>permisit</strong></span> <span class='ocrx_word' id='word_1_684' title='bbox 2470 4331 2692 4396; x_wconf 88' lang='lat' dir='ltr'><strong>inferre,</strong></span> <span class='ocrx_word' id='word_1_685' title='bbox 2734 4338 2791 4384; x_wconf 89' lang='lat' dir='ltr'><strong>ut</strong></span> <span class='ocrx_word' id='word_1_686' title='bbox 2826 4337 2881 4384; x_wconf 90' lang='lat' dir='ltr'><strong>et</strong></span> <span class='ocrx_word' id='word_1_687' title='bbox 2917 4335 3152 4382; x_wconf 90' lang='lat' dir='ltr'><strong>nostram</strong></span> <span class='ocrx_word' id='word_1_688' title='bbox 3192 4322 3499 4394; x_wconf 87' lang='lat' dir='ltr'><strong>patientiam</strong></span> 
     </span>
    </p>
   </div>
   <div class='ocr_carea' id='block_1_107' title="bbox 1927 4421 3502 4501">
    <p class='ocr_par' dir='ltr' id='par_1_107' title="bbox 1927 4421 3502 4501">
     <span class='ocr_line' id='line_1_107' title="bbox 1927 4421 3502 4501; baseline -0.011 -15"><span class='ocrx_word' id='word_1_689' title='bbox 1927 4447 2022 4501; x_wconf 85' lang='lat' dir='ltr'><strong>per</strong></span> <span class='ocrx_word' id='word_1_690' title='bbox 2047 4431 2319 4500; x_wconf 70' lang='lat' dir='ltr'><strong>iniuriam,</strong></span> <span class='ocrx_word' id='word_1_691' title='bbox 2341 4436 2395 4482; x_wconf 92' lang='lat' dir='ltr'><strong>et</strong></span> <span class='ocrx_word' id='word_1_692' title='bbox 2418 4435 2656 4483; x_wconf 87' lang='lat' dir='ltr'><strong>vestram</strong></span> <span class='ocrx_word' id='word_1_693' title='bbox 2679 4438 2804 4493; x_wconf 84' lang='lat' dir='ltr'><strong>erga</strong></span> <span class='ocrx_word' id='word_1_694' title='bbox 2827 4435 2925 4477; x_wconf 90' lang='lat' dir='ltr'><strong>nos</strong></span> <span class='ocrx_word' id='word_1_695' title='bbox 2942 4421 3222 4475; x_wconf 88' lang='lat' dir='ltr'><strong>caritatem</strong></span> <span class='ocrx_word' id='word_1_696' title='bbox 3239 4431 3335 4485; x_wconf 89' lang='lat' dir='ltr'><strong>per</strong></span> <span class='ocrx_word' id='word_1_697' title='bbox 3355 4429 3502 4470; x_wconf 84' lang='lat' dir='ltr'><strong>com-</strong></span> 
     </span>
    </p>
   </div>
   <div class='ocr_carea' id='block_1_108' title="bbox 1924 4506 3497 4593">
    <p class='ocr_par' dir='ltr' id='par_1_108' title="bbox 1924 4506 3497 4593">
     <span class='ocr_line' id='line_1_108' title="bbox 1924 4506 3497 4593; baseline -0.013 -15"><span class='ocrx_word' id='word_1_698' title='bbox 1924 4523 2233 4593; x_wconf 88' lang='lat' dir='ltr'><strong>patientiatn</strong></span> <span class='ocrx_word' id='word_1_699' title='bbox 2265 4517 2662 4587; x_wconf 88' lang='lat' dir='ltr'><strong>comprobaret,</strong></span> <span class='ocrx_word' id='word_1_700' title='bbox 2691 4528 2753 4568; x_wconf 90' lang='lat' dir='ltr'><strong>ac</strong></span> <span class='ocrx_word' id='word_1_701' title='bbox 2782 4512 2900 4567; x_wconf 85' lang='lat' dir='ltr'><strong>sine</strong></span> <span class='ocrx_word' id='word_1_702' title='bbox 2926 4508 3088 4565; x_wconf 91' lang='lat' dir='ltr'><strong>dubio</strong></span> <span class='ocrx_word' id='word_1_703' title='bbox 3112 4506 3377 4562; x_wconf 88' lang='lat' dir='ltr'><strong>facultatis</strong></span> <span class='ocrx_word' id='word_1_704' title='bbox 3406 4520 3497 4560; x_wconf 87' lang='lat' dir='ltr'><strong>no-</strong></span> 
     </span>
    </p>
   </div>
   <div class='ocr_carea' id='block_1_109' title="bbox 1922 4598 3498 4679">
    <p class='ocr_par' dir='ltr' id='par_1_109' title="bbox 1922 4598 3498 4679">
     <span class='ocr_line' id='line_1_109' title="bbox 1922 4598 3498 4679; baseline -0.013 -7"><span class='ocrx_word' id='word_1_705' title='bbox 1922 4629 2050 4672; x_wconf 84' lang='lat' dir='ltr'><strong>strae</strong></span> <span class='ocrx_word' id='word_1_706' title='bbox 2080 4613 2231 4671; x_wconf 84' lang='lat' dir='ltr'><strong>vobis</strong></span> <span class='ocrx_word' id='word_1_707' title='bbox 2260 4614 2464 4669; x_wconf 91' lang='lat' dir='ltr'><strong>lucrum</strong></span> <span class='ocrx_word' id='word_1_708' title='bbox 2489 4608 2667 4679; x_wconf 87' lang='lat' dir='ltr'><strong>operis</strong></span> <span class='ocrx_word' id='word_1_709' title='bbox 2704 4619 2804 4676; x_wconf 87' lang='lat' dir='ltr'><strong>per</strong></span> <span class='ocrx_word' id='word_1_710' title='bbox 2832 4602 3149 4659; x_wconf 79' lang='lat' dir='ltr'><strong>beneficium</strong></span> <span class='ocrx_word' id='word_1_711' title='bbox 3197 4598 3498 4656; x_wconf 87' lang='lat' dir='ltr'><strong>dilectionis</strong></span> 
     </span>
    </p>
   </div>
   <div class='ocr_carea' id='block_1_110' title="bbox 1921 4711 2158 4766">
    <p class='ocr_par' dir='ltr' id='par_1_110' title="bbox 1921 4711 2158 4766">
     <span class='ocr_line' id='line_1_110' title="bbox 1921 4711 2158 4766; baseline -0.021 0"><span class='ocrx_word' id='word_1_712' title='bbox 1921 4711 2158 4766; x_wconf 72' lang='lat' dir='ltr'><strong>afferret.</strong></span> 
     </span>
    </p>
   </div>
   <div class='ocr_carea' id='block_1_111' title="bbox 2522 4788 2892 4847">
    <p class='ocr_par' dir='ltr' id='par_1_111' title="bbox 2522 4788 2892 4847">
     <span class='ocr_line' id='line_1_111' title="bbox 2522 4788 2892 4847; baseline -0.011 -1"><span class='ocrx_word' id='word_1_713' title='bbox 2522 4790 2737 4847; x_wconf 81' lang='lat' dir='ltr'><strong>EPIST.</strong></span> <span class='ocrx_word' id='word_1_714' title='bbox 2780 4788 2868 4844; x_wconf 76' lang='lat' dir='ltr'><strong>LX</strong></span> <span class='ocrx_word' id='word_1_715' title='bbox 2880 4831 2892 4842; x_wconf 94' lang='lat'><strong>.</strong></span> 
     </span>
    </p>
   </div>
   <div class='ocr_carea' id='block_1_112' title="bbox 2205 4878 3215 4953">
    <p class='ocr_par' dir='ltr' id='par_1_112' title="bbox 2205 4878 3215 4953">
     <span class='ocr_line' id='line_1_112' title="bbox 2205 4878 3215 4953; baseline -0.009 -13"><span class='ocrx_word' id='word_1_716' title='bbox 2205 4884 2447 4940; x_wconf 73' lang='lat' dir='ltr'><strong>Ruricius</strong></span> <span class='ocrx_word' id='word_1_717' title='bbox 2475 4884 2740 4953; x_wconf 87' lang='lat' dir='ltr'><strong>episcopus</strong></span> <span class='ocrx_word' id='word_1_718' title='bbox 2772 4881 2880 4947; x_wconf 76' lang='lat' dir='ltr'><strong>ﬁlio</strong></span> <span class='ocrx_word' id='word_1_719' title='bbox 2909 4878 3215 4931; x_wconf 79' lang='lat' dir='ltr'><strong>Vittameno.</strong></span> 
     </span>
    </p>
   </div>
   <div class='ocr_carea' id='block_1_113' title="bbox 1993 4963 3475 5038">
    <p class='ocr_par' dir='ltr' id='par_1_113' title="bbox 1993 4963 3475 5038">
     <span class='ocr_line' id='line_1_113' title="bbox 1993 4963 3475 5038; baseline -0.013 0"><span class='ocrx_word' id='word_1_720' title='bbox 1993 4980 2301 5038; x_wconf 85' lang='lat' dir='ltr'><strong>Familiares</strong></span> <span class='ocrx_word' id='word_1_721' title='bbox 2324 4993 2421 5034; x_wconf 91' lang='lat' dir='ltr'><strong>nos</strong></span> <span class='ocrx_word' id='word_1_722' title='bbox 2435 4974 2588 5030; x_wconf 88' lang='lat' dir='ltr'><strong>vobis</strong></span> <span class='ocrx_word' id='word_1_723' title='bbox 2612 4974 2736 5028; x_wconf 90' lang='lat' dir='ltr'><strong>facit</strong></span> <span class='ocrx_word' id='word_1_724' title='bbox 2755 4981 2932 5027; x_wconf 87' lang='lat' dir='ltr'><strong>vestra</strong></span> <span class='ocrx_word' id='word_1_725' title='bbox 2952 4970 3208 5038; x_wconf 85' lang='lat' dir='ltr'><strong>dignatto,</strong></span> <span class='ocrx_word' id='word_1_726' title='bbox 3226 4968 3350 5021; x_wconf 90' lang='lat' dir='ltr'><strong>dum</strong></span> <span class='ocrx_word' id='word_1_727' title='bbox 3371 4963 3475 5019; x_wconf 84' lang='lat' dir='ltr'><strong>hoc</strong></span> 
     </span>
    </p>
   </div>
   <div class='ocr_carea' id='block_1_114' title="bbox 1924 5061 3500 5147">
    <p class='ocr_par' dir='ltr' id='par_1_114' title="bbox 1924 5061 3500 5147">
     <span class='ocr_line' id='line_1_114' title="bbox 1924 5061 3500 5147; baseline -0.011 -16"><span class='ocrx_word' id='word_1_728' title='bbox 1924 5075 2066 5147; x_wconf 92' lang='lat' dir='ltr'><strong>quod</strong></span> <span class='ocrx_word' id='word_1_729' title='bbox 2095 5090 2125 5129; x_wconf 92' lang='lat' dir='ltr'><strong>a</strong></span> <span class='ocrx_word' id='word_1_730' title='bbox 2155 5071 2313 5127; x_wconf 87' lang='lat' dir='ltr'><strong>nobis</strong></span> <span class='ocrx_word' id='word_1_731' title='bbox 2343 5068 2571 5122; x_wconf 85' lang='lat' dir='ltr'><strong>libenter</strong></span> <span class='ocrx_word' id='word_1_732' title='bbox 2598 5064 2842 5127; x_wconf 72' lang='lat' dir='ltr'><strong>offertur,</strong></span> <span class='ocrx_word' id='word_1_733' title='bbox 2869 5078 2897 5114; x_wconf 91' lang='lat' dir='ltr'><strong>a</strong></span> <span class='ocrx_word' id='word_1_734' title='bbox 2928 5061 3081 5116; x_wconf 84' lang='lat' dir='ltr'><strong>vobis</strong></span> <span class='ocrx_word' id='word_1_735' title='bbox 3106 5068 3383 5130; x_wconf 88' lang='lat' dir='ltr'><strong>gratanter</strong></span> <span class='ocrx_word' id='word_1_736' title='bbox 3408 5076 3500 5115; x_wconf 89' lang='lat' dir='ltr'><strong>ac-</strong></span> 
     </span>
    </p>
   </div>
   <div class='ocr_carea' id='block_1_115' title="bbox 1925 5150 3495 5235">
    <p class='ocr_par' dir='ltr' id='par_1_115' title="bbox 1925 5150 3495 5235">
     <span class='ocr_line' id='line_1_115' title="bbox 1925 5150 3495 5235; baseline -0.015 -12"><span class='ocrx_word' id='word_1_737' title='bbox 1925 5167 2141 5235; x_wconf 79' lang='lat' dir='ltr'><strong>cipitur.</strong></span> <span class='ocrx_word' id='word_1_738' title='bbox 2165 5160 2442 5230; x_wconf 84' lang='lat' dir='ltr'><strong>Siquidem</strong></span> <span class='ocrx_word' id='word_1_739' title='bbox 2488 5156 2618 5212; x_wconf 90' lang='lat' dir='ltr'><strong>illud</strong></span> <span class='ocrx_word' id='word_1_740' title='bbox 2650 5168 2845 5210; x_wconf 88' lang='lat' dir='ltr'><strong>munus</strong></span> <span class='ocrx_word' id='word_1_741' title='bbox 2873 5152 3204 5221; x_wconf 87' lang='lat' dir='ltr'><strong>acceptabile</strong></span> <span class='ocrx_word' id='word_1_742' title='bbox 3242 5150 3495 5219; x_wconf 85' lang='lat' dir='ltr'><strong>probatur</strong></span> 
     </span>
    </p>
   </div>
   <div class='ocr_carea' id='block_1_116' title="bbox 1922 5237 3501 5321">
    <p class='ocr_par' dir='ltr' id='par_1_116' title="bbox 1922 5237 3501 5321">
     <span class='ocr_line' id='line_1_116' title="bbox 1922 5237 3501 5321; baseline -0.016 -8"><span class='ocrx_word' id='word_1_743' title='bbox 1922 5269 1976 5313; x_wconf 87' lang='lat' dir='ltr'><strong>et</strong></span> <span class='ocrx_word' id='word_1_744' title='bbox 1998 5256 2176 5317; x_wconf 89' lang='lat' dir='ltr'><strong>dulce,</strong></span> <span class='ocrx_word' id='word_1_745' title='bbox 2205 5249 2346 5321; x_wconf 91' lang='lat' dir='ltr'><strong>quod</strong></span> <span class='ocrx_word' id='word_1_746' title='bbox 2371 5263 2475 5302; x_wconf 92' lang='lat' dir='ltr'><strong>non</strong></span> <span class='ocrx_word' id='word_1_747' title='bbox 2498 5244 2806 5315; x_wconf 89' lang='lat' dir='ltr'><strong>magnitudo</strong></span> <span class='ocrx_word' id='word_1_748' title='bbox 2827 5241 3204 5303; x_wconf 87' lang='lat' dir='ltr'><strong>insinuaverit,</strong></span> <span class='ocrx_word' id='word_1_749' title='bbox 3235 5237 3328 5292; x_wconf 87' lang='lat' dir='ltr'><strong>sed</strong></span> <span class='ocrx_word' id='word_1_750' title='bbox 3353 5249 3501 5290; x_wconf 83' lang='lat' dir='ltr'><strong>com-</strong></span> 
     </span>
    </p>
   </div>
   <div class='ocr_carea' id='block_1_117' title="bbox 1926 5324 3498 5403">
    <p class='ocr_par' dir='ltr' id='par_1_117' title="bbox 1926 5324 3498 5403">
     <span class='ocr_line' id='line_1_117' title="bbox 1926 5324 3498 5403; baseline -0.017 -1"><span class='ocrx_word' id='word_1_751' title='bbox 1926 5346 2193 5403; x_wconf 87' lang='lat' dir='ltr'><strong>mendarit</strong></span> <span class='ocrx_word' id='word_1_752' title='bbox 2212 5340 2443 5396; x_wconf 67' lang='lat' dir='ltr'><strong>affectio.</strong></span> <span class='ocrx_word' id='word_1_753' title='bbox 2473 5338 2605 5403; x_wconf 73' lang='lat' dir='ltr'><strong>Quae</strong></span> <span class='ocrx_word' id='word_1_754' title='bbox 2626 5350 2715 5391; x_wconf 86' lang='lat' dir='ltr'><strong>res</strong></span> <span class='ocrx_word' id='word_1_755' title='bbox 2736 5334 2882 5400; x_wconf 86' lang='lat' dir='ltr'><strong>facit,</strong></span> <span class='ocrx_word' id='word_1_756' title='bbox 2910 5342 2968 5387; x_wconf 92' lang='lat' dir='ltr'><strong>ut</strong></span> <span class='ocrx_word' id='word_1_757' title='bbox 2992 5331 3059 5386; x_wconf 87' lang='lat' dir='ltr'><strong>ad</strong></span> <span class='ocrx_word' id='word_1_758' title='bbox 3093 5324 3498 5399; x_wconf 80' lang='lat' dir='ltr'><strong>persolvenduttt</strong></span> 
     </span>
    </p>
   </div>
   <div class='ocr_carea' id='block_1_118' title="bbox 1929 5415 3499 5505">
    <p class='ocr_par' dir='ltr' id='par_1_118' title="bbox 1929 5415 3499 5505">
     <span class='ocr_line' id='line_1_118' title="bbox 1929 5415 3499 5505; baseline -0.018 -9"><span class='ocrx_word' id='word_1_759' title='bbox 1929 5439 2084 5496; x_wconf 85' lang='lat' dir='ltr'><strong>vobis</strong></span> <span class='ocrx_word' id='word_1_760' title='bbox 2114 5441 2425 5505; x_wconf 60' lang='lat' dir='ltr'><strong>spontanee</strong></span> <span class='ocrx_word' id='word_1_761' title='bbox 2444 5427 2746 5484; x_wconf 85' lang='lat' dir='ltr'><strong>devotionis</strong></span> <span class='ocrx_word' id='word_1_762' title='bbox 2775 5423 3112 5495; x_wconf 86' lang='lat' dir='ltr'><strong>obsequium,</strong></span> <span class='ocrx_word' id='word_1_763' title='bbox 3137 5419 3300 5475; x_wconf 88' lang='lat' dir='ltr'><strong>etiam</strong></span> <span class='ocrx_word' id='word_1_764' title='bbox 3326 5415 3380 5471; x_wconf 88' lang='lat' dir='ltr'><strong>id</strong></span> <span class='ocrx_word' id='word_1_765' title='bbox 3399 5415 3499 5468; x_wconf 86' lang='lat' dir='ltr'><strong>lia-</strong></span> 
     </span>
    </p>
   </div>
   <div class='ocr_carea' id='block_1_119' title="bbox 2000 5564 3025 5637">
    <p class='ocr_par' dir='ltr' id='par_1_119' title="bbox 2000 5564 3025 5637">
     <span class='ocr_line' id='line_1_119' title="bbox 2000 5564 3025 5637; baseline 0.029 -27"><span class='ocrx_word' id='word_1_766' title='bbox 2000 5570 2027 5611; x_wconf 83' lang='lat' dir='ltr'><strong>d</strong></span> <span class='ocrx_word' id='word_1_767' title='bbox 2050 5571 2175 5625; x_wconf 65' lang='lat' dir='ltr'><strong>Hice</strong></span> <span class='ocrx_word' id='word_1_768' title='bbox 2198 5582 2301 5622; x_wconf 80' lang='lat' dir='ltr'><strong>vox</strong></span> <span class='ocrx_word' id='word_1_769' title='bbox 2325 5566 2476 5621; x_wconf 87' lang='lat' dir='ltr'><strong>abest</strong></span> <span class='ocrx_word' id='word_1_770' title='bbox 2502 5564 2555 5619; x_wconf 93' lang='lat' dir='ltr'><strong>in</strong></span> <span class='ocrx_word' id='word_1_771' title='bbox 2582 5576 2685 5619; x_wconf 83' lang='lat' dir='ltr'><strong>ms.</strong></span> <span class='ocrx_word' id='word_1_772' title='bbox 2922 5628 2933 5637; x_wconf 90' lang='lat'><strong>.</strong></span> <span class='ocrx_word' id='word_1_773' title='bbox 2958 5627 2969 5637; x_wconf 89' lang='lat'><strong>.</strong></span> <span class='ocrx_word' id='word_1_774' title='bbox 3014 5626 3025 5637; x_wconf 93' lang='lat'><strong>.</strong></span> 
     </span>
    </p>
   </div>
   <div class='ocr_carea' id='block_1_120' title="bbox 2000 5627 3271 5711">
    <p class='ocr_par' dir='ltr' id='par_1_120' title="bbox 2000 5627 3271 5711">
     <span class='ocr_line' id='line_1_120' title="bbox 2000 5627 3271 5711; baseline -0.015 -13"><span class='ocrx_word' id='word_1_775' title='bbox 2000 5652 2022 5679; x_wconf 76' lang='grc' dir='ltr'><strong>ε</strong></span> <span class='ocrx_word' id='word_1_776' title='bbox 2054 5639 2288 5711; x_wconf 83' lang='lat' dir='ltr'><strong>Prompti</strong></span> <span class='ocrx_word' id='word_1_777' title='bbox 2308 5637 2489 5706; x_wconf 86' lang='lat' dir='ltr'><strong>animi,</strong></span> <span class='ocrx_word' id='word_1_778' title='bbox 2518 5645 2809 5703; x_wconf 83' lang='lat' dir='ltr'><strong>quanquam</strong></span> <span class='ocrx_word' id='word_1_779' title='bbox 2831 5627 3131 5694; x_wconf 79' lang='lat' dir='ltr'><strong>assiduitas,</strong></span> <span class='ocrx_word' id='word_1_780' title='bbox 3162 5634 3271 5684; x_wconf 83' lang='lat' dir='ltr'><strong>etc.</strong></span> 
     </span>
    </p>
   </div>
  </div>
