4022 6168
461 317 563 373 123

1049 312 1474 369 RUlllClORUM
1517 294 1991 371 EPISCOPORUM
2032 313 2161 369 CIV.
2206 308 2643 365 LEMOVlClN/E
2688 308 3123 366 EPlTAPlllUll.

3608 312 3715 369 £34

462 432 679 481 Ιιιοτιπιιις
706 426 755 479 in
779 425 934 486 votis.
963 426 1102 492 quod
1124 440 1230 478 non
1256 425 1510 479 habemus
1536 426 1587 479 in
1614 427 1773 480 verba
1796 425 2026 500 [verbis].
2058 431 2109 488 Α
2135 427 2368 496 pectoris
2385 425 2510 491 mei,
2530 424 2582 477 in
2601 440 2705 491 quo
2730 423 2979 478 aﬂ'ectum
3002 424 3162 479 vestri
3189 423 3443 479 aviditate
3470 432 3708 497 suscepi,

462 522 640 588 Itaque
663 519 980 572 salutatione
1011 517 1263 585 depensa,
1293 518 1411 585 quia
1457 528 1670 571 centum
1706 533 1832 587 pera
1874 518 2030 590 [pira]

459 610 769 664 sublimitati
807 618 1017 674 vestrm,
1052 609 1152 661 alia
1181 619 1391 662 centum
1422 608 1543 662 fi'ia:
1582 624 1717 663 meat
1760 610 2033 665 destinare

464 701 795 769 priesuutpsi.
826 701 954 767 Qua:
980 701 1024 754 si
1051 703 1273 755 fortasse
1297 701 1666 768 displicuerint
1700 702 1909 769 saporis
1938 718 2035 771 gu-

460 803 566 859 stu,
597 792 898 862 placebunt,
931 802 988 846 ut
1012 792 1349 856 c0nfidtmus,
1376 794 1788 849 trausmittentis
1814 793 2031 853 affectu.

1052 903 1262 959 EPIST.
1305 905 1435 959 LXI.

713 996 951 1049 Ruricius
993 997 1257 1066 episcopus
1291 997 1438 1065 fratri
1465 1004 1491 1033 ι
1522 996 1787 1066 Ναπιαεὶο,

532 1087 717 1142 Saluto
747 1089 1054 1156 plurimum,
1092 1098 1146 1143 et
1169 1102 1327 1156 spero
1351 1098 1406 1141 ut
1434 1089 1477 1142 si
1521 1092 1755 1144 secundo
1798 1094 2033 1147 crastino

462 1196 567 1231 non
598 1179 853 1245 potueris,
882 1178 962 1231 vel
994 1179 1143 1231 tertia
1180 1178 1309 1232 feria
1338 1178 1403 1232 ad
1438 1195 1534 1232 nos
1566 1182 1745 1235 venire
1775 1182 2031 1249 digneris.

462 1270 593 1329 Quia
616 1268 883 1322 desiderio
914 1277 1015 1321 tua:
1046 1269 1282 1322 caritatis
1332 1270 1563 1335 accensi,
1604 1281 1656 1325 et
1684 1269 1782 1326 nos
1807 1272 2033 1327 dicimus

461 1372 579 1409 cum
608 1357 895 1423 pr0pheta:
926 1358 1108 1409 Anima
1130 1374 1239 1410 mea
1281 1359 1410 1412 sicut
1448 1369 1582 1413 terra
1612 1362 1721 1415 sine
1750 1378 1886 1432 aqua
1920 1364 2028 1418 tibi.

461 1448 661 1517 Defecit
695 1449 903 1518 spiritus
934 1465 1093 1503 meus.
1139 1449 1190 1502 Ν
1197 1466 1223 1502 e
1246 1460 1443 1504 avertas
1472 1454 1655 1521 [aciem
1702 1453 2030 1523 tuam(Psal.

460 1555 625 1602 exui,
645 1539 699 1605 6,
723 1539 798 1607 7).
826 1539 901 1593 Ne
929 1542 1156 1594 moreris
1174 1542 1478 1608 adventum,
1500 1555 1555 1597 ttt
1582 1546 1812 1613 pectoris
1839 1548 2029 1612 nostri,

461 1632 601 1699 quod
639 1632 783 1697 parvi
823 1633 1077 1700 temporis
1098 1634 1290 1688 solatio
1336 1638 1652 1705 suscitastis,
1682 1639 2033 1709 exstinguatis

462 1724 784 1779 incendium.
815 1723 975 1778 Finit.

1048 1793 1256 1850 EPIST.
1288 1795 1446 1851 LXII.

744 1886 983 1942 Ruricius
1005 1889 1269 1962 cpiswpus
1297 1892 1408 1960 filio
1440 1892 1744 1949 Vittameno.

531 1974 742 2030 Gratias
766 1993 865 2047 ago
891 1979 1310 2049 diguantissimze
1330 1998 1452 2052 erga
1477 2000 1562 2039 me
1594 1987 1908 2042 sublimitati
1941 2005 2031 2045 ve-

460 2070 605 2131 strm,
638 2066 777 2136 quod
807 2085 902 2123 nos
932 2070 997 2123 de
1026 2071 1230 2126 actibus
1253 2084 1409 2143 atque
1440 2077 1809 2133 incolumitate
1831 2090 2027 2143 vestra,

458 2172 594 2223 quos
616 2159 805 2223 nostis,
842 2159 949 2215 Dio
978 2162 1227 2231 propitio,
1264 2179 1361 2231 pro
1398 2158 1750 2223 amicitiarum
1785 2169 1905 2237 jure
1926 2172 2030 2223 sol-

461 2249 630 2303 licitos
646 2294 660 2319 ,
695 2251 865 2304 facitis
886 2251 1179 2305 litterarum
1206 2255 1491 2310 sedulitate
1508 2273 1746 2313 securos.
1773 2259 1926 2315 Unde
1948 2262 2030 2315 his

460 2341 792 2408 reciprocum
820 2342 986 2395 reddo
1016 2344 1281 2399 nobilitati
1319 2359 1509 2401 vestrm
1535 2349 1875 2405 salutationis
1913 2350 2032 2404 oili-

460 2435 626 2495 ciutn,
649 2443 703 2486 et
729 2448 814 2487 me
843 2433 934 2486 has
964 2433 1031 2487 de
1066 2434 1362 2490 Decauiaco
1403 2438 1467 2491 ad
1497 2454 1590 2492 vos
1618 2440 1829 2495 dedisse
1867 2441 2029 2511 signi-

462 2524 584 2587 fico,
607 2537 887 2592 meamque
906 2524 1060 2578 vobis
1089 2527 1268 2581 favore
1296 2528 1617 2593 divinitatis,
1639 2547 1795 2600 quam
1824 2531 1851 2570 δ
1880 2533 2031 2589 vobis

459 2612 676 2680 placere
700 2613 932 2678 conﬁdo,
964 2614 1202 2669 iudicans
1242 2618 1573 2688 sospitatcm.
1612 2620 1888 2675 Prmstabit
1928 2624 2030 2676 Do-

459 2703 635 2755 minus
664 2712 721 2756 ut
745 2704 902 2757 citius
933 2704 1056 2757 hinc
1094 2720 1369 2773 regressus
1396 2708 1585 2762 vestris
1625 2725 1835 2775 merear
1874 2712 2029 2765 obtu-

457 2791 599 2845 tibus
620 2795 952 2860 prtrsentari.
979 2794 1047 2849 Ut
1077 2795 1227 2865 cujus
1266 2799 1591 2867 benignitate
1620 2811 1795 2855 vestra
1842 2801 2030 2856 incita-

455 2882 555 2937 stis
583 2883 869 2951 desideria,
896 2886 1103 2939 visione
1133 2888 1431 2941 sollicitetis
1455 2888 1724 2946 affectum.

1025 2976 1237 3033 EPIST.
1280 2979 1458 3033 LXIII.

668 3061 911 3117 Ruricius
936 3066 1200 3136 episcopus
1220 3068 1369 3136 fratri
1383 3070 1535 3122 Claro
1561 3070 1813 3138 episcopo.

2059 1809 2107 1868 Β

2140 517 2346 587 pagina:
2384 515 2740 569 collocutione
2772 517 3108 579 tran-mitto;
3138 515 3405 584 simulque
3446 515 3711 585 deprecor

2137 620 2194 667 ut
2223 612 2492 666 communi
2538 611 2763 665 Domino
2803 610 3115 678 supplicetis
3144 619 3204 664 ut
3228 610 3385 663 citius
3424 626 3521 664 nos
3550 610 3713 667 faciat

2137 705 2363 759 fructum
2406 703 2474 757 de
2520 712 2702 756 nostra
2724 716 2920 769 capere
2957 701 3270 769 praesentia;
3320 716 3562 770 quosque
3600 719 3713 758 suae

2138 795 2499 862 insjtirationis
2530 794 2780 846 instinctu
2802 792 3114 859 connexuit,
3146 792 3387 846 vultuum
3412 793 3572 847 etiam
3596 810 3715 847 tnu-

2140 896 2227 938 tua
2259 884 2463 937 visione
2488 887 2802 952 conjungat;
2845 894 2901 936 ut
2932 882 3254 937 desiderium
3300 884 3351 937 in
3384 884 3538 937 nobis
3570 887 3711 954 quod

2135 977 2378 1032 accendit
2401 976 2610 1038 allatus,
2627 978 2914 1044 restinguat
2937 977 3174 1029 obtutus.
3199 978 3270 1030 De
3300 978 3563 1030 columnis
3587 993 3715 1031 vero

2134 1070 2333 1136 gratias
2361 1085 2488 1137 ago;
2516 1078 2601 1130 et,
2648 1068 2785 1122 sicut
2827 1068 3099 1135 jnssistis,
3141 1068 3263 1137 quia
3303 1069 3464 1120 modo
3499 1079 3716 1136 propter

2136 1160 2501 1214 imminentem
2525 1159 2770 1229 hyemetn
2794 1158 3037 1212 vehicula
3078 1159 3171 1212 illo
3195 1158 3427 1227 dirigere
3458 1174 3563 1211 non
3588 1175 3715 1227 pos-

2138 1266 2280 1316 sum,
2308 1262 2430 1318 post
2459 1260 2699 1305 sanctum
2729 1250 2948 1311 Pascha,
2976 1250 3205 1318 propitia
3227 1249 3513 1303 Divinitate
3542 1259 3714 1304 trans-

2136 1344 2359 1397 mittam.
2406 1343 2478 1396 Dc
2519 1343 2813 1396 minoribus
2846 1357 2973 1395 vero
3012 1343 3151 1395 sicut
3190 1342 3354 1395 verbo
3385 1341 3714 1405 mandasﬁs,

2135 1432 2179 1486 si
2212 1433 2432 1487 inveniri
2463 1443 2715 1499 possunt,
2746 1431 2877 1484 mihi
2906 1432 2985 1484 vel
3014 1432 3199 1485 decem
3231 1433 3563 1484 necessarias
3594 1446 3714 1484 esse

2137 1526 2397 1594 significo.
2426 1524 2530 1579 Sed
2565 1527 2605 1578 si
2656 1524 2911 1578 Dominus
2937 1538 3191 1590 prospera
3218 1523 3464 1579 universa
3494 1538 3715 1578 conces-

2136 1618 2293 1681 serit,
2323 1627 2607 1687 antequam
2653 1617 2893 1672 vehicula
2932 1616 3156 1686 dirigam
3193 1616 3259 1670 ad
3304 1631 3401 1671 vos
3444 1616 3714 1671 hominem

2134 1706 2436 1762 desnnabo.

2701 1798 2915 1852 EPIST.
2956 1797 3137 1854 LXIV.

2242 1888 2479 1943 Ruricius
2506 1887 2770 1959 episcopus
2801 1892 2948 1957 fratri
2982 1887 3266 1941 Volusiano
3297 1896 3321 1925 ο
3346 1887 3606 1955 episcopo.

2204 1980 2280 2035 ita
2305 1981 2444 2051 quod
2475 1982 2626 2047 pejus
2654 1989 2759 2041 est.
2781 1982 3063 2035 caritatem
3093 1980 3388 2048 antiquam,
3416 1988 3469 2033 et
3497 1979 3713 2033 insitam

2133 2071 2318 2135 nobis,
2348 2071 2540 2139 partim
2564 2070 2837 2141 (quoniam
2868 2069 3225 2125 confitendum
3255 2069 3362 2139 est)
3392 2068 3715 2139 negligentia

2135 2172 2335 2229 nostra,
2362 2163 2558 2232 partim
2583 2162 2911 2218 necessitate
2940 2163 3215 2228 temporis,
3245 2161 3441 2231 partim
3469 2160 3715 2231 corporis

2134 2254 2439 2309 infirmitate
2468 2254 2717 2319 faciente,
2749 2255 2902 2325 longa
2934 2254 3133 2309 delebit
3162 2254 3384 2318 oblivio,
3418 2264 3473 2305 ttt
3505 2252 3717 2320 penitus

2132 2337 2476 2398 immemores
2507 2344 2676 2399 nostri
2697 2343 2825 2398 facti
2860 2358 2965 2398 non
2994 2343 3167 2397 solum
3191 2357 3285 2396 vos
3313 2342 3472 2395 nullis
3499 2341 3714 2404 ofﬁciis,

2132 2437 2225 2492 sed
2250 2450 2348 2490 nec
2381 2436 2573 2490 litteris
2602 2435 2958 2505 requiramus.
2993 2434 3156 2487 Miror
3193 2431 3526 2485 nobilitatem
3570 2441 3713 2484 tuam

2132 2528 2281 2596 quasi
2324 2527 2490 2581 filium
2524 2527 2588 2580 ad
2632 2542 2720 2581 me
2746 2527 2954 2580 litteras
2977 2524 3248 2578 destinare
3269 2563 3283 2585 ,
3304 2539 3427 2576 cum
3457 2523 3574 2575 sine
3606 2522 3716 2576 ullo

2134 2629 2382 2687 respectu
2427 2618 2699 2686 religionis
2741 2626 2833 2670 aut
2887 2615 3300 2683 propinquitatis
3359 2613 3453 2666 tibi
3503 2613 3715 2679 injuriae

2132 2720 2330 2764 nostra:
2360 2710 2437 2764 sic
2466 2712 2729 2779 placeant,
2758 2717 2816 2763 ut
2840 2722 2931 2763 eas
2956 2707 3228 2763 vindicare
3253 2721 3359 2760 non
3387 2705 3539 2759 velis.
3562 2704 3717 2759 Unde

2133 2801 2232 2855 nisi
2263 2800 2719 2855 existimationem
2765 2813 3008 2866 personae
3037 2810 3201 2861 mete,
3234 2804 3326 2848 aut
3373 2794 3535 2847 officii
3562 2792 3712 2862 cogi-

2132 2900 2351 2954 tassem,
2384 2891 2697 2959 portitorem
2749 2888 3048 2941 litterarum
3092 2894 3300 2939 tuarum
3351 2884 3509 2937 talem
3559 2882 3625 2935 ad
3662 2895 3714 2937 te

2133 2982 2406 3048 miseram,
2437 2982 2622 3048 quales
2654 2981 2897 3033 homines
2924 2992 3074 3032 meos
3104 2993 3206 3033 non
3232 2985 3477 3030 matrona
3507 2983 3711 3038 vestra,

2131 3076 2222 3128 sed
2265 3073 2479 3127 domina
2518 3084 2715 3141 procax
2759 3081 2813 3126 et
2851 3070 3109 3125 effrenata
3159 3069 3383 3122 nimium
3431 3065 3711 3135 perduxit;

524 3154 856 3221 Apostolatui
888 3167 1066 3211 vestro
1099 3173 1192 3226 pro
1215 3174 1276 3211 ea
1299 3175 1458 3227 quam
1490 3161 1741 3215 mihinon
1778 3176 1872 3230 pro
1890 3164 2025 3218 meis
2053 3186 2097 3248 ο
2130 3163 2281 3231 cujus
2309 3177 2487 3218 mores
2522 3162 2568 3216 si
2608 3170 2661 3216 tu
2699 3169 2849 3215 tanto
2876 3169 3117 3228 tempore
3154 3173 3275 3213 cum
3304 3156 3458 3210 fama:
3490 3163 3597 3209 tua:
3623 3154 3710 3208 di-

453 3245 663 3298 meritis
681 3286 694 3306 ,
734 3246 827 3298 sed
877 3260 972 3314 pro
1001 3245 1370 3303 benevolentia
1398 3248 1696 3305 animorum
1725 3261 2022 3307 vestrorum

455 3334 782 3401 impenditis,
814 3335 1036 3389 caritate
1057 3376 1073 3399 ,
1101 3352 1204 3391 non
1236 3337 1409 3391 dicam
1434 3340 1609 3393 vicem
1658 3354 1761 3394 non
1810 3357 2023 3409 possum

455 3438 743 3491 repensare
771 3424 1043 3481 beneflciis
1064 3467 1080 3491 ,
1109 3429 1200 3481 sed
1232 3444 1333 3483 nec
1361 3438 1535 3483 tantas
1575 3432 1774 3499 gratias
1801 3444 2025 3501 quantas

457 3516 755 3580 ueremini,
775 3520 1113 3573 sermonibus
1133 3521 1420 3588 explicare.
1453 3521 1703 3591 ltnpendo
1732 3534 1907 3581 tamen
1931 3542 2025 3598 per

455 3606 659 3659 litteras
708 3607 945 3663 debitum
992 3610 1358 3679 sospitationis
1402 3611 1656 3684 oflicium,
1704 3626 2020 3688 partemque

2132 3256 2456 3321 minutione,
2490 3262 2580 3308 aut
2598 3254 2899 3309 voluntarie
2927 3262 3019 3306 aut
3045 3251 3366 3305 necessitate
3394 3254 3710 3315 supportas,

2130 3347 2264 3401 alios
2280 3346 2490 3399 noveris
2512 3361 2609 3399 nec
2626 3346 2760 3399 velle
2781 3345 2939 3407 ferre,
2975 3358 3072 3397 nec
3093 3356 3216 3395 esse
3244 3347 3547 3393 contentos.
3572 3337 3706 3390 Nam

2130 3439 2271 3507 quod
2294 3438 2487 3492 scribis
2511 3479 2525 3501 ,
2562 3448 2614 3491 te
2640 3444 2785 3489 mettt
2815 3434 3044 3487 hostium
3078 3433 3322 3485 hebetem
3354 3429 3549 3483 factum
3584 3444 3599 3481 :
3632 3427 3706 3480 ti-

2134 3543 2281 3582 mere
2308 3528 2516 3579 hostem
2550 3540 2653 3578 non
2678 3524 2836 3579 debet
2865 3533 3177 3577 extraneum
3204 3521 3296 3591 qui
3322 3518 3598 3575 consuevit
3619 3531 3711 3571 su-

2133 3620 2331 3673 stinere
2358 3616 2727 3671 domesticum.

520 3790 547 3852 ξ
574 3784 646 3838 De
667 3798 733 3837 eo
761 3785 825 3837 ad
856 3786 1081 3852 primum
1112 3786 1324 3843 librum.

524 3849 548 3886 δ
582 3854 703 3912 Με..
735 3870 842 3906 vos.

523 3929 545 3957 ε
582 3921 700 3974 Fuit
727 3922 1050 3997 Iurottensis
1066 3926 1356 3997 episcopus
1375 3964 1392 3991 ,
1420 3925 1666 3997 Perpetui
1699 3944 2009 3994 successor,

451 3999 632 4057 postea
662 4007 690 4044 a
726 3992 935 4063 Warige
959 3993 1252 4048 Gothorum
1280 4013 1401 4066 rege
1438 3998 1489 4050 in
1526 3992 1840 4066 Hispaniam
1877 4002 1984 4053 rele

2123 3804 2297 3863 gatns,
2329 3809 2394 3846 eo
2419 3794 2557 3861 quod
2588 3794 2640 3847 in
2671 3791 2963 3863 Gothorum
3004 3790 3361 3863 suspicionem
3391 3785 3703 3863 incidisset:

2118 3855 2466 3918 autumabant
2500 3865 2707 3917 scilicet
2738 3877 2860 3913 eum
2893 3855 3112 3914 Franci;
3151 3861 3352 3913 favere.
3391 3858 3463 3910 De
3492 3871 3557 3909 eo
3584 3855 3705 3906 vide

2120 3936 2269 4001 plura
2295 3938 2433 4004 apud
2462 3934 2685 4003 Grt'gor.
2715 3932 2915 3986 Turou.
2951 3931 2999 3999 l,
3032 3931 3168 3994 226,
3195 3930 3287 3983 lib.
3314 3944 3348 3982 ι
3374 3974 3385 3993 ,
3419 3928 3507 3982 '51.
3540 3925 3703 3979 BASN.

475 4148 2116 4175 W_——__——u

1724 4325 2253 4395 EPITAPIII
2270 4325 2429 4395 UM

1370 4495 1689 4533 RURIClORUM
1728 4496 2080 4534 EPISCOPOIUM
2118 4492 2377 4533 CIVITATIS
2414 4492 2764 4533 ιιῖιιονιοικε.

1533 4631 1625 4694 (Ex
1651 4630 1875 4681 Venantli
1898 4631 2148 4681 Fortunati
2167 4632 2255 4681 lib.
2277 4645 2341 4690 tv,
2362 4643 2508 4680 carm.
2535 4628 2605 4691 5.)

2042 4780 2097 4839 Β
2123 4776 2389 4840 Tempore
2417 4776 2641 4842 quisque
2670 4788 2767 4828 suo
2797 4773 3028 4828 fundans
3056 4773 3140 4841 pia
3172 4775 3367 4844 templa
3391 4772 3623 4842 patroni,

2192 4846 2296 4899 iste
2325 4845 2624 4911 Augustini,
2651 4845 2889 4897 condidit
2917 4844 3007 4897 ille
3036 4844 3199 4897 Petri.

2119 4916 2215 4970 llic
2245 4917 2459 4981 probus,
2492 4914 2582 4968 ille
2612 4915 2764 4981 pius;
2798 4914 2884 4968 hic
2906 4915 3100 4973 serius,
3126 4914 3214 4969 ille
3244 4928 3485 4976 serenus,

2187 4982 2466 5040 Certantes
2496 4984 2693 5049 pariter
2721 4984 2840 5051 quis
2862 4983 2961 5036 sibi
2992 4983 3166 5051 major
3192 4985 3312 5037 crit.

2122 5055 2358 5107 Plurima
2384 5053 2704 5121 pauperibus
2738 5053 3031 5108 tribuentes
3063 5054 3225 5107 divite
3247 5069 3411 5107 censu
3438 5092 3453 5115 ,

2194 5126 2451 5178 Misernnt
2473 5122 2669 5187 caelos,
2698 5139 2830 5190 quas
2861 5132 3209 5189 sequerentur
3233 5138 3382 5186 ones.

2116 5195 2261 5261 Quos
2287 5204 2566 5261 spargente
2593 5188 2750 5248 manu
2779 5188 3105 5247 reditnentes
3129 5194 3351 5247 crimina
3380 5188 3585 5254 mundi,

2194 5264 2336 5320 Inter
2364 5264 2689 5332 apostolicos
2708 5264 2983 5332 credimus
3012 5278 3130 5317 esse
3160 5263 3374 5319 choros.

2118 5334 2323 5388 Felices
2346 5330 2434 5398 qui
2464 5336 2542 5388 sic
2562 5333 2630 5388 de
2652 5331 2932 5387 nobilitate
2962 5330 3133 5400 fugaci

2185 5403 2424 5472 Mercati,
2458 5405 2511 5460 in
2540 5404 2691 5461 caelis
2710 5404 2830 5473 jura
2854 5413 3070 5457 senatus
3095 5403 3315 5459 habent.

450 4779 628 4836 invida
658 4793 835 4843 mors,
864 4776 1047 4845 rapido
1073 4777 1316 4845 quamvis
1344 4777 1605 4830 miniteris
1639 4777 1782 4830 hiatu
1803 4818 1818 4841 ,

519 4852 631 4903 Non
660 4860 831 4902 tamen
858 4847 911 4901 in
939 4848 1289 4914 sanctosjnra
1318 4855 1501 4900 tenere
1530 4847 1695 4900 vales.

451 4919 583 4973 Nam
615 4931 887 4987 postquam
910 4932 1158 4971 remeans
1186 4914 1506 4987 domuitl'era
1524 4925 1717 4970 tartara
1746 4915 2012 4980 Clnistus,

517 4986 785 5041 .lustorum
815 4988 1015 5040 meritis
1044 4987 1143 5039 sub
1167 4986 1300 5053 pede
1323 4988 1456 5039 victu
1487 4987 1652 5052 jares.

454 5060 549 5113 llic
577 5072 727 5112 sacra
750 5058 1079 5125 pontiﬁcum,
1109 5065 1219 5109 toto
1246 5055 1507 5109 radiantia
1534 5056 1751 5115 mundo.

519 5128 749 5181 Membra
773 5129 1007 5193 sepulcra
1038 5136 1220 5195 tegunt
1243 5143 1257 5188 ;
1290 5125 1505 5192 Spiritus
1529 5135 1669 5179 astra
1695 5126 1848 5182 colit.

452 5198 648 5252 lluricii
671 5198 864 5264 gemini
895 5197 1052 5250 ﬂores
1080 5199 1269 5263 quibus
1290 5196 1659 5262 Anniciorum,

516 5269 703 5322 Joneta
737 5266 987 5334 parentali
1012 5268 1240 5318 culmine
1271 5266 1435 5318 Roma
1461 5265 1577 5317 fuit.

450 5338 827 5394 Accumulante
855 5338 1047 5405 gradus
1070 5338 1417 5403 praenomine,
1442 5336 1697 5403 sanguine
1720 5337 1865 5403 nexi,

518 5411 793 5464 Exsultant
824 5409 1018 5479 pariter
1040 5406 1164 5463 hinc
1189 5422 1341 5473 anus,
1371 5405 1496 5461 inde
1518 5420 1704 5475 nepos.
