4022 6168
262 370 345 427 19.3
1294 367 1536 421 VICTOI‘.
1580 368 1910 425 V'ITENSIS.
1947 369 2469 424 PRULECOMENA.
3400 366 3501 423 1ξὸ

1426 590 1590 632 ANNO
1635 590 1864 633 DOMINI
1917 590 2270 633 CCCCLXXX!
2287 616 2297 629 .

493 754 3194 1122 VICTOBJLTENSIS.

1236 1249 2453 1360 PROLEGOMENA.

1055 1646 1678 1725 EPISTULA
1756 1647 2657 1728 DEDICATORIA.

426 1806 740 1886 Iosephus
777 1805 1110 1866 Bertinelli
1130 1806 1375 1866 Joanni
1395 1804 1866 1883 archiepiscopo
1900 1808 2185 1869 Minotto
2232 1807 2588 1881 Othobono,
2619 1810 2909 1890 episcopo
2946 1813 3279 1874 Patavina.

304 1946 524 2007 Parum
552 1967 660 2027 ego
682 1949 1049 2027 prudenter,
1083 1966 1159 2008 ne
1193 1947 1395 2009 dicam
1422 1959 1641 2007 temere
1671 1948 1885 2027 fecisse
1915 1947 2130 2008 videar
2157 1966 2364 2007 rerum
2393 1948 2759 2028 quibusdam
2783 1968 2910 2011 non
2935 1952 3087 2014 satis
3104 1954 3302 2031 justis
3322 1954 3455 2015 testi
3465 1985 3489 1998 -

237 2048 582 2124 matoribus,
641 2050 753 2127 qui
796 2048 936 2117 tibi,
968 2047 1341 2127 amplissime
1393 2047 1677 2117 antistes,
1716 2046 1857 2107 viro
1905 2048 2180 2106 omnium
2222 2045 2664 2109 humanissimo
2725 2068 2951 2127 ponam
2993 2061 3135 2111 ante
3176 2052 3389 2112 oculos
3433 2061 3490 2112 et

235 2158 673 2225 persecutorum
696 2148 1139 2208 humanitatem
1166 2165 1398 2207 omnem
1429 2145 1792 2205 exuentium
1822 2146 2067 2207 crudele
2086 2132 2528 2225 spectaculum,
2553 2157 2611 2209 et
2631 2150 3089 2213 immanissima:
3108 2160 3491 2232 persecutio-

233 2248 315 2306 nis
347 2246 694 2325 imaginem.
718 2246 972 2323 Refugit
1003 2246 1165 2306 enim
1198 2246 1442 2304 animus
1474 2260 1604 2302 non
1638 2243 1821 2303 modo
1849 2244 2109 2315 intueri,
2141 2245 2245 2304 sed
2274 2246 2457 2307 etiam
2486 2246 2853 2324 reformidat
2884 2250 3087 2311 dicere
3118 2270 3492 2331 quwcunque

233 2343 449 2404 exhibet
479 2345 779 2405 Historia
803 2354 1049 2415 nostra,
1078 2344 1619 2404 sanctissimorum
1654 2360 1865 2421 nempe
1896 2347 2095 2406 omnis
2128 2345 2332 2405 aetatis
2363 2365 2435 2407 ac
2462 2354 2665 2407 status
2690 2346 3004 2409 hominum
3036 2353 3487 2430 carniﬁcinam,

231 2440 477 2513 dolores,
513 2442 799 2514 vulnera,
836 2442 1144 2521 equuleos,
1180 2448 1411 2500 mortes
1443 2460 1514 2503 ac
1543 2442 1842 2501 mortium
1870 2460 2093 2521 genera
2124 2443 2590 2515 intolerabilia;
2625 2447 2997 2525 reformidat
3023 2450 3227 2512 dicere
3263 2449 3489 2512 barba-

230 2558 421 2601 rorum
446 2542 681 2621 ubique
708 2542 1089 2604 servientium
1124 2540 1579 2611 crudelitatem,
1613 2544 2071 2621 episcoporum,
2115 2546 2530 2620 sacerdotum,
2567 2551 2957 2630 aliorumque
2990 2554 3311 2631 inﬁnitum
3355 2571 3484 2611 nu-

228 2661 435 2703 merum
461 2645 561 2704 ita
585 2661 702 2722 pro
726 2644 973 2704 nomine
996 2644 1041 2702 ,Ι
1048 2661 1148 2702 esu
1170 2650 1528 2703 constanter
1547 2644 1926 2722 ﬁrmiterque
1951 2646 2348 2723 patientium,
2371 2657 2443 2708 ut
2472 2656 2685 2710 tortor
2709 2651 2840 2727 ipse
2863 2653 3045 2727 prius
3070 2670 3143 2712 ac
3172 2660 3481 2710 tormenta

228 2744 575 2804 viderentur
603 2743 860 2824 defessa,
889 2762 1073 2823 quam
1112 2745 1222 2823 qui
1252 2763 1318 2803 ea
1344 2744 1517 2821 passi
1550 2753 1734 2819 sunt,
1766 2745 1912 2807 licet
1947 2765 2012 2805 eo
2053 2765 2245 2826 usque
2283 2749 2552 2811 cruciati
2577 2749 2845 2828 fuerint,
2876 2758 2949 2811 ut
2984 2770 3103 2830 quo
3138 2753 3345 2812 minus
3379 2750 3487 2811 ha-

228 2841 413 2903 berent
443 2846 683 2905 virium
724 2843 807 2903 ad
833 2843 1266 2922 perferendum
1289 2886 1307 2916 ,
1345 2863 1412 2904 eo
1449 2845 1573 2904 vim
1606 2846 1803 2922 magis
1849 2852 2302 2908 tormentorum
2348 2859 2402 2908 et
2453 2852 2846 2911 cruciatuum
2875 2852 3265 2913 acerbitatem
3298 2855 3486 2914 senti~

226 2955 367 3005 rent.
406 2948 632 3005 Verum
659 2946 1022 3024 hujusmodi
1040 2946 1302 3005 athletas
1328 2945 1598 3021 Christi,
1630 2948 1781 3007 tales
1808 2966 1881 3007 ac
1905 2958 2115 3009 tantos
2140 2949 2469 3028 religionis
2494 2960 2726 3013 nostra:
2745 2960 3029 3014 auctores
3050 2962 3106 3014 et
3127 2958 3484 3034 magistros,

224 3045 383 3107 liceat
414 3046 539 3108 tibi
573 3046 929 3128 pontiﬁcali
959 3047 1341 3107 auctoritate
1371 3047 1741 3124 gravissimo
1770 3048 1826 3108 si
1862 3067 1992 3109 non
2024 3052 2224 3112 oculis
2252 3053 2551 3131 aspicere,
2577 3056 2781 3116 animo
2826 3062 2988 3116 certe
3016 3063 3075 3114 et
3104 3057 3486 3134 cogitatione

224 3148 535 3225 complecti
560 3169 579 3213 ς
608 3148 908 3227 liceatque
935 3147 1086 3209 mihi
1119 3147 1455 3225 dignitatis
1481 3168 1554 3209 ac
1602 3150 1862 3212 virtutis
1898 3162 2019 3213 tua:
2042 3154 2427 3231 praeconium
2452 3158 2652 3234 facere
2682 3156 3033 3232 meditanti,
3063 3177 3327 3239 quorum
3371 3178 3485 3221 no-

220 3252 367 3310 mina
393 3258 546 3309 sunt
572 3250 808 3329 scripta
840 3250 907 3309 in
936 3248 1126 3321 calis,
1159 3264 1371 3308 eorum
1394 3249 1750 3309 memoriam
1777 3253 2101 3313 annalium
2145 3256 2565 3317 monumentis
2598 3256 3077 3318 commendatam
3104 3258 3344 3318 nomini
3372 3267 3480 3318 tuo

222 3366 587 3409 consecrare.
622 3349 794 3424 Quos
842 3349 1043 3426 igitur
1078 3365 1209 3408 non
1247 3349 1489 3418 vidisti,
1538 3350 1708 3410 vides
1740 3360 1937 3411 tamen
1981 3356 2092 3433 qui
2122 3362 2181 3414 et
2209 3358 2418 3435 quales
2452 3360 2773 3437 postulent
2800 3362 3228 3439 patrocinium
3257 3370 3477 3429 tuum;

218 3448 369 3507 vides
395 3468 587 3528 quam
622 3449 880 3528 dignum
905 3449 987 3509 sit
1014 3464 1311 3526 generoso
1340 3448 1630 3527 principe
1650 3452 1977 3529 porrigere
2005 3454 2264 3533 afﬂictis
2294 3456 2634 3527 dexteram,
2664 3466 2849 3538 atque
2888 3462 3021 3536 opis
3056 3459 3482 3536 indigentibus

220 3548 517 3625 opitulari
532 3569 553 3617 ;
583 3566 766 3627 quam
784 3546 1041 3624 dignum
1072 3546 1306 3626 optimo
1339 3546 1629 3625 episcopo
1657 3548 1983 3627 episcopos
2003 3552 2124 3612 sibi
2149 3553 2403 3628 similes,
2426 3556 2778 3614 sacerdotes
2804 3558 3241 3637 ministrosque
3266 3574 3483 3618 sacros

214 3665 318 3728 pro
351 3648 589 3711 Christi
616 3648 737 3727 ﬁde
762 3664 1106 3725 perpessos,
1137 3646 1394 3725 benigne
1414 3647 1726 3725 suscipere
1751 3668 1772 3716 ;
1807 3666 1990 3726 quam
2015 3650 2273 3727 dignum
2304 3651 2562 3732 denique
2590 3652 2856 3714 humano
2881 3663 3130 3733 pectore
3162 3658 3481 3718 miserabi-

214 3750 353 3811 lium
377 3750 665 3811 misereri
708 3748 1045 3819 hominum,
1078 3745 1509 3809 laborantibus
1549 3764 1937 3820 succurrere,
1978 3758 2035 3810 et
2067 3751 2429 3829 praesidium
2454 3753 2803 3832 petentibus
2851 3755 3012 3816 nihil
3039 3773 3282 3835 negare.
3326 3758 3480 3817 Herc

217 3872 341 3915 cum
377 3851 596 3913 videas
627 3867 758 3910 non
797 3868 905 3927 ego
955 3846 1167 3918 caedes,
1213 3864 1359 3933 non,
1393 3846 1668 3919 verbera,
1700 3865 1830 3907 non
1851 3867 2115 3922 secures,
2142 3868 2275 3911 non
2301 3853 2579 3929 vincula,
2605 3870 2735 3915 non
2757 3855 2998 3934 reliqua
3018 3856 3479 3935 suppliciorum

213 3972 423 4033 genera
447 3969 740 4032 propono
771 3950 1011 4019 oculis;
1045 3948 1150 4009 sed
1168 3966 1316 4026 quae
1340 3956 1569 4009 mutua:
1596 3950 1884 4012 caritatis
1917 3970 1989 4013 ac
2027 3951 2461 4015 benevolentia:
2485 3953 2761 4031 exempla
2791 3954 2969 4016 nobis
2995 3957 3225 4035 passim
3250 3973 3476 4017 occur-

210 4064 355 4115 runt
383 4058 453 4116 in
497 4054 614 4114 hac
650 4053 989 4121 Historia;
1018 4058 1203 4129 atque
1236 4068 1300 4110 eo
1329 4066 1616 4128 propono
1654 4049 1973 4124 libentius,
2005 4070 2140 4112 non
2170 4061 2296 4113 tam
2331 4053 2499 4132 quod
2539 4056 2748 4116 omnia
2785 4064 2842 4118 te
2885 4055 3081 4134 digna
3109 4059 3259 4125 sint,
3292 4076 3477 4135 quam

210 4157 367 4237 quod
410 4158 711 4235 majorem
759 4170 970 4214 eorum
1017 4163 1255 4233 partem
1311 4153 1588 4213 moribus
1652 4155 1778 4214 tuis
1832 4155 2181 4233 exprimere
2236 4155 2503 4217 videare.
2552 4156 2805 4219 Utinam
2842 4172 2985 4216 vero
3036 4156 3089 4215 is
3116 4174 3225 4232 ego
3260 4173 3471 4229 essem,

208 4267 297 4334 ut,
329 4271 400 4319 tu
428 4259 546 4338 qui
570 4258 657 4317 sis
693 4264 749 4315 et
780 4262 1050 4335 quantus
1083 4272 1315 4333 semper
1338 4255 1559 4333 fueris,
1588 4274 1725 4315 cum
1752 4254 1905 4315 satis
1934 4256 2175 4315 videam
2203 4255 2592 4335 admirerque
2619 4256 2909 4330 maxime,
2939 4254 3093 4315 satis
3126 4254 3309 4314 etiam
3340 4272 3479 4332 qua

210 4369 308 4419 tua
347 4370 496 4419 sunt
525 4375 659 4418 non
700 4355 881 4415 modo
917 4354 1142 4425 dicere,
1188 4354 1293 4415 sed
1327 4355 1538 4432 dignis
1568 4352 1872 4414 celebrare
1914 4352 2204 4416 laudibus
2248 4353 2507 4415 dicendo
2533 4354 2826 4431 possem!
2867 4352 2991 4414 Sed
3030 4369 3163 4411 cum
3187 4353 3474 4429 persequi

210 4461 406 4519 omnia
437 4476 569 4519 non
599 4476 816 4537 queam
853 4456 872 4535 (
903 4457 1044 4535 quis
1092 4455 1254 4515 enim
1282 4456 1491 4515 omnia
1512 4463 1928 4533 persequatur
1964 4454 2095 4530 ejus
2134 4455 2243 4533 qui
2284 4473 2410 4515 non
2449 4454 2710 4515 honoris
2748 4471 2990 4527 nomen,
3036 4451 3140 4512 sed
3180 4453 3473 4513 honorem

206 4557 461 4636 adeptus
491 4558 577 4617 sit
610 4558 639 4616 Υ
674 4556 720 4635 ),
750 4563 964 4634 patere
995 4572 1166 4634 ecquo
1190 4556 1424 4627 animo,
1451 4573 1543 4614 me
1574 4553 1718 4614 bene
1749 4555 1947 4615 multa
1974 4557 2294 4632 prazterire
2331 4555 2641 4623 consulto,
2673 4572 2806 4633 quae
2839 4554 2907 4614 in
2933 4554 3128 4613 medio
3160 4556 3370 4632 posita
3413 4564 3473 4615 et

208 4668 469 4719 cernunt
505 4675 711 4720 omnes
748 4666 801 4717 et
831 4657 1092 4735 miriﬁce
1119 4656 1403 4717 laudant.
1438 4657 1672 4717 Dicant
1699 4655 1813 4717 alii
1840 4654 2230 4716 nobilitatem
2260 4654 2525 4733 generis,
2560 4662 2918 4715 vetustatem
2946 4654 3221 4733 familia,
3248 4655 3473 4732 patria

201 4760 447 4837 inclyta:
474 4768 529 4819 et
569 4764 900 4836 parentum
928 4757 1177 4827 decora,
1209 4758 1636 4835 cognationes,
1669 4758 1974 4835 majorum
2003 4755 2282 4826 nomina,
2311 4772 2561 4834 quasque
2592 4752 2665 4815 ab
2702 4754 2781 4814 iis
2804 4755 3274 4834 praeclarissime
3300 4764 3471 4831 gesta

206 4870 344 4918 sunt
373 4881 390 4928 ;
425 4879 495 4919 ea
520 4869 587 4918 tu
614 4858 894 4938 quamvis
931 4865 1184 4916 tuorum
1215 4857 1345 4916 sint
1374 4866 1556 4935 atque
1584 4874 1835 4935 magna,
1858 4855 2100 4933 respuis
2125 4865 2321 4915 tamen
2344 4866 2637 4935 tanquam
2662 4856 2891 4924 aliena,
2922 4873 3111 4934 neque
3135 4854 3470 4934 quidquam

202 4971 374 5019 tuum
400 4967 590 5038 putas
621 4958 752 5019 nisi
789 4956 956 5036 quod
984 4957 1189 5018 virtus
1221 4957 1374 5033 fecit
1412 4966 1608 5017 tuum.
1643 4958 1880 5019 Dicant
1905 4958 2044 5034 alii,
2079 4966 2134 5017 te
2161 4953 2524 5018 Alexandro
2557 4957 2719 5019 VIII
2741 4957 3038 5035 pontiﬁci
3068 4956 3337 5019 maximo
3364 4974 3471 5016 ne-

194 5073 401 5143 potem
438 5082 585 5135 esse,
625 5068 681 5120 te
711 5061 902 5121 Petro
935 5060 1264 5121 Othobono
1293 5060 1609 5122 cardinali
1636 5060 2014 5141 amplissimo
2051 5060 2515 5129 consobrinum.
2549 5068 2605 5123 te
2630 5080 2669 5121 a
2694 5062 3026 5122 Benedicto
3055 5061 3224 5120 XIII
3253 5062 3471 5138 ponti-

197 5169 303 5244 ﬁce
325 5185 360 5226 ο
369 5166 571 5244 ptimo
598 5162 988 5242 designatum
1012 5163 1371 5240 episcopum
1394 5182 1415 5231 ;
1448 5180 1675 5240 magna
1695 5161 1938 5242 quidem
1963 5162 2085 5223 ista
2106 5170 2277 5233 sunt,
2307 5163 2658 5241 singularia
2676 5179 2896 5241 prope,
2918 5171 3099 5241 atque
3130 5160 3281 5221 adeo
3313 5172 3419 5221 tua
3443 5182 3464 5227 .-

193 5266 297 5328 sed
324 5285 462 5327 non
488 5286 555 5326 ea
581 5271 730 5326 sunt
766 5280 900 5343 qua:
927 5263 1057 5325 dici
1082 5282 1121 5322 a
1153 5264 1394 5322 nemine
1426 5263 1581 5323 satis
1614 5263 1885 5340 possint.
1922 5262 2109 5322 Dicat
2135 5279 2510 5341 quacunque
2540 5262 2699 5341 facis
2728 5260 3042 5321 Patavina
3081 5258 3467 5319 celeberrima

194 5370 450 5440 civitas,
474 5366 775 5428 bonarum
800 5364 1039 5424 artium
1063 5361 1229 5422 sedes
1259 5380 1333 5422 ac
1359 5362 1687 5441 magistra,
1715 5362 1819 5423 cui
1842 5379 2059 5441 praees,
2087 5362 2260 5423 dicat
2282 5362 2682 5421 seminarium
2718 5361 2889 5424 istud
2912 5361 3265 5421 litterarum
3288 5364 3465 5416 tuum

186 5470 511 5554 juventuti
537 5469 934 5531 instituenda
957 5468 1373 5548 aptissimum,
1401 5468 1567 5547 quod
1593 5478 1662 5528 tu
1689 5465 2009 5545 splendori
2039 5467 2317 5545 pristino
2346 5464 2797 5527 restituendum
2823 5462 3153 5538 suscepisti
3171 5480 3191 5529 ;
3221 5464 3464 5542 majora

192 5568 476 5647 equidem
508 5568 634 5628 ista
660 5586 989 5639 censemus,
1022 5577 1080 5629 et
1115 5565 1458 5646 majoribus
1489 5567 1673 5626 etiam
1700 5565 1895 5642 digna
1922 5564 2256 5634 laudibus;
2291 5570 2361 5623 at
2394 5582 2511 5624 nos
2541 5582 2653 5626 nec
2682 5563 3091 5644 quodcunque
3124 5560 3195 5621 in
3227 5566 3285 5618 te
3312 5576 3466 5618 tau-

187 5666 395 5728 dabile
423 5674 513 5725 est
543 5683 893 5744 proponere
921 5666 1100 5728 nobis
1127 5668 1437 5738 volumus,
1468 5681 1580 5727 nec
1614 5665 1757 5727 aliis
1780 5666 2202 5727 demonstrare
2240 5666 2369 5727 nisi
2394 5666 2702 5746 quidquid
2730 5672 2817 5726 est
2843 5662 3201 5723 maximum.
3238 5660 3467 5721 Maxi-

187 5784 315 5825 mos
357 5771 565 5824 autem
605 5783 727 5826 esse
760 5766 1040 5827 ducimus
1080 5766 1427 5841 easdemque
1457 5763 1849 5828 admirabiles
1879 5764 2144 5827 virtutes
2187 5768 2407 5840 animi,
2453 5785 2587 5844 qua:
2630 5764 2775 5827 salte
2810 5773 2928 5857 itth
2958 5772 3129 5841 sunt,
3174 5780 3305 5843 quae
3353 5760 3466 5822 tibi
