4022 6168
494 331 597 388 H7
688 382 702 391 ,
1815 331 2038 389 VICTOI

2136 335 2439 392 ’I'I‘ENSIS.
3660 335 3758 388 1‘23

490 462 627 504 cum
656 443 793 503 aliis
827 461 950 500 non
988 459 1358 519 communes,
1388 460 1636 521 quicque
1673 441 1813 502 licet
1850 445 2265 507 commendari
2294 447 2367 506 ab
2400 444 2683 506 omnibus
2720 454 3046 525 nequeant,
3076 455 3220 505 sunt
3256 448 3454 504 tamen
3484 447 3758 504 omnium

491 543 1012 603 commendatione
1043 542 1437 618 dignissimae.
1486 541 1575 601 Ac
1605 542 1809 618 primo
1843 542 2088 620 quidem
2127 562 2250 602 sese
2296 544 2484 622 o/fert
2519 546 2584 604 in
2634 545 2827 604 Deum
2863 544 3066 621 pietas
3107 563 3177 603 ac
3207 543 3427 619 religio
3475 542 3597 601 ista
3635 550 3762 601 tam

489 648 616 705 Deo
649 661 818 716 cara,
853 651 1093 722 tamque
1120 644 1396 721 episcopi
1418 644 1707 720 propria,
1741 644 2145 704 tumiearcelsa
2174 644 2436 715 indoles,
2472 647 2747 704 suavitas
2775 662 3013 703 morum
3043 653 3094 705 et
3127 645 3484 720 integritas,
3519 644 3585 753 in
3620 662 3761 702 om-

487 764 589 803 nes
626 745 997 822 benignitas,
1030 753 1211 823 atque
1255 754 1495 802 naturee
1535 752 1653 802 luce
1680 743 2140 803 accommodata
2171 746 2402 804 caritas
2433 754 2487 803 et
2529 744 2956 822 beneﬁcentia,
2998 751 3128 803 tum
3154 761 3285 821 pra:
3329 746 3590 818 cectcris,
3623 763 3759 823 quae

487 845 768 902 maxian
811 843 1088 918 singulae,
1119 853 1171 900 et
1206 842 1533 900 laudanda:
1572 849 1741 911 sunt,
1775 861 2010 901 summa
2039 843 2151 903 illa
2187 845 2509 912 modestia,
2561 863 2683 922 qua
2720 853 2773 902 et
2804 853 3069 921 praestas
3108 845 3278 918 aliis,
3313 852 3368 902 et
3405 852 3460 901 te
3502 844 3758 905 laudari

485 962 612 1002 non
633 943 808 1003 sinis.
834 943 932 1002 Ad
958 960 1072 1001 nos
1101 944 1301 1019 igitur
1330 941 1495 1019 quod
1527 943 1775 1011 attinet,
1805 944 1913 1020 qui
1940 943 2204 1001 nimium
2235 943 2440 1003 timidi
2465 962 2645 1019 quam
2691 946 3025 1020 prudentes
3050 960 3275 1020 parum
3308 944 3512 1004 videri
3542 943 3757 1002 malu-

485 1063 644 1118 mus,
681 1062 755 1101 ne
784 1043 1053 1121 alicujus
1086 1044 1355 1120 gratiam
1385 1043 1920 1103 assentatiuncula
1953 1043 2219 1121 quadam
2253 1046 2556 1121 aucupari
2591 1045 2900 1119 dicamur,
2942 1063 3189 1105 summa
3220 1047 3493 1105 omnium
3524 1047 3757 1107 virtuti

488 1153 609 1204 tua:
636 1162 862 1203 morem
891 1144 1188 1220 gerimus,
1218 1153 1397 1220 atque
1429 1144 1723 1202 universo
1753 1143 2143 1203 laudationis
2174 1161 2390 1219 genere
2425 1145 2905 1222 supersedemus.
2937 1146 3062 1225 Qui
3092 1154 3294 1205 tamen
3318 1164 3446 1204 non
3473 1148 3756 1223 patimur

486 1244 903 1302 testimonium
951 1242 1212 1320 aliquod
1250 1242 1657 1302 observantiae
1700 1254 1931 1302 nostra:
1954 1243 2275 1320 publicum
2318 1244 2685 1329 desiderari,
2724 1247 3074 1307 Historiam
3106 1248 3291 1322 hanc,
3328 1247 3485 1306 mole
3509 1249 3755 1327 quidem

481 1360 765 1421 parvam,
799 1359 865 1401 re
885 1350 1090 1401 autem
1117 1343 1255 1420 ipsa
1281 1360 1592 1419 magnam,
1623 1352 1793 1421 teque
1823 1345 2077 1421 dignam
2101 1346 2419 1425 offerimus
2449 1347 2857 1424 amplitudini
2880 1358 3018 1423 tacte,
3056 1368 3465 1430 rogamusque
3497 1359 3570 1408 ut
3604 1370 3754 1429 gua-

482 1441 775 1518 lccunque
809 1442 889 1501 sit
924 1441 1358 1500 munusculum
1386 1440 1605 1518 probes
1630 1450 1937 1514 nostrum,
1973 1461 2163 1522 neque
2191 1445 2493 1522 despicias
2530 1448 2951 1508 condonantis
2979 1453 3275 1522 animum,
3310 1452 3417 1529 qui
3449 1452 3554 1510 cui
3580 1453 3747 1511 mul-

484 1552 613 1600 tum
657 1543 889 1612 debeat,
934 1552 993 1601 et
1029 1542 1290 1600 multum
1329 1544 1476 1599 dare
1507 1560 1636 1599 non
1660 1543 1885 1618 possit,
1926 1545 2078 1604 satis
2116 1563 2242 1604 esse
2272 1555 2579 1617 autumat,
2612 1550 2667 1607 si
2695 1550 2747 1607 ei
2779 1550 3124 1627 plurimum
3168 1550 3379 1611 debere
3427 1552 3600 1612 velit.
3652 1555 3751 1614 Tu

481 1642 754 1711 interim,
788 1644 1040 1701 antistes
1072 1641 1317 1717 optime,
1356 1648 1413 1699 et
1443 1644 1677 1702 virtute
1703 1644 1900 1719 magis
1932 1662 2002 1702 ac
2027 1645 2266 1705 meritis
2295 1665 2479 1725 quam
2506 1648 2818 1726 dignitate
2846 1669 2918 1710 ac
2954 1649 3243 1711 laudibus
3272 1653 3460 1723 clare,
3499 1653 3609 1731 qui
3644 1654 3753 1713 di-

481 1745 628 1803 vino
659 1743 887 1805 videris
918 1761 1163 1802 munere
1188 1742 1456 1801 donatus
1479 1744 1776 1804 Ecclesiae
1809 1754 1953 1819 tute,
1987 1744 2057 1804 de
2089 1767 2155 1805 ea
2187 1766 2396 1824 perge,
2433 1756 2506 1807 ut
2533 1750 2713 1827 facis,
2757 1750 3075 1811 laboribus
3100 1770 3173 1812 ac
3202 1752 3437 1830 vigiliis
3467 1752 3611 1813 bene
3633 1773 3754 1812 me-

480 1845 630 1914 reri,
671 1860 923 1921 gregum
956 1853 1203 1902 tuorum
1228 1842 1775 1903 innumerabilium
1805 1844 2226 1906 incolumitati
2257 1849 2602 1921 consulere,
2634 1858 2686 1908 et
2720 1862 3019 1929 perpetua
3051 1852 3380 1914 clementia:
3405 1861 3525 1913 tua:
3547 1856 3753 1916 relin-

475 1963 658 2023 quere
687 1952 1072 2003 monumenta
1103 1944 1182 2003 ad
1213 1944 1444 2005 Christi
1477 1943 1902 2019 Redemptoris
1925 1954 2217 2004 eeternam
2257 1947 2521 2006 laudem.

1208 2188 1367 2329 P.
1468 2188 1781 2327 FB.
1882 2164 3013 2339 CHlFFLETlI

844 2421 1782 2504 ELUCIDATIONES
1856 2424 1967 2502 IN
2049 2424 2669 2512 VICTOREM
2744 2433 3370 2529 VITENSEM.

484 2086 3739 2120 “AM

542 2685 596 2740 In
627 2685 767 2740 notis
796 2686 989 2740 nostris
1016 2685 1081 2739 ad
1113 2700 1277 2755 opera
1310 2686 1571 2754 Fulgentii
1616 2688 1871 2744 Ferrandi
1904 2690 2039 2746 Car-
2069 2699 2116 2755 A
2147 2696 2434 2760 acciderit,
2470 2710 2593 2767 quot
2630 2698 2892 2768 fugerint,
2922 2712 3052 2772 quot
3080 2706 3365 2772 perierint,
3398 2718 3526 2776 quot
3556 2719 3611 2763 et
3633 2727 3741 2782 quo

469 2776 794 2844 thaginensis
826 2776 1074 2830 Ecclesia:
1103 2777 1340 2841 diaconi,
1386 2793 1488 2832 non
1530 2795 1632 2833 una
1672 2797 1731 2835 se
1762 2782 1905 2836 dedit
1957 2799 2046 2837 oc-

468 2869 616 2921 casio
644 2869 710 2920 de
740 2866 953 2921 Vielore
986 2867 1105 2930 hoc,
1128 2868 1349 2935 ejusque
1382 2869 1612 2923 llistoria
1642 2873 1881 2940 quaedam
1910 2886 2067 2941 prie-‘

470 2957 687 3025 libandi,
717 2972 834 3025 qua:
862 2971 1000 3010 nunc
1025 2972 1202 3024 opera:
1229 2959 1457 3026 pretium
1484 2968 1569 3014 est
1595 2964 1895 3017 accuratius
1921 2979 2047 3031 pro-

471 3046 640 3113 sequi.
671 3044 747 3097 De
791 3045 927 3098 libro
956 3047 1182 3110 primum
1214 3046 1385 3099 dicam
1406 3090 1420 3113 ,
1464 3057 1575 3103 tum
1606 3050 1674 3106 de
1720 3061 1956 3119 auctore,
1990 3064 2047 3108 ut

470 3146 683 3188 causam
712 3150 775 3189 ex
803 3134 1003 3189 etiectis
1031 3137 1428 3205 investigemus.

987 3246 1209 3302 CAPUT
1249 3249 1534 3306 PRIMUM.

1013 3341 1193 3409 Operis
1223 3343 1504 3415 inscriptio.

547 3428 754 3483 Titulus
808 3439 932 3485 ante
982 3433 1159 3485 omnia
1213 3435 1365 3502 operi
1430 3435 1828 3505 prmﬁgendus:
1879 3455 2039 3510 quem

470 3518 609 3573 haud
639 3520 767 3574 satis
795 3519 1042 3575 distincte
1061 3523 1367 3585 concipiunt
1400 3526 1660 3595 plerique,
1696 3528 1772 3583 De
1800 3530 2045 3585 Persecu-

469 3613 604 3665 tione
642 3612 940 3665 Vandalica.
974 3614 1104 3668 Nam
1134 3624 1183 3669 et
1216 3616 1471 3671 Geiserici
1513 3629 1663 3674 extra
1693 3622 1957 3687 Africam,
1989 3627 2041 3679 in

470 3701 718 3771 Ilispania
738 3742 754 3767 ,
783 3704 834 3757 in
866 3705 1012 3758 Italia
1031 3746 1045 3769 ,
1078 3706 1333 3761 Dalmatia
1354 3747 1370 3772 ,
1396 3710 1683 3779 Campania
1703 3753 1718 3775 ,
1762 3714 2007 3770 Calabria
2026 3757 2040 3782 ,

468 3791 688 3859 Apulia,
723 3792 932 3857 Sicilia,
973 3793 1250 3861 Sardinia,
1294 3797 1522 3866 Brutiis,
1569 3801 1831 3867 Lucania,
1879 3806 2043 3874 Epiro

471 3881 650 3935 Veteri
679 3883 790 3936 sive
819 3883 1069 3951 Hellada,
1100 3890 1403 3954 persecutio
1430 3889 1558 3958 fuit,
1593 3904 1651 3946 ut
1696 3895 1846 3950 initio
1886 3899 2040 3964 primi

465 3970 587 4025 libri
625 3971 816 4025 asserit
859 3972 1039 4027 Victor
1082 3992 1095 4027 :
1138 3976 1278 4031 unde
1320 3993 1423 4034 non
1460 3981 1679 4038 dubium
1724 3986 2044 4053 relinquitur

2152 2791 2369 2860 relegati
2412 2795 2550 2857 sint;
2604 2794 2716 2848 lucc
2765 2811 2921 2849 nemo
2971 2800 3245 2864 negaverit
3285 2800 3351 2855 ad
3395 2817 3515 2854 eum
3568 2809 3734 2871 perti-

2152 2885 2361 2949 nuisse,
2402 2886 2491 2954 qui
2540 2896 2701 2938 totam
2743 2888 2858 2954 ejus
2901 2889 3177 2943 biszoriam
3219 2896 3602 2960 persecutionis
3641 2897 3734 2949 (Ie-

2149 2975 2483 3028 scribendam
2538 2987 2872 3042 susceperat.
2927 2980 3165 3048 Apparet
3210 2982 3405 3037 dcinde
3450 2999 3514 3037 ex
3564 2989 3731 3040 veteri

2148 3064 2333 3119 codice
2371 3066 2581 3121 Sanctae
2611 3067 2787 3122 Mariae
2818 3070 3206 3134 Laiulnnensis,
3232 3072 3282 3126 in
3312 3090 3416 3143 quo
3442 3090 3503 3128 ea
3536 3076 3735 3133 Notitia

2149 3159 2227 3227 (ut
2258 3160 2370 3229 ipse
2415 3161 2576 3214 refert
2608 3160 2947 3233 Sirmundu‘s)
2978 3166 3299 3231 sequebatur
3342 3165 3621 3221 Rationem
3672 3171 3733 3222 fi-

2152 3250 2235 3303 dei
2285 3251 2351 3305 ab
2402 3252 2635 3321 Eugenio
2686 3254 3134 3324 Carthaginiensi,
3186 3260 3411 3329 aliisque
3466 3261 3737 3330 episcopis

2149 3343 2381 3397 oblatam
2419 3344 2685 3399 Hnnerico
2713 3350 2861 3416 regi;
2892 3348 3132 3418 adeoque
3162 3349 3511 3419 descriptioni
3552 3368 3736 3421 persp.-

2145 3433 2379 3487 cutionis
2414 3434 2675 3490 Africanae
2715 3438 2943 3506 implexa
2985 3449 3039 3494 et
3080 3440 3278 3509 illigata
3321 3453 3456 3496 erat.
3498 3444 3735 3512 Apparet

2147 3526 2377 3595 denique
2406 3543 2473 3581 ex
2506 3544 2604 3581 nis.
2636 3530 2846 3595 codice,
2886 3547 2947 3585 ex
2988 3548 3093 3600 quo
3122 3534 3456 3589 Abrahamus
3496 3536 3733 3591 Ortelius

2147 3620 2197 3671 in
2243 3618 2517 3671 Thesauro
2554 3621 2907 3689 geographica
2955 3623 3227 3676 civitatum
3272 3623 3466 3679 Africae
3513 3627 3728 3679 nomina

2144 3723 2208 3760 ex
2240 3707 2425 3762 eadem
2470 3711 2581 3777 ipsa
2620 3709 2813 3763 Notitia
2844 3711 3182 3782 deprompta,
3232 3717 3429 3783 passim
3473 3717 3730 3787 episcopo

2146 3798 2343 3854 Victori
2375 3802 2614 3856 ascribit.

2754 3895 2984 3951 CAPUT
3023 3897 3111 3952 III.

2588 3983 2732 4040 Libri
2751 3986 2899 4042 Fidei
2929 3992 3042 4057 quis
3072 4000 3269 4046 auctor.

465 4062 596 4130 quin
622 4076 754 4129 Opus
782 4076 934 4116 suum
965 4062 1077 4132 ipse
1116 4066 1445 4137 inscripserit
1489 4069 1773 4124 Historiam
1803 4090 2035 4144 persecu-

2192 4092 2373 4148 Liber
2414 4093 2581 4159 Fidei,
2618 4097 2863 4153 Historiae
2895 4104 3285 4169 persecutionis
3317 4105 3579 4161 Africanae
3619 4108 3724 4162 illi-

465 4150 620 4203 tionis
648 4151 923 4221 Africanae,
954 4167 1113 4221 quem
1146 4156 1351 4209 titulum
1385 4157 1601 4229 prtelert
1639 4160 1692 4212 in
1723 4175 1824 4218 ms.
1854 4163 2039 4220 codice

464 4242 720 4298 Cartusite
748 4237 1042 4299 Portarum.
1072 4247 1141 4301 At
1166 4248 1412 4315 quoniam
1442 4263 1535 4317 per
1561 4259 1801 4317 tempora
1830 4255 1886 4308 S.
1920 4255 2037 4309 Ful-

462 4334 627 4401 gentii
677 4333 970 4403 Ruspensis
1021 4336 1289 4405 episcOpi,
1339 4338 1669 4395 orthodoxos
1723 4358 1935 4414 quoque
1979 4348 2033 4402 in

462 4425 639 4478 Africa
661 4427 868 4482 vexavit
897 4427 1314 4496 Trasamundus,
1346 4430 1522 4495 nobis,
1548 4435 1640 4502 qui
1672 4435 1754 4489 his
1784 4439 2032 4496 omnibus

459 4517 848 4573 calamitatibus
888 4522 1202 4589 superstites
1241 4537 1445 4587 sumus,
1481 4525 1708 4581 Victoris
1738 4529 2029 4586 lucubratio

463 4606 598 4669 lucc,
629 4614 683 4660 et
711 4616 949 4677 tempore
976 4622 1028 4664 et
1059 4612 1176 4667 loco
1209 4615 1278 4668 ita
1309 4615 1793 4702 circumscribenda
1823 4632 1934 4690 est,
1975 4632 2032 4677 ut

458 4697 529 4749 sit
571 4694 801 4750 Historia
851 4704 1209 4761 persecutionis
1252 4706 1513 4774 Africanis
1548 4694 1643 4762 sub
1686 4709 1938 4768 Geiserico
1984 4723 2032 4768 et

462 4786 718 4842 lluncrico
758 4788 1103 4844 Vandalorum
1134 4794 1355 4859 regibus.

1077 4882 1301 4940 CAPUT
1343 4886 1406 4941 II.

633 4970 765 5041 Ejus
792 4988 911 5042 pars
937 4982 1009 5027 est
1045 4974 1243 5030 Notitia
1266 4979 1619 5050 episcoporum
1644 4984 1853 5052 Africa.

526 5060 677 5126 Quod
714 5062 965 5117 Notitiam
996 5066 1366 5135 episcoporum
1411 5072 1624 5138 Africae,
1666 5076 1757 5144 qui
1800 5077 2024 5132 Cartha-

455 5151 630 5220 ginem
660 5156 944 5210 convenire
978 5173 1005 5210 a
1050 5173 1174 5227 rege
1209 5159 1473 5216 llunerico
1509 5164 1644 5232 jussi
1680 5179 1803 5223 sunt
1844 5172 2023 5240 (quam

454 5258 771 5315 anonyiuain
802 5246 967 5302 edidit
1004 5248 1366 5320 Sirmundus),
1408 5254 1550 5309 idem
1596 5258 1710 5325 ipse
1735 5258 1915 5315 Victor
1938 5264 2024 5318 vel

452 5337 858 5406 conscripserit,
886 5341 969 5395 vel
1000 5342 1190 5397 saltem
1219 5358 1248 5397 a
1280 5344 1478 5401 forensi
1522 5349 1787 5406 tabulario
1825 5353 2026 5409 descri-

456 5440 598 5497 ptam
638 5433 784 5499 operi
816 5447 914 5487 suo
944 5432 1262 5504 inseruerit,
1296 5449 1515 5505 apparet
1546 5441 1775 5509 primum
1804 5459 1869 5498 ex
1907 5446 2020 5514 ipsa
2048 5424 2094 5486 C

456 5521 661 5576 ratione
686 5525 1005 5593 argumenti.
1028 5525 1162 5581 Cum
1190 5527 1333 5581 enim
1366 5528 1417 5582 in
1447 5544 1509 5582 ea
1548 5529 1743 5585 Notitia
1773 5548 1878 5588 non
1909 5536 2021 5590 sola

453 5611 823 5681 episcoporum
846 5630 908 5670 ac
928 5617 1134 5672 sedium
1165 5619 1378 5673 nomina
1410 5632 1822 5691 recenseantur,
1853 5626 1946 5681 sed
1972 5636 2027 5683 et

452 5702 508 5755 in
548 5712 827 5772 contextu,
869 5716 923 5762 et
970 5706 1037 5763 ad
1083 5708 1281 5766 calcem
1332 5709 1614 5767 adnotetur
1658 5714 1785 5785 quid
1832 5717 2022 5793 cuique

2141 4194 2316 4253 gaius,
2346 4186 2563 4241 dubium
2596 4200 2679 4245 est
2705 4206 2735 4244 a
2777 4208 3007 4259 quonam
3051 4196 3208 4251 luerit
3248 4202 3605 4267 conscriptus.
3630 4203 3725 4256 Vi-

2139 4276 2272 4328 ctori
2309 4275 2440 4344 ipsi,
2468 4277 2621 4345 cujus
2663 4288 2745 4333 est
2792 4282 3057 4351 reliquum
3099 4300 3263 4354 opus,
3298 4291 3570 4345 ascribunt
3607 4291 3724 4361 ple-

2138 4363 2325 4431 rique:
2358 4364 2447 4419 alii
2495 4365 2736 4435 Eugenio
2781 4369 3184 4441 Carthaginensi
3224 4377 3505 4447 episcopo,
3546 4382 3717 4436 secu'i

2137 4451 2470 4509 Gennadium
2520 4456 2573 4510 in
2618 4458 2893 4529 Catalogo,
2931 4478 3050 4532 cap.
3092 4466 3192 4533 94,
3226 4466 3310 4521 ubi
3358 4468 3471 4524 haec
3509 4470 3669 4526 habet
3701 4486 3715 4521 :

2137 4542 2401 4615 Eugenius
2454 4548 2776 4621 Carthaginis
2821 4554 3012 4616 Africa:
3059 4556 3273 4612 civitatis
3320 4561 3617 4632 episcopus,
3670 4573 3721 4617 et

2133 4640 2395 4706 confessor
2443 4639 2675 4705 publicus
2728 4645 2909 4713 petitus
2957 4663 2990 4697 a
3033 4647 3315 4703 Chuncrico
3363 4650 3718 4708 Vandalorum

2133 4742 2279 4796 rege,
2327 4731 2589 4784 catholica:
2635 4733 2759 4800 ﬁdei
2804 4737 3194 4803 expositionem,
3225 4751 3271 4795 ct
3321 4745 3538 4798 maxime
3578 4748 3718 4800 verbi

2130 4818 2396 4871 omousion
2440 4823 2792 4891 proprietatem
2833 4826 3111 4895 disserere;
3152 4848 3267 4884 cum
3314 4850 3565 4888 consensu
3602 4854 3718 4889 om-

2131 4907 2270 4960 nium
2323 4910 2549 4979 Africis,
2606 4922 2653 4964 et
2690 4913 3058 4983 Mauritaniae,
3110 4931 3158 4973 et
3211 4922 3499 4990 Sardiniae,
3558 4942 3715 4993 atque

2130 4996 2348 5054 Corsica:
2386 5003 2739 5071 episcoporum
2794 5019 2841 5062 et
2881 5012 3227 5077 confessorum
3254 5019 3342 5084 qui
3369 5018 3422 5072 in
3453 5021 3711 5076 catholica

2129 5102 2532 5160 permanserunt,
2561 5100 2838 5167 composuit
2864 5102 3043 5155 librum
3074 5102 3226 5161 Fidei
3255 5119 3543 5163 sanctarum
3565 5114 3713 5168 Scri-

2126 5191 2390 5252 pturarum
2410 5189 2663 5241 sententiis
2684 5195 3070 5257 couuuunitum,
3089 5206 3139 5249 et
3152 5214 3243 5267 per
3266 5200 3489 5270 collegas
3511 5210 3713 5274 confes-

2125 5275 2284 5328 sionis
2317 5293 2425 5330 suis
2452 5282 2693 5344 porrexit.
2720 5282 2889 5338 Porro
2919 5284 3096 5339 Victor
3126 5289 3176 5342 in
3207 5289 3311 5344 liiie
3340 5291 3456 5347 Ilbri
3483 5299 3709 5353 secundi

2127 5366 2404 5422 catholicis
2444 5374 2691 5428 omnibus
2739 5374 2933 5431 Africa:
2977 5379 3244 5449 episcopis
3294 5399 3417 5439 eum
3470 5388 3709 5446 tribuere

2131 5454 2359 5520 videtur,
2386 5472 2506 5512 cum
2528 5460 2638 5515 ait:
2682 5462 2832 5528 Quod
2878 5476 2995 5519 ante
3032 5471 3195 5523 nostri
3242 5475 3591 5544 providentes,
3633 5481 3706 5531 li—

2133 5543 2315 5599 bellum
2345 5549 2410 5601 de
2438 5547 2569 5605 Fide
2598 5553 3020 5625 conscripserant,
3048 5561 3172 5614 satis
3197 5564 3430 5619 decenter
3456 5543 3709 5635 sufﬁcieno

2132 5641 2302 5702 terque
2346 5639 2717 5708 conscriptum,
2764 5642 3031 5699 dicentes:
3063 5647 3125 5701 Si
3168 5660 3390 5705 nostram
3437 5656 3589 5721 ﬁdem
3620 5676 3712 5713 co—

2080 5760 2086 5766 .
2130 5740 2370 5792 gnosccre
2398 5728 2714 5795 desideratis.
2747 5734 2852 5789 hac
2882 5746 2953 5791 est
2981 5740 3159 5796 veritas
3189 5758 3339 5811 quam
3372 5756 3618 5805 tenemus.
3648 5752 3709 5810 In
