4022 6168
252 339 342 394 129

1607 324 2135 383 PROLECOMENA.

3415 332 3515 391 £30

249 451 412 505 roditur
460 445 715 502 cartusite
745 444 957 500 Sancta:
980 440 1257 497 Trinitatis
1288 454 1454 510 prope
1503 439 1777 494 Divioneni
1796 480 1811 501 ,
1843 444 1897 499 Α
1920 437 2255 507 praecellens,
2283 435 2436 505 cujus
2457 436 2611 505 jussu
2644 436 2828 494 Victor
2855 452 2997 520 anno
3020 438 3218 497 Christi
3250 439 3354 498 A87
3385 456 3511 513 per-

249 541 317 596 sic
343 536 644 592 inscribitur
667 535 758 589 hic
788 535 959 590 liber:
993 531 1185 602 Incipit
1212 532 1339 585 liber
1368 529 1521 584 Fidei
1554 529 1821 583 catholica:

249 640 408 686 contra
438 628 753 694 Wandalos,
786 627 955 681 editus
982 644 1012 680 a
1038 626 1293 679 Januario
1320 625 1613 689 Zaterense,
1660 621 1819 676 Villa-

252 724 334 776 tico
359 736 389 773 a
412 718 557 773 Casis
599 718 882 781 Mcdianis,
912 718 1161 785 episcopis
1206 715 1505 780 Numidiae;
1543 713 1822 782 Bonefacio

252 810 635 872 Foracianense,
665 820 709 862 et
742 807 1021 877 Bonefacio
1062 805 1381 871 Gazanense,
1430 806 1679 877 episwpis
1720 803 1823 874 By-

252 902 453 955 sacenis.
486 900 687 955 Verum
730 898 783 952 bi
831 905 956 952 sunt
992 899 1227 966 episcopi
1268 912 1365 967 per
1409 911 1545 965 quos
1588 896 1825 949 directus

253 1003 323 1049 est
344 992 477 1046 liber
508 991 619 1055 ille,
644 1000 700 1043 ut
740 990 792 1043 in
819 989 938 1056 ejus
965 988 1070 1042 line
1094 997 1411 1052 annotatur;
1443 1001 1548 1041 non
1575 1001 1605 1039 a
1634 986 1825 1055 quibus

260 1081 601 1150 conscriptus.
634 1079 728 1133 His
763 1078 940 1145 itaque
968 1078 1156 1147 positis
1199 1077 1651 1141 existimaverim,
1684 1077 1826 1129 hunc

255 1175 432 1229 librum
459 1183 555 1227 aut
580 1171 650 1226 ab
691 1172 808 1240 ipso
849 1170 1087 1239 Eugenio
1134 1167 1540 1238 Carthaginensi
1572 1169 1824 1237 primate,

255 1276 333 1318 aut
355 1265 474 1332 eius
496 1262 654 1332 jussu
683 1262 752 1316 ab
779 1262 991 1317 erudito
1035 1262 1213 1329 aliquo
1251 1261 1414 1315 fuisse
1438 1260 1770 1314 elaboratum
1805 1274 1821 1313 :

254 1372 308 1411 ac
328 1356 559 1426 denique
578 1355 648 1410 ab
676 1354 926 1408 omnibus
946 1352 1097 1422 regni
1126 1352 1393 1423 episcopis
1416 1346 1744 1419 recognitum
1774 1365 1827 1405 et

257 1446 566 1517 probatum:
599 1444 692 1499 sed
740 1454 917 1497 tamen
947 1458 977 1496 a
1024 1457 1346 1512 quocunque
1407 1443 1618 1498 tandem
1668 1443 1829 1498 fuerit

254 1537 579 1605 conscriptus
598 1534 666 1589 ad
696 1533 925 1589 Victoris
954 1531 1244 1589 Historiam
1274 1534 1565 1603 pertinere.

859 1665 1085 1721 CAPUT
1121 1664 1211 1720 1V.

327 1757 545 1827 Tempus
572 1758 876 1826 conscripta
910 1755 1151 1810 Historiae
1189 1766 1355 1810 annus
1389 1756 1578 1810 Christi
1609 1755 1735 1811 487.

316 1869 548 1937 Tempus
578 1882 684 1937 quo
728 1866 842 1921 haec
880 1866 1110 1922 Historia
1151 1868 1455 1937 conscripta
1500 1877 1584 1924 est
1625 1868 1826 1922 indica-

256 1962 320 2016 vit
342 1968 530 2014 auctor
560 1961 679 2028 ipso
709 1959 889 2028 operis
927 1959 1099 2023 initio,
1132 1960 1498 2029 sexagesimum
1541 1971 1822 2013 annum’ex

258 2068 351 2121 quo
394 2052 623 2105 Vandali
674 2051 727 2105 in
777 2050 1010 2106 Africam
1063 2067 1127 2105 ex
1179 2051 1429 2120 Hispania
1479 2053 1815 2121 trajecerant.

257 2144 407 2199 Porro
440 2143 526 2219 hic
557 2143 813 2196 transitus
841 2159 960 2197 cum
1001 2158 1029 2196 a
1066 2143 1329 2212 Prosper-0
1360 2145 1411 2196 in
1438 2142 1705 2197 Chronico
1734 2158 1828 2196 no-

258 2244 380 2289 tetur
409 2234 595 2289 Hierio
625 2244 679 2289 et
705 2235 982 2289 Ardabure
1011 2234 1340 2300 consulibus,
1395 2233 1495 2288 hoc
1534 2244 1649 2301 est,
1683 2248 1825 2287 anno

256 2342 364 2381 ara:
418 2326 740 2381 Christiana:
792 2326 930 2391 427,
987 2326 1053 2379 ad
1104 2324 1253 2379 hunc
1309 2340 1593 2379 numerum
1647 2326 1827 2379 addito

254 2418 630 2489 sexagenario,
671 2417 906 2487 prodibit
945 2416 1104 2487 hujus
1149 2418 1328 2487 operis
1357 2416 1616 2472 elaborati
1656 2432 1826 2470 annus

255 2511 367 2565 487.
702 2518 705 2521 “

874 2597 1101 2654 CAPUT
1144 2599 1206 2653 V.

253 2694 342 2749 Cui
388 2701 721 2763 nuncupatus
768 2693 851 2745 hic
897 2692 1041 2763 liber.
1095 2691 1255 2763 ditas
1302 2692 1556 2746 Diadochi
1605 2694 1829 2763 episcopi

666 2762 903 2816 Photices
932 2764 985 2816 in
1023 2762 1181 2833 Epiro
1225 2762 1408 2818 Veteri.

311 2897 405 2953 Cui
452 2868 598 2952 liber
638 2896 729 2950 hic
785 2903 1120 2963 nuncupatus
1172 2894 1328 2948 tuerit
1389 2892 1659 2961 conjicere
1704 2892 1827 2945 licet

253 3006 311 3045 es
340 2991 577 3046 Victoris
604 2988 935 3058 praefatione.
964 2988 1093 3040 Nam
1115 2987 1160 3041 is
1191 2987 1493 3055 quicunque
1522 2993 1605 3039 est
1623 3025 1639 3051 ,
1670 2983 1829 3037 histo-

249 3086 370 3139 riam
399 3095 576 3138 texere
613 3082 912 3152 cogitabat,
952 3082 1039 3137 cui
1070 3082 1373 3136 Africanam
1400 3082 1824 3150 persecutionem

1923 529 2215 585 secutionis
2243 526 2509 585 Africana:
2540 528 2831 584 Historiam
2862 532 3097 600 scripsit.

2527 619 2753 675 CAPUT
2807 621 2895 675 VI.

2332 711 2514 781 Opertis
2543 712 2597 765 in
2626 712 2659 766 5
2688 712 2841 765 libros
2872 714 3111 781 partitio;

1995 800 2146 867 Quod
2188 810 2395 868 spectat
2433 801 2499 855 ad
2540 801 2856 855 divisionem
2900 802 3059 871 hujus
3106 803 3381 871 Historiae,
3428 803 3511 859 in-

1924 903 2128 948 certum
2169 904 2253 948 est
2289 907 2357 947 an
2398 907 2516 947 eam
2544 892 2729 947 Victor
2769 893 2823 948 in
2866 894 3045 963 plures
3092 894 3260 949 libros
3289 897 3512 963 partitus

1925 986 2014 1040 sit.
2062 984 2174 1038 lmo
2202 998 2321 1038 cum
2355 983 2497 1037 nulla
2527 995 2822 1052 appareant
2856 984 3016 1052 hujus
3045 984 3326 1040 divisionis
3351 989 3514 1040 vesti-

1925 1078 2043 1145 gia,
2088 1076 2230 1129 nulla
2274 1076 2327 1129 in
2371 1075 2488 1144 ipso
2528 1083 2677 1129 textu
2720 1076 2949 1144 plurium
2995 1076 3252 1130 librorum
3285 1077 3511 1143 mentio,

1885 1235 1889 1239 ι
1928 1168 2091 1221 nulla:
2121 1167 2487 1230 transitiones,
2535 1167 2696 1220 nullrc
2723 1176 2872 1220 extra
2905 1165 3066 1221 totius
3095 1168 3279 1235 Operis
3308 1168 3513 1237 princi-

1928 1262 2073 1328 pium
2096 1268 2150 1313 et
2173 1260 2330 1313 tinem
2350 1257 2435 1311 vel
2456 1258 2820 1327 prologorum,
2844 1259 2927 1313 vel
2947 1259 3283 1327 epilogorum
3302 1260 3508 1323 fornae,

1928 1349 2267 1404 verisimilius
2312 1358 2394 1403 est
2437 1363 2555 1403 eam
2602 1347 2888 1402 Historiam
2934 1362 3000 1402 ex
3048 1358 3227 1403 mente
3267 1348 3505 1403 auctoris

1929 1444 2011 1518 (ut
2050 1445 2162 1498 fere
2187 1442 2507 1497 vetustiores
2551 1441 2668 1494 aliae
2698 1440 2895 1511 solent)
2939 1454 3047 1493 uno
3089 1449 3277 1494 tenore
3314 1441 3508 1495 decur-

1929 1534 2067 1588 risse
2092 1551 2105 1585 :
2151 1532 2442 1587 divisiones
2473 1545 2633 1600 porro
2663 1530 2832 1584 factas
2860 1544 2984 1583 esse
3012 1526 3049 1582 'a
3093 1529 3509 1594 recentioribus,

1929 1639 2072 1679 nunc
2101 1625 2151 1677 in
2181 1624 2458 1693 pauciores
2489 1630 2687 1690 partes,
2720 1636 2859 1674 nunc
2888 1621 2941 1672 in
2971 1619 3171 1686 plures,
3219 1633 3315 1687 pro
3354 1622 3514 1688 genio

1928 1716 2187 1785 cujusque
2216 1724 2377 1782 atque
2406 1713 2649 1765 arbitrio.
2698 1709 2881 1779 Itaque
2913 1725 3033 1762 cum
3069 1708 3299 1777 vulgata:
3328 1707 3515 1762 editio-

1859 1804 1904 1863 B
1932 1823 2029 1862 nes
2060 1807 2330 1875 pleraeque
2360 1819 2469 1858 tres
2506 1804 2671 1857 libros
2702 1801 3012 1868 exhibeant,
3051 1815 3142 1855 sex
3180 1801 3400 1855 omnino
3429 1817 3514 1856 re-

1932 1897 2167 1967 perimus
2200 1896 2253 1949 in
2290 1895 2476 1950 codice
2506 1910 2605 1947 ms.
2638 1892 2887 1947 cartusia:
2917 1893 3191 1946 Portarum
3220 1910 3235 1946 ε
3279 1893 3373 1946 scd
3416 1895 3516 1947 hac

1929 1989 2139 2044 ratione
2160 1988 2463 2050 distinctos,
2484 1994 2542 2041 ut
2565 1986 2706 2040 idem
2730 1987 2798 2040 sit
2823 1986 3106 2055 utrobique
3130 1986 3263 2040 liber
3286 1987 3514 2055 primus;

1929 2089 1985 2135 at
2013 2081 2150 2135 liber
2178 2079 2445 2133 secundus
2472 2078 2719 2147 vulgatus
2761 2079 2812 2131 in
2855 2078 3022 2141 duos,
3072 2082 3259 2132 tertius
3305 2080 3358 2133 in
3404 2090 3517 2134 tres

1930 2171 2322 2226 subdividatur.
2362 2171 2441 2225 Ad
2471 2171 2628 2225 linem
2658 2170 2777 2225 libri
2808 2184 2863 2223 tv
2887 2178 3005 2238 post
3034 2169 3122 2222 illa
3153 2170 3349 2226 verba:
3382 2169 3518 2224 Data

1931 2264 2022 2316 sub
2051 2264 2135 2317 die
2161 2271 2305 2316 sexto
2335 2262 2571 2316 calendas
2597 2261 2833 2327 Martius,
2867 2260 3188 2330 Carthagini,
3218 2272 3520 2331 sequuntur

1933 2354 2048 2408 hmc
2072 2368 2177 2407 non
2208 2352 2462 2417 auctoris,
2487 2352 2581 2406 sed
2605 2353 2921 2407 recentioris
2945 2352 3143 2406 librarii
3168 2364 3475 2407 assumenta
3502 2371 3513 2406 :

1934 2446 2062 2499 llwc
2088 2455 2162 2499 est
2192 2447 2303 2507 lex,
2347 2447 2441 2497 hoc
2468 2454 2775 2514 praeceptum
2806 2445 3113 2515 iniquissimi
3144 2446 3276 2514 regis
3318 2454 3365 2498 et
3407 2443 3517 2499 Deo

1933 2539 2139 2592 odibilis
2165 2537 2436 2601 Honorici,
2466 2538 2559 2606 ﬁlii
2581 2536 2845 2603 Ceiserici,
2871 2554 3023 2600 quant
3046 2538 3290 2590 adversus
3316 2537 3517 2603 piorum

1932 2640 2129 2699 gentem
2157 2628 2312 2681 veluti
2340 2628 2495 2680 draco
2530 2629 2644 2680 bino
2682 2643 2768 2680 ore
2796 2628 3004 2680 sibilans
3044 2627 3220 2679 edidit.
3267 2627 3373 2680 Sed
3398 2630 3516 2697 jam

1933 2731 2129 2788 tempus
2164 2728 2239 2772 est
2280 2728 2333 2771 ut
2370 2719 2423 2771 in
2451 2728 2631 2786 quarto
2674 2720 2768 2770 hoc
2804 2716 2975 2770 libello
3004 2718 3159 2784 ﬁnem
3201 2719 3514 2770 narrationis

1933 2811 2101 2878 facere
2136 2808 2445 2861 debeamus:
2486 2809 2607 2875 quia
2637 2807 2904 2877 indignum
2945 2816 2989 2859 et
3028 2806 3268 2860 indecens
3311 2817 3416 2876 est,
3463 2812 3517 2860 ut

1930 2902 2023 2954 s'ub
2071 2900 2342 2969 tyrannica
2388 2897 2728 2952 collocatione
2771 2914 2935 2951 sermo
2982 2899 3185 2951 divinus
3228 2899 3511 2970 subjaceat.

1932 2994 2182 3047 Auditum
2222 3007 2341 3062 ergo
2382 2992 2599 3060 petimus
2631 2990 2694 3043 ab
2723 2990 3045 3043 auditoribus
3077 2991 3287 3045 libenter
3312 3009 3517 3045 accom-

1935 3085 2153 3147 modari,
2186 3100 2301 3136 cum
2331 3083 2639 3151 principium
2667 3081 2785 3135 libri
2811 3084 2974 3150 quinti
3004 3084 3054 3136 in
3084 3100 3260 3137 eorum
3291 3086 3520 3139 senuerit

251 3174 472 3243 illigaret
498 3192 517 3227 ι
552 3184 819 3241 tantaque
858 3182 979 3226 erat
1004 3166 1087 3226 vel
1135 3171 1491 3237 auctoritatis,
1531 3172 1614 3225 vel
1659 3170 1826 3239 digni-
1858 3175 1904 3237 C
1936 3179 2180 3230 auribus‘:
2206 3176 2445 3244 quoniam
2476 3191 2660 3245 magna
2692 3189 2737 3227 et
2775 3174 3014 3227 miranda
3041 3185 3325 3243 martyrum
3350 3187 3518 3229 certa-

248 3268 381 3330 tatis,
428 3278 489 3320 ut
545 3265 662 3335 ejus
697 3265 924 3333 jubentis
966 3264 1208 3333 imperio,
1250 3263 1545 3316 obedientite
1589 3264 1829 3315 ceru'cem

248 3358 533 3411 submittere
558 3372 617 3410 se
648 3355 992 3425 profiteretur
1022 3355 1308 3422 episcopus
1343 3354 1520 3407 Victor
1546 3371 1558 3405 :
1588 3354 1677 3423 qui
1708 3368 1829 3407 cum

247 3446 714 3514 Constantinopoli
774 3446 1073 3508 scriberet,
1130 3443 1216 3497 vix
1273 3443 1408 3496 alius
1458 3443 1691 3498 occurrit
1745 3444 1829 3496 cui

252 3549 446 3594 tantum
479 3539 697 3593 deferre
730 3538 947 3592 honoris
993 3536 1077 3589 vel
1125 3538 1384 3605 potuerit,
1418 3536 1504 3589 vel
1554 3536 1827 3599 debuerit,

247 3631 311 3683 ab
333 3631 538 3685 Acacio
566 3630 655 3698 qui
686 3638 795 3682 tum
828 3630 877 3681 in
913 3628 1046 3681 vivis
1069 3638 1217 3695 erat,
1248 3626 1546 3695 patriarcha
1576 3626 1835 3680 Consran-

251 3722 629 3791 tinpolitano.
669 3721 814 3774 Illam
855 3719 997 3773 enim
1041 3718 1223 3772 sedem
1266 3718 1366 3771 iste
1408 3717 1638 3771 obtinuit
1678 3716 1834 3769 annis

249 3812 661 3881 septemdecim,
717 3824 781 3864 ex
827 3824 967 3862 anno
996 3808 1196 3861 Christi
1248 3809 1348 3861 s71
1400 3808 1452 3860 in
1483 3807 1610 3871 488,
1643 3821 1834 3861 secun-

248 3903 364 3956 dum
388 3913 648 3957 auctores
676 3901 1076 3970 probatissimos
1104 3899 1351 3952 Historiae
1380 3899 1702 3968 Byzantium.
1728 3898 1831 3951 Ad-

254 3994 326 4049 dit
356 3994 567 4061 Victor,
598 3994 739 4046 sicut
768 3991 1082 4045 Timotheus
1114 3999 1167 4044 et
1195 3988 1368 4043 Lucas
1406 3989 1551 4043 Pauli
1584 3988 1831 4057 apostoli,

253 4086 325 4139 sic
353 4096 409 4140 et
441 4086 609 4138 istum
646 4084 784 4137 beati
827 4082 1059 4151 episcopi
1092 4081 1349 4135 Diadochi
1390 4080 1555 4135 fuisse
1598 4082 1835 4146 discipu-

248 4173 373 4229 lum.
410 4175 580 4229 Omne
619 4175 821 4243 inquit,
863 4174 1045 4226 datum
1087 4174 1332 4243 Optimum
1367 4182 1413 4227 et
1454 4189 1601 4226 omne
1645 4174 1835 4225 donum

249 4267 529 4333 perfectum
572 4267 764 4318 caelitus
812 4265 1097 4335 accepisti:
1135 4266 1367 4318 eruditus
1411 4281 1443 4317 a
1490 4274 1628 4318 tanto
1668 4267 1835 4333 ponti-

249 4359 357 4426 ﬁce,
384 4369 596 4428 totoque
625 4358 792 4411 laudis
817 4373 996 4425 genere
1020 4356 1352 4427 praedicando
1378 4358 1520 4409 beato
1546 4355 1833 4421 Diadocho,

248 4455 391 4513 cuius
426 4460 483 4503 ut
522 4461 661 4503 astra
690 4450 913 4503 lucentia
958 4460 1151 4503 exstant
1182 4452 1563 4520 quamplurima
1597 4449 1833 4502 catholici

1933 3271 2072 3322 mina
2106 3285 2199 3321 nos
2238 3267 2546 3335 conﬁdimus
2578 3274 2900 3327 narraturos,
2944 3274 3216 3333 priestante
3255 3267 3365 3332 ipso
3389 3264 3518 3319 lem

1932 3360 2138 3419 Christo
2181 3359 2423 3423 Domino,
2461 3360 2546 3425 qui
2586 3356 2777 3410 laureis
2813 3356 3029 3423 mirifice
3066 3369 3267 3419 sanctos
3308 3369 3517 3410 coronat

1933 3468 2073 3505 suos.
2111 3451 2338 3521 Ea‘plicit
2375 3450 2499 3503 liber
2525 3458 2759 3518 quartus.
2794 3447 2979 3515 Incipit
3016 3448 3143 3500 liber
3166 3449 3387 3515 quintus.
3436 3449 3515 3502 Ad

1935 3546 2093 3597 linem
2124 3557 2253 3595 vero
2285 3541 2402 3595 libri
2432 3541 2624 3609 quinti,
2658 3548 2779 3608 post
2808 3540 2895 3592 illa
2929 3541 3125 3592 verba:
3161 3538 3227 3591 Et
3257 3539 3517 3593 Maximus

1933 3633 2235 3697 monachus,
2268 3642 2315 3681 et
2349 3630 2612 3699 Septimus
2642 3628 2939 3695 monachus,
2972 3628 3088 3681 ha-c
3118 3629 3475 3698 subjiciuntur
3501 3648 3514 3681 :

1936 3724 2041 3779 Sed
2074 3723 2185 3775 licet
2215 3721 2396 3774 horum
2424 3720 2911 3789 gloriosissimorum
2944 3729 3254 3789 martyrum,
3294 3720 3347 3773 in
3387 3737 3517 3791 pra-

1934 3815 2063 3867 senti
2102 3829 2204 3865 non
2236 3812 2544 3879 quiverimus
2573 3810 2850 3880 explanare
2877 3810 3187 3864 admiranda
3215 3813 3517 3879 certamina,

1934 3914 2142 3975 propter
2164 3901 2385 3956 aliarum
2411 3901 2642 3955 videlicet
2668 3902 3119 3955 innumerabilium
3142 3904 3519 3957 mnititudinem

1935 4010 2252 4065 martyrum;
2292 3995 2344 4047 in
2381 3995 2483 4062 [ine
2511 4004 2675 4046 tamen
2706 3993 2861 4064 hujus
2892 3994 3059 4063 aperis
3100 3995 3259 4046 nostri
3304 3998 3519 4063 prcutit-

1936 4091 2111 4152 timus,
2134 4086 2353 4140 Domino
2379 4086 2671 4155 adjuvante,
2690 4100 2782 4137 nos
2804 4102 2861 4137 ea
2884 4093 3204 4136 narraturos.
3227 4082 3278 4136 Ν
3285 4101 3381 4137 unc
3396 4102 3521 4156 ergo

1937 4181 2093 4251 hujus
2141 4179 2301 4233 libelli
2344 4178 2508 4248 quinti
2556 4178 2865 4230 narrationis
2908 4187 3095 4229 nostra:
3139 4178 3220 4228 hic
3264 4178 3381 4244 ﬁnis
3426 4181 3513 4232 sit.

1940 4271 2163 4339 Explicit
2210 4271 2337 4323 liber
2374 4271 2598 4340 quintus.
2651 4266 2841 4336 Incipit
2884 4268 3007 4321 liber
3044 4278 3235 4321 sextus.
3288 4266 3393 4338 [Ex
3426 4268 3520 4320 illo

1926 4366 2041 4434 jam
2084 4374 2311 4432 tempore
2349 4364 2608 4416 crudelius
2640 4361 2951 4414 Arianorum
2996 4361 3239 4430 epismpi,
3278 4368 3383 4413 etc.
3434 4360 3517 4414 Ad

1940 4456 2097 4509 ﬁnem
2130 4454 2359 4522 denique
2384 4455 2502 4507 libri
2533 4454 2693 4512 sexti.
2720 4461 2840 4519 post
2864 4452 2949 4505 illa
2973 4453 3153 4513 verba,
3177 4453 3334 4505 simili
3360 4462 3522 4506 morte

250 4542 508 4612 dogmatis
537 4535 846 4594 monimettia
873 4540 1148 4594 dictorum.
1181 4541 1247 4593 Et
1272 4550 1351 4594 sat
1378 4549 1452 4594 est
1481 4541 1569 4593 tibi
1599 4549 1651 4593 ut
1678 4542 1829 4609 tequi-

1941 4547 2121 4612 periit,
2165 4546 2239 4599 ita
2266 4544 2535 4598 concludit
2577 4542 2830 4597 librarius
2857 4559 2870 4594 :
2905 4542 3135 4611 Explicit
3168 4542 3296 4596 liber
3325 4554 3519 4598 sextus.

247 4647 394 4699 pares
426 4632 718 4683 doctrinam
765 4631 1019 4694 doctoris;
1046 4634 1164 4698 quia
1202 4634 1325 4685 satis
1368 4642 1439 4685 est
1480 4634 1733 4701 discipulo
1776 4642 1831 4685 ut

250 4723 312 4775 sit
341 4723 602 4790 quomodo
648 4723 887 4792 magister
928 4725 1059 4793 ejus.
1096 4724 1217 4777 Fuit
1252 4724 1342 4780 hic
1388 4726 1684 4780 Diadocltns
1715 4725 1833 4793 epi-

248 4831 445 4885 scOpus
477 4817 730 4871 Pltotices
756 4818 807 4870 in
838 4818 998 4886 Epiro
1027 4818 1237 4880 Veteri,
1263 4829 1322 4872 ut
1361 4827 1587 4873 testatur
1614 4820 1835 4872 Photius

248 4908 301 4961 in
341 4907 688 4978 Myriobiblo,
720 4906 902 4961 codice
943 4908 1083 4971 201,
1123 4907 1213 4976 qtti
1258 4919 1311 4962 et
1356 4924 1544 4962 rursus
1591 4910 1832 4975 ejusdem

246 4999 501 5051 meminit
539 4998 657 5052 cod.
690 4998 817 5052 23L
863 4999 1164 5054 Asceticum
1217 5000 1332 5068 ejus
1380 5001 1570 5055 librum
1619 5016 1833 5057 centum

246 5090 520 5157 capitum,
547 5104 577 5143 a
608 5090 898 5144 Francisco
934 5089 1197 5144 Turriauo
1227 5091 1413 5147 Latine
1443 5092 1707 5148 redditum
1742 5093 1835 5147 ha-

246 5180 330 5233 bet
364 5180 695 5234 Bibliotheca
726 5177 941 5233 Patrum
970 5170 1119 5251 :'quo
1148 5196 1212 5235 ex
1246 5198 1409 5251 opere
1438 5198 1590 5253 caput
1622 5185 1834 5254 aliquod

245 5271 376 5322 citat
425 5269 690 5324 Maximus
740 5270 1069 5336 monachus,
1115 5271 1207 5340 qui
1253 5272 1495 5327 Heraclio
1540 5274 1836 5343 imperante

243 5362 464 5430 ﬂoruit,
503 5358 709 5415 Patrem
756 5360 1079 5414 Diadochum
1122 5375 1281 5417 causa
1320 5364 1540 5417 honoris
1579 5378 1701 5419 eum
1743 5379 1837 5434 ap-

246 5454 487 5521 pellans.
522 5453 649 5508 Cum
699 5462 880 5508 autem
912 5454 1167 5509 hactenus
1197 5456 1425 5511 obscura
1456 5454 1613 5510 luerit
1645 5457 1836 5512 Diado-

240 5543 327 5598 chi
359 5552 531 5605 aetas,
556 5558 619 5598 ex
649 5544 751 5598 hoc
795 5554 940 5598 certe
967 5544 1197 5599 Victoris
1229 5545 1348 5600 loco
1380 5544 1657 5613 habemus,
1694 5550 1832 5602 circa

241 5637 494 5692 medium
526 5638 690 5704 quinti
723 5646 843 5706 post
868 5636 1136 5693 Christum
1160 5640 1343 5694 saeculi
1372 5638 1518 5694 illum
1546 5640 1832 5707 claruisse;

238 5737 299 5788 ut
322 5743 397 5786 eo
424 5726 688 5785 nimirum
717 5730 973 5799 magistro
998 5746 1127 5788 usus
1157 5730 1318 5790 fuerit
1356 5732 1437 5789 vir
1463 5730 1554 5789 ille
1579 5732 1836 5803 dignitate

1938 4637 2131 4703 Incipit
2158 4636 2335 4690 Passio
2361 4636 2674 4690 Sanctorum
2702 4634 2940 4704 superius
2973 4635 3244 4702 promissa,
3270 4636 3359 4703 qui
3383 4636 3523 4706 apud

1936 4730 2297 4802 Carthaginem
2323 4729 2460 4797 passi
2484 4724 2645 4795 sunt.]
2680 4725 3062 4779 Pra'dfcaturus
3086 4728 3388 4797 triumphos,
3414 4737 3521 4781 etc.

1938 4826 2000 4879 lli
2045 4833 2170 4878 sunt
2209 4840 2273 4877 ex
2318 4822 2503 4877 codice
2532 4820 2812 4874 Portarum
2843 4821 3098 4891 ἐπίλογοις
3149 4837 3255 4875 non
3287 4821 3522 4875 auctoris

1938 4917 2129 4985 ipsius,
2158 4915 2253 4970 sed
2282 4913 2589 4980 antiquarii,
2617 4926 2711 4966 seu
2742 4911 2921 4965 medio
2945 4926 3060 4965 (evo
3088 4910 3520 4980 interpolatoris;

1937 5023 2071 5076 quos
2101 5008 2279 5076 operis
2322 5006 2562 5075 partibus
2610 5019 2641 5059 ιι
2681 5019 2741 5059 se
2784 5004 3090 5058 constitutis
3130 5005 3282 5073 quasi
3326 5006 3525 5061 limites

1938 5099 2135 5167 posuit.
2171 5096 2298 5151 Mihi
2329 5096 2559 5166 partium
2590 5095 3017 5163 proportionem,
3048 5103 3101 5148 et
3130 5096 3343 5150 lectoris
3370 5112 3521 5152 com-

1939 5188 2156 5243 modum
2188 5188 2482 5256 spectanti,
2526 5186 2701 5241 media
2730 5184 2845 5240 fere
2874 5186 2957 5239 via
3000 5186 3252 5242 incedere
3294 5187 3522 5254 placuit,

1938 5296 2165 5348 eamque
2192 5280 2478 5335 Historiam
2508 5278 2744 5349 quinque
2772 5278 2824 5332 in
2856 5278 3023 5334 libros
3052 5280 3266 5348 partiri;
3297 5294 3522 5347 quorum

1940 5372 2097 5441 pritni
2136 5380 2506 5441 argumentum
2548 5369 2690 5424 erit:
2726 5367 2970 5423 Geiserici
3006 5369 3351 5422 Vandalorum
3392 5369 3523 5433 regis

1940 5464 2184 5535 Africana
2213 5462 2526 5530 persecutio;
2556 5461 2990 5530 secundizlnjtia
3018 5459 3380 5535 persecutionis
3407 5459 3459 5512 Η
3469 5483 3517 5511 u-

1943 5555 2099 5609 nerici
2126 5554 2480 5608 Vandalorum
2509 5558 2675 5623 regis;
2707 5552 2881 5607 tertii:
2910 5551 3168 5618 Professio
3198 5550 3320 5617 ﬁdei
3346 5551 3525 5607 catho-

1944 5645 2162 5703 licorum
2200 5647 2553 5715 episcoporum
2598 5644 2863 5697 Hunerico
2906 5644 3011 5711 regi
3051 5641 3221 5696 oblata
3244 5658 3261 5707 ;
3307 5646 3482 5713 quarti
3515 5657 3529 5692 :

1950 5735 2194 5791 Hunerici
2235 5737 2367 5805 regis
2409 5737 2601 5792 sterilia
2646 5735 2701 5791 in
2738 5734 2998 5804 episcopos
3036 5735 3367 5803 orthodoxos,
3410 5751 3526 5791 cum
