4022 6168
519 290 613 350 151

1835 273 2090 329 ΔἫΩἸῸΚ
2130 272 2454 329 VITENSIS.

3674 271 3775 324 ἰδὲ

518 414 698 465 lterum
723 408 987 480 catalogo;
1029 403 1229 475 quinti:
1260 400 1549 457 Crudelitas
1586 396 1721 466 regis
1750 393 2003 448 Hunerici
2042 393 2095 444 in
2124 395 2170 450 Λ
2200 391 2315 458 ipse
2358 389 2413 444 in
2434 390 2855 480 iByzacenornm
2885 387 3257 456 episcoporum
3286 386 3428 443 serie
3457 388 3525 443 de
3551 402 3612 443 se
3641 393 3775 444 seti-

521 513 727 556 (αἰετοί
763 499 1063 553 catholicos.
1113 492 1480 562 Subjicientur
1515 503 1613 559 per
1641 486 1859 543 modum
1895 497 2093 555 appen-

521 594 678 656 dieis,
721 600 836 645 acta
864 591 895 642 7
926 586 1308 642 monachorum
1341 590 1634 650 martyrum
1664 577 1951 645 Caspensis
1983 586 2090 628 tero

520 682 710 746 sitorii,
726 694 953 749 quorum
975 687 1247 735 auctorem
1268 686 1482 742 quoque
1496 669 1765 723 Victorem
1784 666 2091 735 episcOpum

520 774 643 829 facit
669 771 837 827 codex
863 769 1166 829 Portarum,
1182 772 1238 819 et
1262 764 1450 828 beatus
1467 759 1781 823 Rhenanus,
1810 763 2092 809 accuratus

520 864 771 931 scriptor,
803 861 891 929 qui
929 859 981 912 in
1013 858 1173 925 hujus
1199 854 1380 923 operis
1410 851 1665 911 editione,
1695 848 1763 901 ad
1802 847 1961 900 tinem
1997 843 2092 899 ho-

521 972 640 1010 rum
671 965 931 1017 actorum,
975 950 1221 1004 llistorize
1248 944 1475 999 Victoris
1516 939 1753 1009 episcopi
1795 937 1954 992 linem
1995 934 2092 988 ad-

522 1046 745 1101 notavit.
789 1044 929 1099 Sane
961 1044 1077 1094 haac
1107 1051 1224 1093 acta
1253 1052 1375 1091 cum
1407 1035 1460 1089 in
1489 1033 1739 1085 omnibus
1766 1043 1885 1098 quae
1911 1026 2095 1081 videre

522 1137 677 1193 nobis
717 1134 867 1189 licuit
896 1131 1125 1187 Victoris
1152 1125 1577 1195 exemplaribus,
1622 1132 1734 1176 tum
1764 1121 1939 1184 ensis,
1982 1128 2090 1201 tum

523 1223 930 1291 manuscriptis,
977 1218 1262 1275 Historiam
1307 1212 1695 1284 persecutionis
1718 1210 1983 1265 Africana:
2026 1206 2094 1260 ab

520 1333 589 1373 eo
614 1316 968 1383 conscriptam
998 1310 1291 1376 excipiant,
1323 1308 1517 1361 frustra
1548 1305 1687 1359 alius
1715 1302 1975 1372 qumritur
2001 1314 2094 1355 eo-

522 1423 640 1463 rum
669 1417 875 1472 auctor,
908 1404 996 1473 qui
1035 1417 1156 1456 cum
1198 1399 1387 1454 horum
1427 1408 1720 1467 martyrum
1762 1395 1817 1449 in
1859 1391 2095 1448 historia:

523 1515 685 1554 cursu
712 1499 896 1566 paucis
924 1493 1101 1549 verbis
1126 1492 1239 1561 jam
1268 1490 1624 1553 meminisset,
1660 1486 1830 1555 potuit
1858 1484 1924 1538 ad
1952 1484 2095 1552 ipso-

523 1607 640 1646 rum
677 1605 763 1644 res
798 1596 974 1656 gestas
1002 1585 1168 1638 iusius
1209 1581 1540 1637 enarrandas
1567 1580 1803 1634 auitnnm
1835 1576 2092 1644 adjicere,

526 1680 821 1751 praesertim
853 1675 995 1745 quod
1030 1675 1084 1729 in
1114 1689 1303 1728 eorum
1339 1672 1620 1727 tormentis
1659 1678 1716 1726 et
1753 1667 1963 1740 tyranni
1994 1680 2097 1721 sa:-

2197 480 2391 548 pserit;
2431 479 2606 533 Victor
2640 478 2873 546 Vitensis,
2905 495 3007 532 non
3046 480 3266 535 occurrit
3289 495 3308 532 :
3338 490 3489 535 certo
3520 482 3772 534 nimi-um

2195 571 2289 627 Dei
2317 571 2543 626 consilio
2580 582 2916 637 reservatus,
2969 570 3110 626 haud
3148 586 3306 626 secus
3348 586 3413 625 ac
3447 571 3775 644 Virgilianos

2196 662 2308 726 ille,
2337 662 2545 715 cruenti
2574 660 2741 729 praelii

2259 751 2521 813 Accipiens
2541 752 2751 800 sonitum
2773 750 2877 799 saxi
2901 750 2966 800 de
2991 748 3182 799 vertice
3205 757 3389 811 pastor,

2193 850 2253 895 ut
2299 840 2427 894 dira:
2468 840 2611 895 illius
2657 840 3047 908 persecutionis
3099 840 3381 897 historiam
3426 852 3763 911 posterorum

2194 931 2467 987 memoriae
2496 930 2915 987 commendaret.

2803 1022 3026 1078 CAPUT
3072 1023 3202 1079 VIII.

2620 1112 2839 1183 Scripsit
2869 1111 3342 1182 Constantinopoli.

2265 1203 2413 1257 Hanc
2442 1217 2601 1273 porro
2631 1205 2866 1272 scripsit,
2893 1212 2948 1258 ot
2968 1219 3112 1270 reor,
3138 1205 3626 1279 Constantinopoli.
3654 1210 3770 1267 Non

2193 1298 2336 1351 enim
2365 1297 2455 1351 diu
2495 1297 2549 1351 itt
2587 1296 2761 1351 Africa
2794 1298 2961 1353 latere
2990 1298 3284 1367 potuisset.
3324 1315 3386 1357 ac
3421 1312 3495 1354 tot
3522 1305 3772 1372 quatsito-

2193 1401 2311 1441 rum
2337 1387 2516 1456 lugere
2536 1387 2742 1452 oculos,
2773 1387 2864 1456 qui
2893 1388 3128 1443 latebras
3151 1404 3345 1445 omnes
3373 1393 3768 1458 scrutabantur,

2196 1487 2252 1530 lll
2272 1478 2680 1544 catholicorum,
2701 1492 2763 1532 ac
2786 1479 3085 1547 praesertim
3110 1480 3477 1549 episcoporum
3501 1484 3772 1542 neminem

2196 1569 2264 1623 ab
2306 1570 2501 1623 Ariana
2549 1570 2749 1624 szevitia
2803 1571 3095 1624 immunem
3134 1572 3521 1641 relinquerent.
3571 1574 3773 1641 Opinor

2195 1674 2322 1729 ergo
2348 1660 2496 1714 illum
2526 1668 2729 1713 mutato
2761 1660 2967 1725 habitu,
2993 1661 3506 1729 Constantinopolim
3538 1665 3774 1721 evasisse

526 1772 671 1835 vitia,
690 1780 744 1824 et
767 1777 1059 1837 martyrum
1083 1765 1331 1835 ingentes
1351 1763 1535 1827 animi,
1559 1772 1615 1818 et
1633 1762 1809 1816 divina
1830 1773 1952 1829 erga
1974 1758 2093 1815 illos
2122 1750 2171 1813 Β
2198 1750 2249 1804 in
2278 1750 2533 1805 comitatu
2561 1750 2745 1806 Uranii
2776 1752 2932 1821 legati
2962 1752 3193 1806 Zenonis
3223 1752 3585 1821 imperatoris.
3611 1772 3771 1825 quem

527 1861 857 1937 providentia
885 1860 1043 1917 solito
1068 1859 1265 1914 clarius
1289 1856 1587 1913 enituisset.

1120 1948 1346 2003 CAPUT
1387 1946 1496 2001 VII.

883 2042 1060 2097 Victor
1089 2041 1185 2111 fuit
1212 2039 1475 2108 episcOpus
1503 2036 1739 2089 Vitensis.

599 2135 677 2189 De
700 2133 931 2189 Victoris
958 2134 1271 2201 episcopatu
1316 2129 1605 2183 multorum
1635 2126 1892 2181 hactenus
1921 2122 2101 2193 opinio

530 2227 658 2295 luit,
712 2224 1015 2279 Uticensem
1064 2221 1229 2277 fuisse
1276 2220 1329 2275 in
1376 2217 1648 2288 provincia
1696 2214 2096 2285 proconsulari;

529 2317 668 2388 quod
709 2330 807 2371 nos
850 2317 903 2369 in
942 2312 1218 2369 Ferrando
1247 2322 1436 2366 nostro
1483 2308 1623 2363 haud
1671 2305 1920 2361 inanibus
1946 2319 2103 2372 argu-

530 2410 724 2463 mentis
753 2406 1192 2475 improbavimus.
1243 2402 1366 2458 Scio
1407 2399 1639 2455 Victoris
1680 2396 1949 2452 Uticensis
1989 2394 2103 2464 epi-

529 2500 675 2569 scopi
705 2498 1029 2552 mentionem
1060 2510 1182 2550 esse
1223 2493 1279 2548 in
1323 2492 1610 2547 collatione
1636 2489 1803 2559 prima
1831 2486 2104 2555 Carthagi-

530 2591 726 2657 niensi,
747 2604 970 2645 numero
995 2587 1117 2656 128,
1153 2587 1214 2641 P.
1234 2584 1296 2639 C.
1317 2584 1560 2647 Varanis,
1584 2596 1724 2636 anno
1745 2579 1955 2634 Christo
1976 2578 2100 2631 Ml.

535 2682 642 2740 Sed
688 2683 775 2737 hic
812 2680 944 2736 nihil
983 2680 1213 2749 pertinet
1255 2675 1323 2733 ad
1365 2674 1614 2730 lluuerici
1662 2671 1803 2742 regis
1841 2679 2101 2739 tempora.

534 2774 789 2831 Scriberis
817 2782 993 2827 autem
1027 2771 1205 2824 Victor
1229 2770 1513 2837 episcopus
1539 2764 1829 2819 Historiam
1857 2775 2105 2831 persecu-

533 2864 696 2921 tionis
721 2863 1003 2929 Al‘ricanaa,
1033 2875 1173 2915 anno
1199 2859 1535 2928 sexagesimo
1565 2871 1633 2910 ex
1661 2868 1767 2924 quo
1792 2855 1845 2907 in
1870 2851 2101 2907 Africam

533 2954 756 3010 Vandali
782 2954 851 3007 de
882 2952 1132 3021 Hispania
1165 2952 1508 3018 trajecerant,
1537 2947 1640 3003 hoc
1669 2954 1779 3009 est,
1813 2958 1953 2997 anno
1979 2956 2102 2998 arte

534 3045 848 3102 Christianae
877 3044 1006 3108 487,
1052 3043 1103 3096 in
1142 3041 1340 3095 Notitia
1380 3036 1668 3108 provincia:
1711 3033 2103 3105 proconsularis

2199 1839 2337 1897 libro
2362 1858 2395 1895 v
2422 1851 2610 1897 testem
2644 1844 2867 1909 profert,
2895 1844 3233 1899 crudelitatis
3252 1843 3573 1915 Carthagine
3605 1849 3659 1900 in
3686 1864 3773 1900 or-

2199 1934 2465 1989 thodoxos
2483 1944 2758 2002 spectante
2781 1936 2874 1990 illo
2896 1937 3173 1990 exercitae.
3204 1936 3311 1991 Sed
3336 1940 3422 2007 qui
3437 1938 3552 2000 hoc,
3580 1939 3770 2006 inquit,

2199 2023 2489 2090 fabulosum
2515 2034 2678 2095 putat,
2700 2024 2952 2079 Uranium
2973 2026 3193 2080 Zenonis
3224 2031 3447 2099 legatum
3474 2030 3771 2099 interroget,

2201 2119 2349 2186 cujus
2386 2116 2439 2168 in
2477 2116 2745 2185 praesentia
2785 2118 3036 2189 prtecipue
3073 2128 3214 2188 gesta
3253 2130 3405 2184 sunt;
3446 2120 3538 2172 illa
3582 2121 3775 2174 scilicet

2201 2221 2378 2269 causa,
2409 2207 2527 2274 quia
2555 2208 2753 2260 veniens
2782 2206 3163 2277 Carthaginem,
3202 2224 3311 2262 sese
3349 2225 3440 2278 pro
3482 2211 3777 2279 defens’one

2204 2291 2547 2349 Ecclesiarum
2575 2296 2940 2349 catholicarum
2968 2298 3160 2351 venisse
3181 2300 3433 2369 jactabut.
3486 2298 3556 2352 Et
3600 2311 3653 2353 ut
3694 2303 3775 2354 illi

2202 2386 2483 2439 ostenderet
2526 2397 2771 2456 tyrannus
2813 2403 2866 2441 se
2910 2388 3165 2441 neminem
3209 2391 3518 2459 formidare,
3567 2390 3623 2444 in
3669 2392 3776 2446 illis

2205 2480 2383 2550 pluteis
2413 2478 2488 2531 vel
2518 2480 2638 2531 sicis
2668 2480 2839 2547 plures
2867 2489 3081 2535 tortores
3125 2490 3175 2534 et
3219 2483 3532 2536 crudeliores
3561 2486 3774 2548 statuit,

2204 2572 2257 2624 in
2286 2570 2466 2640 quibus
2496 2570 2677 2641 legatis
2709 2572 2862 2624 moris
2892 2582 2965 2625 est
3005 2574 3322 2626 ascendendo
3351 2575 3419 2627 ad
3448 2575 3695 2643 palatium
3727 2593 3777 2631 et

2206 2663 2555 2717 descendendo
2581 2664 2795 2716 transire
2817 2677 2836 2716 :
2878 2663 2945 2715 ad
2975 2663 3302 2733 opprobrium
3334 2664 3562 2719 videlicet
3600 2670 3778 2737 reipu-

2206 2754 2349 2808 bltcw
2386 2754 2569 2819 ipsius,
2616 2766 2661 2809 et
2691 2756 2849 2809 nostri
2869 2756 2982 2823 jam
3010 2755 3289 2823 deﬁcientis
3317 2759 3554 2827 temporis
3580 2760 3775 2829 facem.

2207 2845 2275 2900 Et
2316 2845 2470 2913 paulo
2508 2846 2779 2913 superius,
2811 2860 2933 2900 cum
2977 2861 3163 2901 eorum
3196 2846 3532 2903 meminisset
3558 2849 3645 2917 qui
3680 2851 3781 2905 lin-

2205 2939 2320 3007 gnis
2348 2939 2602 2994 radicitus
2630 2939 2905 3003 abscissis,
2931 2940 3181 3007 expedite
3210 2940 3559 2998 nihilominus
3594 2943 3781 3012 loque-

2207 3031 2421 3099 bantur,
2461 3032 2641 3087 subdit
2670 3048 2684 3087 :
2728 3032 2832 3087 Sed
2870 3033 2914 3087 si
2942 3034 3054 3103 quis
3080 3036 3370 3089 incredulus
3399 3052 3506 3089 esse
3534 3037 3746 3090 voluerit
3766 3078 3783 3100 ,

535 3137 780 3193 meminit
822 3134 1115 3190 Florentini
1147 3132 1409 3188 Uticensis
1436 3128 1709 3199 episcopi,
1761 3127 1930 3182 tribus
1971 3140 2101 3195 qua-
2128 3111 2175 3174 C
2208 3132 2383 3193 pergat
2412 3140 2547 3177 nunc
2577 3122 3110 3193 ConstantinOpolim;
3139 3136 3184 3179 et
3208 3126 3275 3179 ibi
3298 3129 3511 3194 reperiet
3540 3144 3695 3182 unum
3721 3133 3787 3181 de

535 3242 723 3285 tuorve
747 3240 871 3283 ante
896 3226 1052 3281 annis
1082 3225 1149 3279 ab
1180 3224 1445 3279 Hnnerico
1475 3236 1601 3291 rege
1632 3222 1684 3276 in
1715 3219 1988 3275 Corsicam
2019 3233 2104 3271 re-

537 3322 735 3393 legati:
786 3321 872 3375 ubi
926 3330 1036 3372 tum
1085 3316 1424 3372 detinebatur
1468 3330 1589 3369 cum
1638 3312 1759 3367 aliis
1804 3311 1868 3365 ad
1918 3326 2010 3365 sex
2053 3322 2106 3364 et

535 3412 880 3485 quadraginta
910 3410 1214 3466 extorribus
1244 3405 1532 3477 episcopis,
1564 3403 1780 3475 quando
1821 3402 2103 3456 Ilistoriatn

536 3508 673 3562 hanc
697 3520 846 3561 suam
872 3502 1143 3558 scribebat
1165 3500 1379 3555 Victor:
1409 3513 1567 3567 quem
1590 3498 1636 3552 si
1656 3496 1774 3566 quis
1795 3492 2107 3549 Florentino

542 3596 771 3652 Uticensi
798 3595 907 3665 jam
936 3604 1046 3647 tum
1076 3592 1304 3646 fortasse
1326 3598 1535 3644 mortuo
1559 3586 1836 3643 sull'ectum
1858 3584 2103 3653 objiciat;

540 3703 626 3743 na:
654 3686 743 3741 ille
772 3701 952 3755 parem
989 3684 1225 3753 prudens
1252 3683 1544 3736 aestimator
1568 3680 1835 3734 videbitur
1863 3689 1970 3732 tam
2007 3677 2107 3731 ini-

536 3792 762 3840 quorum
793 3786 1111 3845 temporum,
1138 3790 1233 3842 per
1252 3788 1371 3842 qua:
1397 3771 1653 3840 dispersis
1681 3783 2105 3841 quaquaversum

538 3869 894 3923 Ecclesiarutn
924 3868 1161 3920 omnium
1200 3865 1569 3920 Africanarum
1601 3864 1861 3929 ovilibus;
1911 3878 1976 3918 ac
2016 3877 2107 3916 eo-

538 3975 655 4013 rum
702 3959 789 4012 vel
834 3958 1068 4011 enecatis
1114 3954 1449 4025 pastoribus,
1493 3955 1577 4009 vel
1625 3955 1808 4023 procul
1859 3969 1888 4006 a
1935 3953 2104 4022 patria

537 4049 856 4113 atnandatis,
886 4047 972 4102 vix
1002 4047 1079 4102 eis
1105 4047 1349 4115 spiritum
1380 4045 1599 4115 ducere,
1632 4044 1827 4098 nedum
1857 4043 2105 4113 gregibus

536 4142 649 4197 suis
680 4139 975 4207 invigilare,
1004 4144 1096 4191 aut
1125 4136 1391 4205 episcopis
1421 4144 1596 4190 morte
1634 4132 1856 4186 sublatis
1893 4146 2107 4187 succes-

537 4244 689 4286 sores
729 4229 978 4283 ordinare
1021 4225 1286 4294 integrum
1329 4224 1506 4278 fuerit.
1561 4221 1733 4287 Quam
1777 4234 1982 4274 certum
2023 4230 2106 4274 est

537 4332 711 4375 autem
756 4331 1027 4386 nunquam
1076 4315 1384 4369 Uticensem
1433 4312 1599 4367 fuisse
1630 4312 1897 4366 Victorem
1943 4311 2103 4367 hunc.

538 4420 645 4463 ιίιιιι
691 4417 773 4463 est
822 4407 1175 4461 indubitatum
1223 4403 1493 4458 Vitensem
1540 4401 1703 4457 luisse
1750 4402 2101 4470 episcopum:

536 4514 655 4569 qua:
696 4498 981 4566 provinciae
1010 4496 1307 4566 Byzacena‘.
1345 4493 1536 4548 civitas
1577 4509 1697 4547 cum
1744 4492 1921 4560 ignota
1963 4506 2103 4546 esset
2137 4478 2186 4537 Ι)

538 4590 925 4645 recentioribus
950 4590 1200 4654 librariis,
1225 4589 1300 4643 illi
1324 4588 1573 4642 mendum
1602 4587 1651 4640 in
1676 4585 1909 4653 antiquis
1932 4600 2105 4639 exem-

539 4682 775 4752 plaribus
805 4680 1088 4748 suspicati,
1130 4695 1193 4733 ac
1218 4695 1408 4734 vocum
1447 4679 1621 4735 delusi
1652 4679 1911 4735 afﬁnitate
1932 4720 1948 4744 ,
1992 4677 2105 4731 Uti-

537 4787 750 4827 censem
784 4785 880 4841 pro
908 4770 1107 4825 Vitensi
1138 4781 1515 4839 reposuerunt.
1560 4770 1617 4825 In
1647 4771 1833 4826 codice
1858 4769 2103 4824 cartnsiae

539 4865 815 4920 Portarum
848 4878 948 4917 ms.
980 4863 1133 4919 bona:
1171 4874 1341 4930 noue,
1389 4864 1505 4931 ipso
1547 4865 1724 4933 operis
1765 4864 1915 4918 initio
1960 4863 2099 4929 legi:

538 4955 727 5023 Incipit
777 4954 1017 5025 prologus
1063 4955 1114 5008 itt
1160 4954 1395 5008 Historia
1441 4957 1801 5023 persecutionis
1844 4956 2103 5025 Africante

539 5046 674 5098 edita
714 5061 746 5097 a
786 5054 961 5098 sancto
989 5043 1190 5098 Victore
1233 5045 1416 5115 patria:
1456 5044 1670 5099 Vitcnsis
1714 5047 1950 5116 episc0po
1974 5061 1994 5098 :
2041 5060 2104 5100 ac

540 5136 873 5205 postmodum
904 5135 1063 5188 incidi
1093 5135 1147 5188 in
1179 5135 1335 5204 hujus
1366 5135 1612 5189 llistorise
1639 5136 1930 5190 ediionem
1957 5135 2105 5189 Pari-

538 5204 768 5281 siensem
799 5227 923 5280 anni
954 5225 1111 5292 1541,
1143 5226 1283 5296 typis
1306 5226 1511 5281 Galeoti
1544 5226 1847 5290 Pratensis.
1876 5242 1905 5281 a
1935 5227 2099 5280 Beato

540 5320 797 5373 lthenano
824 5327 1059 5371 curatam
1079 5355 1095 5381 ,
1135 5317 1187 5369 in
1225 5331 1330 5384 qua
1362 5326 1481 5383 post
1509 5315 1897 5383 prazl‘ationem,
1930 5319 2104 5382 Quon-

539 5410 657 5461 dam
684 5418 889 5471 veteres,
919 5416 1048 5472 etc.,
1086 5405 1329 5474 sequitur
1365 5406 1681 5472 inscriptio:
1715 5406 1951 5460 Historia
1988 5422 2102 5476 per-

536 5501 805 5555 secutionis
832 5500 1085 5569 Africana:
1114 5499 1407 5569 provincite,
1439 5500 1742 5565 temporibus
1771 5496 2013 5551 Ceiserici
2050 5506 2098 5550 et

542 5586 784 5643 llunerici
822 5606 996 5660 regum
1022 5589 1402 5653 Vandalorum,
1452 5600 1657 5642 auctore
1695 5599 1865 5642 sancto
1892 5588 2097 5643 Victore

540 5684 770 5745 epicopo
827 5678 1036 5732 Vitensi.
1089 5679 1148 5733 Ut
1187 5680 1295 5747 jam
1338 5678 1558 5733 minime
1601 5678 1819 5733 dubium
1858 5681 1928 5735 sit
1972 5682 2098 5750 quin

2206 3216 2331 3280 illis,
2372 3216 2727 3270 subdiaconem
2760 3215 3106 3287 Reparatum,
3151 3234 3407 3271 sermones
3447 3219 3633 3287 politos
3672 3219 3787 3272 sine

2205 3309 2313 3362 ulla
2336 3306 2617 3372 offensione
2641 3309 2924 3374 loquentem
2948 3324 2966 3363 :
2995 3310 3056 3362 ob
3077 3325 3230 3379 quam
3251 3326 3457 3364 causam
3479 3309 3787 3364 venerabilis

2206 3400 2419 3451 nimium
2448 3399 2500 3449 in
2522 3399 2713 3467 palatio
2734 3398 2953 3452 Zenonis
2975 3399 3293 3467 imperatoris
3314 3398 3545 3465 Imitetur,
3578 3411 3626 3454 et
3650 3416 3788 3469 pra:-

2206 3494 2354 3557 cipue
2401 3493 2576 3559 regina
2623 3490 2751 3541 mira
2800 3506 2916 3543 eum
2960 3492 3239 3544 reuerentia
3283 3500 3568 3545 veneratur.
3620 3491 3783 3556 Ecce,

2208 3580 2433 3634 lectores
2477 3594 2602 3633 suos
2648 3580 2870 3645 invitat,
2921 3580 3005 3633 vel
3058 3578 3376 3650 pratscntes,
3430 3590 3484 3634 ut
3526 3580 3785 3637 Uraniurn

2209 3673 2440 3742 legatum
2468 3672 2931 3741 Constantinopoli
2977 3672 3030 3725 in
3062 3673 3180 3728 aula
3212 3672 3555 3741 imperatoris
3584 3687 3780 3726 consu~

2209 3765 2346 3827 lant;
2381 3764 2461 3816 vel
2489 3762 2759 3829 absentes,
2792 3771 2851 3815 ut
2878 3762 3403 3831 Constantinopolim
3431 3772 3674 3830 pergant,
3709 3760 3786 3817 ibi

2208 3854 2597 3924 persecutionis
2625 3853 2893 3908 Alricanze
2934 3855 3130 3909 seriem
3178 3852 3482 3924 cognituri:
3527 3854 3644 3919 vix,
3693 3864 3787 3908 aut

2211 3947 2352 4000 nulla
2384 3947 2592 3999 ratione
2623 3944 2880 4008 facturus,
2910 3946 2954 3999 si
2987 3961 3091 3999 non
3120 3946 3237 4013 ipse
3266 3954 3376 3999 tum
3404 3945 3600 4001 ibidem
3633 3960 3789 4000 nian-

2206 4039 2414 4094 sionern
2447 4037 2685 4092 haberet.
2735 4037 2869 4091 Cum
2908 4038 3069 4107 igitur
3097 4038 3162 4092 ad
3192 4039 3391 4095 calt-em
3425 4038 3634 4095 Notitite
3671 4039 3789 4107 epi-

2207 4146 2490 4200 scoporum
2510 4129 2879 4185 Africanorum
2904 4132 2974 4185 ita
2996 4133 3193 4202 colligit
3211 4150 3222 4185 :
3240 4132 3440 4195 Corsica
3458 4133 3671 4203 relegati
3689 4132 3783 4196 46,

2209 4222 2310 4276 llic
2337 4222 2548 4289 relegati
2577 4237 2783 4275 numero
2813 4222 2937 4287 302,
2969 4223 3233 4290 posterior
3264 4240 3519 4279 numerus
3547 4224 3616 4279 de
3642 4222 3789 4278 Con-

2206 4311 2603 4381 stantinOpolim
2634 4313 2891 4381 ablegatis
2917 4313 3261 4382 accipiendos
3291 4325 3398 4372 est.

2808 4402 3035 4457 CAPUT
3078 4404 3168 4458 IX.

2518 4491 2641 4547 Fuit
2667 4493 2854 4561 primas
2883 4496 3154 4565 provincia:
3178 4494 3474 4565 Byzacente.

2285 4587 2434 4640 llunc
2457 4586 2627 4656 ipsum
2652 4588 2918 4643 Victorem
2950 4589 3213 4643 Vivensetn
3244 4587 3552 4656 episcopum
3599 4590 3788 4646 censui

2212 4678 2494 4746 primatem
2529 4681 2866 4747 postmodum
2896 4678 3057 4733 fuisse
3101 4680 3385 4746 provincia:
3418 4694 3527 4734 suae
3555 4679 3789 4749 Byzace-

2209 4788 2321 4835 nm,
2358 4774 2507 4838 cujus
2533 4780 2615 4827 est
2654 4773 2852 4827 mentio
2883 4774 2934 4827 in
2968 4772 3083 4825 Vita
3113 4772 3171 4828 S.
3207 4772 3505 4840 Fulgentii,
3545 4776 3612 4826 ab
3635 4790 3702 4828 eo
3732 4776 3785 4828 in

2210 4863 2517 4931 episcopum
2549 4863 2881 4931 Ruspensem
2924 4863 3159 4919 ordinari
3195 4863 3351 4931 jussi.
3385 4862 3492 4917 Nec
3524 4866 3676 4916 vanis
3704 4863 3789 4917 in-

2210 4952 2385 5006 diciis.
2410 4953 2540 5006 Nam
2566 4954 2657 5022 (ut
2683 4952 2749 5007 ad
2774 4953 3105 5008 Ferrandum
3128 4953 3369 5021 pluribus
3397 4950 3788 5021 explicuimus)

2210 5045 2261 5096 in
2304 5043 2511 5104 Africa.
2552 5054 2706 5096 extra
2763 5045 3091 5111 provinciam
3144 5045 3577 5111 proconsularem
3628 5043 3786 5111 cujus

2209 5142 2371 5199 caput
2412 5131 2712 5200 Carthago,
2744 5150 2890 5203 vagi:
2931 5134 3085 5187 era’nt
3131 5148 3193 5186 ac
3244 5134 3552 5187 desultoriac
3597 5134 3786 5200 prima:

2210 5222 2400 5287 sedes,
2432 5231 2489 5277 et
2528 5222 2793 5277 seniorem
2843 5222 3099 5291 cujusque
3141 5223 3429 5291 provincia:
3470 5223 3785 5289 episcopum

2210 5314 2569 5382 sequebantur
2602 5332 2614 5366 :
2646 5316 2940 5377 seniorem,
2981 5313 3235 5383 inquam,
3294 5330 3398 5368 non
3451 5323 3640 5377 aetate,
3687 5316 3785 5369 sed

2210 5406 2545 5472 promotione
2574 5406 2687 5461 sive
2711 5405 3080 5471 Ordinatione;
3112 5407 3202 5474 qui
3251 5405 3451 5460 idcirco
3493 5406 3636 5461 senis
3690 5421 3789 5473 ap-

2205 5498 2497 5568 pellatione
2532 5496 2795 5566 designari
2828 5497 3066 5562 solebat;
3092 5497 3235 5551 adeo
3265 5506 3323 5551 ut
3364 5499 3668 5566 promiscue
3697 5507 3790 5549 ant

2206 5605 2375 5644 senex
2396 5632 2410 5656 ,
2444 5601 2535 5643 aut
2561 5604 2670 5643 stne
2702 5587 2992 5656 provincia:
3024 5589 3257 5656 primas,
3295 5597 3386 5640 aut
3427 5587 3615 5655 prima:
3643 5584 3791 5639 sedis

2210 5678 2495 5749 episcopus
2534 5688 2951 5749 nuncuparetur.
2992 5677 3109 5734 lam
3139 5680 3217 5733 sic
3248 5675 3788 5732 ratiocinor.:Nutitia
