4022 6168
278 287 377 346 155

278 498 352 544 tat
382 505 394 538 :
420 484 709 540 Narensem
742 486 901 540 tertio
926 485 1140 539 decimo
1169 485 1309 551 loco,
1343 484 1603 540 Vitensem
1628 497 1780 540 sexto
1809 496 1864 542 et

278 578 728 650 quadragesimo,
779 578 953 645 primo
995 585 1049 629 et
1089 576 1384 630 centesimo
1435 574 1859 630 Gauuaritanum.

278 671 480 726 Christi
509 683 654 723 anno
677 668 807 732 487,
830 683 936 736 quo
963 667 1236 722 scribebat
1261 667 1442 722 Victor
1474 667 1706 723 Vitensis
1726 709 1740 731 ,
1771 667 1866 722 de—

280 779 394 817 cem
418 763 535 831 jam
570 760 763 815 sublati
796 769 950 813 erant
979 774 1045 812 ex
1069 757 1335 828 episcopis
1362 758 1685 827 Byzacenis,
1719 757 1864 828 iique

281 857 379 922 (ut
406 850 805 920 verosimilius)
838 851 1079 905 seniores
1108 860 1270 919 atque
1298 848 1622 904 inﬁrmiores
1651 865 1664 902 :
1696 850 1787 919 qui
1817 848 1863 903 si

282 945 437 1014 primi
469 943 659 997 decem
701 941 951 1007 fuerunt,
998 954 1135 1009 quos
1163 948 1411 993 recenset
1451 939 1674 1004 Natitia;
1706 954 1769 992 ex
1800 953 1865 993 eo

280 1034 465 1088 Victor
484 1031 742 1087 Narensis
765 1031 817 1084 in
843 1031 1045 1097 reliqua
1069 1028 1443 1098 episcOporum
1473 1030 1615 1083 serie
1648 1029 1863 1083 tertium

281 1130 487 1194 locum,
533 1124 769 1179 Vitensis
816 1124 1145 1192 trigesimum
1178 1130 1423 1187 sextum,
1475 1118 1866 1174 Gauvaritanus

284 1225 513 1292 primum
563 1230 618 1276 et
662 1218 1067 1287 nonagesimum
1100 1214 1351 1269 obtinuit.
1379 1214 1495 1269 .Iam
1525 1229 1688 1277 vero,
1737 1214 1867 1267 satis

284 1320 515 1378 Constat,
544 1307 774 1363 Victoris
803 1305 1046 1376 primatis
1073 1304 1334 1375 Byzaceni
1360 1302 1612 1357 mandato
1634 1302 1868 1372 Fulgen—

284 1408 409 1458 tium
433 1402 808 1471 Ruspensibus
832 1398 1137 1453 ordinatum
1166 1396 1474 1465 episcopum
1503 1411 1645 1448 anno
1668 1395 1865 1448 Christi

285 1496 407 1560 507,
454 1492 715 1548 vicesimo
753 1506 898 1544 anno
937 1497 1058 1559 post
1077 1488 1201 1543 487.
1239 1486 1339 1541 Per
1368 1486 1466 1539 bos
1494 1486 1653 1554 igitur
1680 1486 1867 1555 viginti

284 1600 451 1639 annos
484 1585 645 1652 longe
672 1591 757 1637 est
794 1579 1120 1651 probabilius
1146 1577 1343 1632 abiisse
1373 1594 1435 1633 ex
1463 1577 1728 1646 episcopis
1760 1576 1867 1646 By-

285 1677 494 1732 zacenis
523 1677 764 1745 quinque
783 1680 839 1727 et
864 1670 1079 1740 triginta
1107 1669 1194 1736 qui
1221 1669 1423 1724 Victori
1452 1668 1676 1732 Vitensi,
1705 1683 1863 1732 qualn

1646 279 2009 338 PROLI'IGOM
2019 282 2144 337 ENA
2156 320 2171 336 .

280 399 551 469 Byzacena
582 401 696 450 tres
725 391 945 447 omnino
974 389 1218 446 Victores
1254 390 1540 460 episcopos
1567 406 1867 461 rapta-sen-
1892 398 1943 455 Α

3444 300 3545 355 151

2584 400 2812 457 CAPUT
2857 403 2939 460 XI.

1967 484 2217 541 Hunerici
2257 492 2617 569 persecutionis
2645 503 2872 561 tempus,
2905 500 3113 569 ejusque
3141 502 3421 556 edictorum
3446 505 3543 558 ad-

2036 573 2204 644 versus
2233 558 2542 641 catholicas;
2591 565 2722 617 inter
2748 558 2865 631 auat
2892 558 3120 624 ominosa
3156 572 3281 627 solis
3328 576 3545 644 defectio

2035 628 2203 679 media
2227 628 2525 683 intercessit.

2040 757 2362 815 Hunericum
2414 772 2690 819 cruentam
2723 766 2945 824 bestiam
3000 771 3157 827 docet
3212 790 3310 831 nos
3362 776 3543 832 Victor

1966 845 2105 901 libro
2135 864 2172 901 ll
2196 851 2436 907 saeviisse
2470 869 2571 921 qua
2594 855 2651 908 in
2674 857 3016 925 Mauichaeos,
3040 878 3143 927 qua
3167 864 3217 917 in
3243 879 3369 919 suos
3390 868 3541 920 Aria-

1970 950 2069 989 nos
2098 954 2188 1005 per
2227 939 2447 1007 quinque
2489 959 2647 998 annos
2677 947 2752 998 vel
2775 949 2993 1017 amplius
3023 964 3042 1002 :
3071 951 3193 1005 inde
3221 968 3380 1021 porro
3410 972 3543 1010 con—

1970 1042 2184 1083 versum
2228 1032 2345 1098 ejus
2392 1032 2628 1089 furorem
2660 1040 2711 1091 in
2742 1040 3090 1105 orthodoxps.
3137 1044 3278 1099 Ideni
3331 1047 3466 1103 libro
3512 1064 3544 1103 γ

1968 1120 2147 1173 multis
2192 1121 2453 1179 describit
2480 1126 2672 1185 famem
2703 1143 2767 1183 ac
2796 1129 2936 1184 luem
2966 1148 3083 1201 quin
3122 1135 3356 1190 Africam
3380 1138 3547 1206 depo-

1969 1208 2161 1275 pulatae
2188 1221 2330 1276 sunt,
2366 1213 2555 1269 saltem
2584 1217 2651 1270 ab
2675 1225 2863 1272 testate
2892 1222 3016 1275 anni
3048 1226 3220 1276 octavi
3266 1224 3541 1292 llunerici,

1969 1298 2168 1355 Chrisri
2200 1303 2324 1357 484.
2359 1305 2473 1371 Qua
2504 1308 2760 1364 saeviente
2787 1310 2960 1377 clade,
2991 1316 3220 1369 Cessavit
3247 1320 3546 1383 persecutio

1967 1392 2363 1449 estholicorum
2408 1397 2477 1451 ab
2516 1398 2769 1467 Arionis,
2824 1418 2957 1471 quos
3006 1404 3209 1459 fecerat
3249 1409 3547 1463 communis

1968 1487 2247 1541 calamitas
2269 1488 2334 1542 de
2357 1504 2451 1544 sua
2482 1490 2720 1559 ipsorum
2741 1493 2915 1548 salute
2941 1496 3232 1562 sollicitos;
3257 1510 3380 1552 tunc
3401 1501 3545 1553 enim

1971 1591 2067 1632 rex
2097 1579 2211 1647 ipse
2242 1580 2540 1637 llunericus
2570 1583 2589 1653 (
2614 1592 2670 1637 ut
2700 1586 2773 1639 ait
2802 1585 3041 1653 Victor),
3076 1591 3180 1641 suis
3201 1591 3471 1655 prauinriis
3499 1600 3547 1645 et

1972 1669 2203 1722 domibus
2233 1670 2461 1740 singulas
2490 1674 2716 1725 revocari
2735 1676 2917 1743 jussit.
2946 1678 3076 1730 Cum
3128 1678 3290 1746 igitur
3320 1680 3551 1741 lIuneri-

284 1770 412 1825 duos
442 1779 653 1822 tantum
684 1766 774 1834 qui
803 1763 1028 1819 Narensi
1070 1773 1162 1815 aut
1205 1761 1427 1815 omnino
1458 1760 1744 1829 nonaginta
1775 1759 1865 1827 qui
1900 1749 1943 1807 Β
1971 1773 2065 1814 cus
2110 1774 2299 1816 octavo
2329 1764 2478 1831 regni
2516 1765 2598 1817 sui
2643 1779 2785 1818 anno
2814 1767 2879 1820 ad
2911 1768 3069 1821 ﬁnem
3099 1780 3350 1837 vergente
3377 1771 3547 1825 inter-

287 1860 485 1915 Victori
514 1859 880 1913 Gauvaritano
904 1854 1167 1909 decedere
1208 1853 1527 1923 potuissent.
1559 1852 1671 1918 Qua
1701 1852 1866 1905 ratio—

285 1951 555 2006 cinatione
586 1948 842 2019 conjicio,
873 1947 1123 2001 eumdem
1160 1960 1281 2000 esse
1301 1944 1568 1999 Victorem
1597 1943 1866 1999 Vitensem

287 2045 598 2114 episcopum
637 2056 667 2094 a
715 2056 825 2110 quo
858 2038 1246 2109 persecutionis
1290 2035 1556 2091 Africanae
1600 2034 1868 2103 descripta

287 2143 365 2189 est
400 2133 677 2200 Historia,
724 2130 814 2202 qui
857 2138 915 2187 et
955 2128 1144 2199 viginti
1188 2135 1308 2197 post
1342 2128 1500 2183 annis
1532 2126 1633 2182 fuit
1671 2127 1869 2196 primas

286 2225 619 2297 Byzacenus.

913 2310 1138 2368 CAPUT
1176 2309 1244 2365 X.

286 2446 663 2517 Chronologica
695 2443 940 2500 Geiserici
964 2454 1010 2498 et
1038 2442 1284 2498 Hunerici
1310 2457 1579 2515 regnarunt
1607 2440 1867 2511 periodus.

350 2582 680 2651 Carthagine
716 2580 920 2650 potitur
946 2578 1281 2646 Geisericus,
1312 2577 1618 2632 Theodosio
1646 2576 1786 2631 XVII
1814 2584 1871 2629 et

288 2673 443 2728 Festo
490 2686 637 2728 coss.
666 2686 732 2725 ex
767 2670 1030 2739 Prospero
1055 2679 1109 2723 et
1135 2667 1444 2723 Marcellino
1475 2668 1527 2721 in
1556 2667 1833 2721 Chronicis
1852 2706 1868 2728 ,

291 2765 388 2820 hac
418 2774 540 2830 est,
570 2778 716 2818 anno
745 2762 942 2816 Christi
969 2762 1092 2816 459.
1125 2761 1267 2816 Idem
1300 2760 1466 2814 refert
1509 2759 1704 2813 Idatius
1730 2773 1871 2813 anno

289 2856 510 2911 Placidii
542 2850 930 2916 Valentiniani,
961 2867 1056 2906 seu
1080 2852 1370 2906 Theodosii
1400 2852 1637 2905 iunioris
1658 2866 1871 2905 monar-

286 2946 417 3000 cbia
452 2947 542 3000 15.
573 2944 683 2999 Nec
708 2943 922 2997 aberrat
952 2942 1305 3010 fragmentum
1334 2943 1700 3011 Augustalium
1729 2941 1873 3009 quod

286 3039 454 3093 edidit
504 3038 771 3092 Henricus
809 3035 1055 3091 Canisius
1103 3047 1224 3106 post
1268 3036 1570 3091 Chronicon
1622 3036 1866 3102 Tironis,

1973 1850 2114 1909 ierit.
2149 1852 2231 1906 vel
2258 1853 2384 1906 hinc
2414 1855 2540 1909 licet
2567 1854 2843 1924 colligere,
2878 1855 2993 1925 ejus
3024 1859 3076 1912 in
3109 1860 3401 1917 catholicos
3429 1877 3548 1928 per-

1971 1944 2301 1998 secutionem
2334 1944 2472 1998 haud
2501 1946 2724 1999 multum
2753 1961 2913 2016 supra
2958 1947 3093 2002 duos
3134 1964 3305 2004 annos
3351 1950 3549 2005 solidos

1976 2036 2242 2101 tenuisse;
2276 2050 2469 2105 nempe
2501 2046 2612 2091 toto
2639 2053 2780 2092 anno
2804 2039 2951 2108 regni
2978 2041 3229 2108 septimo,
3251 2056 3371 2096 cum
3401 2054 3550 2111 parte

1970 2125 2095 2178 anni
2138 2125 2300 2192 sexti,
2330 2135 2383 2180 et
2408 2136 2560 2195 parte
2586 2127 2784 2181 octavi.
2810 2129 2962 2183 Nunc
2993 2129 3264 2185 reddenda
3291 2139 3416 2186 sunt
3439 2135 3550 2188 suis

1972 2219 2301 2287 temporibus
2340 2221 2446 2274 duo
2488 2220 2605 2289 ejus
2644 2220 2851 2285 edicta,
2904 2237 3130 2292 quorum
3174 2226 3319 2291 prius
3348 2224 3446 2280 fuit
3481 2226 3549 2280 de

1971 2312 2222 2365 omnibus
2249 2310 2445 2366 Africae
2474 2313 2740 2381 episcopis
2772 2311 3149 2384 Carthaginem
3197 2316 3549 2371 convocandis

1972 2401 2037 2454 ad
2061 2401 2314 2456 calendas
2337 2402 2657 2457 Februarias
2678 2404 2803 2457 anni
2825 2404 2857 2458 8
2885 2404 3134 2459 Hunerici
3163 2406 3325 2475 regis,
3352 2404 3547 2459 ChriSli

1974 2490 2101 2546 484.
2137 2491 2407 2548 Posterius
2436 2494 2504 2549 de
2540 2494 2854 2551 claudendis
2892 2496 3171 2562 ecclesiis,
3219 2498 3400 2551 datum
3447 2497 3548 2552 Fe-

1972 2581 2192 2636 bruario
2217 2584 2342 2639 anni
2371 2586 2611 2652 ejusdem
2643 2587 2772 2640 484.
2805 2586 2958 2641 Prius
2986 2588 3199 2656 quidem
3228 2602 3368 2641 anno
3397 2588 3548 2657 regni

1973 2671 2225 2727 Hunerici
2270 2674 2303 2728 8
2323 2714 2339 2738 ,
2385 2675 2583 2730 Clll‘iSli
2624 2676 2756 2743 483,
2783 2676 2870 2732 die
2899 2678 3240 2732 Ascensionis
3266 2678 3548 2734 dominicae

1975 2764 2367 2833 promulgatum
2401 2774 2516 2829 est,
2559 2781 2629 2820 ex
2674 2766 2811 2821 libro
2858 2768 3115 2822 secundo.
3150 2769 3226 2822 Ex
3258 2769 3343 2824 die
3369 2779 3547 2824 autem

1974 2858 2415 2927 promulgationis
2444 2860 2776 2914 emendanda
2798 2871 2879 2916 est
2897 2861 3012 2916 dies
3030 2861 3207 2916 edicto
3222 2863 3544 2932 subscripta,

1975 2966 2066 3005 xnt
2098 2950 2352 3005 calendas
2392 2951 2609 3016 iunias,
2642 2951 2741 3007 hoc
2772 2961 2883 3018 est,
2915 2952 3034 3007 Maii
3069 2954 3268 3008 mensis
3292 2954 3381 3007 ΞΟ.
3415 2954 3545 3008 Nam

1974 3056 2041 3095 eo
2068 3057 2212 3095 anno
2239 3041 2428 3097 incidit
2456 3041 2657 3097 Pascha
2690 3043 2740 3096 in
2767 3043 2832 3097 10
2863 3043 3091 3112 Aprilis,
3118 3045 3373 3099 Ascensio
3398 3046 3452 3100 in
3481 3046 3546 3099 19

287 3138 433 3183 ιοιιιο
473 3128 511 3180 V
540 3128 693 3182 Lect.
716 3126 969 3197 antique,
994 3142 1114 3196 pag.
1142 3127 1265 3191 161,
1293 3137 1606 3195 occupatam
1629 3142 1657 3180 a
1687 3124 1870 3182 Geise-
1896 3108 1940 3168 (ἶ
1974 3133 2115 3187 Maii.
2147 3133 2426 3200 Quomodo
2462 3148 2592 3200 ergo
2641 3133 2852 3203 publice
2898 3108 2953 3187 in
2994 3134 3222 3189 ecclesia
3249 3135 3438 3189 lectum
3467 3146 3547 3190 est

284 3222 392 3275 rico
423 3218 811 3289 Carthaginem
858 3229 1077 3283 notans,
1113 3218 1168 3271 P.
1199 3218 1259 3273 C.
1298 3218 1582 3273 Theodosii
1627 3219 1768 3275 XVII
1816 3230 1871 3276 et

284 3310 429 3367 Festi
485 3326 499 3363 :
548 3324 671 3364 cum
720 3308 837 3383 haec
888 3308 1115 3363 formula
1168 3309 1476 3363 enuntiandi
1529 3312 1868 3377 consulatus,

286 3408 541 3462 eumdem
583 3420 799 3460 sensum
848 3403 1043 3458 habeat
1087 3420 1207 3458 cum
1252 3403 1342 3457 illa
1391 3404 1600 3474 vulgata
1639 3421 1740 3476 qua
1786 3407 1871 3460 usi

283 3507 411 3551 sunt
441 3496 681 3563 Prosper
709 3504 765 3549 et
794 3494 1156 3558 Marcellinus,
1185 3495 1259 3547 uti
1288 3494 1619 3550 ostendimus
1650 3498 1699 3549 in
1722 3496 1872 3551 Notis

287 3587 493 3641 nostris
542 3585 611 3639 ad
663 3586 824 3638 vitam
856 3586 915 3640 S.
962 3583 1257 3654 Fulgentii,
1305 3596 1524 3641 auctore
1576 3586 1869 3642 Ferrando.

284 3678 440 3743 Quod
486 3691 617 3746 ergo
640 3675 783 3745 apud
815 3675 1081 3730 Victorem
1114 3676 1327 3743 legitur,
1351 3676 1444 3731 lib.
1478 3693 1491 3729 ι
1522 3676 1589 3730 de
1616 3675 1872 3731 Persecu-

287 3768 432 3821 tione
459 3767 747 3829 Africana,
795 3775 1007 3834 captam
1049 3780 1079 3819 a
1123 3762 1396 3819 Geiserico
1423 3765 1674 3831 Romam,
1723 3767 1871 3835 regni

284 3858 404 3925 ejus
449 3871 594 3909 anno
624 3856 726 3918 15,
754 3854 821 3909 de
850 3854 1007 3908 annis
1049 3856 1328 3923 campletis
1356 3855 1721 3923 accipiendum
1765 3866 1867 3911 est.

287 3948 521 4002 Romam
552 3949 696 4002 enim
725 3947 1002 4016 occupavit
1029 3946 1337 4001 Ceisericus
1366 3947 1733 4001 Valentiniano
1762 3947 1873 4003 VIII

286 4047 341 4093 ct
384 4037 685 4093 Anthemio
713 4051 890 4104 coss.,
935 4037 1039 4092 hoc
1080 4047 1195 4101 est,
1236 4052 1377 4091 anno
1407 4038 1605 4092 Christi
1634 4037 1765 4104 455,
1806 4054 1872 4093 ex

286 4129 585 4198 Prospero,
615 4128 927 4182 Marcellino
953 4136 1006 4182 et
1031 4128 1149 4180 aliis
1176 4126 1596 4197 chronographis
1620 4143 1635 4180 :
1659 4138 1714 4182 et
1753 4128 1872 4197 qui-

286 4223 413 4277 dem
446 4221 588 4274 haud
619 4220 790 4274 multo
816 4228 937 4289 post
964 4220 1247 4273 Maximum
1293 4221 1462 4288 pridie
1490 4221 1604 4274 idus
1630 4221 1815 4276 Junias
1842 4238 1872 4276 a

289 4313 406 4365 suis
436 4310 696 4364 occisum.
729 4310 826 4363 llic
854 4318 971 4365 erat
996 4326 1168 4364 annus
1196 4312 1344 4379 regni
1372 4311 1627 4365 Geiserici
1656 4313 1874 4381 quintus

288 4404 540 4459 decimus
565 4412 813 4462 exactus.
863 4410 919 4455 et
961 4402 1147 4457 labens
1192 4403 1430 4458 decimus
1475 4412 1678 4457 sextus.
1724 4403 1871 4457 Diem

288 4498 452 4550 etiam
485 4504 652 4563 capta:
679 4492 1013 4563 Carthaginis
1042 4496 1347 4562 exprimunt
1377 4496 1570 4560 iidem,
1619 4495 1869 4564 Prosper,
1903 4476 1953 4534 Ῑ)

285 4585 525 4649 Idatius,
547 4594 601 4639 et
625 4596 815 4639 auctor
836 4584 1116 4655 fragmenti
1148 4588 1442 4655 Augustani
1460 4627 1473 4650 ,
1505 4602 1596 4640 xiv
1622 4588 1876 4642 calendas

284 4677 639 4742 Novembris;
674 4689 732 4731 ut
757 4678 931 4731 utendi
963 4677 1197 4744 suspicio
1216 4678 1282 4731 sit
1311 4677 1450 4743 apud
1482 4678 1871 4745 Marcellinum,

286 4775 379 4828 ubi
436 4774 629 4843 legitur
656 4789 692 4827 x
720 4772 995 4826 calendas.
1023 4772 1100 4825 Ex
1129 4786 1189 4826 ea
1222 4771 1310 4826 die
1338 4771 1520 4826 Victor
1553 4772 1783 4827 Vitensis
1807 4772 1875 4825 ad

286 4865 459 4920 finem
505 4865 628 4918 libri
680 4880 695 4918 ι
746 4872 994 4917 numerat
1035 4863 1182 4930 regni
1223 4863 1480 4937 Geiserici
1524 4878 1692 4918 annos
1725 4866 1791 4917 57
1822 4875 1877 4917 et

284 4970 512 5010 menses
542 4965 679 5021 tres;
704 4954 898 5023 quibus
926 4955 977 5008 in
1009 4954 1305 5024 fragmento
1332 4956 1644 5024 Augustano
1671 4955 1874 5009 addun-

286 5055 379 5099 tur
413 5046 530 5099 dies
567 5059 684 5101 sex.
709 5046 766 5100 Si
797 5060 826 5098 a
854 5044 920 5099 l9
946 5046 1190 5099 Octobris
1218 5047 1341 5099 anni
1374 5047 1479 5101 459
1510 5060 1759 5100 numeres
1783 5062 1876 5099 an-

286 5150 417 5201 nos,
440 5137 507 5188 37
530 5149 743 5190 menses
767 5143 876 5188 tres
899 5137 1236 5197 tricenarios,
1266 5146 1321 5189 et
1341 5137 1455 5191 dies
1482 5151 1597 5204 sex,
1623 5137 1875 5205 conjicics

238 5296 241 5297 ν
286 5222 555 5279 Geiserici
586 5224 789 5279 obitum
819 5225 872 5278 in
901 5239 1097 5278 annum
1128 5224 1256 5289 477,
1286 5224 1427 5279 diem
1460 5228 1659 5282 mensis
1679 5226 1875 5281 Janua-

284 5316 357 5370 rii
390 5317 482 5369 I3.
511 5316 647 5370 llinc
690 5331 853 5385 porro
881 5315 1017 5369 adde
1049 5332 1170 5371 cum
1212 5316 1427 5371 Victore
1452 5317 1654 5373 Vitensi
1676 5360 1692 5383 ,
1724 5318 1872 5387 regni

284 5405 551 5458 llunerici
578 5419 751 5460 annos
776 5406 828 5470 7,
863 5419 1075 5461 menses
1111 5407 1179 5461 10
1210 5407 1552 5472 tricenarius,
1581 5418 1633 5462 et
1662 5411 1877 5477 insuper

283 5508 355 5547 ex
401 5494 705 5564 fragmento
742 5498 1054 5565 Augustano
1082 5492 1195 5551 dies
1227 5498 1323 5562 18;
1355 5497 1561 5551 videbis
1605 5498 1753 5553 illum
1796 5499 1874 5554 itt-

283 5590 511 5642 teriisse
539 5602 680 5641 anno
700 5589 849 5657 regni
866 5591 948 5642 sui
974 5597 1161 5644 octavo
1185 5604 1321 5660 pene
1348 5593 1617 5659 completo
1670 5589 1872 5647 Christi

282 5680 431 5751 484,
462 5678 546 5737 die
573 5680 605 5737 6
629 5680 957 5737 Decembris.

1975 3223 2208 3278 edictum
2240 3223 2307 3279 19
2326 3263 2342 3289 ,
2374 3223 2419 3277 si
2446 3233 2649 3277 tantum
2677 3222 2936 3291 postridie
2956 3262 2972 3288 ,
2998 3238 3191 3292 nempe
3219 3224 3303 3278 die
3334 3225 3453 3278 Maii
3478 3225 3547 3279 20

1972 3314 2152 3368 datum
2179 3313 2591 3383 confectumque
2611 3312 2729 3367 est?
2752 3313 3003 3366 Putamus
3034 3313 3196 3382 igitur
3220 3312 3399 3367 damni
3432 3314 3545 3381 ipsa

1973 3405 2061 3459 die
2086 3405 2450 3473 Ascensionis,
2482 3420 2567 3458 xiv
2588 3405 2838 3459 calendas
2862 3404 3072 3471 Junias,
3103 3404 3186 3457 vel
3210 3413 3355 3458 certe
3384 3404 3546 3459 biduo

1973 3503 2137 3559 ante,
2176 3495 2278 3549 hoc
2321 3503 2405 3549 est
2448 3510 2543 3548 xv:
2573 3494 2859 3558 calendas;
2910 3504 2969 3547 ut
3017 3509 3274 3548 numerus
3313 3510 3405 3548 xm
3446 3510 3545 3564 pro

1974 3599 2061 3638 xxv
2093 3584 2177 3638 vel
2215 3599 2300 3636 xvr
2344 3584 2650 3650 irrepserit,
2685 3581 2826 3636 facili
2870 3592 3009 3636 nota:
3043 3598 3073 3635 v
3115 3582 3167 3635 in
3209 3598 3245 3635 ιι
3281 3591 3551 3637 transmu-

1976 3674 2197 3729 tatione.
2225 3674 2307 3727 Ab
2330 3688 2396 3727 eo
2423 3688 2551 3728 vero
2581 3683 2821 3742 tempore
2848 3673 2914 3727 ad
2942 3674 3191 3728 calendas
3224 3674 3542 3728 Februarias

1974 3768 2097 3820 anui
2138 3768 2245 3821 484
2272 3766 2539 3820 ﬂuxerunt
2576 3780 2769 3820 novem
2804 3764 2916 3820 fere
2946 3765 3105 3821 solidi
3133 3782 3364 3821 menses.
3397 3766 3545 3821 Unde

1974 3873 2076 3911 vox
2108 3872 2282 3910 novem
2321 3872 2387 3909 ex
2416 3855 2654 3911 editione
2672 3855 3002 3922 Coloniensi,
3030 3866 3085 3912 et
3112 3873 3177 3911 ex
3204 3858 3389 3912 codice
3417 3858 3544 3911 Por-

1977 3955 2148 4000 taruin
2194 3962 2226 4000 a
2265 3944 2419 4000 nobis
2450 3945 2587 3999 haud
2620 3945 2803 4001 timide
2848 3948 3097 4001 restituta
3143 3957 3227 4002 est
3270 3948 3325 4002 in
3368 3948 3544 4002 locum

1976 4036 2136 4091 edicti
2169 4036 2516 4105 posterioris,
2560 4034 2816 4089 hactenus
2846 4038 2899 4089 in
2940 4038 3166 4105 vulgatis
3202 4046 3542 4106 corruptum,

1977 4127 2067 4195 qui
2093 4125 2170 4179 sic
2195 4140 2253 4179 se
2276 4126 2437 4179 habet
2466 4146 2477 4177 :
2513 4124 2852 4179 Pastrnadum
2882 4129 3140 4179 universas
3166 4135 3363 4180 constat
3387 4129 3548 4197 fuisse

1977 4217 2340 4279 commonitos,
2388 4217 2556 4282 spatia
2598 4217 2835 4281 temporis
2861 4226 3147 4285 pi'wragata
3178 4220 3423 4271 mensium
3449 4235 3546 4271 no-

1975 4323 2083 4360 vent
2114 4322 2350 4376 novaeque
2372 4308 2710 4360 contentionis
2749 4307 2821 4375 (si
2852 4308 2974 4377 quid
2996 4307 3063 4359 ad
3087 4323 3260 4360 eorum
3279 4319 3543 4378 proposita

1978 4408 2143 4465 posset
2174 4397 2392 4468 aptari),
2427 4409 2480 4451 ut
2507 4398 2577 4450 ad
2615 4398 2854 4451 calendas
2885 4396 3195 4453 Februarias
3234 4401 3355 4453 anni
3385 4406 3547 4453 octavi

1978 4491 2118 4561 regni
2138 4493 2297 4544 nostri
2318 4534 2332 4558 ,
2372 4492 2482 4544 sine
2518 4502 2651 4544 metu
2683 4492 2852 4557 aliqua
2881 4493 3221 4545 convenirent.
3248 4491 3433 4546 Datum
3463 4505 3549 4548 est

1976 4592 2153 4655 autem
2208 4581 2439 4634 edictum
2497 4580 2598 4633 hoc
2647 4581 2911 4647 posterius
2967 4580 3108 4649 quod
3175 4580 3310 4635 libro
3358 4595 3550 4652 quarto

1978 4670 2302 4739 continetur,
2335 4685 2383 4722 vr
2417 4669 2671 4722 calendas
2698 4669 2934 4734 Martias,
2966 4668 3207 4739 adeoque
3234 4671 3349 4739 ipso
3381 4673 3548 4726 inter—

1979 4762 2141 4814 calari
2181 4761 2268 4815 die
2309 4760 2433 4814 anni
2473 4762 2577 4815 484
2628 4759 2959 4824 bissextilis;
3006 4762 3159 4829 cujus
3210 4761 3314 4815 diei
3364 4762 3547 4816 infelix

1980 4868 2099 4908 esse
2129 4868 2284 4907 omen
2326 4854 2587 4922 majorum
2625 4854 2806 4922 opinio
2847 4854 2974 4917 fuit,
3026 4856 3109 4907 vel
3144 4862 3279 4906 teste
3312 4853 3548 4908 Valenti-

1980 4944 2166 5008 niano,
2215 4943 2300 5011 qui
2345 4958 2485 4997 anno
2524 4942 2629 4997 564
2674 4945 2917 5011 proximo
2949 4952 3067 5011 post
3106 4943 3431 4997 bissextilein
3460 4945 3548 4999 die

1977 5037 2115 5106 apud
2162 5036 2392 5090 Nicaeam
2444 5037 2734 5105 imperator
2779 5037 2983 5091 levatus
3012 5048 3123 5102 est,
3155 5052 3273 5091 cunt
3304 5038 3547 5092 bissexti-

1980 5130 2082 5183 lcm
2138 5129 2309 5196 ipsum
2356 5130 2505 5196 quasi
2545 5130 2845 5184 ominosum
2877 5129 3235 5199 declinasset,
3269 5140 3325 5184 ut
3363 5132 3547 5185 scribit

1980 5220 2291 5276 Ammianus
2320 5220 2454 5273 libro
2485 5235 2637 5274 xxvr.

2049 5314 2153 5368 Sed
2185 5325 2234 5367 et
2265 5328 2359 5381 per
2396 5328 2458 5366 ea
2491 5324 2729 5381 tempora
2775 5313 3075 5368 ominosum
3107 5314 3235 5367 solis
3259 5313 3542 5379 deliquium

1980 5412 2245 5460 memorat
2292 5401 2582 5472 Gregorius
2623 5403 2956 5457 Turonensis
2986 5404 3080 5457 lib.
3114 5418 3148 5455 ll
3190 5403 3323 5454 Ilist.
3353 5401 3545 5454 ιτα-ειυς.

1978 5511 2098 5564 cap.
2131 5496 2165 5550 5
2198 5512 2210 5547 :
2240 5492 2402 5560 Tunc,
2431 5494 2619 5563 inquit,
2646 5503 2694 5547 et
2721 5494 2800 5547 sat
2829 5503 2953 5547 teter
2981 5494 3241 5557 apparuit,
3272 5490 3343 5543 ita
3373 5499 3432 5544 ut
3462 5490 3547 5545 vix

1978 5589 2047 5642 ab
2084 5603 2150 5641 eo
2202 5602 2325 5656 pars
2368 5587 2450 5641 vel
2482 5587 2636 5641 tertia
2682 5588 2939 5640 eluceret.
2972 5583 3143 5637 Credo
3193 5597 3422 5653 namque
3451 5598 3547 5650 pro

1982 5679 2143 5734 tantis
2182 5676 2473 5735 sceleribus
2516 5690 2570 5733 et
2619 5677 2877 5733 effusione
2922 5674 3193 5751 sanguinis
3223 5673 3543 5730 innocentis.
