  <div class='ocr_page' id='page_1' title='image "/cluster/home/n/w/nwhite01/storage/ocr_20150623/58/hvd.32044073505109/073.png"; bbox 0 0 4022 6168; ppageno 0'>
   <div class='ocr_carea' id='block_1_1' title="bbox 497 284 608 347">
    <p class='ocr_par' dir='ltr' id='par_1_1' title="bbox 497 284 608 347">
     <span class='ocr_line' id='line_1_1' title="bbox 497 284 608 347; baseline -0.018 0"><span class='ocrx_word' id='word_1_1' title='bbox 497 284 608 347; x_wconf 74' lang='grc'><strong>135</strong></span> 
     </span>
    </p>
   </div>
   <div class='ocr_carea' id='block_1_2' title="bbox 1830 278 2451 337">
    <p class='ocr_par' dir='ltr' id='par_1_2' title="bbox 1830 278 2451 337">
     <span class='ocr_line' id='line_1_2' title="bbox 1830 278 2451 337; baseline 0.002 -3"><span class='ocrx_word' id='word_1_2' title='bbox 1830 278 2077 335; x_wconf 82' lang='lat' dir='ltr'><strong>VICTOR</strong></span> <span class='ocrx_word' id='word_1_3' title='bbox 2120 278 2451 337; x_wconf 80' lang='lat' dir='ltr'><strong>VlTENSlS.</strong></span> 
     </span>
    </p>
   </div>
   <div class='ocr_carea' id='block_1_3' title="bbox 3685 286 3793 347">
    <p class='ocr_par' dir='ltr' id='par_1_3' title="bbox 3685 286 3793 347">
     <span class='ocr_line' id='line_1_3' title="bbox 3685 286 3793 347; baseline 0.028 -3"><span class='ocrx_word' id='word_1_4' title='bbox 3685 286 3793 347; x_wconf 77' lang='grc'><strong>156</strong></span> 
     </span>
    </p>
   </div>
   <div class='ocr_carea' id='block_1_4' title="bbox 496 390 3791 472">
    <p class='ocr_par' dir='ltr' id='par_1_4' title="bbox 496 390 3791 472">
     <span class='ocr_line' id='line_1_4' title="bbox 496 390 3791 472; baseline -0 -13"><span class='ocrx_word' id='word_1_5' title='bbox 496 401 652 472; x_wconf 80' lang='lat' dir='ltr'><strong>Quod</strong></span> <span class='ocrx_word' id='word_1_6' title='bbox 677 400 1007 458; x_wconf 87' lang='lat' dir='ltr'><strong>navilunium</strong></span> <span class='ocrx_word' id='word_1_7' title='bbox 1052 394 1358 465; x_wconf 85' lang='lat' dir='ltr'><strong>eclipticum</strong></span> <span class='ocrx_word' id='word_1_8' title='bbox 1392 392 1532 447; x_wconf 91' lang='lat' dir='ltr'><strong>inter</strong></span> <span class='ocrx_word' id='word_1_9' title='bbox 1559 390 1840 447; x_wconf 86' lang='lat' dir='ltr'><strong>barbarica</strong></span> <span class='ocrx_word' id='word_1_10' title='bbox 1869 391 1976 445; x_wconf 88' lang='lat' dir='ltr'><strong>duo</strong></span> <span class='ocrx_word' id='word_1_11' title='bbox 2000 392 2087 445; x_wconf 89' lang='lat' dir='ltr'><strong>illa</strong></span> <span class='ocrx_word' id='word_1_12' title='bbox 2118 393 2172 452; x_wconf 76' lang='grc' dir='ltr'><strong>Α</strong></span> <span class='ocrx_word' id='word_1_13' title='bbox 2199 390 2289 446; x_wconf 91' lang='lat' dir='ltr'><strong>diu</strong></span> <span class='ocrx_word' id='word_1_14' title='bbox 2318 391 2644 462; x_wconf 76' lang='lat' dir='ltr'><strong>Carthagine</strong></span> <span class='ocrx_word' id='word_1_15' title='bbox 2674 392 3003 450; x_wconf 85' lang='lat' dir='ltr'><strong>restitisset?</strong></span> <span class='ocrx_word' id='word_1_16' title='bbox 3033 393 3211 451; x_wconf 74' lang='lat' dir='ltr'><strong>Placet</strong></span> <span class='ocrx_word' id='word_1_17' title='bbox 3240 410 3370 467; x_wconf 87' lang='lat' dir='ltr'><strong>ergo</strong></span> <span class='ocrx_word' id='word_1_18' title='bbox 3400 396 3560 453; x_wconf 82' lang='lat' dir='ltr'><strong>lectio</strong></span> <span class='ocrx_word' id='word_1_19' title='bbox 3584 398 3791 459; x_wconf 68' lang='lat' dir='ltr'><strong>codicis</strong></span> 
     </span>
    </p>
   </div>
   <div class='ocr_carea' id='block_1_5' title="bbox 496 482 2086 555">
    <p class='ocr_par' dir='ltr' id='par_1_5' title="bbox 496 482 2086 555">
     <span class='ocr_line' id='line_1_5' title="bbox 496 482 2086 555; baseline -0.009 -4"><span class='ocrx_word' id='word_1_20' title='bbox 496 497 671 551; x_wconf 86' lang='lat' dir='ltr'><strong>edicta</strong></span> <span class='ocrx_word' id='word_1_21' title='bbox 700 492 935 549; x_wconf 89' lang='lat' dir='ltr'><strong>medium</strong></span> <span class='ocrx_word' id='word_1_22' title='bbox 960 490 1077 555; x_wconf 85' lang='lat' dir='ltr'><strong>luit,</strong></span> <span class='ocrx_word' id='word_1_23' title='bbox 1096 504 1220 543; x_wconf 86' lang='lat' dir='ltr'><strong>cuin</strong></span> <span class='ocrx_word' id='word_1_24' title='bbox 1242 485 1481 543; x_wconf 84' lang='lat' dir='ltr'><strong>evenerit</strong></span> <span class='ocrx_word' id='word_1_25' title='bbox 1504 484 1595 539; x_wconf 92' lang='lat' dir='ltr'><strong>die</strong></span> <span class='ocrx_word' id='word_1_26' title='bbox 1619 483 1821 538; x_wconf 90' lang='lat' dir='ltr'><strong>mensis</strong></span> <span class='ocrx_word' id='word_1_27' title='bbox 1847 482 2086 537; x_wconf 81' lang='lat' dir='ltr'><strong>Januarii</strong></span> 
     </span>
    </p>
   </div>
   <div class='ocr_carea' id='block_1_6' title="bbox 497 573 2084 655">
    <p class='ocr_par' dir='ltr' id='par_1_6' title="bbox 497 573 2084 655">
     <span class='ocr_line' id='line_1_6' title="bbox 497 573 2084 655; baseline -0.009 -13"><span class='ocrx_word' id='word_1_28' title='bbox 497 586 597 653; x_wconf 74' lang='grc'><strong>14,</strong></span> <span class='ocrx_word' id='word_1_29' title='bbox 627 596 682 641; x_wconf 94' lang='lat' dir='ltr'><strong>et</strong></span> <span class='ocrx_word' id='word_1_30' title='bbox 708 584 880 655; x_wconf 88' lang='lat' dir='ltr'><strong>potuit</strong></span> <span class='ocrx_word' id='word_1_31' title='bbox 900 582 1128 651; x_wconf 87' lang='lat' dir='ltr'><strong>spectari</strong></span> <span class='ocrx_word' id='word_1_32' title='bbox 1161 577 1507 647; x_wconf 76' lang='lat' dir='ltr'><strong>Carthagine,</strong></span> <span class='ocrx_word' id='word_1_33' title='bbox 1534 575 1682 629; x_wconf 81' lang='lat' dir='ltr'><strong>horis</strong></span> <span class='ocrx_word' id='word_1_34' title='bbox 1704 573 2084 629; x_wconf 84' lang='lat' dir='ltr'><strong>antemeridia-</strong></span> 
     </span>
    </p>
   </div>
   <div class='ocr_carea' id='block_1_7' title="bbox 494 669 1686 746">
    <p class='ocr_par' dir='ltr' id='par_1_7' title="bbox 494 669 1686 746">
     <span class='ocr_line' id='line_1_7' title="bbox 494 669 1686 746; baseline -0.012 -11"><span class='ocrx_word' id='word_1_35' title='bbox 494 682 601 746; x_wconf 71' lang='lat' dir='ltr'><strong>nis,</strong></span> <span class='ocrx_word' id='word_1_36' title='bbox 631 689 688 733; x_wconf 91' lang='lat' dir='ltr'><strong>ut</strong></span> <span class='ocrx_word' id='word_1_37' title='bbox 717 677 912 733; x_wconf 80' lang='lat' dir='ltr'><strong>tabulae</strong></span> <span class='ocrx_word' id='word_1_38' title='bbox 939 672 1317 730; x_wconf 64' lang='lat' dir='ltr'><strong>astronomiam</strong></span> <span class='ocrx_word' id='word_1_39' title='bbox 1344 684 1444 725; x_wconf 92' lang='lat' dir='ltr'><strong>nos</strong></span> <span class='ocrx_word' id='word_1_40' title='bbox 1467 669 1686 724; x_wconf 87' lang='lat' dir='ltr'><strong>docent.</strong></span> 
     </span>
    </p>
   </div>
   <div class='ocr_carea' id='block_1_8' title="bbox 1092 783 1476 843">
    <p class='ocr_par' dir='ltr' id='par_1_8' title="bbox 1092 783 1476 843">
     <span class='ocr_line' id='line_1_8' title="bbox 1092 783 1476 843; baseline -0.013 -1"><span class='ocrx_word' id='word_1_41' title='bbox 1092 785 1320 843; x_wconf 78' lang='lat' dir='ltr'><strong>CAPUT</strong></span> <span class='ocrx_word' id='word_1_42' title='bbox 1358 783 1476 838; x_wconf 77' lang='lat' dir='ltr'><strong>XII.</strong></span> 
     </span>
    </p>
   </div>
   <div class='ocr_carea' id='block_1_9' title="bbox 494 872 2081 954">
    <p class='ocr_par' dir='ltr' id='par_1_9' title="bbox 494 872 2081 954">
     <span class='ocr_line' id='line_1_9' title="bbox 494 872 2081 954; baseline -0.007 -17"><span class='ocrx_word' id='word_1_43' title='bbox 494 883 611 937; x_wconf 84' lang='lat' dir='ltr'><strong>Duo</strong></span> <span class='ocrx_word' id='word_1_44' title='bbox 637 882 791 954; x_wconf 81' lang='lat' dir='ltr'><strong>legali</strong></span> <span class='ocrx_word' id='word_1_45' title='bbox 827 880 1058 954; x_wconf 54' lang='lat' dir='ltr'><strong>Zenonis.</strong></span> <span class='ocrx_word' id='word_1_46' title='bbox 1066 876 1398 954; x_wconf 64' lang='lat' dir='ltr'><strong>imperatoris</strong></span> <span class='ocrx_word' id='word_1_47' title='bbox 1430 872 1850 954; x_wconf 53' lang='lat' dir='ltr'><strong>adnllunericum</strong></span> <span class='ocrx_word' id='word_1_48' title='bbox 1872 916 1885 938; x_wconf 94' lang='lat'><strong>,</strong></span> <span class='ocrx_word' id='word_1_49' title='bbox 1920 872 2081 954; x_wconf 64' lang='lat' dir='ltr'><strong>Regi-</strong></span> 
     </span>
    </p>
   </div>
   <div class='ocr_carea' id='block_1_10' title="bbox 563 942 2082 1013">
    <p class='ocr_par' dir='ltr' id='par_1_10' title="bbox 563 942 2082 1013">
     <span class='ocr_line' id='line_1_10' title="bbox 563 942 2082 1013; baseline -0.007 -6"><span class='ocrx_word' id='word_1_50' title='bbox 563 972 657 1008; x_wconf 87' lang='lat' dir='ltr'><strong>nus</strong></span> <span class='ocrx_word' id='word_1_51' title='bbox 684 942 833 1006; x_wconf 50' lang='lat' dir='ltr'><strong>&quot;anno</strong></span> <span class='ocrx_word' id='word_1_52' title='bbox 875 952 1014 1013; x_wconf 76' lang='grc'><strong>185,</strong></span> <span class='ocrx_word' id='word_1_53' title='bbox 1054 942 1301 1003; x_wconf 79' lang='lat' dir='ltr'><strong>Hunerict&#39;</strong></span> <span class='ocrx_word' id='word_1_54' title='bbox 1352 948 1425 1011; x_wconf 88' lang='lat'><strong>7;</strong></span> <span class='ocrx_word' id='word_1_55' title='bbox 1476 942 1702 999; x_wconf 86' lang='lat' dir='ltr'><strong>Uranius</strong></span> <span class='ocrx_word' id='word_1_56' title='bbox 1754 959 1895 998; x_wconf 90' lang='lat' dir='ltr'><strong>anno</strong></span> <span class='ocrx_word' id='word_1_57' title='bbox 1951 942 2082 1011; x_wconf 69' lang='grc'><strong>481,</strong></span> 
     </span>
    </p>
   </div>
   <div class='ocr_carea' id='block_1_11' title="bbox 562 1022 1621 1096">
    <p class='ocr_par' dir='ltr' id='par_1_11' title="bbox 562 1022 1621 1096">
     <span class='ocr_line' id='line_1_11' title="bbox 562 1022 1621 1096; baseline -0.008 -18"><span class='ocrx_word' id='word_1_58' title='bbox 562 1027 791 1096; x_wconf 76' lang='lat' dir='ltr'><strong>ejusdem</strong></span> <span class='ocrx_word' id='word_1_59' title='bbox 818 1022 951 1093; x_wconf 86' lang='lat' dir='ltr'><strong>regis</strong></span> <span class='ocrx_word' id='word_1_60' title='bbox 978 1030 1173 1093; x_wconf 81' lang='lat' dir='ltr'><strong>octavo.</strong></span> <span class='ocrx_word' id='word_1_61' title='bbox 1617 1025 1621 1028; x_wconf 83' lang='grc'><em>’</em></span> 
     </span>
    </p>
   </div>
   <div class='ocr_carea' id='block_1_12' title="bbox 566 1128 2085 1199">
    <p class='ocr_par' dir='ltr' id='par_1_12' title="bbox 566 1128 2085 1199">
     <span class='ocr_line' id='line_1_12' title="bbox 566 1128 2085 1199; baseline -0.006 -8"><span class='ocrx_word' id='word_1_62' title='bbox 566 1138 641 1192; x_wconf 90' lang='lat' dir='ltr'><strong>De</strong></span> <span class='ocrx_word' id='word_1_63' title='bbox 669 1136 869 1192; x_wconf 87' lang='lat' dir='ltr'><strong>Urania</strong></span> <span class='ocrx_word' id='word_1_64' title='bbox 896 1134 1041 1189; x_wconf 88' lang='lat' dir='ltr'><strong>nulla</strong></span> <span class='ocrx_word' id='word_1_65' title='bbox 1068 1141 1151 1188; x_wconf 91' lang='lat' dir='ltr'><strong>est</strong></span> <span class='ocrx_word' id='word_1_66' title='bbox 1175 1129 1440 1186; x_wconf 84' lang='lat' dir='ltr'><strong>dubitatio</strong></span> <span class='ocrx_word' id='word_1_67' title='bbox 1464 1146 1478 1183; x_wconf 90' lang='lat'><strong>:</strong></span> <span class='ocrx_word' id='word_1_68' title='bbox 1510 1128 1600 1184; x_wconf 87' lang='lat' dir='ltr'><strong>hic</strong></span> <span class='ocrx_word' id='word_1_69' title='bbox 1622 1128 1770 1185; x_wconf 91' lang='lat' dir='ltr'><strong>enim</strong></span> <span class='ocrx_word' id='word_1_70' title='bbox 1798 1128 1886 1199; x_wconf 92' lang='lat' dir='ltr'><strong>(ut</strong></span> <span class='ocrx_word' id='word_1_71' title='bbox 1917 1128 2085 1183; x_wconf 82' lang='lat' dir='ltr'><strong>refert</strong></span> 
     </span>
    </p>
   </div>
   <div class='ocr_carea' id='block_1_13' title="bbox 492 1214 2081 1289">
    <p class='ocr_par' dir='ltr' id='par_1_13' title="bbox 492 1214 2081 1289">
     <span class='ocr_line' id='line_1_13' title="bbox 492 1214 2081 1289; baseline -0.005 -4"><span class='ocrx_word' id='word_1_72' title='bbox 492 1229 676 1285; x_wconf 81' lang='lat' dir='ltr'><strong>Victor</strong></span> <span class='ocrx_word' id='word_1_73' title='bbox 715 1228 853 1283; x_wconf 89' lang='lat' dir='ltr'><strong>libro</strong></span> <span class='ocrx_word' id='word_1_74' title='bbox 906 1226 971 1289; x_wconf 77' lang='grc' dir='ltr'><strong>ν)</strong></span> <span class='ocrx_word' id='word_1_75' title='bbox 1012 1240 1135 1281; x_wconf 90' lang='lat' dir='ltr'><strong>cum</strong></span> <span class='ocrx_word' id='word_1_76' title='bbox 1194 1224 1261 1278; x_wconf 89' lang='lat' dir='ltr'><strong>ad</strong></span> <span class='ocrx_word' id='word_1_77' title='bbox 1300 1222 1669 1278; x_wconf 81' lang='lat' dir='ltr'><strong>defensionem</strong></span> <span class='ocrx_word' id='word_1_78' title='bbox 1694 1214 2081 1278; x_wconf 18' lang='lat' dir='ltr'><strong>“Ecclesiarum</strong></span> 
     </span>
    </p>
   </div>
   <div class='ocr_carea' id='block_1_14' title="bbox 489 1314 2082 1385">
    <p class='ocr_par' dir='ltr' id='par_1_14' title="bbox 489 1314 2082 1385">
     <span class='ocr_line' id='line_1_14' title="bbox 489 1314 2082 1385; baseline -0.004 -12"><span class='ocrx_word' id='word_1_79' title='bbox 489 1318 875 1374; x_wconf 84' lang='lat' dir='ltr'><strong>catholicarum</strong></span> <span class='ocrx_word' id='word_1_80' title='bbox 904 1331 964 1372; x_wconf 89' lang='lat' dir='ltr'><strong>se</strong></span> <span class='ocrx_word' id='word_1_81' title='bbox 992 1317 1208 1372; x_wconf 82' lang='lat' dir='ltr'><strong>venisse</strong></span> <span class='ocrx_word' id='word_1_82' title='bbox 1234 1315 1521 1385; x_wconf 76' lang='lat' dir='ltr'><strong>iactasset,</strong></span> <span class='ocrx_word' id='word_1_83' title='bbox 1573 1314 1878 1370; x_wconf 83' lang='lat' dir='ltr'><strong>Hunericus</strong></span> <span class='ocrx_word' id='word_1_84' title='bbox 1897 1354 1912 1379; x_wconf 93' lang='lat'><strong>,</strong></span> <span class='ocrx_word' id='word_1_85' title='bbox 1944 1323 2005 1368; x_wconf 91' lang='lat' dir='ltr'><strong>ut</strong></span> <span class='ocrx_word' id='word_1_86' title='bbox 2032 1314 2082 1367; x_wconf 91' lang='lat' dir='ltr'><strong>el</strong></span> 
     </span>
    </p>
   </div>
   <div class='ocr_carea' id='block_1_15' title="bbox 490 1405 2083 1477">
    <p class='ocr_par' dir='ltr' id='par_1_15' title="bbox 490 1405 2083 1477">
     <span class='ocr_line' id='line_1_15' title="bbox 490 1405 2083 1477; baseline -0.004 -10"><span class='ocrx_word' id='word_1_87' title='bbox 490 1412 743 1468; x_wconf 90' lang='lat' dir='ltr'><strong>illuderet</strong></span> <span class='ocrx_word' id='word_1_88' title='bbox 770 1410 1249 1477; x_wconf 89' lang='lat' dir='ltr'><strong>contumaciusque</strong></span> <span class='ocrx_word' id='word_1_89' title='bbox 1288 1406 1603 1476; x_wconf 89' lang='lat' dir='ltr'><strong>insultaret,</strong></span> <span class='ocrx_word' id='word_1_90' title='bbox 1656 1408 1711 1460; x_wconf 87' lang='lat' dir='ltr'><strong>in</strong></span> <span class='ocrx_word' id='word_1_91' title='bbox 1757 1406 1861 1461; x_wconf 88' lang='lat' dir='ltr'><strong>illis</strong></span> <span class='ocrx_word' id='word_1_92' title='bbox 1904 1405 2083 1476; x_wconf 87' lang='lat' dir='ltr'><strong>plateis</strong></span> 
     </span>
    </p>
   </div>
   <div class='ocr_carea' id='block_1_16' title="bbox 488 1496 2082 1573">
    <p class='ocr_par' dir='ltr' id='par_1_16' title="bbox 488 1496 2082 1573">
     <span class='ocr_line' id='line_1_16' title="bbox 488 1496 2082 1573; baseline -0.005 -16"><span class='ocrx_word' id='word_1_93' title='bbox 488 1503 566 1557; x_wconf 72' lang='lat' dir='ltr'><strong>vel</strong></span> <span class='ocrx_word' id='word_1_94' title='bbox 588 1503 708 1557; x_wconf 80' lang='lat' dir='ltr'><strong>vicis</strong></span> <span class='ocrx_word' id='word_1_95' title='bbox 729 1502 904 1573; x_wconf 87' lang='lat' dir='ltr'><strong>plures</strong></span> <span class='ocrx_word' id='word_1_96' title='bbox 928 1510 1141 1554; x_wconf 88' lang='lat' dir='ltr'><strong>tortores</strong></span> <span class='ocrx_word' id='word_1_97' title='bbox 1162 1510 1210 1552; x_wconf 89' lang='lat' dir='ltr'><strong>et</strong></span> <span class='ocrx_word' id='word_1_98' title='bbox 1235 1498 1549 1552; x_wconf 77' lang='lat' dir='ltr'><strong>crudeliores</strong></span> <span class='ocrx_word' id='word_1_99' title='bbox 1570 1498 1752 1551; x_wconf 85' lang='lat' dir='ltr'><strong>statuit</strong></span> <span class='ocrx_word' id='word_1_100' title='bbox 1768 1534 1785 1561; x_wconf 93' lang='lat'><strong>,</strong></span> <span class='ocrx_word' id='word_1_101' title='bbox 1816 1496 1871 1550; x_wconf 89' lang='lat' dir='ltr'><strong>in</strong></span> <span class='ocrx_word' id='word_1_102' title='bbox 1900 1496 2082 1565; x_wconf 85' lang='lat' dir='ltr'><strong>quibus</strong></span> 
     </span>
    </p>
   </div>
   <div class='ocr_carea' id='block_1_17' title="bbox 492 1587 2083 1665">
    <p class='ocr_par' dir='ltr' id='par_1_17' title="bbox 492 1587 2083 1665">
     <span class='ocr_line' id='line_1_17' title="bbox 492 1587 2083 1665; baseline -0.006 -16"><span class='ocrx_word' id='word_1_103' title='bbox 492 1592 679 1665; x_wconf 83' lang='lat' dir='ltr'><strong>legatis</strong></span> <span class='ocrx_word' id='word_1_104' title='bbox 698 1594 854 1647; x_wconf 87' lang='lat' dir='ltr'><strong>moris</strong></span> <span class='ocrx_word' id='word_1_105' title='bbox 870 1602 944 1646; x_wconf 88' lang='lat' dir='ltr'><strong>est</strong></span> <span class='ocrx_word' id='word_1_106' title='bbox 967 1592 1287 1646; x_wconf 88' lang='lat' dir='ltr'><strong>ascendendo</strong></span> <span class='ocrx_word' id='word_1_107' title='bbox 1308 1591 1377 1644; x_wconf 89' lang='lat' dir='ltr'><strong>ad</strong></span> <span class='ocrx_word' id='word_1_108' title='bbox 1396 1590 1646 1661; x_wconf 84' lang='lat' dir='ltr'><strong>palatium</strong></span> <span class='ocrx_word' id='word_1_109' title='bbox 1668 1599 1715 1643; x_wconf 90' lang='lat' dir='ltr'><strong>et</strong></span> <span class='ocrx_word' id='word_1_110' title='bbox 1736 1587 2083 1643; x_wconf 75' lang='lat' dir='ltr'><strong>descendendo</strong></span> 
     </span>
    </p>
   </div>
   <div class='ocr_carea' id='block_1_18' title="bbox 490 1681 2080 1752">
    <p class='ocr_par' dir='ltr' id='par_1_18' title="bbox 490 1681 2080 1752">
     <span class='ocr_line' id='line_1_18' title="bbox 490 1681 2080 1752; baseline -0.004 -11"><span class='ocrx_word' id='word_1_111' title='bbox 490 1687 723 1741; x_wconf 87' lang='lat' dir='ltr'><strong>transire.</strong></span> <span class='ocrx_word' id='word_1_112' title='bbox 767 1686 836 1739; x_wconf 82' lang='lat' dir='ltr'><strong>At</strong></span> <span class='ocrx_word' id='word_1_113' title='bbox 870 1682 938 1738; x_wconf 92' lang='lat' dir='ltr'><strong>de</strong></span> <span class='ocrx_word' id='word_1_114' title='bbox 983 1682 1187 1752; x_wconf 80' lang='lat' dir='ltr'><strong>Regina</strong></span> <span class='ocrx_word' id='word_1_115' title='bbox 1229 1682 1370 1737; x_wconf 85' lang='lat' dir='ltr'><strong>haud</strong></span> <span class='ocrx_word' id='word_1_116' title='bbox 1419 1683 1488 1736; x_wconf 92' lang='lat' dir='ltr'><strong>ita</strong></span> <span class='ocrx_word' id='word_1_117' title='bbox 1538 1682 1885 1738; x_wconf 91' lang='lat' dir='ltr'><strong>consentiunt</strong></span> <span class='ocrx_word' id='word_1_118' title='bbox 1927 1681 2080 1735; x_wconf 84' lang='lat' dir='ltr'><strong>codi-</strong></span> 
     </span>
    </p>
   </div>
   <div class='ocr_carea' id='block_1_19' title="bbox 2190 481 3791 563">
    <p class='ocr_par' dir='ltr' id='par_1_19' title="bbox 2190 481 3791 563">
     <span class='ocr_line' id='line_1_19' title="bbox 2190 481 3791 563; baseline 0.008 -27"><span class='ocrx_word' id='word_1_119' title='bbox 2190 481 2504 549; x_wconf 86' lang='lat' dir='ltr'><strong>Portarutn,</strong></span> <span class='ocrx_word' id='word_1_120' title='bbox 2549 491 2605 539; x_wconf 92' lang='lat' dir='ltr'><strong>et</strong></span> <span class='ocrx_word' id='word_1_121' title='bbox 2654 485 2908 540; x_wconf 80' lang='lat' dir='ltr'><strong>editionis</strong></span> <span class='ocrx_word' id='word_1_122' title='bbox 2960 486 3303 543; x_wconf 88' lang='lat' dir='ltr'><strong>Coloniensis</strong></span> <span class='ocrx_word' id='word_1_123' title='bbox 3360 498 3613 559; x_wconf 62' lang='lat' dir='ltr'><strong>vetuste,</strong></span> <span class='ocrx_word' id='word_1_124' title='bbox 3664 510 3791 563; x_wconf 78' lang='lat' dir='ltr'><strong>quae</strong></span> 
     </span>
    </p>
   </div>
   <div class='ocr_carea' id='block_1_20' title="bbox 2189 575 3792 656">
    <p class='ocr_par' dir='ltr' id='par_1_20' title="bbox 2189 575 3792 656">
     <span class='ocr_line' id='line_1_20' title="bbox 2189 575 3792 656; baseline 0.007 -26"><span class='ocrx_word' id='word_1_125' title='bbox 2189 575 2333 633; x_wconf 90' lang='lat' dir='ltr'><strong>hunc</strong></span> <span class='ocrx_word' id='word_1_126' title='bbox 2384 576 2547 632; x_wconf 86' lang='lat' dir='ltr'><strong>habet</strong></span> <span class='ocrx_word' id='word_1_127' title='bbox 2594 578 2909 647; x_wconf 65' lang='lat' dir='ltr'><strong>episcointm</strong></span> <span class='ocrx_word' id='word_1_128' title='bbox 2957 578 3477 650; x_wconf 87' lang='lat' dir='ltr'><strong>Cartltaginensem,</strong></span> <span class='ocrx_word' id='word_1_129' title='bbox 3530 583 3792 656; x_wconf 83' lang='lat' dir='ltr'><strong>episcopo</strong></span> 
     </span>
    </p>
   </div>
   <div class='ocr_carea' id='block_1_21' title="bbox 2191 660 3791 744">
    <p class='ocr_par' dir='ltr' id='par_1_21' title="bbox 2191 660 3791 744">
     <span class='ocr_line' id='line_1_21' title="bbox 2191 660 3791 744; baseline 0.006 -21"><span class='ocrx_word' id='word_1_130' title='bbox 2191 669 2499 738; x_wconf 87' lang='lat' dir='ltr'><strong>Deogratias</strong></span> <span class='ocrx_word' id='word_1_131' title='bbox 2524 670 2768 739; x_wconf 73' lang='lat' dir='ltr'><strong>proxime</strong></span> <span class='ocrx_word' id='word_1_132' title='bbox 2795 672 3047 727; x_wconf 77' lang='lat' dir='ltr'><strong>defuncto</strong></span> <span class='ocrx_word' id='word_1_133' title='bbox 3076 673 3446 744; x_wconf 80' lang='lat' dir='ltr'><strong>subrogatum.</strong></span> <span class='ocrx_word' id='word_1_134' title='bbox 3470 660 3622 743; x_wconf 82' lang='lat' dir='ltr'><strong>Quod</strong></span> <span class='ocrx_word' id='word_1_135' title='bbox 3653 694 3791 733; x_wconf 86' lang='lat' dir='ltr'><strong>vero</strong></span> 
     </span>
    </p>
   </div>
   <div class='ocr_carea' id='block_1_22' title="bbox 2186 762 3790 836">
    <p class='ocr_par' dir='ltr' id='par_1_22' title="bbox 2186 762 3790 836">
     <span class='ocr_line' id='line_1_22' title="bbox 2186 762 3790 836; baseline 0.006 -21"><span class='ocrx_word' id='word_1_136' title='bbox 2186 778 2311 816; x_wconf 83' lang='lat' dir='ltr'><strong>mox</strong></span> <span class='ocrx_word' id='word_1_137' title='bbox 2356 762 2506 817; x_wconf 80' lang='lat' dir='ltr'><strong>addit</strong></span> <span class='ocrx_word' id='word_1_138' title='bbox 2532 763 2715 818; x_wconf 83' lang='lat' dir='ltr'><strong>Victor</strong></span> <span class='ocrx_word' id='word_1_139' title='bbox 2749 780 2762 817; x_wconf 91' lang='lat'><strong>:</strong></span> <span class='ocrx_word' id='word_1_140' title='bbox 2804 763 2954 819; x_wconf 87' lang='lat' dir='ltr'><strong>Unde</strong></span> <span class='ocrx_word' id='word_1_141' title='bbox 2995 765 3190 833; x_wconf 85' lang='lat' dir='ltr'><strong>[actum</strong></span> <span class='ocrx_word' id='word_1_142' title='bbox 3230 776 3305 821; x_wconf 86' lang='lat' dir='ltr'><strong>est</strong></span> <span class='ocrx_word' id='word_1_143' title='bbox 3346 776 3403 820; x_wconf 86' lang='lat' dir='ltr'><strong>ut</strong></span> <span class='ocrx_word' id='word_1_144' title='bbox 3435 777 3548 836; x_wconf 88' lang='lat' dir='ltr'><strong>post</strong></span> <span class='ocrx_word' id='word_1_145' title='bbox 3591 769 3790 825; x_wconf 82' lang='lat' dir='ltr'><strong>obitum</strong></span> 
     </span>
    </p>
   </div>
   <div class='ocr_carea' id='block_1_23' title="bbox 2185 854 3791 926">
    <p class='ocr_par' dir='ltr' id='par_1_23' title="bbox 2185 854 3791 926">
     <span class='ocr_line' id='line_1_23' title="bbox 2185 854 3791 926; baseline 0.005 -19"><span class='ocrx_word' id='word_1_146' title='bbox 2185 855 2411 926; x_wconf 82' lang='lat' dir='ltr'><strong>episcopi</strong></span> <span class='ocrx_word' id='word_1_147' title='bbox 2442 854 2797 926; x_wconf 81' lang='lat' dir='ltr'><strong>Carthaginis.</strong></span> <span class='ocrx_word' id='word_1_148' title='bbox 2822 866 2953 920; x_wconf 88' lang='lat' dir='ltr'><strong>etc.,</strong></span> <span class='ocrx_word' id='word_1_149' title='bbox 2986 856 3056 911; x_wconf 91' lang='lat' dir='ltr'><strong>de</strong></span> <span class='ocrx_word' id='word_1_150' title='bbox 3085 856 3253 926; x_wconf 87' lang='lat' dir='ltr'><strong>ipsius</strong></span> <span class='ocrx_word' id='word_1_151' title='bbox 3277 858 3501 913; x_wconf 61' lang='lat' dir='ltr'><strong>Thomas</strong></span> <span class='ocrx_word' id='word_1_152' title='bbox 3526 860 3675 915; x_wconf 82' lang='lat' dir='ltr'><strong>obitu</strong></span> <span class='ocrx_word' id='word_1_153' title='bbox 3699 861 3791 915; x_wconf 84' lang='lat' dir='ltr'><strong>in-</strong></span> 
     </span>
    </p>
   </div>
   <div class='ocr_carea' id='block_1_24' title="bbox 2186 944 3788 1021">
    <p class='ocr_par' dir='ltr' id='par_1_24' title="bbox 2186 944 3788 1021">
     <span class='ocr_line' id='line_1_24' title="bbox 2186 944 3788 1021; baseline 0.005 -23"><span class='ocrx_word' id='word_1_154' title='bbox 2186 944 2537 1014; x_wconf 88' lang='lat' dir='ltr'><strong>telligendum</strong></span> <span class='ocrx_word' id='word_1_155' title='bbox 2576 955 2855 1013; x_wconf 82' lang='lat' dir='ltr'><strong>putamus;</strong></span> <span class='ocrx_word' id='word_1_156' title='bbox 2888 948 3003 1002; x_wconf 83' lang='lat' dir='ltr'><strong>sive</strong></span> <span class='ocrx_word' id='word_1_157' title='bbox 3046 947 3135 1002; x_wconf 89' lang='lat' dir='ltr'><strong>ille</strong></span> <span class='ocrx_word' id='word_1_158' title='bbox 3178 946 3232 1001; x_wconf 90' lang='lat' dir='ltr'><strong>in</strong></span> <span class='ocrx_word' id='word_1_159' title='bbox 3281 948 3478 1003; x_wconf 86' lang='lat' dir='ltr'><strong>catomi</strong></span> <span class='ocrx_word' id='word_1_160' title='bbox 3518 951 3788 1021; x_wconf 89' lang='lat' dir='ltr'><strong>supplicio</strong></span> 
     </span>
    </p>
   </div>
   <div class='ocr_carea' id='block_1_25' title="bbox 2187 1036 3785 1108">
    <p class='ocr_par' dir='ltr' id='par_1_25' title="bbox 2187 1036 3785 1108">
     <span class='ocr_line' id='line_1_25' title="bbox 2187 1036 3785 1108; baseline 0.003 -17"><span class='ocrx_word' id='word_1_161' title='bbox 2187 1038 2421 1092; x_wconf 86' lang='lat' dir='ltr'><strong>animam</strong></span> <span class='ocrx_word' id='word_1_162' title='bbox 2452 1037 2756 1103; x_wconf 81' lang='lat' dir='ltr'><strong>exhalarit,</strong></span> <span class='ocrx_word' id='word_1_163' title='bbox 2795 1038 2910 1093; x_wconf 92' lang='lat' dir='ltr'><strong>sive</strong></span> <span class='ocrx_word' id='word_1_164' title='bbox 2950 1038 2997 1091; x_wconf 86' lang='lat' dir='ltr'><strong>ei</strong></span> <span class='ocrx_word' id='word_1_165' title='bbox 3040 1036 3198 1092; x_wconf 81' lang='lat' dir='ltr'><strong>fuerit</strong></span> <span class='ocrx_word' id='word_1_166' title='bbox 3247 1039 3655 1108; x_wconf 66' lang='lat' dir='ltr'><strong>aliquantulutn&#39;</strong></span> <span class='ocrx_word' id='word_1_167' title='bbox 3683 1058 3785 1096; x_wconf 85' lang='lat' dir='ltr'><strong>su-</strong></span> 
     </span>
    </p>
   </div>
   <div class='ocr_carea' id='block_1_26' title="bbox 2187 1131 3783 1205">
    <p class='ocr_par' dir='ltr' id='par_1_26' title="bbox 2187 1131 3783 1205">
     <span class='ocr_line' id='line_1_26' title="bbox 2187 1131 3783 1205; baseline 0.002 -19"><span class='ocrx_word' id='word_1_168' title='bbox 2187 1141 2415 1201; x_wconf 83' lang='lat' dir='ltr'><strong>perstes.</strong></span> <span class='ocrx_word' id='word_1_169' title='bbox 2462 1131 2597 1187; x_wconf 85' lang='lat' dir='ltr'><strong>Hinc</strong></span> <span class='ocrx_word' id='word_1_170' title='bbox 2635 1132 2761 1187; x_wconf 89' lang='lat' dir='ltr'><strong>licet</strong></span> <span class='ocrx_word' id='word_1_171' title='bbox 2804 1132 3136 1201; x_wconf 77' lang='lat' dir='ltr'><strong>distinguere</strong></span> <span class='ocrx_word' id='word_1_172' title='bbox 3174 1133 3317 1202; x_wconf 85' lang='lat' dir='ltr'><strong>apud</strong></span> <span class='ocrx_word' id='word_1_173' title='bbox 3354 1134 3621 1190; x_wconf 86' lang='lat' dir='ltr'><strong>Victorem</strong></span> <span class='ocrx_word' id='word_1_174' title='bbox 3659 1140 3783 1205; x_wconf 87' lang='lat' dir='ltr'><strong>epi-</strong></span> 
     </span>
    </p>
   </div>
   <div class='ocr_carea' id='block_1_27' title="bbox 2183 1221 3785 1293">
    <p class='ocr_par' dir='ltr' id='par_1_27' title="bbox 2183 1221 3785 1293">
     <span class='ocr_line' id='line_1_27' title="bbox 2183 1221 3785 1293; baseline 0.004 -16"><span class='ocrx_word' id='word_1_175' title='bbox 2183 1236 2378 1291; x_wconf 86' lang='lat' dir='ltr'><strong>scopos</strong></span> <span class='ocrx_word' id='word_1_176' title='bbox 2405 1221 2876 1293; x_wconf 83' lang='lat' dir='ltr'><strong>Carthaginienses</strong></span> <span class='ocrx_word' id='word_1_177' title='bbox 2906 1223 3124 1278; x_wconf 90' lang='lat' dir='ltr'><strong>omnino</strong></span> <span class='ocrx_word' id='word_1_178' title='bbox 3153 1233 3405 1293; x_wconf 79' lang='lat' dir='ltr'><strong>quatuor.</strong></span> <span class='ocrx_word' id='word_1_179' title='bbox 3437 1226 3643 1282; x_wconf 84' lang='lat' dir='ltr'><strong>l‘rintus</strong></span> <span class='ocrx_word' id='word_1_180' title='bbox 3683 1228 3785 1283; x_wconf 80' lang='lat' dir='ltr'><strong>fuit</strong></span> 
     </span>
    </p>
   </div>
   <div class='ocr_carea' id='block_1_28' title="bbox 2184 1315 3782 1386">
    <p class='ocr_par' dir='ltr' id='par_1_28' title="bbox 2184 1315 3782 1386">
     <span class='ocr_line' id='line_1_28' title="bbox 2184 1315 3782 1386; baseline 0.004 -16"><span class='ocrx_word' id='word_1_181' title='bbox 2184 1315 2587 1383; x_wconf 86' lang='lat' dir='ltr'><strong>Quodvuldeus,</strong></span> <span class='ocrx_word' id='word_1_182' title='bbox 2622 1315 2901 1385; x_wconf 80' lang='lat' dir='ltr'><strong>Neapolim</strong></span> <span class='ocrx_word' id='word_1_183' title='bbox 2948 1316 3217 1386; x_wconf 78' lang='lat' dir='ltr'><strong>relegatus</strong></span> <span class='ocrx_word' id='word_1_184' title='bbox 3264 1332 3409 1372; x_wconf 89' lang='lat' dir='ltr'><strong>anno</strong></span> <span class='ocrx_word' id='word_1_185' title='bbox 3438 1319 3565 1383; x_wconf 71' lang='grc'><strong>459,</strong></span> <span class='ocrx_word' id='word_1_186' title='bbox 3598 1322 3782 1375; x_wconf 79' lang='lat' dir='ltr'><strong>statim</strong></span> 
     </span>
    </p>
   </div>
   <div class='ocr_carea' id='block_1_29' title="bbox 2186 1408 3783 1478">
    <p class='ocr_par' dir='ltr' id='par_1_29' title="bbox 2186 1408 3783 1478">
     <span class='ocr_line' id='line_1_29' title="bbox 2186 1408 3783 1478; baseline 0.003 -17"><span class='ocrx_word' id='word_1_187' title='bbox 2186 1416 2307 1476; x_wconf 88' lang='lat' dir='ltr'><strong>post</strong></span> <span class='ocrx_word' id='word_1_188' title='bbox 2347 1418 2557 1477; x_wconf 85' lang='lat' dir='ltr'><strong>captam</strong></span> <span class='ocrx_word' id='word_1_189' title='bbox 2590 1423 2620 1462; x_wconf 82' lang='lat' dir='ltr'><strong>a</strong></span> <span class='ocrx_word' id='word_1_190' title='bbox 2661 1408 2937 1463; x_wconf 85' lang='lat' dir='ltr'><strong>Geiserico</strong></span> <span class='ocrx_word' id='word_1_191' title='bbox 2979 1408 3385 1478; x_wconf 78' lang='lat' dir='ltr'><strong>Carthaginem.</strong></span> <span class='ocrx_word' id='word_1_192' title='bbox 3433 1411 3527 1465; x_wconf 92' lang='lat' dir='ltr'><strong>Illo</strong></span> <span class='ocrx_word' id='word_1_193' title='bbox 3567 1422 3783 1466; x_wconf 86' lang='lat' dir='ltr'><strong>mortuo</strong></span> 
     </span>
    </p>
   </div>
   <div class='ocr_carea' id='block_1_30' title="bbox 2184 1497 3779 1571">
    <p class='ocr_par' dir='ltr' id='par_1_30' title="bbox 2184 1497 3779 1571">
     <span class='ocr_line' id='line_1_30' title="bbox 2184 1497 3779 1571; baseline 0.004 -19"><span class='ocrx_word' id='word_1_194' title='bbox 2184 1498 2240 1552; x_wconf 94' lang='lat' dir='ltr'><strong>in</strong></span> <span class='ocrx_word' id='word_1_195' title='bbox 2271 1499 2482 1564; x_wconf 66' lang='lat' dir='ltr'><strong>exsilio,</strong></span> <span class='ocrx_word' id='word_1_196' title='bbox 2522 1514 2665 1554; x_wconf 92' lang='lat' dir='ltr'><strong>anno</strong></span> <span class='ocrx_word' id='word_1_197' title='bbox 2696 1501 2775 1571; x_wconf 92' lang='lat' dir='ltr'><strong>(ut</strong></span> <span class='ocrx_word' id='word_1_198' title='bbox 2813 1497 3049 1570; x_wconf 89' lang='lat' dir='ltr'><strong>videtur)</strong></span> <span class='ocrx_word' id='word_1_199' title='bbox 3092 1500 3229 1563; x_wconf 73' lang='grc'><strong>152,</strong></span> <span class='ocrx_word' id='word_1_200' title='bbox 3263 1501 3351 1556; x_wconf 91' lang='lat' dir='ltr'><strong>die</strong></span> <span class='ocrx_word' id='word_1_201' title='bbox 3391 1501 3464 1557; x_wconf 69' lang='grc'><strong>26</strong></span> <span class='ocrx_word' id='word_1_202' title='bbox 3505 1502 3779 1568; x_wconf 86' lang='lat' dir='ltr'><strong>Octobris,</strong></span> 
     </span>
    </p>
   </div>
   <div class='ocr_carea' id='block_1_31' title="bbox 2184 1590 3875 1664">
    <p class='ocr_par' dir='ltr' id='par_1_31' title="bbox 2184 1590 3875 1664">
     <span class='ocr_line' id='line_1_31' title="bbox 2184 1590 3875 1664; baseline 0.004 -21"><span class='ocrx_word' id='word_1_203' title='bbox 2184 1591 2293 1659; x_wconf 88' lang='lat' dir='ltr'><strong>egit</strong></span> <span class='ocrx_word' id='word_1_204' title='bbox 2332 1590 2741 1646; x_wconf 76' lang='lat' dir='ltr'><strong>Valentinianus</strong></span> <span class='ocrx_word' id='word_1_205' title='bbox 2786 1592 2917 1660; x_wconf 90' lang='lat' dir='ltr'><strong>imp.</strong></span> <span class='ocrx_word' id='word_1_206' title='bbox 2955 1590 3096 1662; x_wconf 89' lang='lat' dir='ltr'><strong>apud</strong></span> <span class='ocrx_word' id='word_1_207' title='bbox 3136 1592 3506 1658; x_wconf 84' lang='lat' dir='ltr'><strong>Geisericum,</strong></span> <span class='ocrx_word' id='word_1_208' title='bbox 3548 1604 3605 1648; x_wconf 93' lang='lat' dir='ltr'><strong>ut</strong></span> <span class='ocrx_word' id='word_1_209' title='bbox 3656 1606 3783 1664; x_wconf 86' lang='lat' dir='ltr'><strong>post</strong></span> <span class='ocrx_word' id='word_1_210' title='bbox 3874 1596 3875 1599; x_wconf 62' lang='grc'><em>“</em></span> 
     </span>
    </p>
   </div>
   <div class='ocr_carea' id='block_1_32' title="bbox 2182 1681 3781 1752">
    <p class='ocr_par' dir='ltr' id='par_1_32' title="bbox 2182 1681 3781 1752">
     <span class='ocr_line' id='line_1_32' title="bbox 2182 1681 3781 1752; baseline 0.002 -15"><span class='ocrx_word' id='word_1_211' title='bbox 2182 1695 2306 1737; x_wconf 88' lang='lat' dir='ltr'><strong>eum</strong></span> <span class='ocrx_word' id='word_1_212' title='bbox 2350 1681 2690 1735; x_wconf 88' lang='lat' dir='ltr'><strong>ordinaretur</strong></span> <span class='ocrx_word' id='word_1_213' title='bbox 2729 1681 3187 1751; x_wconf 73' lang='lat' dir='ltr'><strong>Carthaginiensis</strong></span> <span class='ocrx_word' id='word_1_214' title='bbox 3225 1682 3512 1752; x_wconf 84' lang='lat' dir='ltr'><strong>episcopus</strong></span> <span class='ocrx_word' id='word_1_215' title='bbox 3558 1685 3781 1740; x_wconf 90' lang='lat' dir='ltr'><strong>nomine</strong></span> 
     </span>
    </p>
   </div>
   <div class='ocr_carea' id='block_1_33' title="bbox 490 1769 3782 1844">
    <p class='ocr_par' dir='ltr' id='par_1_33' title="bbox 490 1769 3782 1844">
     <span class='ocr_line' id='line_1_33' title="bbox 490 1769 3782 1844; baseline -0.001 -10"><span class='ocrx_word' id='word_1_216' title='bbox 490 1793 600 1835; x_wconf 84' lang='lat' dir='ltr'><strong>cas.</strong></span> <span class='ocrx_word' id='word_1_217' title='bbox 642 1776 884 1831; x_wconf 77' lang='lat' dir='ltr'><strong>Rhenani</strong></span> <span class='ocrx_word' id='word_1_218' title='bbox 926 1774 1092 1830; x_wconf 89' lang='lat' dir='ltr'><strong>editio</strong></span> <span class='ocrx_word' id='word_1_219' title='bbox 1146 1773 1467 1828; x_wconf 88' lang='lat' dir='ltr'><strong>Parisiensis</strong></span> <span class='ocrx_word' id='word_1_220' title='bbox 1510 1776 1635 1827; x_wconf 91' lang='lat' dir='ltr'><strong>anni</strong></span> <span class='ocrx_word' id='word_1_221' title='bbox 1677 1772 1847 1839; x_wconf 74' lang='grc'><strong>1541,</strong></span> <span class='ocrx_word' id='word_1_222' title='bbox 1877 1782 1933 1826; x_wconf 93' lang='lat' dir='ltr'><strong>et</strong></span> <span class='ocrx_word' id='word_1_223' title='bbox 1968 1772 2079 1827; x_wconf 86' lang='lat' dir='ltr'><strong>lere</strong></span> <span class='ocrx_word' id='word_1_224' title='bbox 2111 1769 2157 1827; x_wconf 84' lang='grc' dir='ltr'><strong>Β</strong></span> <span class='ocrx_word' id='word_1_225' title='bbox 2183 1774 2512 1843; x_wconf 89' lang='lat' dir='ltr'><strong>Deogratias.</strong></span> <span class='ocrx_word' id='word_1_226' title='bbox 2541 1775 2589 1828; x_wconf 89' lang='lat' dir='ltr'><strong>ls</strong></span> <span class='ocrx_word' id='word_1_227' title='bbox 2617 1774 2858 1844; x_wconf 72' lang='lat' dir='ltr'><strong>captivos</strong></span> <span class='ocrx_word' id='word_1_228' title='bbox 2884 1791 2915 1829; x_wconf 91' lang='lat' dir='ltr'><strong>a</strong></span> <span class='ocrx_word' id='word_1_229' title='bbox 2945 1774 3221 1830; x_wconf 87' lang='lat' dir='ltr'><strong>Geiserico</strong></span> <span class='ocrx_word' id='word_1_230' title='bbox 3246 1791 3313 1831; x_wconf 74' lang='lat' dir='ltr'><strong>ex</strong></span> <span class='ocrx_word' id='word_1_231' title='bbox 3351 1777 3504 1831; x_wconf 87' lang='lat' dir='ltr'><strong>Italia</strong></span> <span class='ocrx_word' id='word_1_232' title='bbox 3551 1777 3602 1832; x_wconf 91' lang='lat' dir='ltr'><strong>in</strong></span> <span class='ocrx_word' id='word_1_233' title='bbox 3633 1777 3782 1832; x_wconf 83' lang='lat' dir='ltr'><strong>Alri-</strong></span> 
     </span>
    </p>
   </div>
   <div class='ocr_carea' id='block_1_34' title="bbox 489 1864 2079 1925">
    <p class='ocr_par' dir='ltr' id='par_1_34' title="bbox 489 1864 2079 1925">
     <span class='ocr_line' id='line_1_34' title="bbox 489 1864 2079 1925; baseline -0.003 -2"><span class='ocrx_word' id='word_1_234' title='bbox 489 1869 819 1925; x_wconf 88' lang='lat' dir='ltr'><strong>recentiores</strong></span> <span class='ocrx_word' id='word_1_235' title='bbox 865 1868 985 1921; x_wconf 78' lang='lat' dir='ltr'><strong>alia:</strong></span> <span class='ocrx_word' id='word_1_236' title='bbox 1028 1866 1107 1921; x_wconf 90' lang='lat' dir='ltr'><strong>sic</strong></span> <span class='ocrx_word' id='word_1_237' title='bbox 1160 1868 1359 1921; x_wconf 85' lang='lat' dir='ltr'><strong>habent</strong></span> <span class='ocrx_word' id='word_1_238' title='bbox 1396 1883 1407 1919; x_wconf 92' lang='lat'><strong>:</strong></span> <span class='ocrx_word' id='word_1_239' title='bbox 1442 1865 1584 1918; x_wconf 88' lang='lat' dir='ltr'><strong>Nam</strong></span> <span class='ocrx_word' id='word_1_240' title='bbox 1632 1864 1715 1918; x_wconf 91' lang='lat' dir='ltr'><strong>die</strong></span> <span class='ocrx_word' id='word_1_241' title='bbox 1756 1864 2079 1918; x_wconf 83' lang='lat' dir='ltr'><strong>Ascensionis</strong></span> 
     </span>
    </p>
   </div>
   <div class='ocr_carea' id='block_1_35' title="bbox 492 1958 2081 2034">
    <p class='ocr_par' dir='ltr' id='par_1_35' title="bbox 492 1958 2081 2034">
     <span class='ocr_line' id='line_1_35' title="bbox 492 1958 2081 2034; baseline -0.004 -16"><span class='ocrx_word' id='word_1_242' title='bbox 492 1964 733 2026; x_wconf 87' lang='lat' dir='ltr'><strong>Domini,</strong></span> <span class='ocrx_word' id='word_1_243' title='bbox 784 1964 977 2034; x_wconf 86' lang='lat' dir='ltr'><strong>legatus</strong></span> <span class='ocrx_word' id='word_1_244' title='bbox 1030 1960 1251 2016; x_wconf 87' lang='lat' dir='ltr'><strong>Zenonis</strong></span> <span class='ocrx_word' id='word_1_245' title='bbox 1303 1959 1655 2028; x_wconf 86' lang='lat' dir='ltr'><strong>imperatoris,</strong></span> <span class='ocrx_word' id='word_1_246' title='bbox 1709 1958 1887 2029; x_wconf 87' lang='lat' dir='ltr'><strong>regina</strong></span> <span class='ocrx_word' id='word_1_247' title='bbox 1943 1973 2081 2026; x_wconf 72' lang='lat' dir='ltr'><strong>pras-</strong></span> 
     </span>
    </p>
   </div>
   <div class='ocr_carea' id='block_1_36' title="bbox 490 2046 2077 2124">
    <p class='ocr_par' dir='ltr' id='par_1_36' title="bbox 490 2046 2077 2124">
     <span class='ocr_line' id='line_1_36' title="bbox 490 2046 2077 2124; baseline -0.006 -14"><span class='ocrx_word' id='word_1_248' title='bbox 490 2067 625 2110; x_wconf 87' lang='lat' dir='ltr'><strong>sente</strong></span> <span class='ocrx_word' id='word_1_249' title='bbox 681 2053 950 2124; x_wconf 86' lang='lat' dir='ltr'><strong>legendum</strong></span> <span class='ocrx_word' id='word_1_250' title='bbox 1015 2053 1067 2105; x_wconf 90' lang='lat' dir='ltr'><strong>in</strong></span> <span class='ocrx_word' id='word_1_251' title='bbox 1108 2052 1289 2105; x_wconf 87' lang='lat' dir='ltr'><strong>media</strong></span> <span class='ocrx_word' id='word_1_252' title='bbox 1344 2050 1553 2104; x_wconf 87' lang='lat' dir='ltr'><strong>ecclesia</strong></span> <span class='ocrx_word' id='word_1_253' title='bbox 1609 2048 1844 2119; x_wconf 87' lang='lat' dir='ltr'><strong>episc0po</strong></span> <span class='ocrx_word' id='word_1_254' title='bbox 1900 2046 2077 2118; x_wconf 85' lang='lat' dir='ltr'><strong>Euge-</strong></span> 
     </span>
    </p>
   </div>
   <div class='ocr_carea' id='block_1_37' title="bbox 490 2140 2081 2218">
    <p class='ocr_par' dir='ltr' id='par_1_37' title="bbox 490 2140 2081 2218">
     <span class='ocr_line' id='line_1_37' title="bbox 490 2140 2081 2218; baseline -0.005 -15"><span class='ocrx_word' id='word_1_255' title='bbox 490 2150 577 2203; x_wconf 88' lang='lat' dir='ltr'><strong>nio</strong></span> <span class='ocrx_word' id='word_1_256' title='bbox 618 2147 791 2218; x_wconf 82' lang='lat' dir='ltr'><strong>dirigit</strong></span> <span class='ocrx_word' id='word_1_257' title='bbox 837 2156 1177 2215; x_wconf 69' lang='lat' dir='ltr'><strong>prwceplum,</strong></span> <span class='ocrx_word' id='word_1_258' title='bbox 1214 2154 1319 2198; x_wconf 88' lang='lat' dir='ltr'><strong>etc.</strong></span> <span class='ocrx_word' id='word_1_259' title='bbox 1352 2143 1459 2199; x_wconf 85' lang='lat' dir='ltr'><strong>Sed</strong></span> <span class='ocrx_word' id='word_1_260' title='bbox 1507 2158 1605 2212; x_wconf 88' lang='lat' dir='ltr'><strong>age</strong></span> <span class='ocrx_word' id='word_1_261' title='bbox 1637 2159 1650 2195; x_wconf 91' lang='lat'><strong>:</strong></span> <span class='ocrx_word' id='word_1_262' title='bbox 1683 2141 1953 2212; x_wconf 90' lang='lat' dir='ltr'><strong>quomodo</strong></span> <span class='ocrx_word' id='word_1_263' title='bbox 1996 2140 2081 2196; x_wconf 89' lang='lat' dir='ltr'><strong>sui</strong></span> 
     </span>
    </p>
   </div>
   <div class='ocr_carea' id='block_1_38' title="bbox 491 2231 2081 2306">
    <p class='ocr_par' dir='ltr' id='par_1_38' title="bbox 491 2231 2081 2306">
     <span class='ocr_line' id='line_1_38' title="bbox 491 2231 2081 2306; baseline -0.005 -14"><span class='ocrx_word' id='word_1_264' title='bbox 491 2238 729 2293; x_wconf 77' lang='lat' dir='ltr'><strong>muneris</strong></span> <span class='ocrx_word' id='word_1_265' title='bbox 760 2236 963 2306; x_wconf 77' lang='lat' dir='ltr'><strong>putavit</strong></span> <span class='ocrx_word' id='word_1_266' title='bbox 1001 2250 1123 2290; x_wconf 91' lang='lat' dir='ltr'><strong>esse</strong></span> <span class='ocrx_word' id='word_1_267' title='bbox 1162 2233 1509 2303; x_wconf 85' lang='lat' dir='ltr'><strong>imperatoris</strong></span> <span class='ocrx_word' id='word_1_268' title='bbox 1536 2234 1768 2302; x_wconf 85' lang='lat' dir='ltr'><strong>legatus,</strong></span> <span class='ocrx_word' id='word_1_269' title='bbox 1815 2243 1874 2286; x_wconf 89' lang='lat' dir='ltr'><strong>ut</strong></span> <span class='ocrx_word' id='word_1_270' title='bbox 1900 2231 2081 2287; x_wconf 84' lang='lat' dir='ltr'><strong>Hune-</strong></span> 
     </span>
    </p>
   </div>
   <div class='ocr_carea' id='block_1_39' title="bbox 491 2324 2077 2397">
    <p class='ocr_par' dir='ltr' id='par_1_39' title="bbox 491 2324 2077 2397">
     <span class='ocr_line' id='line_1_39' title="bbox 491 2324 2077 2397; baseline -0.004 -13"><span class='ocrx_word' id='word_1_271' title='bbox 491 2329 589 2384; x_wconf 89' lang='lat' dir='ltr'><strong>rici</strong></span> <span class='ocrx_word' id='word_1_272' title='bbox 622 2327 831 2397; x_wconf 84' lang='lat' dir='ltr'><strong>tyranni</strong></span> <span class='ocrx_word' id='word_1_273' title='bbox 863 2328 966 2380; x_wconf 89' lang='lat' dir='ltr'><strong>hoc</strong></span> <span class='ocrx_word' id='word_1_274' title='bbox 992 2326 1227 2381; x_wconf 91' lang='lat' dir='ltr'><strong>edictum</strong></span> <span class='ocrx_word' id='word_1_275' title='bbox 1262 2325 1502 2394; x_wconf 88' lang='lat' dir='ltr'><strong>Eugenio</strong></span> <span class='ocrx_word' id='word_1_276' title='bbox 1528 2324 1787 2394; x_wconf 88' lang='lat' dir='ltr'><strong>episcopo</strong></span> <span class='ocrx_word' id='word_1_277' title='bbox 1820 2325 1873 2378; x_wconf 92' lang='lat' dir='ltr'><strong>in</strong></span> <span class='ocrx_word' id='word_1_278' title='bbox 1905 2324 2077 2379; x_wconf 88' lang='lat' dir='ltr'><strong>media</strong></span> 
     </span>
    </p>
   </div>
   <div class='ocr_carea' id='block_1_40' title="bbox 492 2415 2081 2489">
    <p class='ocr_par' dir='ltr' id='par_1_40' title="bbox 492 2415 2081 2489">
     <span class='ocr_line' id='line_1_40' title="bbox 492 2415 2081 2489; baseline -0.004 -14"><span class='ocrx_word' id='word_1_279' title='bbox 492 2420 716 2476; x_wconf 86' lang='lat' dir='ltr'><strong>ecclesia</strong></span> <span class='ocrx_word' id='word_1_280' title='bbox 771 2418 1052 2489; x_wconf 80' lang='lat' dir='ltr'><strong>legendum</strong></span> <span class='ocrx_word' id='word_1_281' title='bbox 1103 2417 1394 2486; x_wconf 87' lang='lat' dir='ltr'><strong>dirigeret,</strong></span> <span class='ocrx_word' id='word_1_282' title='bbox 1439 2415 1582 2484; x_wconf 89' lang='lat' dir='ltr'><strong>quod</strong></span> <span class='ocrx_word' id='word_1_283' title='bbox 1632 2416 1700 2470; x_wconf 90' lang='lat' dir='ltr'><strong>ad</strong></span> <span class='ocrx_word' id='word_1_284' title='bbox 1748 2415 1952 2471; x_wconf 90' lang='lat' dir='ltr'><strong>domini</strong></span> <span class='ocrx_word' id='word_1_285' title='bbox 1999 2415 2081 2470; x_wconf 90' lang='lat' dir='ltr'><strong>sui</strong></span> 
     </span>
    </p>
   </div>
   <div class='ocr_carea' id='block_1_41' title="bbox 491 2506 2081 2579">
    <p class='ocr_par' dir='ltr' id='par_1_41' title="bbox 491 2506 2081 2579">
     <span class='ocr_line' id='line_1_41' title="bbox 491 2506 2081 2579; baseline -0.004 -10"><span class='ocrx_word' id='word_1_286' title='bbox 491 2529 605 2569; x_wconf 87' lang='lat' dir='ltr'><strong>rem</strong></span> <span class='ocrx_word' id='word_1_287' title='bbox 665 2512 795 2567; x_wconf 89' lang='lat' dir='ltr'><strong>nihil</strong></span> <span class='ocrx_word' id='word_1_288' title='bbox 855 2510 1086 2576; x_wconf 82' lang='lat' dir='ltr'><strong>laceret,</strong></span> <span class='ocrx_word' id='word_1_289' title='bbox 1137 2508 1378 2579; x_wconf 90' lang='lat' dir='ltr'><strong>quiniuto</strong></span> <span class='ocrx_word' id='word_1_290' title='bbox 1431 2508 1547 2577; x_wconf 88' lang='lat' dir='ltr'><strong>ejus</strong></span> <span class='ocrx_word' id='word_1_291' title='bbox 1604 2507 1799 2562; x_wconf 85' lang='lat' dir='ltr'><strong>studiis</strong></span> <span class='ocrx_word' id='word_1_292' title='bbox 1848 2506 2081 2562; x_wconf 83' lang='lat' dir='ltr'><strong>maxime</strong></span> 
     </span>
    </p>
   </div>
   <div class='ocr_carea' id='block_1_42' title="bbox 492 2597 2083 2670">
    <p class='ocr_par' dir='ltr' id='par_1_42' title="bbox 492 2597 2083 2670">
     <span class='ocr_line' id='line_1_42' title="bbox 492 2597 2083 2670; baseline -0.004 -11"><span class='ocrx_word' id='word_1_293' title='bbox 492 2602 908 2659; x_wconf 83' lang='lat' dir='ltr'><strong>adversaretur?</strong></span> <span class='ocrx_word' id='word_1_294' title='bbox 933 2601 1074 2670; x_wconf 87' lang='lat' dir='ltr'><strong>Ergo</strong></span> <span class='ocrx_word' id='word_1_295' title='bbox 1112 2602 1253 2654; x_wconf 91' lang='lat' dir='ltr'><strong>hunc</strong></span> <span class='ocrx_word' id='word_1_296' title='bbox 1282 2598 1461 2653; x_wconf 88' lang='lat' dir='ltr'><strong>locum</strong></span> <span class='ocrx_word' id='word_1_297' title='bbox 1488 2597 1567 2653; x_wconf 84' lang='lat' dir='ltr'><strong>sic</strong></span> <span class='ocrx_word' id='word_1_298' title='bbox 1594 2597 1764 2653; x_wconf 82' lang='lat' dir='ltr'><strong>refert</strong></span> <span class='ocrx_word' id='word_1_299' title='bbox 1791 2597 1955 2653; x_wconf 90' lang='lat' dir='ltr'><strong>editio</strong></span> <span class='ocrx_word' id='word_1_300' title='bbox 1981 2597 2083 2653; x_wconf 89' lang='lat' dir='ltr'><strong>Co-</strong></span> 
     </span>
    </p>
   </div>
   <div class='ocr_carea' id='block_1_43' title="bbox 494 2689 2082 2756">
    <p class='ocr_par' dir='ltr' id='par_1_43' title="bbox 494 2689 2082 2756">
     <span class='ocr_line' id='line_1_43' title="bbox 494 2689 2082 2756; baseline -0.004 -7"><span class='ocrx_word' id='word_1_301' title='bbox 494 2696 752 2750; x_wconf 85' lang='lat' dir='ltr'><strong>loniensis</strong></span> <span class='ocrx_word' id='word_1_302' title='bbox 787 2693 915 2747; x_wconf 91' lang='lat' dir='ltr'><strong>anni</strong></span> <span class='ocrx_word' id='word_1_303' title='bbox 952 2690 1130 2747; x_wconf 80' lang='lat' dir='ltr'><strong>t555:</strong></span> <span class='ocrx_word' id='word_1_304' title='bbox 1169 2690 1306 2744; x_wconf 88' lang='lat' dir='ltr'><strong>Nam</strong></span> <span class='ocrx_word' id='word_1_305' title='bbox 1351 2691 1434 2743; x_wconf 87' lang='lat' dir='ltr'><strong>die</strong></span> <span class='ocrx_word' id='word_1_306' title='bbox 1482 2690 1808 2744; x_wconf 78' lang='lat' dir='ltr'><strong>Ascensionis</strong></span> <span class='ocrx_word' id='word_1_307' title='bbox 1840 2689 2082 2756; x_wconf 88' lang='lat' dir='ltr'><strong>Domini,</strong></span> 
     </span>
    </p>
   </div>
   <div class='ocr_carea' id='block_1_44' title="bbox 492 2783 2083 2861">
    <p class='ocr_par' dir='ltr' id='par_1_44' title="bbox 492 2783 2083 2861">
     <span class='ocr_line' id='line_1_44' title="bbox 492 2783 2083 2861; baseline -0.006 -17"><span class='ocrx_word' id='word_1_308' title='bbox 492 2792 660 2861; x_wconf 85' lang='lat' dir='ltr'><strong>legato</strong></span> <span class='ocrx_word' id='word_1_309' title='bbox 686 2787 906 2841; x_wconf 86' lang='lat' dir='ltr'><strong>Zenonis</strong></span> <span class='ocrx_word' id='word_1_310' title='bbox 930 2785 1251 2857; x_wconf 87' lang='lat' dir='ltr'><strong>imperatoris</strong></span> <span class='ocrx_word' id='word_1_311' title='bbox 1276 2800 1390 2855; x_wconf 84' lang='lat' dir='ltr'><strong>rege</strong></span> <span class='ocrx_word' id='word_1_312' title='bbox 1417 2801 1517 2838; x_wconf 89' lang='lat' dir='ltr'><strong>non</strong></span> <span class='ocrx_word' id='word_1_313' title='bbox 1542 2792 1789 2855; x_wconf 77' lang='lat' dir='ltr'><strong>prwsenle</strong></span> <span class='ocrx_word' id='word_1_314' title='bbox 1810 2783 2083 2852; x_wconf 83' lang='lat' dir='ltr'><strong>legendum</strong></span> 
     </span>
    </p>
   </div>
   <div class='ocr_carea' id='block_1_45' title="bbox 494 2876 2079 2949">
    <p class='ocr_par' dir='ltr' id='par_1_45' title="bbox 494 2876 2079 2949">
     <span class='ocr_line' id='line_1_45' title="bbox 494 2876 2079 2949; baseline -0.003 -14"><span class='ocrx_word' id='word_1_315' title='bbox 494 2884 662 2935; x_wconf 88' lang='lat' dir='ltr'><strong>media</strong></span> <span class='ocrx_word' id='word_1_316' title='bbox 685 2880 895 2935; x_wconf 86' lang='lat' dir='ltr'><strong>ecclesia</strong></span> <span class='ocrx_word' id='word_1_317' title='bbox 923 2880 1156 2949; x_wconf 86' lang='lat' dir='ltr'><strong>episcopo</strong></span> <span class='ocrx_word' id='word_1_318' title='bbox 1174 2877 1403 2945; x_wconf 84' lang='lat' dir='ltr'><strong>Eugenio</strong></span> <span class='ocrx_word' id='word_1_319' title='bbox 1426 2876 1611 2930; x_wconf 74' lang='lat' dir='ltr'><strong>direxit</strong></span> <span class='ocrx_word' id='word_1_320' title='bbox 1628 2884 1953 2946; x_wconf 78' lang='lat' dir='ltr'><strong>prwceplum,</strong></span> <span class='ocrx_word' id='word_1_321' title='bbox 1973 2885 2079 2931; x_wconf 87' lang='lat' dir='ltr'><strong>etc.</strong></span> 
     </span>
    </p>
   </div>
   <div class='ocr_carea' id='block_1_46' title="bbox 496 2966 2082 3039">
    <p class='ocr_par' dir='ltr' id='par_1_46' title="bbox 496 2966 2082 3039">
     <span class='ocr_line' id='line_1_46' title="bbox 496 2966 2082 3039; baseline -0.004 -13"><span class='ocrx_word' id='word_1_322' title='bbox 496 2972 659 3026; x_wconf 83' lang='lat' dir='ltr'><strong>Nutat</strong></span> <span class='ocrx_word' id='word_1_323' title='bbox 686 2984 899 3039; x_wconf 86' lang='lat' dir='ltr'><strong>quoque</strong></span> <span class='ocrx_word' id='word_1_324' title='bbox 940 2968 1055 3023; x_wconf 71' lang='lat' dir='ltr'><strong>haec</strong></span> <span class='ocrx_word' id='word_1_325' title='bbox 1106 2967 1289 3033; x_wconf 87' lang='lat' dir='ltr'><strong>lectio,</strong></span> <span class='ocrx_word' id='word_1_326' title='bbox 1345 2982 1465 3036; x_wconf 76' lang='lat' dir='ltr'><strong>qua:</strong></span> <span class='ocrx_word' id='word_1_327' title='bbox 1512 2966 1747 3020; x_wconf 67' lang='lat' dir='ltr'><strong>edictum</strong></span> <span class='ocrx_word' id='word_1_328' title='bbox 1803 2974 1858 3020; x_wconf 91' lang='lat' dir='ltr'><strong>et</strong></span> <span class='ocrx_word' id='word_1_329' title='bbox 1906 2966 2082 3035; x_wconf 87' lang='lat' dir='ltr'><strong>legato</strong></span> 
     </span>
    </p>
   </div>
   <div class='ocr_carea' id='block_1_47' title="bbox 496 3058 2079 3129">
    <p class='ocr_par' dir='ltr' id='par_1_47' title="bbox 496 3058 2079 3129">
     <span class='ocr_line' id='line_1_47' title="bbox 496 3058 2079 3129; baseline -0.003 -12"><span class='ocrx_word' id='word_1_330' title='bbox 496 3064 730 3117; x_wconf 70' lang='lat' dir='ltr'><strong>Zenonis</strong></span> <span class='ocrx_word' id='word_1_331' title='bbox 776 3072 829 3115; x_wconf 90' lang='lat' dir='ltr'><strong>et</strong></span> <span class='ocrx_word' id='word_1_332' title='bbox 871 3061 1129 3129; x_wconf 89' lang='lat' dir='ltr'><strong>episcopo</strong></span> <span class='ocrx_word' id='word_1_333' title='bbox 1174 3060 1412 3128; x_wconf 84' lang='lat' dir='ltr'><strong>Eugenio</strong></span> <span class='ocrx_word' id='word_1_334' title='bbox 1464 3058 1726 3113; x_wconf 81' lang='lat' dir='ltr'><strong>directum</strong></span> <span class='ocrx_word' id='word_1_335' title='bbox 1779 3058 2079 3127; x_wconf 83' lang='lat' dir='ltr'><strong>signiﬁcat,</strong></span> 
     </span>
    </p>
   </div>
   <div class='ocr_carea' id='block_1_48' title="bbox 2180 1868 3778 1939">
    <p class='ocr_par' dir='ltr' id='par_1_48' title="bbox 2180 1868 3778 1939">
     <span class='ocr_line' id='line_1_48' title="bbox 2180 1868 3778 1939; baseline 0.003 -18"><span class='ocrx_word' id='word_1_336' title='bbox 2180 1882 2298 1921; x_wconf 90' lang='lat' dir='ltr'><strong>cam</strong></span> <span class='ocrx_word' id='word_1_337' title='bbox 2329 1868 2609 1931; x_wconf 85' lang='lat' dir='ltr'><strong>abductos,</strong></span> <span class='ocrx_word' id='word_1_338' title='bbox 2656 1879 2877 1937; x_wconf 87' lang='lat' dir='ltr'><strong>paterno</strong></span> <span class='ocrx_word' id='word_1_339' title='bbox 2921 1870 3239 1939; x_wconf 78' lang='lat' dir='ltr'><strong>complexus</strong></span> <span class='ocrx_word' id='word_1_340' title='bbox 3285 1869 3503 1935; x_wconf 72' lang='lat' dir='ltr'><strong>allecto,</strong></span> <span class='ocrx_word' id='word_1_341' title='bbox 3561 1871 3778 1927; x_wconf 87' lang='lat' dir='ltr'><strong>tandem</strong></span> 
     </span>
    </p>
   </div>
   <div class='ocr_carea' id='block_1_49' title="bbox 2180 1958 3778 2028">
    <p class='ocr_par' dir='ltr' id='par_1_49' title="bbox 2180 1958 3778 2028">
     <span class='ocr_line' id='line_1_49' title="bbox 2180 1958 3778 2028; baseline 0.003 -15"><span class='ocrx_word' id='word_1_342' title='bbox 2180 1961 2335 2013; x_wconf 89' lang='lat' dir='ltr'><strong>senio</strong></span> <span class='ocrx_word' id='word_1_343' title='bbox 2361 1968 2414 2014; x_wconf 93' lang='lat' dir='ltr'><strong>et</strong></span> <span class='ocrx_word' id='word_1_344' title='bbox 2459 1958 2735 2013; x_wconf 69' lang='lat' dir='ltr'><strong>latioribus</strong></span> <span class='ocrx_word' id='word_1_345' title='bbox 2769 1960 3077 2027; x_wconf 84' lang='lat' dir='ltr'><strong>confectus,</strong></span> <span class='ocrx_word' id='word_1_346' title='bbox 3122 1960 3257 2015; x_wconf 88' lang='lat' dir='ltr'><strong>obiit</strong></span> <span class='ocrx_word' id='word_1_347' title='bbox 3287 1962 3339 2015; x_wconf 93' lang='lat' dir='ltr'><strong>in</strong></span> <span class='ocrx_word' id='word_1_348' title='bbox 3372 1961 3645 2028; x_wconf 80' lang='lat' dir='ltr'><strong>obsequiis</strong></span> <span class='ocrx_word' id='word_1_349' title='bbox 3682 1979 3778 2018; x_wconf 84' lang='lat' dir='ltr'><strong>ca-</strong></span> 
     </span>
    </p>
   </div>
   <div class='ocr_carea' id='block_1_50' title="bbox 2182 2048 3776 2121">
    <p class='ocr_par' dir='ltr' id='par_1_50' title="bbox 2182 2048 3776 2121">
     <span class='ocr_line' id='line_1_50' title="bbox 2182 2048 3776 2121; baseline 0.004 -18"><span class='ocrx_word' id='word_1_350' title='bbox 2182 2051 2448 2121; x_wconf 88' lang='lat' dir='ltr'><strong>ptivorum</strong></span> <span class='ocrx_word' id='word_1_351' title='bbox 2502 2050 2898 2119; x_wconf 83' lang='lat' dir='ltr'><strong>Romanorum,</strong></span> <span class='ocrx_word' id='word_1_352' title='bbox 2931 2048 3003 2105; x_wconf 74' lang='lat'><strong>22</strong></span> <span class='ocrx_word' id='word_1_353' title='bbox 3046 2052 3247 2119; x_wconf 82' lang='lat' dir='ltr'><strong>Martii,</strong></span> <span class='ocrx_word' id='word_1_354' title='bbox 3280 2068 3424 2107; x_wconf 87' lang='lat' dir='ltr'><strong>anno</strong></span> <span class='ocrx_word' id='word_1_355' title='bbox 3468 2055 3604 2118; x_wconf 74' lang='lat'><strong>456,</strong></span> <span class='ocrx_word' id='word_1_356' title='bbox 3651 2068 3776 2110; x_wconf 90' lang='lat' dir='ltr'><strong>cum</strong></span> 
     </span>
    </p>
   </div>
   <div class='ocr_carea' id='block_1_51' title="bbox 2183 2143 3777 2214">
    <p class='ocr_par' dir='ltr' id='par_1_51' title="bbox 2183 2143 3777 2214">
     <span class='ocr_line' id='line_1_51' title="bbox 2183 2143 3777 2214; baseline 0.006 -19"><span class='ocrx_word' id='word_1_357' title='bbox 2183 2144 2339 2197; x_wconf 88' lang='lat' dir='ltr'><strong>annis</strong></span> <span class='ocrx_word' id='word_1_358' title='bbox 2385 2143 2558 2197; x_wconf 89' lang='lat' dir='ltr'><strong>tribus</strong></span> <span class='ocrx_word' id='word_1_359' title='bbox 2609 2144 2929 2212; x_wconf 67' lang='lat' dir='ltr'><strong>praifuisset.</strong></span> <span class='ocrx_word' id='word_1_360' title='bbox 2975 2145 3098 2198; x_wconf 75' lang='lat' dir='ltr'><strong>Mox</strong></span> <span class='ocrx_word' id='word_1_361' title='bbox 3146 2155 3268 2214; x_wconf 89' lang='lat' dir='ltr'><strong>post</strong></span> <span class='ocrx_word' id='word_1_362' title='bbox 3317 2162 3439 2200; x_wconf 90' lang='lat' dir='ltr'><strong>cum</strong></span> <span class='ocrx_word' id='word_1_363' title='bbox 3492 2146 3777 2204; x_wconf 86' lang='lat' dir='ltr'><strong>ordinatus</strong></span> 
     </span>
    </p>
   </div>
   <div class='ocr_carea' id='block_1_52' title="bbox 2185 2231 3770 2306">
    <p class='ocr_par' dir='ltr' id='par_1_52' title="bbox 2185 2231 3770 2306">
     <span class='ocr_line' id='line_1_52' title="bbox 2185 2231 3770 2306; baseline 0.005 -20"><span class='ocrx_word' id='word_1_364' title='bbox 2185 2231 2448 2298; x_wconf 80' lang='lat' dir='ltr'><strong>Thomas,</strong></span> <span class='ocrx_word' id='word_1_365' title='bbox 2481 2235 2598 2303; x_wconf 83' lang='lat' dir='ltr'><strong>ipso</strong></span> <span class='ocrx_word' id='word_1_366' title='bbox 2645 2235 2729 2289; x_wconf 89' lang='lat' dir='ltr'><strong>sui</strong></span> <span class='ocrx_word' id='word_1_367' title='bbox 2760 2235 3101 2306; x_wconf 89' lang='lat' dir='ltr'><strong>episcopatus</strong></span> <span class='ocrx_word' id='word_1_368' title='bbox 3147 2237 3397 2300; x_wconf 84' lang='lat' dir='ltr'><strong>exordio,</strong></span> <span class='ocrx_word' id='word_1_369' title='bbox 3447 2240 3770 2294; x_wconf 79' lang='lat' dir='ltr'><strong>Arianorum</strong></span> 
     </span>
    </p>
   </div>
   <div class='ocr_carea' id='block_1_53' title="bbox 2186 2329 3781 2399">
    <p class='ocr_par' dir='ltr' id='par_1_53' title="bbox 2186 2329 3781 2399">
     <span class='ocr_line' id='line_1_53' title="bbox 2186 2329 3781 2399; baseline 0.003 -17"><span class='ocrx_word' id='word_1_370' title='bbox 2186 2329 2421 2396; x_wconf 60' lang='lat' dir='ltr'><strong>nequitia</strong></span> <span class='ocrx_word' id='word_1_371' title='bbox 2470 2330 2755 2384; x_wconf 88' lang='lat' dir='ltr'><strong>tormentis</strong></span> <span class='ocrx_word' id='word_1_372' title='bbox 2800 2340 3053 2384; x_wconf 87' lang='lat' dir='ltr'><strong>enecaltts</strong></span> <span class='ocrx_word' id='word_1_373' title='bbox 3082 2340 3183 2385; x_wconf 85' lang='lat' dir='ltr'><strong>est.</strong></span> <span class='ocrx_word' id='word_1_374' title='bbox 3221 2330 3427 2385; x_wconf 80' lang='lat' dir='ltr'><strong>Exinde</strong></span> <span class='ocrx_word' id='word_1_375' title='bbox 3468 2347 3561 2399; x_wconf 83' lang='lat' dir='ltr'><strong>per</strong></span> <span class='ocrx_word' id='word_1_376' title='bbox 3605 2346 3781 2388; x_wconf 88' lang='lat' dir='ltr'><strong>annos</strong></span> 
     </span>
    </p>
   </div>
   <div class='ocr_carea' id='block_1_54' title="bbox 2184 2418 3781 2488">
    <p class='ocr_par' dir='ltr' id='par_1_54' title="bbox 2184 2418 3781 2488">
     <span class='ocr_line' id='line_1_54' title="bbox 2184 2418 3781 2488; baseline 0.001 -16"><span class='ocrx_word' id='word_1_377' title='bbox 2184 2418 2254 2472; x_wconf 75' lang='lat' dir='ltr'><strong>2t</strong></span> <span class='ocrx_word' id='word_1_378' title='bbox 2277 2418 2541 2488; x_wconf 77' lang='lat' dir='ltr'><strong>Carthago</strong></span> <span class='ocrx_word' id='word_1_379' title='bbox 2567 2419 2684 2473; x_wconf 89' lang='lat' dir='ltr'><strong>sine</strong></span> <span class='ocrx_word' id='word_1_380' title='bbox 2703 2418 2959 2487; x_wconf 89' lang='lat' dir='ltr'><strong>episc0po</strong></span> <span class='ocrx_word' id='word_1_381' title='bbox 2982 2419 3081 2472; x_wconf 80' lang='lat' dir='ltr'><strong>fuit</strong></span> <span class='ocrx_word' id='word_1_382' title='bbox 3098 2458 3112 2483; x_wconf 93' lang='lat'><strong>,</strong></span> <span class='ocrx_word' id='word_1_383' title='bbox 3139 2418 3314 2473; x_wconf 92' lang='lat' dir='ltr'><strong>donec</strong></span> <span class='ocrx_word' id='word_1_384' title='bbox 3342 2419 3557 2474; x_wconf 86' lang='lat' dir='ltr'><strong>Zenone</strong></span> <span class='ocrx_word' id='word_1_385' title='bbox 3581 2430 3636 2475; x_wconf 88' lang='lat' dir='ltr'><strong>et</strong></span> <span class='ocrx_word' id='word_1_386' title='bbox 3659 2421 3781 2474; x_wconf 78' lang='lat' dir='ltr'><strong>Pla-</strong></span> 
     </span>
    </p>
   </div>
   <div class='ocr_carea' id='block_1_55' title="bbox 2184 2511 3780 2582">
    <p class='ocr_par' dir='ltr' id='par_1_55' title="bbox 2184 2511 3780 2582">
     <span class='ocr_line' id='line_1_55' title="bbox 2184 2511 3780 2582; baseline 0.002 -18"><span class='ocrx_word' id='word_1_387' title='bbox 2184 2512 2321 2565; x_wconf 82' lang='lat' dir='ltr'><strong>cidia</strong></span> <span class='ocrx_word' id='word_1_388' title='bbox 2350 2511 2553 2582; x_wconf 86' lang='lat' dir='ltr'><strong>Olybrii</strong></span> <span class='ocrx_word' id='word_1_389' title='bbox 2586 2512 2765 2566; x_wconf 90' lang='lat' dir='ltr'><strong>relicta</strong></span> <span class='ocrx_word' id='word_1_390' title='bbox 2795 2513 3051 2581; x_wconf 81' lang='lat' dir='ltr'><strong>Augustis</strong></span> <span class='ocrx_word' id='word_1_391' title='bbox 3084 2512 3447 2579; x_wconf 89' lang='lat' dir='ltr'><strong>poscentibus,</strong></span> <span class='ocrx_word' id='word_1_392' title='bbox 3480 2526 3665 2580; x_wconf 87' lang='lat' dir='ltr'><strong>passus</strong></span> <span class='ocrx_word' id='word_1_393' title='bbox 3695 2524 3780 2567; x_wconf 88' lang='lat' dir='ltr'><strong>est</strong></span> 
     </span>
    </p>
   </div>
   <div class='ocr_carea' id='block_1_56' title="bbox 2187 2602 3776 2673">
    <p class='ocr_par' dir='ltr' id='par_1_56' title="bbox 2187 2602 3776 2673">
     <span class='ocr_line' id='line_1_56' title="bbox 2187 2602 3776 2673; baseline 0 -15"><span class='ocrx_word' id='word_1_394' title='bbox 2187 2604 2485 2659; x_wconf 85' lang='lat' dir='ltr'><strong>Huttericus</strong></span> <span class='ocrx_word' id='word_1_395' title='bbox 2511 2604 2808 2673; x_wconf 88' lang='lat' dir='ltr'><strong>Eugenium</strong></span> <span class='ocrx_word' id='word_1_396' title='bbox 2832 2603 3154 2672; x_wconf 89' lang='lat' dir='ltr'><strong>Carthagine</strong></span> <span class='ocrx_word' id='word_1_397' title='bbox 3176 2602 3416 2657; x_wconf 86' lang='lat' dir='ltr'><strong>ordinari</strong></span> <span class='ocrx_word' id='word_1_398' title='bbox 3444 2605 3776 2673; x_wconf 83' lang='lat' dir='ltr'><strong>episcopum,</strong></span> 
     </span>
    </p>
   </div>
   <div class='ocr_carea' id='block_1_57' title="bbox 2186 2695 3777 2768">
    <p class='ocr_par' dir='ltr' id='par_1_57' title="bbox 2186 2695 3777 2768">
     <span class='ocr_line' id='line_1_57' title="bbox 2186 2695 3777 2768; baseline 0.001 -18"><span class='ocrx_word' id='word_1_399' title='bbox 2186 2713 2329 2752; x_wconf 91' lang='lat' dir='ltr'><strong>anno</strong></span> <span class='ocrx_word' id='word_1_400' title='bbox 2356 2700 2440 2768; x_wconf 88' lang='lat' dir='ltr'><strong>(ut</strong></span> <span class='ocrx_word' id='word_1_401' title='bbox 2464 2696 2696 2767; x_wconf 87' lang='lat' dir='ltr'><strong>videtur)</strong></span> <span class='ocrx_word' id='word_1_402' title='bbox 2718 2698 2853 2761; x_wconf 69' lang='lat'><strong>480;</strong></span> <span class='ocrx_word' id='word_1_403' title='bbox 2884 2697 2973 2764; x_wconf 86' lang='lat' dir='ltr'><strong>qui</strong></span> <span class='ocrx_word' id='word_1_404' title='bbox 2998 2695 3135 2749; x_wconf 85' lang='lat' dir='ltr'><strong>haud</strong></span> <span class='ocrx_word' id='word_1_405' title='bbox 3160 2695 3329 2748; x_wconf 88' lang='lat' dir='ltr'><strong>multo</strong></span> <span class='ocrx_word' id='word_1_406' title='bbox 3361 2706 3498 2763; x_wconf 85' lang='lat' dir='ltr'><strong>post,</strong></span> <span class='ocrx_word' id='word_1_407' title='bbox 3526 2696 3777 2752; x_wconf 89' lang='lat' dir='ltr'><strong>llutterici</strong></span> 
     </span>
    </p>
   </div>
   <div class='ocr_carea' id='block_1_58' title="bbox 2186 2786 3778 2861">
    <p class='ocr_par' dir='ltr' id='par_1_58' title="bbox 2186 2786 3778 2861">
     <span class='ocr_line' id='line_1_58' title="bbox 2186 2786 3778 2861; baseline -0.002 -17"><span class='ocrx_word' id='word_1_408' title='bbox 2186 2789 2579 2861; x_wconf 83' lang='lat' dir='ltr'><strong>persecutionis</strong></span> <span class='ocrx_word' id='word_1_409' title='bbox 2621 2787 2831 2858; x_wconf 88' lang='lat' dir='ltr'><strong>pondus</strong></span> <span class='ocrx_word' id='word_1_410' title='bbox 2865 2787 3152 2853; x_wconf 84' lang='lat' dir='ltr'><strong>sustinuit,</strong></span> <span class='ocrx_word' id='word_1_411' title='bbox 3197 2786 3403 2856; x_wconf 78' lang='lat' dir='ltr'><strong>fuitque</strong></span> <span class='ocrx_word' id='word_1_412' title='bbox 3452 2786 3527 2840; x_wconf 85' lang='lat' dir='ltr'><strong>illi</strong></span> <span class='ocrx_word' id='word_1_413' title='bbox 3556 2786 3661 2844; x_wconf 83' lang='lat' dir='ltr'><strong>ditt.</strong></span> <span class='ocrx_word' id='word_1_414' title='bbox 3690 2804 3778 2842; x_wconf 84' lang='lat' dir='ltr'><strong>su-</strong></span> 
     </span>
    </p>
   </div>
   <div class='ocr_carea' id='block_1_59' title="bbox 2188 2893 2416 2953">
    <p class='ocr_par' dir='ltr' id='par_1_59' title="bbox 2188 2893 2416 2953">
     <span class='ocr_line' id='line_1_59' title="bbox 2188 2893 2416 2953; baseline -0.004 -14"><span class='ocrx_word' id='word_1_415' title='bbox 2188 2893 2416 2953; x_wconf 85' lang='lat' dir='ltr'><strong>perstes.</strong></span> 
     </span>
    </p>
   </div>
   <div class='ocr_carea' id='block_1_60' title="bbox 2781 2953 3188 3008">
    <p class='ocr_par' dir='ltr' id='par_1_60' title="bbox 2781 2953 3188 3008">
     <span class='ocr_line' id='line_1_60' title="bbox 2781 2953 3188 3008; baseline -0.005 0"><span class='ocrx_word' id='word_1_416' title='bbox 2781 2954 3007 3008; x_wconf 81' lang='lat' dir='ltr'><strong>CAPUT</strong></span> <span class='ocrx_word' id='word_1_417' title='bbox 3048 2953 3188 3008; x_wconf 77' lang='lat' dir='ltr'><strong>XIV.</strong></span> 
     </span>
    </p>
   </div>
   <div class='ocr_carea' id='block_1_61' title="bbox 2187 3044 3779 3112">
    <p class='ocr_par' dir='ltr' id='par_1_61' title="bbox 2187 3044 3779 3112">
     <span class='ocr_line' id='line_1_61' title="bbox 2187 3044 3779 3112; baseline -0.001 -11"><span class='ocrx_word' id='word_1_418' title='bbox 2187 3044 2411 3101; x_wconf 80' lang='lat' dir='ltr'><strong>Thomas</strong></span> <span class='ocrx_word' id='word_1_419' title='bbox 2437 3061 2591 3101; x_wconf 70' lang='lat' dir='ltr'><strong>senex</strong></span> <span class='ocrx_word' id='word_1_420' title='bbox 2618 3045 2936 3112; x_wconf 86' lang='lat' dir='ltr'><strong>venerabilis,</strong></span> <span class='ocrx_word' id='word_1_421' title='bbox 2967 3056 3169 3100; x_wconf 87' lang='lat' dir='ltr'><strong>calamo</strong></span> <span class='ocrx_word' id='word_1_422' title='bbox 3210 3061 3301 3100; x_wconf 85' lang='lat' dir='ltr'><strong>seu</strong></span> <span class='ocrx_word' id='word_1_423' title='bbox 3342 3044 3553 3099; x_wconf 89' lang='lat' dir='ltr'><strong>calamis</strong></span> <span class='ocrx_word' id='word_1_424' title='bbox 3593 3058 3779 3099; x_wconf 75' lang='lat' dir='ltr'><strong>cwsns.</strong></span> 
     </span>
    </p>
   </div>
   <div class='ocr_carea' id='block_1_62' title="bbox 496 3138 3781 3227">
    <p class='ocr_par' dir='ltr' id='par_1_62' title="bbox 496 3138 3781 3227">
     <span class='ocr_line' id='line_1_62' title="bbox 496 3138 3781 3227; baseline -0.002 -19"><span class='ocrx_word' id='word_1_425' title='bbox 496 3155 746 3217; x_wconf 68' lang='lat' dir='ltr'><strong>obsttre,</strong></span> <span class='ocrx_word' id='word_1_426' title='bbox 777 3168 843 3206; x_wconf 90' lang='lat' dir='ltr'><strong>ne</strong></span> <span class='ocrx_word' id='word_1_427' title='bbox 879 3155 1051 3206; x_wconf 87' lang='lat' dir='ltr'><strong>dicam</strong></span> <span class='ocrx_word' id='word_1_428' title='bbox 1093 3152 1289 3219; x_wconf 89' lang='lat' dir='ltr'><strong>inepte.</strong></span> <span class='ocrx_word' id='word_1_429' title='bbox 1331 3149 1420 3205; x_wconf 90' lang='lat' dir='ltr'><strong>Sic</strong></span> <span class='ocrx_word' id='word_1_430' title='bbox 1458 3165 1586 3219; x_wconf 88' lang='lat' dir='ltr'><strong>ergo</strong></span> <span class='ocrx_word' id='word_1_431' title='bbox 1619 3150 1759 3204; x_wconf 93' lang='lat' dir='ltr'><strong>hunc</strong></span> <span class='ocrx_word' id='word_1_432' title='bbox 1798 3150 1973 3203; x_wconf 90' lang='lat' dir='ltr'><strong>locum</strong></span> <span class='ocrx_word' id='word_1_433' title='bbox 2004 3150 2076 3202; x_wconf 73' lang='lat' dir='ltr'><strong>tli-</strong></span> <span class='ocrx_word' id='word_1_434' title='bbox 2110 3138 2157 3202; x_wconf 76' lang='grc' dir='ltr'><strong>Ο</strong></span> <span class='ocrx_word' id='word_1_435' title='bbox 2258 3157 2468 3227; x_wconf 70' lang='lat' dir='ltr'><strong>Vulgali</strong></span> <span class='ocrx_word' id='word_1_436' title='bbox 2516 3159 2846 3213; x_wconf 66' lang='lat' dir='ltr'><strong>recentiores</strong></span> <span class='ocrx_word' id='word_1_437' title='bbox 2892 3158 2988 3211; x_wconf 79' lang='lat' dir='ltr'><strong>lib,</strong></span> <span class='ocrx_word' id='word_1_438' title='bbox 3019 3173 3034 3211; x_wconf 91' lang='grc' dir='ltr'><strong>ι</strong></span> <span class='ocrx_word' id='word_1_439' title='bbox 3069 3174 3083 3211; x_wconf 82' lang='lat'><strong>:</strong></span> <span class='ocrx_word' id='word_1_440' title='bbox 3126 3157 3483 3211; x_wconf 77' lang='lat' dir='ltr'><strong>Venerabilem</strong></span> <span class='ocrx_word' id='word_1_441' title='bbox 3521 3171 3692 3209; x_wconf 78' lang='lat' dir='ltr'><strong>senem</strong></span> <span class='ocrx_word' id='word_1_442' title='bbox 3725 3156 3781 3209; x_wconf 77' lang='lat' dir='ltr'><strong>in</strong></span> 
     </span>
    </p>
   </div>
   <div class='ocr_carea' id='block_1_63' title="bbox 496 3240 2083 3300">
    <p class='ocr_par' dir='ltr' id='par_1_63' title="bbox 496 3240 2083 3300">
     <span class='ocr_line' id='line_1_63' title="bbox 496 3240 2083 3300; baseline -0.004 0"><span class='ocrx_word' id='word_1_443' title='bbox 496 3247 606 3300; x_wconf 89' lang='lat' dir='ltr'><strong>tide</strong></span> <span class='ocrx_word' id='word_1_444' title='bbox 641 3245 916 3299; x_wconf 81' lang='lat' dir='ltr'><strong>reddimus</strong></span> <span class='ocrx_word' id='word_1_445' title='bbox 954 3259 1021 3297; x_wconf 76' lang='lat' dir='ltr'><strong>ex</strong></span> <span class='ocrx_word' id='word_1_446' title='bbox 1065 3241 1251 3297; x_wconf 88' lang='lat' dir='ltr'><strong>codice</strong></span> <span class='ocrx_word' id='word_1_447' title='bbox 1292 3242 1541 3296; x_wconf 73' lang='lat' dir='ltr'><strong>cartusite</strong></span> <span class='ocrx_word' id='word_1_448' title='bbox 1588 3241 1909 3295; x_wconf 86' lang='lat' dir='ltr'><strong>Portarum:</strong></span> <span class='ocrx_word' id='word_1_449' title='bbox 1944 3240 2083 3293; x_wconf 83' lang='lat' dir='ltr'><strong>Nam</strong></span> 
     </span>
    </p>
   </div>
   <div class='ocr_carea' id='block_1_64' title="bbox 498 3332 2084 3404">
    <p class='ocr_par' dir='ltr' id='par_1_64' title="bbox 498 3332 2084 3404">
     <span class='ocr_line' id='line_1_64' title="bbox 498 3332 2084 3404; baseline -0.003 -13"><span class='ocrx_word' id='word_1_450' title='bbox 498 3338 581 3391; x_wconf 85' lang='lat' dir='ltr'><strong>die</strong></span> <span class='ocrx_word' id='word_1_451' title='bbox 618 3336 943 3391; x_wconf 83' lang='lat' dir='ltr'><strong>Ascensionis</strong></span> <span class='ocrx_word' id='word_1_452' title='bbox 992 3334 1232 3402; x_wconf 88' lang='lat' dir='ltr'><strong>Domini,</strong></span> <span class='ocrx_word' id='word_1_453' title='bbox 1281 3332 1446 3404; x_wconf 87' lang='lat' dir='ltr'><strong>legato</strong></span> <span class='ocrx_word' id='word_1_454' title='bbox 1489 3333 1712 3388; x_wconf 88' lang='lat' dir='ltr'><strong>Zenonis</strong></span> <span class='ocrx_word' id='word_1_455' title='bbox 1764 3335 2084 3404; x_wconf 80' lang='lat' dir='ltr'><strong>imperatoris</strong></span> 
     </span>
    </p>
   </div>
   <div class='ocr_carea' id='block_1_65' title="bbox 500 3427 2081 3503">
    <p class='ocr_par' dir='ltr' id='par_1_65' title="bbox 500 3427 2081 3503">
     <span class='ocr_line' id='line_1_65' title="bbox 500 3427 2081 3503; baseline -0.002 -19"><span class='ocrx_word' id='word_1_456' title='bbox 500 3430 697 3503; x_wconf 83' lang='lat' dir='ltr'><strong>Regina</strong></span> <span class='ocrx_word' id='word_1_457' title='bbox 723 3438 994 3499; x_wconf 70' lang='lat' dir='ltr'><strong>prmsenle,</strong></span> <span class='ocrx_word' id='word_1_458' title='bbox 1029 3428 1318 3499; x_wconf 78' lang='lat' dir='ltr'><strong>legendum,</strong></span> <span class='ocrx_word' id='word_1_459' title='bbox 1349 3436 1455 3481; x_wconf 86' lang='lat' dir='ltr'><strong>etc.</strong></span> <span class='ocrx_word' id='word_1_460' title='bbox 1486 3427 1569 3481; x_wconf 87' lang='lat' dir='ltr'><strong>An</strong></span> <span class='ocrx_word' id='word_1_461' title='bbox 1610 3427 1695 3482; x_wconf 90' lang='lat' dir='ltr'><strong>hic</strong></span> <span class='ocrx_word' id='word_1_462' title='bbox 1726 3428 1838 3495; x_wconf 85' lang='lat' dir='ltr'><strong>ipse</strong></span> <span class='ocrx_word' id='word_1_463' title='bbox 1878 3427 1946 3480; x_wconf 87' lang='lat' dir='ltr'><strong>sit</strong></span> <span class='ocrx_word' id='word_1_464' title='bbox 1976 3427 2081 3481; x_wconf 77' lang='lat' dir='ltr'><strong>lle-</strong></span> 
     </span>
    </p>
   </div>
   <div class='ocr_carea' id='block_1_66' title="bbox 498 3516 2084 3594">
    <p class='ocr_par' dir='ltr' id='par_1_66' title="bbox 498 3516 2084 3594">
     <span class='ocr_line' id='line_1_66' title="bbox 498 3516 2084 3594; baseline -0.003 -17"><span class='ocrx_word' id='word_1_465' title='bbox 498 3525 654 3594; x_wconf 85' lang='lat' dir='ltr'><strong>ginus</strong></span> <span class='ocrx_word' id='word_1_466' title='bbox 682 3537 865 3575; x_wconf 86' lang='lat' dir='ltr'><strong>comes</strong></span> <span class='ocrx_word' id='word_1_467' title='bbox 897 3520 961 3573; x_wconf 88' lang='lat' dir='ltr'><strong>ad</strong></span> <span class='ocrx_word' id='word_1_468' title='bbox 994 3536 1152 3588; x_wconf 83' lang='lat' dir='ltr'><strong>quem</strong></span> <span class='ocrx_word' id='word_1_469' title='bbox 1193 3530 1275 3573; x_wconf 88' lang='lat' dir='ltr'><strong>est</strong></span> <span class='ocrx_word' id='word_1_470' title='bbox 1311 3518 1565 3573; x_wconf 74' lang='lat' dir='ltr'><strong>Ferrandt</strong></span> <span class='ocrx_word' id='word_1_471' title='bbox 1596 3518 1804 3572; x_wconf 84' lang='lat' dir='ltr'><strong>diaconi</strong></span> <span class='ocrx_word' id='word_1_472' title='bbox 1853 3516 1988 3571; x_wconf 89' lang='lat' dir='ltr'><strong>liber</strong></span> <span class='ocrx_word' id='word_1_473' title='bbox 2017 3517 2084 3572; x_wconf 90' lang='lat' dir='ltr'><strong>de</strong></span> 
     </span>
    </p>
   </div>
   <div class='ocr_carea' id='block_1_67' title="bbox 498 3613 2081 3685">
    <p class='ocr_par' dir='ltr' id='par_1_67' title="bbox 498 3613 2081 3685">
     <span class='ocr_line' id='line_1_67' title="bbox 498 3613 2081 3685; baseline -0.003 -15"><span class='ocrx_word' id='word_1_474' title='bbox 498 3625 704 3685; x_wconf 77' lang='lat' dir='ltr'><strong>septem</strong></span> <span class='ocrx_word' id='word_1_475' title='bbox 730 3614 949 3683; x_wconf 79' lang='lat' dir='ltr'><strong>llegulis</strong></span> <span class='ocrx_word' id='word_1_476' title='bbox 981 3613 1319 3677; x_wconf 67' lang='lat' dir='ltr'><strong>innocentiae,</strong></span> <span class='ocrx_word' id='word_1_477' title='bbox 1363 3616 1417 3666; x_wconf 90' lang='lat' dir='ltr'><strong>in</strong></span> <span class='ocrx_word' id='word_1_478' title='bbox 1459 3613 1636 3666; x_wconf 86' lang='lat' dir='ltr'><strong>medio</strong></span> <span class='ocrx_word' id='word_1_479' title='bbox 1666 3613 1930 3683; x_wconf 81' lang='lat' dir='ltr'><strong>relinquo,</strong></span> <span class='ocrx_word' id='word_1_480' title='bbox 1962 3627 2081 3666; x_wconf 91' lang='lat' dir='ltr'><strong>cum</strong></span> 
     </span>
    </p>
   </div>
   <div class='ocr_carea' id='block_1_68' title="bbox 499 3709 1719 3780">
    <p class='ocr_par' dir='ltr' id='par_1_68' title="bbox 499 3709 1719 3780">
     <span class='ocr_line' id='line_1_68' title="bbox 499 3709 1719 3780; baseline -0.004 -15"><span class='ocrx_word' id='word_1_481' title='bbox 499 3710 551 3765; x_wconf 80' lang='lat' dir='ltr'><strong>id</strong></span> <span class='ocrx_word' id='word_1_482' title='bbox 574 3727 747 3780; x_wconf 88' lang='lat' dir='ltr'><strong>neque</strong></span> <span class='ocrx_word' id='word_1_483' title='bbox 772 3726 970 3780; x_wconf 90' lang='lat' dir='ltr'><strong>negare</strong></span> <span class='ocrx_word' id='word_1_484' title='bbox 991 3711 1165 3764; x_wconf 89' lang='lat' dir='ltr'><strong>ausim</strong></span> <span class='ocrx_word' id='word_1_485' title='bbox 1186 3750 1199 3772; x_wconf 96' lang='lat'><strong>,</strong></span> <span class='ocrx_word' id='word_1_486' title='bbox 1230 3724 1404 3778; x_wconf 86' lang='lat' dir='ltr'><strong>neque</strong></span> <span class='ocrx_word' id='word_1_487' title='bbox 1432 3709 1719 3762; x_wconf 88' lang='lat' dir='ltr'><strong>allirmare.</strong></span> 
     </span>
    </p>
   </div>
   <div class='ocr_carea' id='block_1_69' title="bbox 1089 3821 1492 3876">
    <p class='ocr_par' dir='ltr' id='par_1_69' title="bbox 1089 3821 1492 3876">
     <span class='ocr_line' id='line_1_69' title="bbox 1089 3821 1492 3876; baseline 0 -1"><span class='ocrx_word' id='word_1_488' title='bbox 1089 3821 1314 3876; x_wconf 81' lang='lat' dir='ltr'><strong>CAPUT</strong></span> <span class='ocrx_word' id='word_1_489' title='bbox 1356 3821 1492 3875; x_wconf 79' lang='lat' dir='ltr'><strong>Xlll.</strong></span> 
     </span>
    </p>
   </div>
   <div class='ocr_carea' id='block_1_70' title="bbox 498 3911 2085 3983">
    <p class='ocr_par' dir='ltr' id='par_1_70' title="bbox 498 3911 2085 3983">
     <span class='ocr_line' id='line_1_70' title="bbox 498 3911 2085 3983; baseline -0.001 -17"><span class='ocrx_word' id='word_1_490' title='bbox 498 3911 919 3983; x_wconf 83' lang='lat' dir='ltr'><strong>Carlhaginenses</strong></span> <span class='ocrx_word' id='word_1_491' title='bbox 945 3912 1166 3981; x_wconf 86' lang='lat' dir='ltr'><strong>episcopi</strong></span> <span class='ocrx_word' id='word_1_492' title='bbox 1186 3930 1216 3963; x_wconf 90' lang='lat' dir='ltr'><strong>a</strong></span> <span class='ocrx_word' id='word_1_493' title='bbox 1246 3911 1446 3983; x_wconf 24' lang='lat' dir='ltr'><strong>Viictore</strong></span> <span class='ocrx_word' id='word_1_494' title='bbox 1476 3914 1761 3983; x_wconf 77' lang='lat' dir='ltr'><strong>memorati,</strong></span> <span class='ocrx_word' id='word_1_495' title='bbox 1798 3912 2085 3979; x_wconf 69' lang='lat' dir='ltr'><strong>Quodvult-</strong></span> 
     </span>
    </p>
   </div>
   <div class='ocr_carea' id='block_1_71' title="bbox 743 3982 1819 4052">
    <p class='ocr_par' dir='ltr' id='par_1_71' title="bbox 743 3982 1819 4052">
     <span class='ocr_line' id='line_1_71' title="bbox 743 3982 1819 4052; baseline 0.001 -17"><span class='ocrx_word' id='word_1_496' title='bbox 743 3990 889 4047; x_wconf 85' lang='lat' dir='ltr'><strong>deus,</strong></span> <span class='ocrx_word' id='word_1_497' title='bbox 925 3983 1240 4052; x_wconf 84' lang='lat' dir='ltr'><strong>Deogralias,</strong></span> <span class='ocrx_word' id='word_1_498' title='bbox 1269 3982 1510 4046; x_wconf 79' lang='lat' dir='ltr'><strong>Thomas,</strong></span> <span class='ocrx_word' id='word_1_499' title='bbox 1541 3982 1819 4051; x_wconf 82' lang='lat' dir='ltr'><strong>Eugenius.</strong></span> 
     </span>
    </p>
   </div>
   <div class='ocr_carea' id='block_1_72' title="bbox 567 4074 2085 4139">
    <p class='ocr_par' dir='ltr' id='par_1_72' title="bbox 567 4074 2085 4139">
     <span class='ocr_line' id='line_1_72' title="bbox 567 4074 2085 4139; baseline -0.001 -9"><span class='ocrx_word' id='word_1_500' title='bbox 567 4075 647 4130; x_wconf 84' lang='lat' dir='ltr'><strong>Ex</strong></span> <span class='ocrx_word' id='word_1_501' title='bbox 679 4074 780 4130; x_wconf 89' lang='lat' dir='ltr'><strong>hoc</strong></span> <span class='ocrx_word' id='word_1_502' title='bbox 811 4090 1034 4129; x_wconf 87' lang='lat' dir='ltr'><strong>nuntero</strong></span> <span class='ocrx_word' id='word_1_503' title='bbox 1060 4074 1321 4128; x_wconf 85' lang='lat' dir='ltr'><strong>Thomam</strong></span> <span class='ocrx_word' id='word_1_504' title='bbox 1353 4076 1582 4129; x_wconf 77' lang='lat' dir='ltr'><strong>exclusit</strong></span> <span class='ocrx_word' id='word_1_505' title='bbox 1613 4076 1894 4139; x_wconf 87' lang='lat' dir='ltr'><strong>Baronius,</strong></span> <span class='ocrx_word' id='word_1_506' title='bbox 1929 4090 2085 4129; x_wconf 88' lang='lat' dir='ltr'><strong>secu-</strong></span> 
     </span>
    </p>
   </div>
   <div class='ocr_carea' id='block_1_73' title="bbox 496 4168 2085 4235">
    <p class='ocr_par' dir='ltr' id='par_1_73' title="bbox 496 4168 2085 4235">
     <span class='ocr_line' id='line_1_73' title="bbox 496 4168 2085 4235; baseline -0.001 -12"><span class='ocrx_word' id='word_1_507' title='bbox 496 4178 583 4223; x_wconf 88' lang='lat' dir='ltr'><strong>tus</strong></span> <span class='ocrx_word' id='word_1_508' title='bbox 612 4170 942 4222; x_wconf 69' lang='lat' dir='ltr'><strong>recentiores</strong></span> <span class='ocrx_word' id='word_1_509' title='bbox 975 4168 1204 4221; x_wconf 87' lang='lat' dir='ltr'><strong>Victoris</strong></span> <span class='ocrx_word' id='word_1_510' title='bbox 1234 4168 1521 4231; x_wconf 86' lang='lat' dir='ltr'><strong>editiones,</strong></span> <span class='ocrx_word' id='word_1_511' title='bbox 1552 4181 1672 4235; x_wconf 75' lang='lat' dir='ltr'><strong>qua:</strong></span> <span class='ocrx_word' id='word_1_512' title='bbox 1710 4168 1802 4220; x_wconf 90' lang='lat' dir='ltr'><strong>ltb.</strong></span> <span class='ocrx_word' id='word_1_513' title='bbox 1829 4184 1844 4221; x_wconf 94' lang='lat' dir='ltr'><strong>l</strong></span> <span class='ocrx_word' id='word_1_514' title='bbox 1876 4169 1954 4223; x_wconf 91' lang='lat' dir='ltr'><strong>sic</strong></span> <span class='ocrx_word' id='word_1_515' title='bbox 1990 4168 2085 4222; x_wconf 87' lang='lat' dir='ltr'><strong>ha-</strong></span> 
     </span>
    </p>
   </div>
   <div class='ocr_carea' id='block_1_74' title="bbox 497 4257 2079 4328">
    <p class='ocr_par' dir='ltr' id='par_1_74' title="bbox 497 4257 2079 4328">
     <span class='ocr_line' id='line_1_74' title="bbox 497 4257 2079 4328; baseline -0.001 -15"><span class='ocrx_word' id='word_1_516' title='bbox 497 4261 624 4315; x_wconf 89' lang='lat' dir='ltr'><strong>bent</strong></span> <span class='ocrx_word' id='word_1_517' title='bbox 652 4260 918 4328; x_wconf 70' lang='lat' dir='ltr'><strong>pleratque</strong></span> <span class='ocrx_word' id='word_1_518' title='bbox 947 4277 958 4309; x_wconf 90' lang='lat'>:</span> <span class='ocrx_word' id='word_1_519' title='bbox 996 4258 1277 4311; x_wconf 83' lang='lat' dir='ltr'><strong>Ordinatur</strong></span> <span class='ocrx_word' id='word_1_520' title='bbox 1303 4257 1562 4326; x_wconf 88' lang='lat' dir='ltr'><strong>quondam</strong></span> <span class='ocrx_word' id='word_1_521' title='bbox 1601 4261 1870 4311; x_wconf 86' lang='lat' dir='ltr'><strong>memorati</strong></span> <span class='ocrx_word' id='word_1_522' title='bbox 1906 4275 2079 4312; x_wconf 87' lang='lat' dir='ltr'><strong>sacer—</strong></span> 
     </span>
    </p>
   </div>
   <div class='ocr_carea' id='block_1_75' title="bbox 495 4347 2076 4418">
    <p class='ocr_par' dir='ltr' id='par_1_75' title="bbox 495 4347 2076 4418">
     <span class='ocr_line' id='line_1_75' title="bbox 495 4347 2076 4418; baseline 0.002 -17"><span class='ocrx_word' id='word_1_523' title='bbox 495 4350 631 4403; x_wconf 85' lang='lat' dir='ltr'><strong>dotis</strong></span> <span class='ocrx_word' id='word_1_524' title='bbox 671 4352 888 4417; x_wconf 80' lang='lat' dir='ltr'><strong>(nempe</strong></span> <span class='ocrx_word' id='word_1_525' title='bbox 927 4348 1163 4417; x_wconf 82' lang='lat' dir='ltr'><strong>episcopi</strong></span> <span class='ocrx_word' id='word_1_526' title='bbox 1212 4347 1554 4418; x_wconf 78' lang='lat' dir='ltr'><strong>Deogratias)</strong></span> <span class='ocrx_word' id='word_1_527' title='bbox 1599 4350 1802 4401; x_wconf 86' lang='lat' dir='ltr'><strong>nomine</strong></span> <span class='ocrx_word' id='word_1_528' title='bbox 1831 4349 2076 4416; x_wconf 86' lang='lat' dir='ltr'><strong>Thomas,</strong></span> 
     </span>
    </p>
   </div>
   <div class='ocr_carea' id='block_1_76' title="bbox 494 4439 2080 4511">
    <p class='ocr_par' dir='ltr' id='par_1_76' title="bbox 494 4439 2080 4511">
     <span class='ocr_line' id='line_1_76' title="bbox 494 4439 2080 4511; baseline 0.003 -20"><span class='ocrx_word' id='word_1_529' title='bbox 494 4441 617 4492; x_wconf 83' lang='lat' dir='ltr'><strong>dum</strong></span> <span class='ocrx_word' id='word_1_530' title='bbox 646 4441 797 4493; x_wconf 78' lang='lat' dir='ltr'><strong>rariis</strong></span> <span class='ocrx_word' id='word_1_531' title='bbox 840 4440 903 4493; x_wconf 88' lang='lat' dir='ltr'><strong>ab</strong></span> <span class='ocrx_word' id='word_1_532' title='bbox 934 4441 1005 4494; x_wconf 85' lang='lat' dir='ltr'><strong>eis</strong></span> <span class='ocrx_word' id='word_1_533' title='bbox 1032 4439 1233 4493; x_wconf 85' lang='lat' dir='ltr'><strong>insidiis</strong></span> <span class='ocrx_word' id='word_1_534' title='bbox 1281 4440 1469 4507; x_wconf 73' lang='lat' dir='ltr'><strong>swpius</strong></span> <span class='ocrx_word' id='word_1_535' title='bbox 1510 4450 1819 4505; x_wconf 86' lang='lat' dir='ltr'><strong>arctarelur,</strong></span> <span class='ocrx_word' id='word_1_536' title='bbox 1860 4442 2080 4511; x_wconf 87' lang='lat' dir='ltr'><strong>quodam</strong></span> 
     </span>
    </p>
   </div>
   <div class='ocr_carea' id='block_1_77' title="bbox 2188 3246 3779 3319">
    <p class='ocr_par' dir='ltr' id='par_1_77' title="bbox 2188 3246 3779 3319">
     <span class='ocr_line' id='line_1_77' title="bbox 2188 3246 3779 3319; baseline -0.002 -17"><span class='ocrx_word' id='word_1_537' title='bbox 2188 3250 2390 3319; x_wconf 85' lang='lat' dir='ltr'><strong>publica</strong></span> <span class='ocrx_word' id='word_1_538' title='bbox 2435 3250 2566 3318; x_wconf 77' lang='lat' dir='ltr'><strong>{acie</strong></span> <span class='ocrx_word' id='word_1_539' title='bbox 2610 3250 2822 3302; x_wconf 86' lang='lat' dir='ltr'><strong>calamis</strong></span> <span class='ocrx_word' id='word_1_540' title='bbox 2872 3249 3183 3302; x_wconf 87' lang='lat' dir='ltr'><strong>ceciderunt.</strong></span> <span class='ocrx_word' id='word_1_541' title='bbox 3232 3248 3414 3302; x_wconf 83' lang='lat' dir='ltr'><strong>Codex</strong></span> <span class='ocrx_word' id='word_1_542' title='bbox 3464 3246 3779 3310; x_wconf 84' lang='lat' dir='ltr'><strong>Pattarnm,</strong></span> 
     </span>
    </p>
   </div>
   <div class='ocr_carea' id='block_1_78' title="bbox 2186 3338 3781 3405">
    <p class='ocr_par' dir='ltr' id='par_1_78' title="bbox 2186 3338 3781 3405">
     <span class='ocr_line' id='line_1_78' title="bbox 2186 3338 3781 3405; baseline -0.001 -13"><span class='ocrx_word' id='word_1_543' title='bbox 2186 3349 2385 3394; x_wconf 89' lang='lat' dir='ltr'><strong>calamo</strong></span> <span class='ocrx_word' id='word_1_544' title='bbox 2408 3356 2426 3393; x_wconf 90' lang='lat'><strong><em>:</em></strong></span> <span class='ocrx_word' id='word_1_545' title='bbox 2459 3340 2621 3394; x_wconf 88' lang='lat' dir='ltr'><strong>editio</strong></span> <span class='ocrx_word' id='word_1_546' title='bbox 2644 3339 2832 3395; x_wconf 82' lang='lat' dir='ltr'><strong>Colon.</strong></span> <span class='ocrx_word' id='word_1_547' title='bbox 2863 3340 3023 3405; x_wconf 78' lang='grc'><strong>1555,</strong></span> <span class='ocrx_word' id='word_1_548' title='bbox 3062 3340 3322 3392; x_wconf 82' lang='lat' dir='ltr'><strong>calhomos</strong></span> <span class='ocrx_word' id='word_1_549' title='bbox 3366 3338 3639 3393; x_wconf 84' lang='lat' dir='ltr'><strong>mendose.</strong></span> <span class='ocrx_word' id='word_1_550' title='bbox 3673 3340 3781 3392; x_wconf 84' lang='lat' dir='ltr'><strong>Ca-</strong></span> 
     </span>
    </p>
   </div>
   <div class='ocr_carea' id='block_1_79' title="bbox 2188 3432 3779 3500">
    <p class='ocr_par' dir='ltr' id='par_1_79' title="bbox 2188 3432 3779 3500">
     <span class='ocr_line' id='line_1_79' title="bbox 2188 3432 3779 3500; baseline -0.004 -13"><span class='ocrx_word' id='word_1_551' title='bbox 2188 3442 2335 3488; x_wconf 91' lang='lat' dir='ltr'><strong>tomo</strong></span> <span class='ocrx_word' id='word_1_552' title='bbox 2376 3444 2427 3486; x_wconf 92' lang='lat' dir='ltr'><strong>et</strong></span> <span class='ocrx_word' id='word_1_553' title='bbox 2458 3433 2682 3485; x_wconf 85' lang='lat' dir='ltr'><strong>calamis</strong></span> <span class='ocrx_word' id='word_1_554' title='bbox 2719 3432 3102 3487; x_wconf 83' lang='lat' dir='ltr'><strong>adverbialiter</strong></span> <span class='ocrx_word' id='word_1_555' title='bbox 3148 3432 3423 3500; x_wconf 53' lang='lat' dir='ltr'><strong>usurpari,</strong></span> <span class='ocrx_word' id='word_1_556' title='bbox 3468 3432 3609 3485; x_wconf 91' lang='lat' dir='ltr'><strong>ultro</strong></span> <span class='ocrx_word' id='word_1_557' title='bbox 3646 3444 3779 3484; x_wconf 84' lang='lat' dir='ltr'><strong>can-</strong></span> 
     </span>
    </p>
   </div>
   <div class='ocr_carea' id='block_1_80' title="bbox 2186 3522 3775 3596">
    <p class='ocr_par' dir='ltr' id='par_1_80' title="bbox 2186 3522 3775 3596">
     <span class='ocr_line' id='line_1_80' title="bbox 2186 3522 3775 3596; baseline -0.004 -15"><span class='ocrx_word' id='word_1_558' title='bbox 2186 3527 2441 3581; x_wconf 90' lang='lat' dir='ltr'><strong>cesserim</strong></span> <span class='ocrx_word' id='word_1_559' title='bbox 2474 3525 2776 3596; x_wconf 70' lang='lat' dir='ltr'><strong>Rosweydo</strong></span> <span class='ocrx_word' id='word_1_560' title='bbox 2805 3526 2855 3577; x_wconf 84' lang='lat' dir='ltr'><strong>in</strong></span> <span class='ocrx_word' id='word_1_561' title='bbox 2887 3524 3321 3594; x_wconf 83' lang='lat' dir='ltr'><strong>Martyrologium</strong></span> <span class='ocrx_word' id='word_1_562' title='bbox 3346 3524 3566 3586; x_wconf 85' lang='lat' dir='ltr'><strong>Adoais,</strong></span> <span class='ocrx_word' id='word_1_563' title='bbox 3600 3523 3666 3576; x_wconf 76' lang='grc'><strong>15</strong></span> <span class='ocrx_word' id='word_1_564' title='bbox 3687 3522 3775 3575; x_wconf 83' lang='lat' dir='ltr'><strong>Ju-</strong></span> 
     </span>
    </p>
   </div>
   <div class='ocr_carea' id='block_1_81' title="bbox 2187 3616 3776 3685">
    <p class='ocr_par' dir='ltr' id='par_1_81' title="bbox 2187 3616 3776 3685">
     <span class='ocr_line' id='line_1_81' title="bbox 2187 3616 3776 3685; baseline -0.004 -13"><span class='ocrx_word' id='word_1_565' title='bbox 2187 3618 2294 3685; x_wconf 93' lang='lat' dir='ltr'><strong>nii,</strong></span> <span class='ocrx_word' id='word_1_566' title='bbox 2324 3630 2377 3673; x_wconf 91' lang='lat' dir='ltr'><strong>et</strong></span> <span class='ocrx_word' id='word_1_567' title='bbox 2407 3617 2661 3672; x_wconf 72' lang='lat' dir='ltr'><strong>Lacerdin</strong></span> <span class='ocrx_word' id='word_1_568' title='bbox 2704 3620 2757 3671; x_wconf 93' lang='lat' dir='ltr'><strong>in</strong></span> <span class='ocrx_word' id='word_1_569' title='bbox 2794 3616 3130 3671; x_wconf 81' lang='lat' dir='ltr'><strong>Adversariis</strong></span> <span class='ocrx_word' id='word_1_570' title='bbox 3160 3617 3343 3671; x_wconf 88' lang='lat' dir='ltr'><strong>sacris.</strong></span> <span class='ocrx_word' id='word_1_571' title='bbox 3382 3616 3449 3671; x_wconf 87' lang='lat' dir='ltr'><strong>At</strong></span> <span class='ocrx_word' id='word_1_572' title='bbox 3492 3630 3611 3668; x_wconf 88' lang='lat' dir='ltr'><strong>cum</strong></span> <span class='ocrx_word' id='word_1_573' title='bbox 3660 3616 3776 3682; x_wconf 84' lang='lat' dir='ltr'><strong>lego</strong></span> 
     </span>
    </p>
   </div>
   <div class='ocr_carea' id='block_1_82' title="bbox 2184 3706 3776 3780">
    <p class='ocr_par' dir='ltr' id='par_1_82' title="bbox 2184 3706 3776 3780">
     <span class='ocr_line' id='line_1_82' title="bbox 2184 3706 3776 3780; baseline -0.003 -16"><span class='ocrx_word' id='word_1_574' title='bbox 2184 3711 2240 3765; x_wconf 89' lang='lat' dir='ltr'><strong>in</strong></span> <span class='ocrx_word' id='word_1_575' title='bbox 2278 3711 2412 3764; x_wconf 84' lang='lat' dir='ltr'><strong>actis</strong></span> <span class='ocrx_word' id='word_1_576' title='bbox 2450 3710 2664 3780; x_wconf 74' lang='lat' dir='ltr'><strong>Babylze</strong></span> <span class='ocrx_word' id='word_1_577' title='bbox 2712 3710 2991 3779; x_wconf 83' lang='lat' dir='ltr'><strong>martyris,</strong></span> <span class='ocrx_word' id='word_1_578' title='bbox 3023 3709 3092 3763; x_wconf 71' lang='grc'><strong>21</strong></span> <span class='ocrx_word' id='word_1_579' title='bbox 3138 3708 3375 3763; x_wconf 82' lang='lat' dir='ltr'><strong>Januarii</strong></span> <span class='ocrx_word' id='word_1_580' title='bbox 3402 3727 3414 3760; x_wconf 87' lang='lat'><strong>:</strong></span> <span class='ocrx_word' id='word_1_581' title='bbox 3446 3706 3625 3761; x_wconf 83' lang='lat' dir='ltr'><strong>Iratus</strong></span> <span class='ocrx_word' id='word_1_582' title='bbox 3658 3724 3776 3760; x_wconf 81' lang='lat' dir='ltr'><strong>vero</strong></span> 
     </span>
    </p>
   </div>
   <div class='ocr_carea' id='block_1_83' title="bbox 2189 3800 3773 3870">
    <p class='ocr_par' dir='ltr' id='par_1_83' title="bbox 2189 3800 3773 3870">
     <span class='ocr_line' id='line_1_83' title="bbox 2189 3800 3773 3870; baseline -0.001 -17"><span class='ocrx_word' id='word_1_583' title='bbox 2189 3800 2542 3854; x_wconf 75' lang='lat' dir='ltr'><strong>Numet&#39;ianus</strong></span> <span class='ocrx_word' id='word_1_584' title='bbox 2574 3801 2733 3870; x_wconf 84' lang='lat' dir='ltr'><strong>jussit</strong></span> <span class='ocrx_word' id='word_1_585' title='bbox 2766 3809 2866 3853; x_wconf 57' lang='lat' dir='ltr'><strong>tris</strong></span> <span class='ocrx_word' id='word_1_586' title='bbox 2910 3802 3133 3870; x_wconf 78' lang='lat' dir='ltr'><strong>infantes</strong></span> <span class='ocrx_word' id='word_1_587' title='bbox 3172 3801 3328 3853; x_wconf 77' lang='lat' dir='ltr'><strong>levari</strong></span> <span class='ocrx_word' id='word_1_588' title='bbox 3369 3801 3422 3853; x_wconf 86' lang='lat' dir='ltr'><strong>in</strong></span> <span class='ocrx_word' id='word_1_589' title='bbox 3458 3813 3654 3853; x_wconf 84' lang='lat' dir='ltr'><strong>calamo</strong></span> <span class='ocrx_word' id='word_1_590' title='bbox 3678 3815 3696 3853; x_wconf 89' lang='lat'><strong><em>:</em></strong></span> <span class='ocrx_word' id='word_1_591' title='bbox 3724 3808 3773 3853; x_wconf 73' lang='lat' dir='ltr'><strong>et</strong></span> 
     </span>
    </p>
   </div>
   <div class='ocr_carea' id='block_1_84' title="bbox 2187 3888 3774 3961">
    <p class='ocr_par' dir='ltr' id='par_1_84' title="bbox 2187 3888 3774 3961">
     <span class='ocr_line' id='line_1_84' title="bbox 2187 3888 3774 3961; baseline 0 -19"><span class='ocrx_word' id='word_1_592' title='bbox 2187 3891 2350 3958; x_wconf 84' lang='lat' dir='ltr'><strong>priori</strong></span> <span class='ocrx_word' id='word_1_593' title='bbox 2381 3890 2496 3943; x_wconf 87' lang='lat' dir='ltr'><strong>dari</strong></span> <span class='ocrx_word' id='word_1_594' title='bbox 2533 3888 2797 3943; x_wconf 84' lang='lat' dir='ltr'><strong>duodecim</strong></span> <span class='ocrx_word' id='word_1_595' title='bbox 2840 3892 3044 3961; x_wconf 81' lang='lat' dir='ltr'><strong>plagas,</strong></span> <span class='ocrx_word' id='word_1_596' title='bbox 3087 3891 3312 3943; x_wconf 85' lang='lat' dir='ltr'><strong>secundo</strong></span> <span class='ocrx_word' id='word_1_597' title='bbox 3351 3899 3523 3943; x_wconf 85' lang='lat' dir='ltr'><strong>autem</strong></span> <span class='ocrx_word' id='word_1_598' title='bbox 3565 3906 3774 3953; x_wconf 84' lang='lat' dir='ltr'><strong>novent,</strong></span> 
     </span>
    </p>
   </div>
   <div class='ocr_carea' id='block_1_85' title="bbox 2187 3981 3776 4051">
    <p class='ocr_par' dir='ltr' id='par_1_85' title="bbox 2187 3981 3776 4051">
     <span class='ocr_line' id='line_1_85' title="bbox 2187 3981 3776 4051; baseline 0 -18"><span class='ocrx_word' id='word_1_599' title='bbox 2187 3982 2334 4033; x_wconf 84' lang='lat' dir='ltr'><strong>tertio</strong></span> <span class='ocrx_word' id='word_1_600' title='bbox 2369 3996 2485 4033; x_wconf 80' lang='lat' dir='ltr'><strong>vero</strong></span> <span class='ocrx_word' id='word_1_601' title='bbox 2515 3990 2705 4051; x_wconf 85' lang='lat' dir='ltr'><strong>septem</strong></span> <span class='ocrx_word' id='word_1_602' title='bbox 2723 3998 2742 4046; x_wconf 84' lang='lat'><strong>;</strong></span> <span class='ocrx_word' id='word_1_603' title='bbox 2775 3982 3015 4051; x_wconf 86' lang='lat' dir='ltr'><strong>intelligo</strong></span> <span class='ocrx_word' id='word_1_604' title='bbox 3039 3990 3306 4035; x_wconf 91' lang='lat' dir='ltr'><strong>catomum</strong></span> <span class='ocrx_word' id='word_1_605' title='bbox 3346 3996 3411 4035; x_wconf 91' lang='lat' dir='ltr'><strong>eo</strong></span> <span class='ocrx_word' id='word_1_606' title='bbox 3451 3981 3571 4035; x_wconf 91' lang='lat' dir='ltr'><strong>loco</strong></span> <span class='ocrx_word' id='word_1_607' title='bbox 3600 3982 3776 4035; x_wconf 90' lang='lat' dir='ltr'><strong>uomi-</strong></span> 
     </span>
    </p>
   </div>
   <div class='ocr_carea' id='block_1_86' title="bbox 2188 4071 3775 4142">
    <p class='ocr_par' dir='ltr' id='par_1_86' title="bbox 2188 4071 3775 4142">
     <span class='ocr_line' id='line_1_86' title="bbox 2188 4071 3775 4142; baseline -0.001 -15"><span class='ocrx_word' id='word_1_608' title='bbox 2188 4072 2383 4127; x_wconf 89' lang='lat' dir='ltr'><strong>naliter</strong></span> <span class='ocrx_word' id='word_1_609' title='bbox 2411 4073 2613 4141; x_wconf 86' lang='lat' dir='ltr'><strong>accipi;</strong></span> <span class='ocrx_word' id='word_1_610' title='bbox 2647 4088 2746 4126; x_wconf 87' lang='lat' dir='ltr'><strong>nec</strong></span> <span class='ocrx_word' id='word_1_611' title='bbox 2782 4073 2849 4127; x_wconf 92' lang='lat' dir='ltr'><strong>de</strong></span> <span class='ocrx_word' id='word_1_612' title='bbox 2879 4072 2996 4141; x_wconf 89' lang='lat' dir='ltr'><strong>ipso</strong></span> <span class='ocrx_word' id='word_1_613' title='bbox 3027 4072 3274 4142; x_wconf 79' lang='lat' dir='ltr'><strong>supplicii</strong></span> <span class='ocrx_word' id='word_1_614' title='bbox 3314 4088 3533 4140; x_wconf 86' lang='lat' dir='ltr'><strong>genere,</strong></span> <span class='ocrx_word' id='word_1_615' title='bbox 3565 4073 3660 4127; x_wconf 74' lang='lat' dir='ltr'><strong>sel</strong></span> <span class='ocrx_word' id='word_1_616' title='bbox 3706 4071 3775 4126; x_wconf 82' lang='lat' dir='ltr'><strong>tle</strong></span> 
     </span>
    </p>
   </div>
   <div class='ocr_carea' id='block_1_87' title="bbox 2186 4164 3777 4234">
    <p class='ocr_par' dir='ltr' id='par_1_87' title="bbox 2186 4164 3777 4234">
     <span class='ocr_line' id='line_1_87' title="bbox 2186 4164 3777 4234; baseline 0 -16"><span class='ocrx_word' id='word_1_617' title='bbox 2186 4165 2325 4229; x_wconf 93' lang='lat' dir='ltr'><strong>loco,</strong></span> <span class='ocrx_word' id='word_1_618' title='bbox 2355 4164 2436 4218; x_wconf 91' lang='lat' dir='ltr'><strong>vel</strong></span> <span class='ocrx_word' id='word_1_619' title='bbox 2474 4166 2648 4234; x_wconf 89' lang='lat' dir='ltr'><strong>potius</strong></span> <span class='ocrx_word' id='word_1_620' title='bbox 2669 4165 2737 4220; x_wconf 89' lang='lat' dir='ltr'><strong>de</strong></span> <span class='ocrx_word' id='word_1_621' title='bbox 2768 4167 3010 4220; x_wconf 87' lang='lat' dir='ltr'><strong>machina</strong></span> <span class='ocrx_word' id='word_1_622' title='bbox 3043 4167 3156 4221; x_wconf 89' lang='lat' dir='ltr'><strong>sive</strong></span> <span class='ocrx_word' id='word_1_623' title='bbox 3189 4167 3545 4220; x_wconf 88' lang='lat' dir='ltr'><strong>instrumento</strong></span> <span class='ocrx_word' id='word_1_624' title='bbox 3571 4167 3777 4234; x_wconf 86' lang='lat' dir='ltr'><strong>suppli-</strong></span> 
     </span>
    </p>
   </div>
   <div class='ocr_carea' id='block_1_88' title="bbox 2184 4256 3774 4325">
    <p class='ocr_par' dir='ltr' id='par_1_88' title="bbox 2184 4256 3774 4325">
     <span class='ocr_line' id='line_1_88' title="bbox 2184 4256 3774 4325; baseline 0.001 -16"><span class='ocrx_word' id='word_1_625' title='bbox 2184 4256 2280 4319; x_wconf 87' lang='lat' dir='ltr'><strong>cii;</strong></span> <span class='ocrx_word' id='word_1_626' title='bbox 2312 4264 2465 4322; x_wconf 87' lang='lat' dir='ltr'><strong>puta,</strong></span> <span class='ocrx_word' id='word_1_627' title='bbox 2498 4258 2772 4321; x_wconf 81' lang='lat' dir='ltr'><strong>columna,</strong></span> <span class='ocrx_word' id='word_1_628' title='bbox 2813 4256 3075 4325; x_wconf 87' lang='lat' dir='ltr'><strong>patibula,</strong></span> <span class='ocrx_word' id='word_1_629' title='bbox 3117 4272 3212 4311; x_wconf 90' lang='lat' dir='ltr'><strong>seu</strong></span> <span class='ocrx_word' id='word_1_630' title='bbox 3256 4259 3430 4324; x_wconf 88' lang='lat' dir='ltr'><strong>trabe,</strong></span> <span class='ocrx_word' id='word_1_631' title='bbox 3466 4257 3680 4325; x_wconf 77' lang='lat' dir='ltr'><strong>liguove</strong></span> <span class='ocrx_word' id='word_1_632' title='bbox 3707 4258 3774 4310; x_wconf 88' lang='lat' dir='ltr'><strong>ad</strong></span> 
     </span>
    </p>
   </div>
   <div class='ocr_carea' id='block_1_89' title="bbox 2183 4347 3775 4418">
    <p class='ocr_par' dir='ltr' id='par_1_89' title="bbox 2183 4347 3775 4418">
     <span class='ocr_line' id='line_1_89' title="bbox 2183 4347 3775 4418; baseline 0.001 -19"><span class='ocrx_word' id='word_1_633' title='bbox 2183 4347 2325 4417; x_wconf 89' lang='lat' dir='ltr'><strong>quod</strong></span> <span class='ocrx_word' id='word_1_634' title='bbox 2355 4349 2674 4403; x_wconf 86' lang='lat' dir='ltr'><strong>verberandi</strong></span> <span class='ocrx_word' id='word_1_635' title='bbox 2706 4350 2878 4404; x_wconf 90' lang='lat' dir='ltr'><strong>attolli</strong></span> <span class='ocrx_word' id='word_1_636' title='bbox 2907 4350 2987 4404; x_wconf 87' lang='lat' dir='ltr'><strong>vel</strong></span> <span class='ocrx_word' id='word_1_637' title='bbox 3019 4349 3275 4418; x_wconf 83' lang='lat' dir='ltr'><strong>suspendi</strong></span> <span class='ocrx_word' id='word_1_638' title='bbox 3308 4350 3547 4404; x_wconf 90' lang='lat' dir='ltr'><strong>solerent</strong></span> <span class='ocrx_word' id='word_1_639' title='bbox 3573 4348 3642 4403; x_wconf 91' lang='lat' dir='ltr'><strong>ad</strong></span> <span class='ocrx_word' id='word_1_640' title='bbox 3675 4364 3775 4402; x_wconf 80' lang='lat' dir='ltr'><strong>ex-</strong></span> 
     </span>
    </p>
   </div>
   <div class='ocr_carea' id='block_1_90' title="bbox 2183 4442 3775 4511">
    <p class='ocr_par' dir='ltr' id='par_1_90' title="bbox 2183 4442 3775 4511">
     <span class='ocr_line' id='line_1_90' title="bbox 2183 4442 3775 4511; baseline -0.001 -16"><span class='ocrx_word' id='word_1_641' title='bbox 2183 4442 2427 4510; x_wconf 88' lang='lat' dir='ltr'><strong>cipienda</strong></span> <span class='ocrx_word' id='word_1_642' title='bbox 2456 4442 2693 4497; x_wconf 92' lang='lat' dir='ltr'><strong>humeris</strong></span> <span class='ocrx_word' id='word_1_643' title='bbox 2724 4444 2965 4498; x_wconf 83' lang='lat' dir='ltr'><strong>verbera.</strong></span> <span class='ocrx_word' id='word_1_644' title='bbox 2996 4442 3260 4497; x_wconf 88' lang='lat' dir='ltr'><strong>Catomari</strong></span> <span class='ocrx_word' id='word_1_645' title='bbox 3280 4443 3429 4511; x_wconf 82' lang='lat' dir='ltr'><strong>jussa</strong></span> <span class='ocrx_word' id='word_1_646' title='bbox 3456 4450 3538 4495; x_wconf 90' lang='lat' dir='ltr'><strong>est</strong></span> <span class='ocrx_word' id='word_1_647' title='bbox 3576 4443 3634 4497; x_wconf 88' lang='lat' dir='ltr'><strong>S.</strong></span> <span class='ocrx_word' id='word_1_648' title='bbox 3670 4442 3775 4495; x_wconf 83' lang='lat' dir='ltr'><strong>Eu-</strong></span> 
     </span>
    </p>
   </div>
   <div class='ocr_carea' id='block_1_91' title="bbox 495 4512 3775 4604">
    <p class='ocr_par' dir='ltr' id='par_1_91' title="bbox 495 4512 3775 4604">
     <span class='ocr_line' id='line_1_91' title="bbox 495 4512 3775 4604; baseline -0.001 -17"><span class='ocrx_word' id='word_1_649' title='bbox 495 4546 717 4604; x_wconf 76' lang='lat' dir='ltr'><strong>tempore</strong></span> <span class='ocrx_word' id='word_1_650' title='bbox 750 4536 1084 4588; x_wconf 83' lang='lat' dir='ltr'><strong>uenerabilem</strong></span> <span class='ocrx_word' id='word_1_651' title='bbox 1131 4550 1301 4589; x_wconf 87' lang='lat' dir='ltr'><strong>senem</strong></span> <span class='ocrx_word' id='word_1_652' title='bbox 1342 4535 1395 4587; x_wconf 88' lang='lat' dir='ltr'><strong>in</strong></span> <span class='ocrx_word' id='word_1_653' title='bbox 1442 4534 1649 4602; x_wconf 84' lang='lat' dir='ltr'><strong>publica</strong></span> <span class='ocrx_word' id='word_1_654' title='bbox 1695 4537 1827 4601; x_wconf 77' lang='lat' dir='ltr'><strong>facie</strong></span> <span class='ocrx_word' id='word_1_655' title='bbox 1869 4539 2081 4590; x_wconf 82' lang='lat' dir='ltr'><strong>calamis</strong></span> <span class='ocrx_word' id='word_1_656' title='bbox 2112 4512 2160 4571; x_wconf 78' lang='lat' dir='ltr'><strong>D</strong></span> <span class='ocrx_word' id='word_1_657' title='bbox 2188 4534 2311 4591; x_wconf 89' lang='lat' dir='ltr'><strong>lalia</strong></span> <span class='ocrx_word' id='word_1_658' title='bbox 2348 4534 2731 4599; x_wconf 85' lang='lat' dir='ltr'><strong>Emeritensis;</strong></span> <span class='ocrx_word' id='word_1_659' title='bbox 2762 4544 2816 4589; x_wconf 89' lang='lat' dir='ltr'><strong>et</strong></span> <span class='ocrx_word' id='word_1_660' title='bbox 2844 4535 2896 4588; x_wconf 88' lang='lat' dir='ltr'><strong>itt</strong></span> <span class='ocrx_word' id='word_1_661' title='bbox 2934 4535 3143 4589; x_wconf 87' lang='lat' dir='ltr'><strong>theatro</strong></span> <span class='ocrx_word' id='word_1_662' title='bbox 3169 4534 3495 4587; x_wconf 86' lang='lat' dir='ltr'><strong>calamidiari</strong></span> <span class='ocrx_word' id='word_1_663' title='bbox 3523 4532 3775 4586; x_wconf 87' lang='lat' dir='ltr'><strong>decocto-</strong></span> 
     </span>
    </p>
   </div>
   <div class='ocr_carea' id='block_1_92' title="bbox 494 4625 2083 4697">
    <p class='ocr_par' dir='ltr' id='par_1_92' title="bbox 494 4625 2083 4697">
     <span class='ocr_line' id='line_1_92' title="bbox 494 4625 2083 4697; baseline 0.003 -20"><span class='ocrx_word' id='word_1_664' title='bbox 494 4626 801 4679; x_wconf 77' lang='lat' dir='ltr'><strong>ceciderunl.</strong></span> <span class='ocrx_word' id='word_1_665' title='bbox 838 4625 905 4679; x_wconf 86' lang='lat' dir='ltr'><strong>At</strong></span> <span class='ocrx_word' id='word_1_666' title='bbox 945 4628 996 4679; x_wconf 91' lang='lat' dir='ltr'><strong>in</strong></span> <span class='ocrx_word' id='word_1_667' title='bbox 1035 4626 1223 4681; x_wconf 90' lang='lat' dir='ltr'><strong>codice</strong></span> <span class='ocrx_word' id='word_1_668' title='bbox 1267 4627 1545 4681; x_wconf 86' lang='lat' dir='ltr'><strong>Portarum</strong></span> <span class='ocrx_word' id='word_1_669' title='bbox 1587 4626 1693 4697; x_wconf 93' lang='lat' dir='ltr'><strong>(cui</strong></span> <span class='ocrx_word' id='word_1_670' title='bbox 1740 4627 2083 4682; x_wconf 87' lang='lat' dir='ltr'><strong>consentiens</strong></span> 
     </span>
    </p>
   </div>
   <div class='ocr_carea' id='block_1_93' title="bbox 494 4716 2077 4790">
    <p class='ocr_par' dir='ltr' id='par_1_93' title="bbox 494 4716 2077 4790">
     <span class='ocr_line' id='line_1_93' title="bbox 494 4716 2077 4790; baseline 0.001 -19"><span class='ocrx_word' id='word_1_671' title='bbox 494 4727 575 4773; x_wconf 89' lang='lat' dir='ltr'><strong>est</strong></span> <span class='ocrx_word' id='word_1_672' title='bbox 598 4717 773 4786; x_wconf 84' lang='lat' dir='ltr'><strong>quoad</strong></span> <span class='ocrx_word' id='word_1_673' title='bbox 806 4716 907 4771; x_wconf 91' lang='lat' dir='ltr'><strong>hoc</strong></span> <span class='ocrx_word' id='word_1_674' title='bbox 932 4717 1095 4771; x_wconf 91' lang='lat' dir='ltr'><strong>editio</strong></span> <span class='ocrx_word' id='word_1_675' title='bbox 1117 4716 1456 4774; x_wconf 88' lang='lat' dir='ltr'><strong>Coloniensis</strong></span> <span class='ocrx_word' id='word_1_676' title='bbox 1478 4720 1606 4773; x_wconf 90' lang='lat' dir='ltr'><strong>anni</strong></span> <span class='ocrx_word' id='word_1_677' title='bbox 1639 4721 1805 4787; x_wconf 79' lang='grc'><strong>1555)</strong></span> <span class='ocrx_word' id='word_1_678' title='bbox 1835 4720 1914 4776; x_wconf 90' lang='lat' dir='ltr'><strong>sic</strong></span> <span class='ocrx_word' id='word_1_679' title='bbox 1943 4721 2077 4790; x_wconf 90' lang='lat' dir='ltr'><strong>legi:</strong></span> 
     </span>
    </p>
   </div>
   <div class='ocr_carea' id='block_1_94' title="bbox 496 4808 2082 4877">
    <p class='ocr_par' dir='ltr' id='par_1_94' title="bbox 496 4808 2082 4877">
     <span class='ocr_line' id='line_1_94' title="bbox 496 4808 2082 4877; baseline 0.002 -14"><span class='ocrx_word' id='word_1_680' title='bbox 496 4810 781 4863; x_wconf 81' lang='lat' dir='ltr'><strong>Ordinatur</strong></span> <span class='ocrx_word' id='word_1_681' title='bbox 800 4808 1007 4877; x_wconf 88' lang='lat' dir='ltr'><strong>quidam</strong></span> <span class='ocrx_word' id='word_1_682' title='bbox 1034 4810 1086 4862; x_wconf 88' lang='lat' dir='ltr'><strong>in</strong></span> <span class='ocrx_word' id='word_1_683' title='bbox 1112 4811 1455 4863; x_wconf 87' lang='lat' dir='ltr'><strong>sacerdotium</strong></span> <span class='ocrx_word' id='word_1_684' title='bbox 1475 4811 1679 4865; x_wconf 89' lang='lat' dir='ltr'><strong>nomine</strong></span> <span class='ocrx_word' id='word_1_685' title='bbox 1704 4810 1950 4866; x_wconf 83' lang='lat' dir='ltr'><strong>Thomas.</strong></span> <span class='ocrx_word' id='word_1_686' title='bbox 1980 4812 2082 4877; x_wconf 84' lang='lat' dir='ltr'><strong>Qui</strong></span> 
     </span>
    </p>
   </div>
   <div class='ocr_carea' id='block_1_95' title="bbox 493 4901 2079 4975">
    <p class='ocr_par' dir='ltr' id='par_1_95' title="bbox 493 4901 2079 4975">
     <span class='ocr_line' id='line_1_95' title="bbox 493 4901 2079 4975; baseline 0.005 -21"><span class='ocrx_word' id='word_1_687' title='bbox 493 4903 617 4955; x_wconf 86' lang='lat' dir='ltr'><strong>dum</strong></span> <span class='ocrx_word' id='word_1_688' title='bbox 646 4902 827 4965; x_wconf 73' lang='lat' dir='ltr'><strong>variis,</strong></span> <span class='ocrx_word' id='word_1_689' title='bbox 872 4910 976 4956; x_wconf 90' lang='lat' dir='ltr'><strong>etc.</strong></span> <span class='ocrx_word' id='word_1_690' title='bbox 1008 4901 1171 4957; x_wconf 80' lang='lat' dir='ltr'><strong>Vides</strong></span> <span class='ocrx_word' id='word_1_691' title='bbox 1207 4903 1294 4957; x_wconf 90' lang='lat' dir='ltr'><strong>hic</strong></span> <span class='ocrx_word' id='word_1_692' title='bbox 1333 4906 1542 4958; x_wconf 88' lang='lat' dir='ltr'><strong>censeri</strong></span> <span class='ocrx_word' id='word_1_693' title='bbox 1582 4905 2079 4975; x_wconf 88' lang='lat' dir='ltr'><strong>Carthaginiensem</strong></span> 
     </span>
    </p>
   </div>
   <div class='ocr_carea' id='block_1_96' title="bbox 492 4998 2073 5072">
    <p class='ocr_par' dir='ltr' id='par_1_96' title="bbox 492 4998 2073 5072">
     <span class='ocr_line' id='line_1_96' title="bbox 492 4998 2073 5072; baseline 0.004 -20"><span class='ocrx_word' id='word_1_694' title='bbox 492 4998 803 5064; x_wconf 82' lang='lat' dir='ltr'><strong>episcopum</strong></span> <span class='ocrx_word' id='word_1_695' title='bbox 834 4998 1131 5072; x_wconf 81' lang='lat' dir='ltr'><strong>Thomam,</strong></span> <span class='ocrx_word' id='word_1_696' title='bbox 1178 5014 1276 5053; x_wconf 91' lang='lat' dir='ltr'><strong>nec</strong></span> <span class='ocrx_word' id='word_1_697' title='bbox 1316 5001 1608 5057; x_wconf 89' lang='lat' dir='ltr'><strong>immerito.</strong></span> <span class='ocrx_word' id='word_1_698' title='bbox 1653 5002 1860 5058; x_wconf 79' lang='lat' dir='ltr'><strong>Amabo</strong></span> <span class='ocrx_word' id='word_1_699' title='bbox 1895 5005 2073 5067; x_wconf 89' lang='lat' dir='ltr'><strong>enim,</strong></span> 
     </span>
    </p>
   </div>
   <div class='ocr_carea' id='block_1_97' title="bbox 492 5086 2075 5165">
    <p class='ocr_par' dir='ltr' id='par_1_97' title="bbox 492 5086 2075 5165">
     <span class='ocr_line' id='line_1_97' title="bbox 492 5086 2075 5165; baseline 0.007 -26"><span class='ocrx_word' id='word_1_700' title='bbox 492 5090 536 5141; x_wconf 84' lang='lat' dir='ltr'><strong>si</strong></span> <span class='ocrx_word' id='word_1_701' title='bbox 569 5086 879 5155; x_wconf 89' lang='lat' dir='ltr'><strong>Deogratias</strong></span> <span class='ocrx_word' id='word_1_702' title='bbox 904 5090 1215 5157; x_wconf 90' lang='lat' dir='ltr'><strong>episcopum</strong></span> <span class='ocrx_word' id='word_1_703' title='bbox 1236 5090 1501 5145; x_wconf 86' lang='lat' dir='ltr'><strong>at-dittavit</strong></span> <span class='ocrx_word' id='word_1_704' title='bbox 1524 5093 1780 5159; x_wconf 68' lang='lat' dir='ltr'><strong>Thomas,</strong></span> <span class='ocrx_word' id='word_1_705' title='bbox 1808 5094 1923 5163; x_wconf 90' lang='lat' dir='ltr'><strong>ipse</strong></span> <span class='ocrx_word' id='word_1_706' title='bbox 1943 5110 2075 5165; x_wconf 92' lang='lat' dir='ltr'><strong>ergo</strong></span> 
     </span>
    </p>
   </div>
   <div class='ocr_carea' id='block_1_98' title="bbox 491 5178 2077 5255">
    <p class='ocr_par' dir='ltr' id='par_1_98' title="bbox 491 5178 2077 5255">
     <span class='ocr_line' id='line_1_98' title="bbox 491 5178 2077 5255; baseline 0.004 -22"><span class='ocrx_word' id='word_1_707' title='bbox 491 5179 775 5247; x_wconf 79' lang='lat' dir='ltr'><strong>episcopus</strong></span> <span class='ocrx_word' id='word_1_708' title='bbox 801 5178 917 5232; x_wconf 82' lang='lat' dir='ltr'><strong>luit.</strong></span> <span class='ocrx_word' id='word_1_709' title='bbox 954 5179 1010 5235; x_wconf 93' lang='lat' dir='ltr'><strong>Si</strong></span> <span class='ocrx_word' id='word_1_710' title='bbox 1045 5180 1139 5235; x_wconf 88' lang='lat' dir='ltr'><strong>luit</strong></span> <span class='ocrx_word' id='word_1_711' title='bbox 1179 5182 1486 5251; x_wconf 89' lang='lat' dir='ltr'><strong>episcopus,</strong></span> <span class='ocrx_word' id='word_1_712' title='bbox 1515 5184 1786 5253; x_wconf 91' lang='lat' dir='ltr'><strong>quomodo</strong></span> <span class='ocrx_word' id='word_1_713' title='bbox 1824 5200 1929 5239; x_wconf 92' lang='lat' dir='ltr'><strong>non</strong></span> <span class='ocrx_word' id='word_1_714' title='bbox 1960 5184 2077 5255; x_wconf 85' lang='lat' dir='ltr'><strong>ejus</strong></span> 
     </span>
    </p>
   </div>
   <div class='ocr_carea' id='block_1_99' title="bbox 492 5268 2071 5343">
    <p class='ocr_par' dir='ltr' id='par_1_99' title="bbox 492 5268 2071 5343">
     <span class='ocr_line' id='line_1_99' title="bbox 492 5268 2071 5343; baseline 0.004 -19"><span class='ocrx_word' id='word_1_715' title='bbox 492 5270 677 5324; x_wconf 89' lang='lat' dir='ltr'><strong>sedem</strong></span> <span class='ocrx_word' id='word_1_716' title='bbox 722 5268 1014 5338; x_wconf 87' lang='lat' dir='ltr'><strong>appellavit</strong></span> <span class='ocrx_word' id='word_1_717' title='bbox 1048 5271 1256 5341; x_wconf 79' lang='lat' dir='ltr'><strong>Victor,</strong></span> <span class='ocrx_word' id='word_1_718' title='bbox 1290 5282 1348 5327; x_wconf 91' lang='lat' dir='ltr'><strong>ut</strong></span> <span class='ocrx_word' id='word_1_719' title='bbox 1393 5274 1444 5327; x_wconf 93' lang='lat' dir='ltr'><strong>in</strong></span> <span class='ocrx_word' id='word_1_720' title='bbox 1474 5274 1596 5329; x_wconf 91' lang='lat' dir='ltr'><strong>aliis</strong></span> <span class='ocrx_word' id='word_1_721' title='bbox 1635 5275 1808 5329; x_wconf 77' lang='lat' dir='ltr'><strong>solet?</strong></span> <span class='ocrx_word' id='word_1_722' title='bbox 1838 5277 1915 5330; x_wconf 80' lang='lat' dir='ltr'><strong>Ad</strong></span> <span class='ocrx_word' id='word_1_723' title='bbox 1936 5277 2071 5343; x_wconf 72' lang='lat' dir='ltr'><strong>haec,</strong></span> 
     </span>
    </p>
   </div>
   <div class='ocr_carea' id='block_1_100' title="bbox 490 5360 2072 5434">
    <p class='ocr_par' dir='ltr' id='par_1_100' title="bbox 490 5360 2072 5434">
     <span class='ocr_line' id='line_1_100' title="bbox 490 5360 2072 5434; baseline 0.006 -20"><span class='ocrx_word' id='word_1_724' title='bbox 490 5361 536 5414; x_wconf 89' lang='lat' dir='ltr'><strong>si</strong></span> <span class='ocrx_word' id='word_1_725' title='bbox 565 5360 798 5416; x_wconf 85' lang='lat' dir='ltr'><strong>Thomas</strong></span> <span class='ocrx_word' id='word_1_726' title='bbox 826 5376 948 5416; x_wconf 90' lang='lat' dir='ltr'><strong>cum</strong></span> <span class='ocrx_word' id='word_1_727' title='bbox 974 5361 1093 5415; x_wconf 90' lang='lat' dir='ltr'><strong>aliis</strong></span> <span class='ocrx_word' id='word_1_728' title='bbox 1121 5362 1330 5418; x_wconf 89' lang='lat' dir='ltr'><strong>duobus</strong></span> <span class='ocrx_word' id='word_1_729' title='bbox 1355 5366 1621 5434; x_wconf 69' lang='lat' dir='ltr'><strong>episcotiis</strong></span> <span class='ocrx_word' id='word_1_730' title='bbox 1652 5367 1945 5423; x_wconf 87' lang='lat' dir='ltr'><strong>secundum</strong></span> <span class='ocrx_word' id='word_1_731' title='bbox 1972 5384 2072 5423; x_wconf 88' lang='lat' dir='ltr'><strong>an-</strong></span> 
     </span>
    </p>
   </div>
   <div class='ocr_carea' id='block_1_101' title="bbox 490 5452 2069 5525">
    <p class='ocr_par' dir='ltr' id='par_1_101' title="bbox 490 5452 2069 5525">
     <span class='ocr_line' id='line_1_101' title="bbox 490 5452 2069 5525; baseline 0.006 -22"><span class='ocrx_word' id='word_1_732' title='bbox 490 5452 665 5520; x_wconf 88' lang='lat' dir='ltr'><strong>tiquos</strong></span> <span class='ocrx_word' id='word_1_733' title='bbox 706 5467 946 5508; x_wconf 88' lang='lat' dir='ltr'><strong>canones</strong></span> <span class='ocrx_word' id='word_1_734' title='bbox 984 5453 1293 5524; x_wconf 86' lang='lat' dir='ltr'><strong>episcopum</strong></span> <span class='ocrx_word' id='word_1_735' title='bbox 1344 5455 1653 5525; x_wconf 81' lang='lat' dir='ltr'><strong>Deogratias</strong></span> <span class='ocrx_word' id='word_1_736' title='bbox 1699 5461 2069 5524; x_wconf 87' lang='lat' dir='ltr'><strong>consecravit,</strong></span> 
     </span>
    </p>
   </div>
   <div class='ocr_carea' id='block_1_102' title="bbox 490 5543 2073 5616">
    <p class='ocr_par' dir='ltr' id='par_1_102' title="bbox 490 5543 2073 5616">
     <span class='ocr_line' id='line_1_102' title="bbox 490 5543 2073 5616; baseline 0.006 -22"><span class='ocrx_word' id='word_1_737' title='bbox 490 5543 758 5610; x_wconf 89' lang='lat' dir='ltr'><strong>quomodo</strong></span> <span class='ocrx_word' id='word_1_738' title='bbox 802 5547 1040 5602; x_wconf 89' lang='lat' dir='ltr'><strong>solitarie</strong></span> <span class='ocrx_word' id='word_1_739' title='bbox 1087 5546 1206 5616; x_wconf 88' lang='lat' dir='ltr'><strong>ejus</strong></span> <span class='ocrx_word' id='word_1_740' title='bbox 1249 5546 1526 5603; x_wconf 89' lang='lat' dir='ltr'><strong>ordinator</strong></span> <span class='ocrx_word' id='word_1_741' title='bbox 1566 5549 1872 5605; x_wconf 77' lang='lat' dir='ltr'><strong>diceretur?</strong></span> <span class='ocrx_word' id='word_1_742' title='bbox 1914 5550 2073 5605; x_wconf 88' lang='lat' dir='ltr'><strong>Deni-</strong></span> 
     </span>
    </p>
   </div>
   <div class='ocr_carea' id='block_1_103' title="bbox 489 5635 2071 5713">
    <p class='ocr_par' dir='ltr' id='par_1_103' title="bbox 489 5635 2071 5713">
     <span class='ocr_line' id='line_1_103' title="bbox 489 5635 2071 5713; baseline 0.007 -27"><span class='ocrx_word' id='word_1_743' title='bbox 489 5648 611 5703; x_wconf 86' lang='lat' dir='ltr'><strong>que,</strong></span> <span class='ocrx_word' id='word_1_744' title='bbox 652 5635 899 5691; x_wconf 84' lang='lat' dir='ltr'><strong>ordinato</strong></span> <span class='ocrx_word' id='word_1_745' title='bbox 926 5648 1051 5694; x_wconf 89' lang='lat' dir='ltr'><strong>ante</strong></span> <span class='ocrx_word' id='word_1_746' title='bbox 1092 5640 1385 5694; x_wconf 90' lang='lat' dir='ltr'><strong>triennium</strong></span> <span class='ocrx_word' id='word_1_747' title='bbox 1431 5642 1687 5711; x_wconf 83' lang='lat' dir='ltr'><strong>episc0po</strong></span> <span class='ocrx_word' id='word_1_748' title='bbox 1733 5641 2071 5713; x_wconf 87' lang='lat' dir='ltr'><strong>Deogratias,</strong></span> 
     </span>
    </p>
   </div>
   <div class='ocr_carea' id='block_1_104' title="bbox 462 5726 2072 5802">
    <p class='ocr_par' dir='ltr' id='par_1_104' title="bbox 462 5726 2072 5802">
     <span class='ocr_line' id='line_1_104' title="bbox 462 5726 2072 5802; baseline 0.011 -27"><span class='ocrx_word' id='word_1_749' title='bbox 462 5726 758 5799; x_wconf 85' lang='lat' dir='ltr'><strong>quomodo</strong></span> <span class='ocrx_word' id='word_1_750' title='bbox 783 5740 931 5784; x_wconf 81' lang='lat' dir='ltr'><strong>extra</strong></span> <span class='ocrx_word' id='word_1_751' title='bbox 958 5733 1227 5802; x_wconf 80' lang='lat' dir='ltr'><strong>propriam</strong></span> <span class='ocrx_word' id='word_1_752' title='bbox 1254 5732 1435 5790; x_wconf 88' lang='lat' dir='ltr'><strong>sedem</strong></span> <span class='ocrx_word' id='word_1_753' title='bbox 1471 5743 1658 5790; x_wconf 86' lang='lat' dir='ltr'><strong>contra</strong></span> <span class='ocrx_word' id='word_1_754' title='bbox 1687 5748 1922 5792; x_wconf 87' lang='lat' dir='ltr'><strong>canones</strong></span> <span class='ocrx_word' id='word_1_755' title='bbox 1954 5746 2072 5792; x_wconf 87' lang='lat' dir='ltr'><strong>tan-</strong></span> 
     </span>
    </p>
   </div>
   <div class='ocr_carea' id='block_1_105' title="bbox 2186 4621 3777 4692">
    <p class='ocr_par' dir='ltr' id='par_1_105' title="bbox 2186 4621 3777 4692">
     <span class='ocr_line' id='line_1_105' title="bbox 2186 4621 3777 4692; baseline -0.003 -13"><span class='ocrx_word' id='word_1_756' title='bbox 2186 4639 2277 4680; x_wconf 85' lang='lat' dir='ltr'><strong>res</strong></span> <span class='ocrx_word' id='word_1_757' title='bbox 2319 4625 2497 4682; x_wconf 75' lang='lat' dir='ltr'><strong>satuit</strong></span> <span class='ocrx_word' id='word_1_758' title='bbox 2541 4624 2806 4680; x_wconf 82' lang='lat' dir='ltr'><strong>Adrianus</strong></span> <span class='ocrx_word' id='word_1_759' title='bbox 2855 4640 2919 4679; x_wconf 82' lang='lat' dir='ltr'><strong>ex</strong></span> <span class='ocrx_word' id='word_1_760' title='bbox 2958 4624 3103 4680; x_wconf 65' lang='lat' dir='ltr'><strong>Elia</strong></span> <span class='ocrx_word' id='word_1_761' title='bbox 3146 4623 3448 4692; x_wconf 89' lang='lat' dir='ltr'><strong>Spartiano.</strong></span> <span class='ocrx_word' id='word_1_762' title='bbox 3489 4621 3777 4677; x_wconf 87' lang='lat' dir='ltr'><strong>Calomara</strong></span> 
     </span>
    </p>
   </div>
   <div class='ocr_carea' id='block_1_106' title="bbox 2186 4710 3774 4786">
    <p class='ocr_par' dir='ltr' id='par_1_106' title="bbox 2186 4710 3774 4786">
     <span class='ocr_line' id='line_1_106' title="bbox 2186 4710 3774 4786; baseline -0.004 -15"><span class='ocrx_word' id='word_1_763' title='bbox 2186 4731 2334 4786; x_wconf 86' lang='lat' dir='ltr'><strong>ergo,</strong></span> <span class='ocrx_word' id='word_1_764' title='bbox 2369 4731 2463 4770; x_wconf 91' lang='lat' dir='ltr'><strong>seu</strong></span> <span class='ocrx_word' id='word_1_765' title='bbox 2511 4717 2856 4769; x_wconf 85' lang='lat' dir='ltr'><strong>catontidiare</strong></span> <span class='ocrx_word' id='word_1_766' title='bbox 2884 4726 2996 4779; x_wconf 79' lang='lat' dir='ltr'><strong>est,</strong></span> <span class='ocrx_word' id='word_1_767' title='bbox 3030 4716 3162 4770; x_wconf 80' lang='grc' dir='ltr'><em>κατά</em></span> <span class='ocrx_word' id='word_1_768' title='bbox 3204 4722 3301 4769; x_wconf 77' lang='grc' dir='ltr'>τῶν</span> <span class='ocrx_word' id='word_1_769' title='bbox 3347 4710 3493 4783; x_wconf 80' lang='grc' dir='ltr'><strong>ὧμων</strong></span> <span class='ocrx_word' id='word_1_770' title='bbox 3535 4716 3774 4775; x_wconf 69' lang='grc' dir='ltr'><strong>τύπτειν,</strong></span> 
     </span>
    </p>
   </div>
   <div class='ocr_carea' id='block_1_107' title="bbox 2186 4802 3772 4875">
    <p class='ocr_par' dir='ltr' id='par_1_107' title="bbox 2186 4802 3772 4875">
     <span class='ocr_line' id='line_1_107' title="bbox 2186 4802 3772 4875; baseline -0.004 -15"><span class='ocrx_word' id='word_1_771' title='bbox 2186 4807 2252 4860; x_wconf 90' lang='lat' dir='ltr'><strong>ad</strong></span> <span class='ocrx_word' id='word_1_772' title='bbox 2288 4807 2535 4875; x_wconf 90' lang='lat' dir='ltr'><strong>scapulas</strong></span> <span class='ocrx_word' id='word_1_773' title='bbox 2569 4807 2874 4861; x_wconf 85' lang='lat' dir='ltr'><strong>verberare.</strong></span> <span class='ocrx_word' id='word_1_774' title='bbox 2908 4805 3020 4860; x_wconf 79' lang='lat' dir='ltr'><strong>Hoc</strong></span> <span class='ocrx_word' id='word_1_775' title='bbox 3047 4820 3112 4859; x_wconf 79' lang='lat' dir='ltr'><strong>ex</strong></span> <span class='ocrx_word' id='word_1_776' title='bbox 3158 4815 3337 4875; x_wconf 87' lang='lat' dir='ltr'><strong>elymo</strong></span> <span class='ocrx_word' id='word_1_777' title='bbox 3381 4802 3772 4863; x_wconf 85' lang='lat' dir='ltr'><strong>indubitatum,</strong></span> 
     </span>
    </p>
   </div>
   <div class='ocr_carea' id='block_1_108' title="bbox 2184 4895 3775 4966">
    <p class='ocr_par' dir='ltr' id='par_1_108' title="bbox 2184 4895 3775 4966">
     <span class='ocr_line' id='line_1_108' title="bbox 2184 4895 3775 4966; baseline -0.004 -14"><span class='ocrx_word' id='word_1_778' title='bbox 2184 4899 2279 4952; x_wconf 81' lang='lat' dir='ltr'><strong>sed</strong></span> <span class='ocrx_word' id='word_1_779' title='bbox 2310 4898 2377 4951; x_wconf 90' lang='lat' dir='ltr'><strong>de</strong></span> <span class='ocrx_word' id='word_1_780' title='bbox 2416 4898 2575 4952; x_wconf 87' lang='lat' dir='ltr'><strong>modo</strong></span> <span class='ocrx_word' id='word_1_781' title='bbox 2603 4914 2665 4952; x_wconf 90' lang='lat' dir='ltr'><strong>ac</strong></span> <span class='ocrx_word' id='word_1_782' title='bbox 2696 4899 2763 4953; x_wconf 90' lang='lat' dir='ltr'><strong>de</strong></span> <span class='ocrx_word' id='word_1_783' title='bbox 2808 4914 2867 4952; x_wconf 90' lang='lat' dir='ltr'><strong>re</strong></span> <span class='ocrx_word' id='word_1_784' title='bbox 2897 4898 3009 4965; x_wconf 85' lang='lat' dir='ltr'><strong>ipsa</strong></span> <span class='ocrx_word' id='word_1_785' title='bbox 3030 4898 3348 4966; x_wconf 73' lang='lat' dir='ltr'><strong>,amltiguum</strong></span> <span class='ocrx_word' id='word_1_786' title='bbox 3386 4906 3489 4951; x_wconf 84' lang='lat' dir='ltr'><strong>est.</strong></span> <span class='ocrx_word' id='word_1_787' title='bbox 3522 4895 3654 4949; x_wconf 84' lang='lat' dir='ltr'><strong>Nam</strong></span> <span class='ocrx_word' id='word_1_788' title='bbox 3700 4896 3775 4948; x_wconf 81' lang='lat' dir='ltr'><strong>ci-</strong></span> 
     </span>
    </p>
   </div>
   <div class='ocr_carea' id='block_1_109' title="bbox 2186 4984 3775 5060">
    <p class='ocr_par' dir='ltr' id='par_1_109' title="bbox 2186 4984 3775 5060">
     <span class='ocr_line' id='line_1_109' title="bbox 2186 4984 3775 5060; baseline -0.004 -15"><span class='ocrx_word' id='word_1_789' title='bbox 2186 4992 2281 5045; x_wconf 86' lang='lat' dir='ltr'><strong>tati</strong></span> <span class='ocrx_word' id='word_1_790' title='bbox 2315 4990 2648 5060; x_wconf 73' lang='lat' dir='ltr'><strong>Rosweydus</strong></span> <span class='ocrx_word' id='word_1_791' title='bbox 2678 4999 2731 5042; x_wconf 92' lang='lat' dir='ltr'><strong>et</strong></span> <span class='ocrx_word' id='word_1_792' title='bbox 2757 4989 2993 5043; x_wconf 87' lang='lat' dir='ltr'><strong>Lacerda</strong></span> <span class='ocrx_word' id='word_1_793' title='bbox 3024 5000 3235 5043; x_wconf 86' lang='lat' dir='ltr'><strong>catonto</strong></span> <span class='ocrx_word' id='word_1_794' title='bbox 3264 5004 3359 5042; x_wconf 89' lang='lat' dir='ltr'><strong>seu</strong></span> <span class='ocrx_word' id='word_1_795' title='bbox 3388 4985 3613 5041; x_wconf 87' lang='lat' dir='ltr'><strong>calamis</strong></span> <span class='ocrx_word' id='word_1_796' title='bbox 3637 4984 3775 5040; x_wconf 67' lang='grc' dir='ltr'><strong>οωόί</strong></span> 
     </span>
    </p>
   </div>
   <div class='ocr_carea' id='block_1_110' title="bbox 2186 5077 3774 5150">
    <p class='ocr_par' dir='ltr' id='par_1_110' title="bbox 2186 5077 3774 5150">
     <span class='ocr_line' id='line_1_110' title="bbox 2186 5077 3774 5150; baseline -0.004 -14"><span class='ocrx_word' id='word_1_797' title='bbox 2186 5083 2271 5136; x_wconf 88' lang='lat' dir='ltr'><strong>vel</strong></span> <span class='ocrx_word' id='word_1_798' title='bbox 2300 5080 2552 5150; x_wconf 80' lang='lat' dir='ltr'><strong>suSpendi</strong></span> <span class='ocrx_word' id='word_1_799' title='bbox 2582 5089 2768 5149; x_wconf 88' lang='lat' dir='ltr'><strong>putant</strong></span> <span class='ocrx_word' id='word_1_800' title='bbox 2796 5095 2938 5146; x_wconf 88' lang='lat' dir='ltr'><strong>esse,</strong></span> <span class='ocrx_word' id='word_1_801' title='bbox 2970 5081 3143 5149; x_wconf 89' lang='lat' dir='ltr'><strong>capite</strong></span> <span class='ocrx_word' id='word_1_802' title='bbox 3172 5080 3422 5134; x_wconf 81' lang='lat' dir='ltr'><strong>deorsum</strong></span> <span class='ocrx_word' id='word_1_803' title='bbox 3451 5078 3518 5131; x_wconf 88' lang='lat' dir='ltr'><strong>de</strong></span> <span class='ocrx_word' id='word_1_804' title='bbox 3546 5077 3774 5145; x_wconf 82' lang='lat' dir='ltr'><strong>alicujus</strong></span> 
     </span>
    </p>
   </div>
   <div class='ocr_carea' id='block_1_111' title="bbox 2187 5169 3774 5243">
    <p class='ocr_par' dir='ltr' id='par_1_111' title="bbox 2187 5169 3774 5243">
     <span class='ocr_line' id='line_1_111' title="bbox 2187 5169 3774 5243; baseline -0.003 -16"><span class='ocrx_word' id='word_1_805' title='bbox 2187 5174 2423 5229; x_wconf 90' lang='lat' dir='ltr'><strong>humeris</strong></span> <span class='ocrx_word' id='word_1_806' title='bbox 2455 5188 2773 5243; x_wconf 86' lang='lat' dir='ltr'><strong>suspensum</strong></span> <span class='ocrx_word' id='word_1_807' title='bbox 2804 5173 3101 5228; x_wconf 88' lang='lat' dir='ltr'><strong>verberari.</strong></span> <span class='ocrx_word' id='word_1_808' title='bbox 3128 5172 3481 5227; x_wconf 87' lang='lat' dir='ltr'><strong>Consentium</strong></span> <span class='ocrx_word' id='word_1_809' title='bbox 3512 5169 3774 5226; x_wconf 84' lang='lat' dir='ltr'><strong>Baronius</strong></span> 
     </span>
    </p>
   </div>
   <div class='ocr_carea' id='block_1_112' title="bbox 2186 5254 3772 5335">
    <p class='ocr_par' dir='ltr' id='par_1_112' title="bbox 2186 5254 3772 5335">
     <span class='ocr_line' id='line_1_112' title="bbox 2186 5254 3772 5335; baseline -0.006 -13"><span class='ocrx_word' id='word_1_810' title='bbox 2186 5267 2239 5322; x_wconf 93' lang='lat' dir='ltr'><strong>in</strong></span> <span class='ocrx_word' id='word_1_811' title='bbox 2282 5265 2421 5321; x_wconf 88' lang='lat' dir='ltr'><strong>notis</strong></span> <span class='ocrx_word' id='word_1_812' title='bbox 2450 5266 2517 5321; x_wconf 88' lang='lat' dir='ltr'><strong>ad</strong></span> <span class='ocrx_word' id='word_1_813' title='bbox 2548 5254 2846 5321; x_wconf 82' lang='lat' dir='ltr'><strong>Romanum</strong></span> <span class='ocrx_word' id='word_1_814' title='bbox 2884 5265 3352 5335; x_wconf 78' lang='lat' dir='ltr'><strong>Martyrologium,</strong></span> <span class='ocrx_word' id='word_1_815' title='bbox 3386 5264 3453 5318; x_wconf 84' lang='grc'><strong>15</strong></span> <span class='ocrx_word' id='word_1_816' title='bbox 3490 5262 3674 5325; x_wconf 83' lang='lat' dir='ltr'><strong>Junii,</strong></span> <span class='ocrx_word' id='word_1_817' title='bbox 3707 5262 3772 5314; x_wconf 86' lang='grc' dir='ltr'><strong>Β.</strong></span> 
     </span>
    </p>
   </div>
   <div class='ocr_carea' id='block_1_113' title="bbox 2185 5354 3774 5428">
    <p class='ocr_par' dir='ltr' id='par_1_113' title="bbox 2185 5354 3774 5428">
     <span class='ocr_line' id='line_1_113' title="bbox 2185 5354 3774 5428; baseline -0.005 -13"><span class='ocrx_word' id='word_1_818' title='bbox 2185 5370 2240 5415; x_wconf 93' lang='lat' dir='ltr'><strong>et</strong></span> <span class='ocrx_word' id='word_1_819' title='bbox 2269 5368 2387 5428; x_wconf 81' lang='lat' dir='ltr'><strong>post</strong></span> <span class='ocrx_word' id='word_1_820' title='bbox 2407 5374 2529 5415; x_wconf 89' lang='lat' dir='ltr'><strong>eum</strong></span> <span class='ocrx_word' id='word_1_821' title='bbox 2560 5359 2848 5414; x_wconf 85' lang='lat' dir='ltr'><strong>Bollandus</strong></span> <span class='ocrx_word' id='word_1_822' title='bbox 2872 5361 2987 5415; x_wconf 88' lang='lat' dir='ltr'><strong>sive</strong></span> <span class='ocrx_word' id='word_1_823' title='bbox 3031 5359 3388 5422; x_wconf 80' lang='lat' dir='ltr'><strong>Enschenius,</strong></span> <span class='ocrx_word' id='word_1_824' title='bbox 3421 5358 3485 5411; x_wconf 68' lang='grc' dir='ltr'>η</span> <span class='ocrx_word' id='word_1_825' title='bbox 3526 5355 3685 5411; x_wconf 79' lang='lat' dir='ltr'><strong>Febr.</strong></span> <span class='ocrx_word' id='word_1_826' title='bbox 3717 5354 3774 5407; x_wconf 87' lang='lat' dir='ltr'><strong>in</strong></span> 
     </span>
    </p>
   </div>
   <div class='ocr_carea' id='block_1_114' title="bbox 2183 5447 3775 5513">
    <p class='ocr_par' dir='ltr' id='par_1_114' title="bbox 2183 5447 3775 5513">
     <span class='ocr_line' id='line_1_114' title="bbox 2183 5447 3775 5513; baseline -0.003 -5"><span class='ocrx_word' id='word_1_827' title='bbox 2183 5455 2326 5508; x_wconf 90' lang='lat' dir='ltr'><strong>notis</strong></span> <span class='ocrx_word' id='word_1_828' title='bbox 2347 5453 2413 5508; x_wconf 89' lang='lat' dir='ltr'><strong>ad</strong></span> <span class='ocrx_word' id='word_1_829' title='bbox 2432 5464 2549 5509; x_wconf 82' lang='lat' dir='ltr'><strong>acta</strong></span> <span class='ocrx_word' id='word_1_830' title='bbox 2566 5453 2623 5508; x_wconf 88' lang='lat' dir='ltr'><strong>S.</strong></span> <span class='ocrx_word' id='word_1_831' title='bbox 2648 5454 2867 5508; x_wconf 64' lang='lat' dir='ltr'><strong>Eulaliae</strong></span> <span class='ocrx_word' id='word_1_832' title='bbox 2893 5468 2946 5506; x_wconf 78' lang='grc' dir='ltr'><strong>ν.</strong></span> <span class='ocrx_word' id='word_1_833' title='bbox 2975 5469 3049 5507; x_wconf 91' lang='lat' dir='ltr'><strong>m.</strong></span> <span class='ocrx_word' id='word_1_834' title='bbox 3082 5451 3517 5512; x_wconf 86' lang='lat' dir='ltr'><strong>Barcinonensis,</strong></span> <span class='ocrx_word' id='word_1_835' title='bbox 3544 5447 3640 5513; x_wconf 89' lang='lat' dir='ltr'><strong>C.;</strong></span> <span class='ocrx_word' id='word_1_836' title='bbox 3669 5454 3775 5503; x_wconf 79' lang='lat' dir='ltr'><strong>ttlsl</strong></span> 
     </span>
    </p>
   </div>
   <div class='ocr_carea' id='block_1_115' title="bbox 2182 5544 3774 5619">
    <p class='ocr_par' dir='ltr' id='par_1_115' title="bbox 2182 5544 3774 5619">
     <span class='ocr_line' id='line_1_115' title="bbox 2182 5544 3774 5619; baseline -0.005 -14"><span class='ocrx_word' id='word_1_837' title='bbox 2182 5549 2406 5619; x_wconf 89' lang='lat' dir='ltr'><strong>quodin</strong></span> <span class='ocrx_word' id='word_1_838' title='bbox 2456 5564 2522 5604; x_wconf 94' lang='lat' dir='ltr'><strong>eo</strong></span> <span class='ocrx_word' id='word_1_839' title='bbox 2568 5562 2742 5618; x_wconf 64' lang='lat' dir='ltr'><strong>paenae</strong></span> <span class='ocrx_word' id='word_1_840' title='bbox 2787 5562 2984 5618; x_wconf 90' lang='lat' dir='ltr'><strong>genere</strong></span> <span class='ocrx_word' id='word_1_841' title='bbox 3032 5559 3237 5601; x_wconf 89' lang='lat' dir='ltr'><strong>rectum</strong></span> <span class='ocrx_word' id='word_1_842' title='bbox 3281 5544 3522 5612; x_wconf 89' lang='lat' dir='ltr'><strong>corporis</strong></span> <span class='ocrx_word' id='word_1_843' title='bbox 3567 5549 3774 5597; x_wconf 88' lang='lat' dir='ltr'><strong>statum</strong></span> 
     </span>
    </p>
   </div>
   <div class='ocr_carea' id='block_1_116' title="bbox 2182 5634 3770 5714">
    <p class='ocr_par' dir='ltr' id='par_1_116' title="bbox 2182 5634 3770 5714">
     <span class='ocr_line' id='line_1_116' title="bbox 2182 5634 3770 5714; baseline -0.008 -16"><span class='ocrx_word' id='word_1_844' title='bbox 2182 5650 2508 5714; x_wconf 89' lang='lat' dir='ltr'><strong>agnoscunt;</strong></span> <span class='ocrx_word' id='word_1_845' title='bbox 2540 5641 2675 5696; x_wconf 87' lang='lat' dir='ltr'><strong>adeo</strong></span> <span class='ocrx_word' id='word_1_846' title='bbox 2701 5649 2759 5694; x_wconf 91' lang='lat' dir='ltr'><strong>ut</strong></span> <span class='ocrx_word' id='word_1_847' title='bbox 2787 5641 3014 5695; x_wconf 89' lang='lat' dir='ltr'><strong>catomis</strong></span> <span class='ocrx_word' id='word_1_848' title='bbox 3042 5640 3275 5710; x_wconf 83' lang='lat' dir='ltr'><strong>aliquem</strong></span> <span class='ocrx_word' id='word_1_849' title='bbox 3302 5638 3509 5693; x_wconf 70' lang='lat' dir='ltr'><strong>candere</strong></span> <span class='ocrx_word' id='word_1_850' title='bbox 3541 5636 3641 5689; x_wconf 87' lang='lat' dir='ltr'><strong>hoc</strong></span> <span class='ocrx_word' id='word_1_851' title='bbox 3673 5634 3770 5697; x_wconf 89' lang='lat' dir='ltr'><strong>sit,</strong></span> 
     </span>
    </p>
   </div>
   <div class='ocr_carea' id='block_1_117' title="bbox 2184 5732 3772 5808">
    <p class='ocr_par' dir='ltr' id='par_1_117' title="bbox 2184 5732 3772 5808">
     <span class='ocr_line' id='line_1_117' title="bbox 2184 5732 3772 5808; baseline 0.006 -17"><span class='ocrx_word' id='word_1_852' title='bbox 2184 5736 2324 5806; x_wconf 86' lang='lat' dir='ltr'><strong>quod</strong></span> <span class='ocrx_word' id='word_1_853' title='bbox 2370 5736 2723 5808; x_wconf 85' lang='lat' dir='ltr'><strong>ludimagistri</strong></span> <span class='ocrx_word' id='word_1_854' title='bbox 2764 5738 2973 5807; x_wconf 88' lang='lat' dir='ltr'><strong>solent,</strong></span> <span class='ocrx_word' id='word_1_855' title='bbox 3004 5736 3070 5792; x_wconf 88' lang='lat' dir='ltr'><strong>ad</strong></span> <span class='ocrx_word' id='word_1_856' title='bbox 3111 5734 3336 5805; x_wconf 84' lang='lat' dir='ltr'><strong>alicujus</strong></span> <span class='ocrx_word' id='word_1_857' title='bbox 3389 5732 3640 5788; x_wconf 86' lang='lat' dir='ltr'><strong>humeros</strong></span> <span class='ocrx_word' id='word_1_858' title='bbox 3672 5740 3772 5799; x_wconf 68' lang='grc' dir='ltr'><strong>Ρετ</strong></span> 
     </span>
    </p>
   </div>
  </div>
