4022 6168
248 345 258 349 ς
291 290 391 346 157

1656 304 2183 365 PROLEGOMENA.
3489 344 3557 402 58

283 407 503 464 brachia
544 411 798 477 appensis
835 413 1041 482 pueris,
1095 414 1145 469 in
1193 432 1376 472 eorum
1425 428 1572 474 nates
1624 422 1868 491 inlligcre
1895 426 2081 485 Atius
2107 445 2264 497 quam
2299 447 2526 501 unquam
2562 448 2713 493 antet
2746 446 2886 511 quod
2923 449 3120 506 vellent
3148 454 3544 526 eloquerentur.

295 504 504 526 -.ι-1....υ.
566 502 762 526 Μία.---
793 504 904 526 L...,_
936 507 1189 526 --_--,,-!,
1249 509 1259 526 I
1340 509 1356 526 ι
1425 525 1430 526 ,
1468 510 1511 526 ε.
1585 520 1594 526 ι
1705 516 1715 526 ι
1794 516 1806 526 ο
1989 514 2027 526 ιη
2295 522 2308 526 -
2427 524 2433 526 Α

295 504 529 555 serbcra.
565 502 763 556 Nititur
793 504 908 560 huic
935 507 1199 560 sententia
1230 509 1440 563 duobus
1466 510 1873 583 Martyrologiu-

294 607 405 644 riim
435 592 597 657 locis,
628 608 820 661 nempe
850 595 915 649 15
942 595 1075 662 junii
1102 607 1155 649 et
1192 598 1257 651 18
1297 598 1633 665 Novembris,
1667 604 1752 658 ubi
1781 603 1873 673 qui

292 695 498 737 catomo
519 685 604 738 vel
636 688 860 741 catomis
903 689 1026 741 caesi
1067 702 1162 744 seu
1192 694 1436 760 suspensi
1479 707 1870 767 memorantur,

294 772 439 826 Vitus
481 784 537 827 et
562 774 786 841 Baruia,
818 778 969 845 pueri
1008 789 1154 833 sunt.
1198 781 1461 852 Numquid
1507 796 1562 840 et
1608 786 1659 840 in
1692 789 1872 857 pueris

281 863 596 917 censebitur
621 865 857 919 Thomas
885 867 975 922 ille
1006 869 1289 939 episcopus
1323 872 1434 940 jam
1480 875 1632 929 senio
1670 878 1868 946 gravis,

284 962 342 1007 et
381 953 586 1007 Eulalia
628 954 979 1010 Emeritensis
1007 969 1236 1030 martyr,
1284 963 1408 1031 quia
1445 966 1730 1032 catomati,
1776 981 1870 1022 seu

280 1054 497 1098 catomo
526 1044 653 1099 censi
700 1046 981 1115 leguntur?
1011 1048 1314 1118 Gravioris,
1356 1054 1595 1124 inquies,
1641 1057 1869 1126 ignomi-

284 1134 388 1189 πίω
418 1135 519 1187 hoc
550 1136 677 1200 fuit,
712 1150 871 1191 senes
906 1138 1173 1195 interdum
1194 1182 1210 1207 ,
1241 1154 1331 1197 aut
1359 1144 1411 1199 in
1442 1144 1701 1216 dignitate
1734 1162 1868 1203 con-

288 1226 500 1280 stitutos
547 1226 726 1291 viros,
770 1238 863 1282 aut
911 1229 1073 1285 etiam
1120 1233 1343 1291 feminas
1386 1250 1671 1305 puerorum
1719 1254 1870 1296 more

286 1316 577 1370 verberari.
607 1317 745 1384 Quid
772 1334 933 1384 porro
962 1320 1232 1378 Adrianus
1270 1326 1602 1396 imperator?
1639 1340 1765 1387 tune
1806 1332 1870 1387 il-

281 1406 391 1460 lum
440 1408 694 1463 sanxisse
741 1409 973 1478 dixeris,
1019 1422 1079 1467 ut
1114 1414 1485 1476 decoctoribus
1524 1421 1593 1477 de
1641 1424 1867 1480 aliorum

282 1498 521 1553 humeris
554 1513 651 1568 per
693 1512 887 1556 manus
930 1504 1158 1571 pedesve
1198 1512 1496 1579 suspensis,
1537 1512 1592 1567 in
1636 1515 1864 1581 theatro,

284 1589 335 1641 in
380 1590 621 1644 omnium
675 1593 847 1647 oculis
890 1595 1111 1650 verbera
1152 1598 1220 1651 ad
1270 1611 1422 1656 nates
1465 1602 1868 1673 intiigerentur?

280 1677 404 1732 Haec
433 1693 537 1747 ego
565 1677 756 1735 adduci
787 1697 893 1736 non
924 1698 1138 1753 possum
1171 1697 1229 1742 ut
1267 1691 1484 1745 credam
1503 1732 1518 1757 ,
1548 1700 1750 1765 absque
1779 1710 1867 1751 so-

284 1768 384 1821 lido
430 1779 488 1823 et
535 1771 821 1826 manifesto
862 1775 1192 1845 antiquitatis
1246 1783 1582 1852 testimonio,
1636 1804 1756 1842 cum
1796 1792 1863 1846 ad
1893 1792 1943 1853 B
1969 1798 2087 1852 cisis
2108 1798 2326 1871 linguis,
2367 1768 2601 1864 manibus
2627 1768 2873 1871 triincatis

278 1878 495 1916 manum
522 1864 596 1918 sit
632 1865 822 1919 barum
847 1880 1038 1923 vocum
1068 1885 1225 1939 quem
1263 1888 1425 1944 supra
1469 1879 1622 1946 posui
1662 1882 1856 1950 planis-

281 1956 444 2009 diuus
472 1971 687 2023 sensus,
717 1968 829 2013 tum
858 1975 923 2013 ex
959 1971 1159 2033 etymo,
1199 1974 1309 2021 tum
1346 1983 1412 2023 es
1458 1972 1690 2027 omnium
1731 1989 1865 2044 gen-

281 2049 404 2103 tium
439 2064 573 2116 usu;
617 2058 677 2105 ut
720 2052 970 2108 nimirum
1018 2055 1122 2111 hoc
1165 2059 1238 2112 sit
1285 2063 1511 2117 catomis
1556 2066 1717 2133 caedi,
1765 2082 1861 2124 seu

275 2141 569 2204 catomari,
600 2150 693 2196 aut
726 2145 1093 2213 catomidiari,
1134 2150 1276 2218 quod
1321 2151 1561 2210 humeris
1602 2172 1696 2212 seu
1741 2174 1862 2213 sca-

274 2232 409 2298 pulis
436 2233 663 2287 verbera
689 2234 959 2304 excipere.
991 2237 1093 2305 Qui
1125 2254 1288 2308 porro
1312 2243 1390 2297 sic
1413 2247 1652 2301 czedendi
1683 2261 1854 2317 erant,

275 2337 388 2375 cum
436 2323 678 2391 alligati,
728 2326 891 2381 levati
940 2338 1032 2383 aut
1077 2333 1324 2401 suspensi
1375 2336 1538 2393 fuisse
1585 2340 1856 2412 mguntur,

272 2426 403 2466 cave
434 2413 525 2468 hic
560 2414 788 2484 alicujus
818 2417 1069 2474 humeros
1095 2424 1300 2492 cogites
1328 2428 1393 2480 ad
1419 2442 1554 2497 quos
1586 2431 1662 2485 illi
1690 2434 1860 2487 mani-

272 2501 365 2554 bus
394 2512 490 2557 aut
518 2504 744 2573 pedibus
788 2509 1225 2578 appenderentur
1253 2517 1419 2585 (quod
1448 2521 1764 2588 quibusdam
1802 2526 1857 2580 in

273 2592 397 2647 locis
447 2595 516 2649 ad
568 2611 855 2665 puerorum
902 2603 1307 2672 castigationem
1361 2607 1476 2664 fieri
1521 2613 1713 2685 solet);
1759 2617 1855 2673 sed

272 2685 577 2739 columnam
605 2688 801 2758 cogita,
831 2699 886 2745 ut
916 2691 967 2745 in
995 2692 1198 2751 Christi
1228 2696 1624 2768 ﬂagellatione:
1652 2714 1744 2761 aut
1772 2722 1858 2777 pa-

270 2777 493 2829 tibulum
529 2791 626 2831 seu
670 2781 875 2835 trabem
919 2782 1177 2855 ligneam,
1222 2797 1282 2843 ut
1328 2791 1385 2844 in
1426 2795 1712 2851 Antoninus
1743 2799 1857 2853 vir-

271 2866 403 2934 ginis
454 2870 736 2938 martyrio,
786 2884 944 2941 quam
982 2873 1153 2945 (apud
1212 2878 1667 2957 Metaphrastem)
1697 2889 1858 2957 jussit

269 2956 457 3011 Festus
481 2963 725 3031 suspendi
752 2973 799 3017 et
830 2966 1102 3022 verberari.
1135 2967 1363 3041 Cumque
1386 2989 1413 3028 e
1442 2975 1582 3047 ligno
1613 2956 1738 3035 esset
1768 2984 1860 3038 de-

262 3051 456 3118 posita,
486 3063 594 3106 etc.
625 3054 879 3109 Miramur
898 3066 1077 3113 autem
1101 3076 1298 3130 pueros
1327 3067 1619 3136 castigandi
1648 3088 1853 3129 morem

268 3154 400 3206 pene
445 3152 915 3211 momentaneum,
952 3151 1241 3220 paucisque
1288 3153 1341 3208 in
1382 3156 1512 3211 locis
1561 3175 1658 3216 usu
1698 3178 1850 3219 rece-
1882 3136 1929 3199 Ο

261 3240 447 3299 mutu,
476 3246 509 3285 a
541 3233 669 3287 viris
695 3236 921 3291 eruditis
952 3238 1005 3293 in
1034 3242 1180 3297 orbis
1221 3242 1447 3301 Romani
1487 3253 1733 3317 praetoria
1771 3257 1853 3309 in-

265 3325 412 3389 duci;
443 3326 531 3380 ubi
558 3341 841 3398 martyres,
872 3340 1220 3400 tyrannorum
1249 3346 1305 3391 et
1330 3340 1641 3398 carnificum
1671 3345 1851 3403 furore

267 3418 452 3471 tandiu
502 3428 717 3489 tamque
757 3424 1010 3477 atrociter
1053 3426 1325 3496 virgis'ac
1378 3430 1557 3502 ﬂagris
1599 3440 1849 3495 concide-

264 3511 493 3581 bantur,
545 3526 601 3569 ut
650 3529 1027 3589 nonnunquam
1073 3523 1235 3590 (licet
1276 3526 1533 3583 adversus
1580 3529 1848 3586 Romanas

266 3604 431 3675 leges)
458 3607 693 3661 animant
725 3622 846 3663 cum
877 3614 1137 3683 sanguine
1170 3614 1223 3668 in
1245 3630 1310 3671 eo
1335 3629 1598 3674 tormento
1627 3622 1847 3691 profun-

265 3696 472 3752 ﬂerent.

867 3794 1092 3853 CAPUT
1129 3796 1241 3854 XV.

264 3905 337 3960 De
363 3911 742 3995 cqnfessoribus
777 3912 960 3995 quibus
1010 3913 1260 3995 Hunerici
1304 3921 1451 3995 iussu
1495 3937 1612 3976 cum
1655 3925 1846 3995 lingula

326 3979 576 4034 radicitus
601 3979 798 4036 erciste
808 3984 1040 4054 fuissent,
1063 3979 1645 4057 expedite'nilnlominus
1671 3979 1845 4065 loque-

326 4052 541 4104 bantur.

330 4161 517 4217 \‘ictor
549 4164 684 4219 libro
729 4181 821 4221 tv:
854 4166 969 4222 Rex
1008 4168 1324 4237 liunericus,
1363 4174 1565 4245 inquit,
1594 4176 1841 4232 Comitem

258 4255 529 4321 quemdam
556 4270 672 4307 cunt
698 4257 967 4311 iracundia
993 4260 1249 4330 dirigens,
1280 4269 1520 4335 praecepit
1560 4276 1614 4319 ut
1654 4269 1707 4322 in
1738 4286 1842 4322 me-

258 4343 341 4396 dio
381 4347 519 4414 (ora,
553 4358 857 4418 congregata
897 4348 1022 4403 illuc
1050 4353 1187 4404 omni
1231 4356 1509 4422 provincia,
1543 4359 1740 4428 linguas
1769 4362 1839 4415 eis

260 4444 303 4485 et
356 4451 539 4489 manus
592 4438 799 4491 dextras
844 4441 1091 4495 radicitus
1141 4444 1459 4500 abscidisset.
1522 4449 1672 4516 Quod
1722 4468 1836 4505 cum

260 4524 455 4591 factum
480 4527 681 4595 fuisset,
708 4527 912 4597 Spiritu
936 4543 1108 4586 sancto
1132 4544 1425 4605 praestante,
1450 4540 1521 4593 ita
1542 4542 1697 4596 locuti
1721 4556 1840 4598 sunt

259 4629 303 4667 et
335 4618 636 4687 loquamur,
664 4624 915 4685 quomodo
943 4634 1093 4678 antea
1122 4629 1475 4697 loquebantur.
1509 4634 1615 4689 Sed
1642 4637 1688 4689 si
1726 4639 1839 4706 quis

259 4709 550 4764 incredulus
586 4728 694 4766 esse
728 4714 974 4781 voluerit,
1022 4734 1198 4789 pergat
1243 4738 1376 4775 nunc
1406 4722 1838 4801 Constantinopo-

260 4800 372 4865 lim,
399 4810 448 4855 et
484 4802 552 4855 ibi
580 4804 797 4873 reperiet
833 4821 991 4859 unum
1017 4809 1081 4863 de
1117 4810 1241 4877 illis,
1272 4813 1639 4870 subdiaconem
1671 4820 1841 4890 Repa.

259 4902 453 4955 ratum,
479 4908 733 4949 sermones
758 4897 943 4965 politos
961 4901 1070 4954 sine
1094 4902 1201 4955 ulla
1220 4905 1499 4969 o/fensione
1523 4911 1838 4981 loquentem;

260 4984 320 5035 ob
350 5000 506 5052 quam
532 5002 741 5040 causam
762 4990 1064 5046 venerabilis
1092 4994 1306 5050 nimium
1330 4999 1383 5052 in
1402 5004 1597 5070 palatio
1619 5003 1839 5061 Zenonis

258 5075 578 5145 imperatoris
606 5080 845 5149 habetur,
867 5092 914 5137 et
939 5087 1192 5157 praecipue
1220 5092 1397 5164 regina
1419 5095 1549 5149 mira
1575 5113 1689 5151 eum
1711 5115 1841 5154 reve-

256 5168 426 5222 rentia
450 5184 734 5226 veneratur.
764 5174 872 5229 Hos
894 5176 1231 5235 confessores
1255 5183 1416 5239 fuisse
1443 5203 1668 5244 numero
1690 5206 1840 5247 sexa-

256 5258 404 5325 ginta
438 5260 611 5317 Graaci
646 5260 889 5320 referunt
911 5267 962 5320 in
991 5282 1090 5323 suo
1118 5270 1415 5343 Menologio
1439 5285 1493 5331 et
1520 5278 1573 5332 in
1600 5280 1835 5337 Menmis.

254 5360 374 5411 Non
400 5358 561 5415 fuisse
599 5371 780 5417 autem
810 5380 998 5422 omnes
1032 5368 1315 5438 episcOpos
1345 5377 1576 5429 ostendit
1607 5375 1788 5432 Victor
1813 5419 1831 5447 ,

256 5446 580 5517 iteparatum
624 5455 1014 5511 subdiaconum
1057 5459 1109 5512 in
1141 5474 1329 5515 eorum
1365 5460 1503 5519 serie
1543 5480 1832 5536 reponens.

252 5535 460 5594 Aiueas
503 5541 724 5597 Casinus
754 5545 808 5599 in
843 5547 1217 5617 Theophrasto
1242 5592 1257 5618 ,
1291 5555 1447 5609 tertia
1478 5535 1832 5629 postsuppli-

252 5628 405 5681 cium
421 5629 511 5685 die
539 5633 590 5686 id
618 5633 724 5687 illis
750 5635 995 5693 beneﬁcii
1025 5638 1275 5699 divinitus
1302 5645 1557 5700 collatum
1586 5648 1694 5705 ait.
1726 5628 1832 5705 non

253 5728 315 5773 nt
346 5718 554 5789 linguas
582 5726 903 5795 reciperent,
927 5728 1021 5782 sed
1042 5742 1099 5782 ut
1124 5740 1321 5804 absque
1345 5739 1556 5807 tinguis,
1584 5743 1834 5797 articula-

621 5821 888 5882 Ρηιιοι..
937 5825 1151 5887 Li'lll.

1978 514 2089 587 Ego
2120 535 2259 583 vero,
2294 522 2495 592 inquit,
2554 530 2794 597 putabam
2819 536 2933 602 ﬁeri
2967 557 3069 594 non
3097 514 3335 613 posse-ut
3366 547 3550 612 tibicen

1975 623 2151 665 carens
2175 613 2308 668 tibiis
2349 621 2474 671 artis
2517 638 2623 674 sua:
2655 626 2902 693 specimen
2934 634 3100 688 ullum
3128 639 3304 707 duret;
3334 644 3551 717 itemque

1972 698 2278 757 citharoedus
2339 707 2607 763 destitutus
2673 715 2872 771 cithara
2933 725 3177 780 musicam
3227 740 3390 786 artem
3436 698 3551 792 evan:

1971 805 2239 849 exerceret.
2274 798 2336 850 At
2367 816 2550 855 novum
2569 803 2666 858 hoc
2690 816 3033 872 spectaculum
3064 820 3199 889 coqit
3241 840 3320 877 me
3349 840 3568 889 scatens

1972 885 2094 937 tiam
2124 887 2266 941 illam
2296 904 2524 958 mutare,
2556 908 2661 952 etc.
2695 898 2815 971 Ipse
2843 920 2936 974 ego
2967 923 3053 961 vos
3073 912 3208 967 viros
3235 917 3370 983 vidi,
3399 932 3446 973 et
3472 924 3549 977 lo-

1971 989 2174 1043 quentes
2196 982 2395 1048 audivi;
2416 996 2463 1037 et
2484 1001 2654 1041 vocem
2672 993 2797 1046 adeo
2811 1000 3134 1054 articulatam
3155 1022 3261 1060 esse
3280 1026 3425 1077 posse
3450 1017 3551 1069 mi-

1970 1075 2110 1120 ratus
2136 1085 2267 1123 sum.
2301 1069 2706 1135 Instrumentunt
2745 1088 2878 1139 vocis
2906 1089 3241 1163 inquirebam,
3270 1108 3316 1151 et
3340 1106 3553 1160 auribus

1970 1170 2069 1208 non
2094 1160 2321 1227 credens,
2351 1165 2512 1219 oculis
2542 1169 2813 1237 iudicandi
2839 1194 3024 1235 munus
3053 1189 3254 1254 remisi;
3282 1204 3434 1263 atque
3464 1216 3552 1253 ore

1969 1261 2146 1315 aperto
2164 1292 2179 1317 ,
2212 1252 2440 1323 linguam
2478 1270 2633 1316 lotam
2662 1267 2911 1325 radicitus
2941 1275 3138 1331 vulsum
3166 1252 3289 1337 vidi.
3319 1252 3548 1347 E'osdem

1970 1352 2078 1451 asc
2106 1343 2250 1398 visos
2275 1346 2511 1417 Byzantii
2536 1393 2551 1418 ,
2584 1364 2743 1425 atque
2764 1362 2973 1419 auditos
3003 1375 3230 1427 testatur
3259 1376 3551 1451 Procop.us

1992 1429 2037 1451 ς..
2084 1432 2248 1451 ,ιη
2288 1437 2317 1451 ..
2374 1437 2415 1451 ..
2505 1441 2519 1451 .
2560 1443 2593 1451 ..
2710 1448 2755 1451 _-

1970 1427 2061 1484 lib.
2083 1447 2098 1484 ι
2120 1432 2189 1488 de
2211 1435 2355 1491 Bello
2374 1437 2683 1501 Vandalico.
2709 1448 3048 1514 Marcellinus
3065 1427 3279 1534 quoque

1969 1524 2090 1580 nico
2121 1570 2135 1593 ,
2168 1529 2503 1591 Theodorico
2549 1548 2606 1593 et
2638 1540 2899 1601 Venantio
2942 1565 3084 1607 coss.
3124 1524 3250 1627 (hoc
3296 1574 3379 1618 est
3405 1582 3549 1623 anno

1967 1630 2090 1671 tera:
2118 1618 2434 1680 Christiana:
2462 1626 2588 1701 484)
2620 1648 2634 1685 :
2667 1632 2917 1704 Denique,
2949 1642 3054 1709 ait,
3082 1618 3146 1698 ea;
3172 1648 3269 1702 hoc
3312 1618 3541 1721 ﬁdelium

2886 1860 2903 1885 ,
2937 1826 3077 1891 apud
3096 1826 3401 1898 Byzantinus
3426 1840 3548 1896 inte—

1965 1908 2059 1959 gra
2079 1909 2197 1947 voce
2222 1903 2460 1968 conspexi
2473 1901 2750 1973 loquentes.
2765 1908 3095 1974 Justinianus
3118 1921 3233 1989 ipse
3258 1926 3546 1998 imperatur

1965 1986 2019 2041 in
2059 1991 2443 2051 constitutione
2484 1997 2553 2053 de
2581 2002 2756 2058 officio
2788 2008 3023 2074 prtclecti
3062 1986 3547 2082 praetorio-Africa:

1964 2078 2084 2180 (lib.
2105 2080 2301 2183 lICOd.,
2324 2084 2405 2139 tit.
2429 2086 2554 2158 27):
2581 2089 2831 2162 Vidimus,
2860 2098 3050 2171 inquit,
3063 2078 3371 2167 venerabiles
3388 2078 3542 2183 viroi,

1960 2169 2052 2237 qui
2078 2170 2312 2227 abscissis
2345 2177 2593 2233 radicitus
2615 2181 2804 2254 linguis
2834 2205 3009 2255 plenas
3045 2211 3165 2250 suas
3190 2200 3546 2261 miserabiliter

1960 2257 2318 2329 loquebantur.
2343 2265 2400 2323 S.
2426 2268 2719 2339 Gregorius
2741 2276 2963 2348 Magnus
2986 2284 3076 2340 lib.
3100 2303 3155 2342 lli
3178 2257 3540 2368 Dialogorum,

1959 2363 2078 2419 cap.
2110 2352 2200 2420 52,
2234 2356 2356 2413 illos
2385 2374 2450 2414 ex
2474 2362 2649 2418 Africa
2679 2368 2950 2440 profugos,
2976 2375 3045 2428 ad
3076 2352 3543 2456 Constantinopoli:-

1965 2448 2138 2495 tanam
2158 2445 2331 2501 urbem
2354 2451 2563 2508 venisse
2585 2460 2796 2525 asserit,
2827 2471 2881 2516 et
2898 2465 2965 2517 de
2986 2467 3248 2525 miraculo
3268 2445 3544 2545 accepisse

1959 2534 2028 2588 ab
2056 2539 2279 2595 oculatis
2311 2541 2440 2610 ipsis
2471 2547 2696 2603 testibus
2726 2565 2846 2605 cum
2879 2553 2931 2608 in
2971 2571 3088 2611 eam
3120 2534 3415 2620 Orientalis
3434 2568 3541 2623 im-

1959 2626 2094 2694 perii
2134 2634 2473 2701 metrOpolim
2515 2639 2711 2693 missus
2759 2653 2904 2698 esset
2937 2650 3354 2719 apocrisiarius,
3399 2661 3541 2726 quod

1958 2717 2023 2772 ad
2051 2734 2247 2803 annum
2276 2722 2381 2778 583
2411 2726 2574 2780 refert
2601 2729 2859 2787 Baronius
2884 2752 3105 2791 numero
3127 2738 3215 2794 12.
3236 2717 3541 2803 Ἥρωι-’Τυ-

1959 2800 2217 2871 nunensis
2253 2817 2307 2873 in
2348 2818 2647 2889 Chronico,
2681 2823 2900 2883 Zenone
2923 2830 3059 2900 Aug.
3090 2839 3313 2893 consule
3342 2839 3541 2906 (alieno

1957 2905 2083 2960 licet
2104 2908 2241 2979 loco)
2272 2926 2285 2961 :
2323 2909 2461 2976 Quos
2483 2917 2816 2984 confessores,
2856 2922 3050 2989 inquit,
3079 2929 3217 2994 quod
3243 2905 3431 3000 linguis
3451 2935 3539 2986 ab-

1956 2998 2127 3051 scissis
2153 3003 2372 3069 perfecte
2414 3003 2481 3054 ad
2510 3004 2661 3072 ﬁnem
2692 3023 2848 3077 usque
2868 3012 3024 3065 locuti
3068 3027 3213 3080 sunt,
3246 2998 3363 3075 urbs
3397 3026 3540 3093 regia

1957 3098 2225 3143 attestatur
2247 3134 2262 3159 ,
2294 3094 2378 3146 ubi
2414 3110 2588 3148 eorum
2633 3112 2847 3169 corpora
2865 3104 3061 3170 jaceat.
3097 3107 3228 3161 'l'um
3266 3111 3329 3164 ad
3376 3113 3538 3169 finem

1958 3177 2233 3249 Chronici,
2264 3198 2404 3239 anno
2432 3186 2503 3239 40
2531 3190 2733 3256 imperii
2759 3190 3082 3250 Justiniani:
3116 3196 3415 3256 Theodorus
3446 3204 3539 3260 Ce-

1953 3273 2304 3330 barsusitanus
2349 3278 2613 3347 episcopus
2638 3321 2652 3344 ,
2693 3284 2932 3352 defensor
2966 3292 3118 3341 trium
3156 3293 3533 3365 capitulorum,

1952 3367 2132 3419 exsilio
2144 3370 2211 3420 ad
2222 3371 2394 3422 urbem
2408 3371 2619 3441 regiam,
2634 3389 2693 3425 eo
2714 3391 2882 3430 mense
2902 3388 2948 3431 et
2968 3379 3050 3432 die
3071 3398 3173 3451 quo
3202 3381 3533 3444 Justinianus

1951 3459 2203 3523 moritur;
2232 3470 2277 3513 et
2294 3464 2452 3531 juxta
2474 3464 2786 3530 confessores
2812 3469 2992 3526 quibus
3018 3471 3297 3543 Ugncricus
3326 3477 3533 3533 Vanda-

1949 3548 2116 3601 lorum
2146 3565 2238 3603 rea:
2276 3551 2479 3620 linguas
2520 3548 3116 3630 ‘abscideratﬂepelitur.
3140 3565 3291 3631 Quod
3318 3585 3446 3640 ergo
3473 3574 3529 3629 in

1948 3636 2163 3695 Menaeis
2199 3649 2250 3695 et
2278 3641 2331 3695 in
2373 3642 2673 3715 Meuologio
2703 3647 2756 3701 hi
2789 3650 3038 3719 leguntur
3061 3695 3077 3720 ,
3108 3672 3203 3725 per
3227 3636 3416 3716 omnes
3450 3665 3534 3719 di-

1950 3728 2111 3785 tionis
2156 3731 2411 3787 Piomana:
2450 3749 2573 3790 oras
2619 3737 2784 3795 fuisse
2826 3741 3091 3811 dispersi,
3124 3748 3209 3802 vel
3240 3752 3423 3822 accipe
3461 3754 3533 3811 de

1948 3825 2195 3891 transitu,
2218 3840 2340 3881 cum
2372 3840 2553 3884 essent
2582 3831 2635 3886 in
2665 3833 2858 3889 itinere
2886 3851 2981 3891 seu
3000 3844 3265 3904 terrestri,
3285 3860 3380 3900 seu
3410 3862 3529 3902 ma-

1946 3913 2128 3969 ritimo
2155 3916 2463 3988 priusquam
2498 3920 3015 3995 Constantinopolim
3046 3936 3410 4004 pervenirent;
3442 3941 3529 3995 vel

1944 4003 2176 4061 fortasse
2200 4006 2267 4063 de
2283 4023 2469 4064 eorum
2492 4014 2763 4070 nonnullis
2790 4019 2879 4086 qui
2909 4019 3225 4078 miraculum
3248 4042 3401 4081 suum
3425 4031 3529 4083 cir-

1945 4098 2310 4155 cumtulerint.
2350 4098 2481 4155 Nam
2526 4117 2593 4157 ex
2630 4104 2695 4158 iis
2741 4106 3025 4176 plerosque
3065 4112 3528 4189 Constantinopoli

1944 4189 2157 4261 degisse
2179 4232 2196 4259 ,
2228 4194 2499 4263 vitamque
2536 4195 2733 4253 ibidem
2782 4201 3060 4271 exegisse,
3091 4220 3197 4261 non
3221 4208 3526 4267 sinuntdu‘

1943 4280 2115 4337 bitare
2142 4294 2390 4340 auctores
2416 4286 2586 4340 citati.

2014 4372 2094 4427 Ex
2155 4373 2237 4429 his
2282 4377 2561 4446 sexaginta
2615 4379 3014 4436 confessoribus
3057 4382 3226 4439 fuisse
3276 4388 3522 4458 Vigilium

1946 4462 2275 4532 Tapsensem
2321 4481 2415 4521 seu
2459 4467 2805 4536 Tapsitanum
2856 4472 3165 4542 episcopum
3215 4480 3525 4547 conjectura

1944 4563 2057 4619 est,
2084 4555 2226 4625 quod
2256 4566 2311 4611 et
2358 4572 2685 4614 memoretur
2714 4562 2902 4616 ultimo
2928 4564 3047 4618 loco
3077 4565 3221 4622 inter
3241 4570 3526 4641 episcopos

1945 4648 2236 4720 provinci-.e
2274 4650 2595 4722 Byzacenic,
2621 4654 2708 4721 qui
2739 4652 3116 4724 Carthaginem
3150 4662 3219 4713 ab
3259 4661 3525 4720 Hunerico

1944 4742 2149 4795 evocati
2171 4753 2572 4810 convenerunt;
2595 4754 2650 4800 et
2669 4746 3443 4824 scripseritConstantinopoli,
3464 4770 3537 4812 ut

1945 4849 1976 4888 a
1996 4834 2151 4890 nobis
2190 4835 2474 4905 probatum
2503 4847 2617 4905 est;
2653 4848 2833 4908 totque
2852 4851 2909 4898 et
2936 4842 3072 4898 tales
3101 4844 3265 4900 libros
3286 4848 3523 4917 scripse-

1944 4926 2036 4995 rit,
2059 4941 2156 4983 seu
2172 4926 2473 4997 dictaverit,
2494 4938 2692 5000 quotet
2706 4932 2891 5000 quales
2910 4948 3069 4989 nemo
3085 4934 3249 5005 (quod
3263 4939 3519 5008 sciamus)

1944 5031 2010 5072 ex
2039 5018 2185 5073 omni
2212 5018 2329 5089 ejus
2356 5018 2685 5090 collegarum
2716 5037 2964 5079 numero.
3015 5025 3168 5082 Unde
3205 5031 3402 5100 oppido
3428 5048 3524 5088 ve-

1943 5108 2167 5164 risimile
2189 5120 2271 5165 est
2299 5109 2467 5166 fuisse
2492 5110 2643 5166 illum
2667 5115 2722 5168 ἐκ
2739 5122 2841 5170 τῶν
2864 5116 3186 5189 λογιωτάτων
3215 5121 3297 5190 (ut
3325 5122 3525 5179 habent

1942 5196 2165 5270 Menaea)
2195 5200 2286 5269 qui
2313 5200 2378 5255 ad
2406 5200 2459 5255 id
2482 5202 2735 5272 supplicii
2756 5214 2885 5260 sunt
2907 5207 3132 5278 delecti,
3157 5222 3215 5266 ut
3237 5211 3432 5282 linguis
3457 5229 3523 5268 ac

1943 5290 2147 5344 dextris
2168 5291 2547 5358 multarentur,
2578 5308 2648 5349 ne
2668 5295 2839 5350 verbo
2858 5298 3127 5368 scriptove
3155 5301 3401 5357 ha-resim
3424 5319 3524 5372 op-

1944 5393 2258 5453 pugnarent.
2294 5384 2489 5440 Verum
2519 5387 2653 5452 haec,
2686 5397 2742 5442 ut
2766 5390 2896 5456 dixi,
2926 5392 3229 5460 conjectura
3259 5404 3363 5458 est,
3394 5412 3520 5452 cum

1945 5476 1996 5529 in
2026 5486 2173 5531 tanto
2208 5481 2528 5545 scriptorum
2552 5480 2767 5536 silentio
2804 5484 2893 5551 qui
2942 5486 3155 5538 nomina
3187 5484 3519 5555 singulorum

1943 5582 2048 5621 non
2094 5580 2514 5638 expresserunt,
2569 5585 2730 5641 supra
2785 5574 3146 5638 conjecturam
3196 5577 3329 5632 nihil
3388 5584 3519 5637 mihi

1941 5657 2211 5715 aliuleeat.

2013 5752 2088 5807 Es
2116 5754 2197 5809 his
2226 5754 2500 5824 sesaginta
2525 5754 2921 5811 cont'essoribus
2946 5768 3080 5808 unus
3096 5752 3193 5812 fuit
3219 5758 3300 5830 (ut
3320 5762 3518 5819 habent

3082 5842 3121 5903 5
