4022 6168
438 5015 444 5027 I

447 5058 460 5237 ξ

462 264 567 321 339

1783 256 2029 315 VlCTOR
2070 257 2392 315 VITENSIS.

3621 253 3723 309 NO

472 402 585 441 cum
618 384 913 453 Mennlngio
954 383 1170 452 Menea,
1199 391 1253 437 et
1300 380 1587 451 Gregorius
1628 379 1846 449 Magnus
1877 380 2038 433 citato
2067 387 2113 440 Α
2145 378 2346 431 ritanic
2384 374 2601 429 civitatis
2641 374 2900 443 episcopus
2938 373 3143 444 scripsit
3192 374 3460 427 adversum
3506 372 3725 424 Arianos

483 480 607 545 oco)
642 476 731 545 qui
765 476 1044 545 prolapsus
1076 475 1126 529 in
1149 474 1326 529 carnis
1354 473 1629 544 ﬂagitium,
1658 472 1892 528 divinam
1922 486 1951 525 a
1982 485 2041 527 se

465 569 686 633 gratiam
711 567 924 635 repulit,
941 576 997 620 ut
1022 581 1126 621 non
1149 575 1327 635 posset
1348 566 1540 621 erinde
1560 565 1846 634 quidquam
1872 562 2038 632 loqui.

470 662 543 713 De
583 661 787 714 duobus
829 660 1056 728 idipsutn
1102 670 1282 713 narrat
1324 658 1649 727 Procopius,
1677 656 1814 709 haud
1840 656 2042 724 absque

465 752 665 805 erroris
700 760 791 804 aut
828 749 1092 805 mendacii
1139 750 1461 817 suspicione.
1504 748 1769 803 Caeterum
1800 746 1885 801 vel
1918 746 2043 801 hinc

468 841 733 895 :osrimare
764 841 887 895 licet
925 856 1083 909 quam
1115 841 1278 893 ardua
1306 839 1564 893 sitvirtus
1585 838 1841 903 castitas;
1871 844 1925 891 et
1950 837 2042 891 illa

468 932 741 1002 Cypriani,
768 932 882 985 sive
904 931 1150 1001 Origenis
1180 931 1339 986 verba
1366 930 1624 999 replicare
1654 929 1788 982 libro
1820 928 1889 982 de
1915 926 2039 983 Sin-

468 1022 747 1089 gularitate
768 1022 1110 1088 clericorum,
1131 1021 1268 1075 haud
1294 1021 1449 1091 longe
1479 1020 1547 1075 ab
1575 1019 1722 1074 initio
1747 1037 1759 1071 :
1789 1018 1928 1072 Mors
1954 1034 2045 1089 per

471 1117 710 1183 festinam
738 1116 903 1169 att/mc
933 1133 1087 1185 usque
1109 1126 1394 1184 grassatur.
1429 1113 1649 1168 Mentior
1668 1154 1684 1181 ,
1716 1115 1761 1167 si
1782 1130 1881 1166 non
1907 1114 2047 1167 vide-

471 1222 580 1258 ntus
611 1207 1038 1260 eximi-interitus
1057 1207 1414 1274 plurimorum.
1439 1207 1631 1271 Quanti
1662 1216 1704 1260 et
1727 1208 1903 1275 quales
1930 1208 2044 1276 epio

471 1296 635 1360 scopi,
666 1306 708 1347 et
730 1297 904 1348 icterici
924 1297 1076 1348 sintut
1098 1304 1145 1349 et
1172 1297 1311 1353 laici.
1340 1305 1451 1364 post
1480 1298 1859 1367 confessionum
1886 1298 2047 1351 victo-

472 1388 759 1453 riarumque
810 1384 1005 1438 calcata
1033 1386 1307 1439 certamina
1331 1426 1346 1449 ,
1380 1395 1491 1452 post
1535 1386 1789 1455 magnalia
1827 1396 1871 1438 et
1902 1386 2047 1455 signa

469 1477 549 1528 uel
577 1476 828 1529 mirabilia
868 1492 1221 1546 usqurquaque
1257 1485 1569 1543 monstrata,
1615 1487 1893 1530 noscuntur
1932 1491 2046 1528 cum

470 1567 552 1621 Itis
599 1568 828 1621 omnibus
877 1569 1236 1637 naufragasse,
1284 1584 1400 1621 cum
1428 1566 1602 1621 volunt
1640 1567 1692 1620 in
1729 1568 1845 1620 navi
1876 1566 2048 1637 fragili

476 1660 750 1728 navigare!
782 1661 1011 1722 Quantos
1056 1660 1222 1712 leones
1253 1660 1449 1713 domuit
1480 1676 1585 1712 una
1610 1658 1867 1713 muliebris
1897 1658 2049 1725 inﬁr-

2143 469 2327 523 librum
2354 482 2513 521 unum
2547 476 2593 520 et
2634 468 2876 536 longum,
2904 481 3052 534 quem
3077 462 3346 517 Genserico
3368 462 3475 533 regi
3511 461 3721 515 Vanda-

2145 559 2311 612 lorum
2358 575 2448 628 per
2494 575 2611 614 suos
2643 558 2955 612 audiendum
3004 556 3208 621 obtulit,
3231 556 3359 609 sicut
3391 571 3453 607 ea:
3480 556 3726 621 pratzmio

2141 651 2257 705 libri
2288 651 2447 721 ipsius
2490 650 2665 703 didici.
2716 649 2935 716 Scripsit
2982 658 3028 701 et
3074 648 3137 700 de
3184 647 3475 714 panitentia
3521 647 3725 713 publica

2144 743 2352 808 librum,
2393 744 2446 795 in
2488 760 2587 812 quo
2613 751 2660 796 et
2699 743 2928 810 regulam
2956 742 3153 796 vivendi
3192 740 3541 811 paenitentibus
3577 742 3725 802 iuxta

2146 835 2533 906 Scripturarum
2580 835 2934 888 auctoritatem
2981 835 3159 888 statuit
3206 847 3226 886 :
3269 841 3317 885 et
3363 833 3431 883 ad
3476 829 3725 883 Basiliam

2144 930 2410 995 quemdam
2432 942 2585 994 super
2607 936 2815 979 mortem
2841 926 2935 992 ﬁlii
2949 924 3344 978 consolatoriam
3362 921 3613 988 libellum,
3634 937 3725 989 spe

2146 1019 2526 1073 resurrectionis
2546 1018 2771 1088 perfecta
2805 1017 3135 1071 instructions
3164 1016 3437 1069 munitum.
3469 1013 3523 1068 Η
3527 1013 3727 1067 omilias

2147 1111 2297 1165 etiam
2316 1112 2596 1181 composuit
2615 1110 2822 1175 multas,
2852 1125 3022 1179 quasa
3043 1108 3285 1176 fratribus
3302 1107 3485 1161 salutis
3508 1108 3728 1175 proprie

2145 1204 2464 1269 sollicitis,in
2485 1203 2627 1255 libris
2648 1203 2868 1271 digestas
2889 1201 3077 1255 servari
3106 1201 3336 1271 cognovi.
3368 1200 3490 1253 [late
3514 1199 3728 1253 Genna—

2148 1294 2284 1348 dius.
2314 1294 2464 1362 Quod
2482 1309 2608 1346 vero
2623 1294 2809 1347 Petrus
2825 1292 3102 1361 Equilinus
3122 1291 3188 1344 ad
3206 1307 3278 1345 xu
3298 1291 3548 1345 calendas
3568 1291 3728 1344 Maias

2149 1386 2479 1455 ejusobitum
2499 1384 2795 1450 adnotavit,
2822 1384 2997 1437 hausit
3027 1382 3253 1438 fortasse
3277 1399 3343 1437 ex
3368 1384 3561 1438 tabulis
3573 1382 3731 1437 Cala-

2149 1479 2355 1547 ritanis,
2374 1494 2491 1548 qua:
2508 1492 2569 1532 ea
2599 1478 2709 1546 ipsa
2732 1476 2817 1530 die
2837 1475 3105 1530 Victorem
3122 1475 3406 1545 quemdam
3430 1483 3733 1530 memorant

2151 1569 2223 1623 ibi
2253 1569 2573 1638 depositum.
2622 1569 2699 1622 Ex
2726 1568 2829 1622 hoc
2862 1567 3009 1622 fonte
3032 1566 3243 1622 turbido
3270 1566 3459 1635 (Petri,
3486 1566 3730 1636 inquam,

2151 1660 2381 1730 Equilini
2414 1658 2741 1728 testimonio)
2776 1658 3054 1726 multiplex
3083 1656 3135 1712 in
3178 1658 3508 1713 recentiores
3544 1671 3735 1710 mana-

474 1756 624 1807 rnitas
653 1751 908 1816 delicata;
946 1768 1060 1822 quae
1088 1767 1207 1805 cum
1226 1753 1289 1807 sit
1309 1753 1422 1806 vilis
1456 1762 1502 1806 et
1531 1753 1734 1818 misera,
1760 1753 1822 1804 de
1848 1751 2047 1821 magnis
2078 1752 2124 1811 B
2152 1752 2226 1805 vit
2252 1752 2581 1806 allucinatio.
2618 1749 2826 1804 Etenim
2860 1748 3182 1802 Maurolicus
3211 1747 3378 1802 abbas
3408 1747 3618 1803 Siculus
3648 1762 3735 1801 ea-

478 1844 623 1914 cﬁicit
646 1842 908 1914 pruriant!

1060 1933 1285 1988 CAPUT
1327 1934 1461 1988 XVI.

586 2023 761 2078 Victor
785 2025 1043 2093 episc0pus
1072 2023 1293 2078 Vitensis
1322 2041 1389 2077 an
1416 2034 1619 2078 sanctus
1661 2023 1961 2077 vindicatus.

552 2114 992 2183 ltestatquzesﬁo
1023 2115 1161 2169 haud
1212 2115 1347 2169 levis
1378 2116 1665 2183 momenti,
1716 2115 1784 2171 de
1832 2115 2059 2170 Victoris

481 2209 650 2262 nostri
674 2209 985 2276 apotheosi;
1018 2208 1085 2262 de
1113 2223 1212 2280 qua
1245 2207 1346 2262 hoc
1375 2216 1577 2261 tantum
1611 2208 1731 2263 dico
1760 2249 1774 2273 ,
1799 2209 1945 2263 nullo
1973 2223 2059 2262 me

480 2308 565 2352 sat
602 2299 753 2353 lirmo
793 2299 1123 2367 antiquitatis
1153 2298 1459 2353 testimonio
1489 2298 1680 2354 fulcire
1708 2300 1849 2353 illam
1880 2314 2058 2369 posse.

482 2391 608 2446 Scio
632 2392 683 2444 in
712 2392 942 2458 antiquis
969 2391 1173 2458 aliquot
1201 2390 1476 2443 codicibus
1508 2390 1668 2444 tribui
1700 2404 1832 2458 opus
1856 2390 1923 2442 de
1951 2405 2063 2457 per-

481 2482 755 2536 secutione
794 2480 1044 2535 Africana
1090 2490 1275 2535 sancto
1306 2480 1502 2535 ViCtori
1538 2484 1825 2550 episcopo;
1852 2481 1942 2535 sed
1977 2481 2061 2535 hic

484 2574 670 2629 titulus
694 2590 720 2625 a
744 2574 973 2627 librariis
987 2581 1087 2640 est,
1119 2588 1280 2639 penes
1309 2587 1441 2643 quos
1470 2573 1611 2625 nulla
1634 2581 1717 2627 est
1746 2571 2056 2639 auctoritas,

483 2677 789 2720 sanctorum
828 2665 1020 2719 canoni
1060 2679 1378 2734 quemquam
1410 2663 1753 2717 inscribendi.
1793 2664 1906 2717 Mea
1944 2663 2062 2732 qui-

483 2757 605 2811 dem
652 2758 955 2825 conjectura
998 2764 1114 2819 est,
1144 2756 1289 2809 illum
1320 2755 1482 2809 vitam
1512 2763 1695 2809 sancte
1740 2754 1981 2824 exegisse
2008 2754 2061 2809 in

484 2848 751 2911 Sardinia,
776 2864 896 2902 cum
919 2855 1063 2902 esset
1084 2846 1282 2915 primas
1311 2846 1653 2916 Byzacenus;
1680 2853 1839 2914 atque
1864 2845 2061 2899 ibidem

484 2942 749 3010 sepultum
771 2954 890 2994 esse
912 2940 1051 2994 inter
1072 2948 1151 2991 tot
1172 2938 1301 2991 alios
1335 2938 1549 3000 heroes,
1575 2938 1654 2991 vel
1686 2938 1949 3001 advenas,
1978 2938 2063 2993 vel

486 3032 779 3101 indigenas,
831 3030 897 3082 de
927 3029 1120 3097 quibus
1157 3032 1323 3081 multa
1354 3028 1570 3095 collegit
1612 3027 1847 3082 Iacobus
1879 3028 2065 3083 Pintus

2159 1842 2279 1895 dem
2311 1842 2397 1896 die
2427 1841 2625 1909 Aprilis
2650 1840 2903 1909 vigesima
2927 1838 3005 1893 sic
3027 1838 3187 1893 habet
3213 1838 3264 1892 in
3292 1853 3390 1891 suo
3420 1837 3735 1907 martyrolo-

2158 1936 2243 2005 gio
2275 1953 2287 1989 :
2313 1934 2444 1989 Item
2474 1935 2690 1988 Victoris
2717 1933 3129 2003 Carthaginensis
3157 1934 3403 2002 episcOpi,
3427 1933 3520 1986 viri
3543 1934 3736 1986 doctis-

2157 2028 2294 2084 simi.
2324 2038 2545 2097 tempore
2568 2026 2823 2079 Anastasii
2852 2025 3189 2093 imperatoris.
3217 2024 3406 2077 Petrus
3435 2021 3738 2077 Galesinins

2159 2116 2427 2172 Victorem
2458 2117 2597 2173 hunc
2630 2134 2691 2171 ex
2726 2115 3126 2183 Carthaginensi
3165 2115 3467 2171 Uticensem
3500 2115 3599 2169 sibi
3633 2116 3740 2169 lin-

2159 2209 2269 2273 xit;
2298 2209 2373 2260 sic
2398 2208 2539 2261 enim
2575 2207 2639 2261 ait
2661 2207 2725 2260 ad
2749 2206 2993 2261 eamdem
3021 2206 3161 2260 diem
3193 2206 3390 2273 Aprilis
3415 2206 3484 2261 9.0
3514 2223 3527 2258 :
3581 2206 3741 2259 Uticz

2159 2298 2211 2350 in
2245 2298 2438 2367 Africa,
2474 2298 2533 2353 S.
2577 2298 2796 2352 Victoris
2827 2299 3050 2366 episcopi
3078 2309 3125 2351 et
3155 2300 3481 2368 confessoris.
3516 2298 3743 2352 Dubita-

2161 2390 2236 2441 vit
2264 2389 2536 2457 I‘hilippus
2570 2388 2847 2443 Ferrarius
2877 2402 3033 2457 quam
3062 2402 3123 2441 se
3164 2388 3216 2441 in
3247 2401 3450 2456 partem
3475 2398 3742 2452 verteret;

2163 2488 2447 2547 utrumque
2474 2479 2611 2533 enim
2645 2479 2783 2533 hunc
2803 2487 3076 2533 auctorem
3108 2478 3281 2533 citans
3304 2478 3353 2532 in
3386 2478 3628 2547 catalogo
3652 2493 3741 2546 ge-

2165 2570 2329 2623 nerali
2370 2580 2676 2624 sanctorum
2709 2572 2795 2640 qui
2838 2586 2944 2625 non
2969 2577 3092 2624 sunt
3134 2569 3187 2623 in
3230 2570 3610 2640 Martyrologio
3638 2569 3745 2622 Ro-

2164 2677 2344 2729 mano,
2376 2662 2643 2717 Victorem
2681 2676 2856 2729 neque
2884 2662 3361 2730 Carthaginensem
3384 2676 3505 2714 cum
3534 2660 3746 2715 Mauro-

2164 2752 2303 2819 lico,
2347 2767 2517 2821 neque
2542 2767 2664 2806 cum
2705 2751 2976 2806 Galesinio
3006 2750 3336 2816 Uticensem,
3371 2750 3466 2805 sed
3493 2752 3543 2804 in
3567 2750 3746 2807 Africa

2165 2844 2473 2914 episcopum
2501 2844 2669 2908 dixit;
2698 2844 2909 2913 utrique
2934 2856 3161 2899 concors
3182 2883 3197 2909 ,
3220 2852 3274 2897 et
3306 2843 3547 2898 neutrius
3572 2845 3745 2898 errori

2166 2937 2528 2990 subscribens.
2554 2934 2617 2989 In
2640 2937 2818 3008 Africa
2846 2936 3040 3006 (inquit
3073 2937 3160 2991 die
3186 2936 3256 2991 20
3276 2936 3499 3005 Aprilis)
3524 2937 3585 2990 S.
3626 2936 3735 2990 Vico

2168 3027 2291 3081 toris
2337 3028 2582 3099 episcopi.
2614 3027 2684 3081 At
2730 3027 2995 3082 Baronius
3038 3026 3176 3082 hanc
3208 3027 3443 3098 Scyllam
3473 3028 3749 3082 declinare

489 3124 539 3174 in
570 3136 729 3188 Opere
754 3121 821 3172 de
843 3119 1056 3173 Christo
1087 3101 1362 3183 crticillxo,
1390 3119 1482 3171 lib.
1513 3134 1595 3183 Ill,
1627 3121 1708 3171 tit.
1733 3119 1766 3172 ι
1786 3158 1799 3182 ,
1823 3118 1942 3173 loco
1976 3120 2061 3174 12.
2090 3107 2134 3168 C
2168 3121 2339 3185 nisus,
2358 3118 2502 3173 haud
2529 3119 2659 3173 satis
2685 3119 2872 3173 vitavit
2896 3116 3254 3189 Charybdim;
3282 3119 3346 3173 ad
3377 3120 3518 3173 diem
3548 3121 3750 3173 mensis

490 3211 686 3266 Verum
729 3225 821 3277 per
862 3210 1007 3262 initia
1054 3210 1227 3263 octavi
1276 3218 1394 3276 post
1435 3209 1704 3261 Chrismm
1750 3210 1969 3272 saeculi,
2016 3220 2071 3266 et

486 3320 629 3357 anno
669 3301 866 3356 Christi
914 3300 1016 3355 720
1055 3301 1134 3371 (ut
1185 3302 1455 3353 existimat
1497 3300 1725 3369 Pintus),
1768 3301 2066 3355 Sardiniam

488 3394 887 3449 devastantibus
915 3392 1250 3455 Sarracenis,
1282 3391 1353 3444 ita
1388 3392 1579 3446 turbati
1603 3402 1726 3445 sunt
1756 3403 1831 3445 tot
1857 3404 2068 3446 sancto-

486 3502 602 3542 rum
630 3486 849 3549 tumuli,
880 3493 940 3539 ut
966 3482 1213 3538 maximze
1242 3483 1453 3536 illorum
1506 3484 1670 3549 partis
1703 3484 1843 3537 nulla
1868 3494 2070 3538 restent

486 3588 629 3633 certa
662 3577 881 3645 vestigia
905 3614 923 3641 ,
956 3575 1195 3643 adeoque
1245 3589 1346 3629 nec
1386 3574 1617 3629 Victoris
1649 3576 1919 3642 Vitensis;
1972 3594 2071 3633 nec

484 3670 591 3723 ulla
643 3679 765 3721 sunt
820 3667 982 3737 (quod
1031 3666 1220 3735 sciam)
1264 3676 1502 3722 veterum
1549 3669 1946 3739 Martyrologia,
1980 3681 2071 3725 aut

486 3762 849 3815 Ecclesiarum
890 3761 1121 3827 antiqua:
1163 3761 1356 3814 tabula:
1383 3777 1500 3830 quae
1528 3761 1595 3815 de
1644 3762 1734 3815 illo
1762 3771 2067 3817 sanctorum

488 3852 637 3905 fastis
664 3856 895 3919 ascripta
934 3851 1089 3903 lldem
1122 3851 1335 3905 faciant.
1370 3852 1559 3906 Petrus
1587 3854 1873 3922 episc0pus
1904 3855 2068 3922 Equi-

488 3943 629 3995 linus
662 3942 712 3994 in
744 3941 985 4009 catalogo
1008 3952 1312 3995 sanctorum
1345 3942 1437 3996 lib.
1469 3958 1551 4007 Iv,
1576 3958 1696 4008 cap.
1730 3946 1826 4007 70,
1864 3944 2065 4012 Victor,

488 4035 696 4103 inquit,
754 4032 1225 4103 Carthaginensium
1288 4034 1550 4102 episcOpus
1614 4036 1791 4104 ﬂoruit
1851 4046 2070 4104 tempore

490 4124 747 4177 Anastasii
796 4124 1115 4191 imperatoris
1163 4138 1182 4176 :
1234 4123 1321 4192 qui
1368 4123 1647 4191 prazclarus
1694 4124 1967 4175 virtutibus
2021 4132 2068 4177 et

488 4216 716 4269 doctrina
738 4215 853 4283 fuit.
879 4214 1131 4266 Adversus
1146 4214 1365 4265 Arianos
1388 4214 1668 4279 composuit
1683 4212 1867 4265 librum
1887 4230 2064 4266 unum.

484 4306 564 4360 De
599 4305 888 4373 pwnitentia
934 4306 1119 4356 librum
1158 4319 1352 4367 unum,
1400 4303 1452 4353 in
1479 4317 1581 4371 quo
1622 4302 1817 4356 vivendi
1841 4304 2068 4373 regulam

490 4397 1015 4467 ptenitentibusjuxta
1040 4392 1423 4463 Scripturarum
1444 4395 1800 4446 auctoritatem
1821 4395 2064 4448 instituit.

2172 3211 2390 3277 Augusti
2433 3208 2503 3264 25
2531 3228 2543 3261 :
2584 3208 2748 3264 Utica:
2776 3210 2828 3263 in
2861 3209 3037 3278 Africa
3061 3248 3077 3275 ,
3107 3210 3311 3277 inquit,
3368 3210 3498 3263 beati
3528 3208 3750 3262 Victoris

2170 3302 2424 3369 episcopi;
2452 3318 2480 3356 a
2519 3316 2626 3370 quo
2655 3312 2709 3356 et
2744 3302 3101 3370 conscriptam
3133 3302 3417 3357 Historiam
3444 3302 3750 3357 Vandalicas

2171 3392 2223 3447 in
2280 3392 2456 3446 Africa
2511 3390 2903 3461 persecutionis
2956 3393 3187 3446 afﬁrmat
3224 3393 3276 3446 in
3328 3393 3497 3457 notis;
3534 3391 3601 3446 de
3637 3408 3751 3463 quo

2172 3494 2345 3538 tamen
2380 3485 2596 3539 Victore
2628 3485 2824 3539 mirum
2862 3492 2947 3540 est
2988 3498 3089 3539 nec
3128 3483 3348 3538 verbum
3391 3483 3504 3539 ﬁeri
3534 3484 3747 3553 uspiam

2169 3578 2308 3647 apud
2342 3578 2535 3632 Bedam
2564 3622 2577 3646 ,
2611 3576 2916 3632 Usuardum
2943 3617 2958 3642 ,
2986 3577 3226 3631 Adonem
3254 3616 3270 3638 ,
3303 3576 3577 3631 Rabanum
3601 3576 3749 3631 Mau-

2171 3686 2313 3735 rum,
2360 3671 2598 3739 aliosque
2630 3670 2894 3739 antiquos.
2944 3668 3172 3722 Tantum
3216 3668 3270 3722 in
3314 3668 3556 3724 Usuardo
3603 3670 3750 3725 edito

2169 3758 2405 3814 Colonia:
2432 3759 2495 3813 ad
2520 3774 2717 3813 annum
2734 3758 2893 3824 1521,
2912 3772 2977 3814 ea
3007 3758 3093 3814 die
3118 3759 3336 3828 AuguSti
3368 3760 3465 3824 25,
3491 3760 3569 3814 sic
3591 3760 3748 3830 lego:

2170 3851 2473 3905 Cenomanis
2512 3850 2723 3904 Victoris
2739 3851 2961 3920 episc0pi
2981 3860 3027 3903 et
3055 3852 3400 3921 confessoris;
3419 3867 3540 3906 cum
3565 3860 3747 3907 tamen

2171 3942 2400 3995 Victoris
2451 3955 2543 3995 seu
2573 3940 2795 3995 Victorii
2824 3939 3239 3996 Cenomanensis
3270 3942 3611 3997 meminerint
3643 3944 3750 3998 alia

2171 4034 2545 4104 Martyrologia
2586 4035 2651 4087 ad
2700 4033 2951 4089 calendas
2992 4035 3345 4105 Septembris.
3378 4035 3432 4089 ln
3462 4036 3563 4091 hoc
3589 4036 3752 4105 igitur

2172 4127 2331 4180 totius
2360 4126 2691 4195 antiquitatis
2737 4126 2957 4181 silentio
2980 4169 2995 4194 ,
3029 4141 3196 4182 sacra:
3218 4127 3435 4182 [lituum
3459 4141 3756 4197 congrega-

2171 4216 2300 4269 tioni
2356 4216 2766 4284 expendendum
2810 4216 3192 4285 relinquimus,
3242 4234 3368 4273 num
3421 4219 3600 4273 Victor
3655 4234 3753 4273 seu

2170 4306 2433 4371 Vitensis,
2465 4308 2583 4362 sive
2623 4306 2887 4362 Uticensis
2912 4309 3195 4378 episcopus
3215 4349 3230 4374 ,
3267 4320 3452 4365 auctor
3478 4310 3655 4380 operis
3686 4310 3756 4365 de

2170 4396 2547 4452 Persecutione
2568 4396 2816 4452 Africana
2829 4396 2929 4453 sub
2950 4397 3221 4455 Geiserico
3242 4412 3295 4455 et
3321 4400 3585 4455 llunerico
3604 4400 3755 4455 Van-

489 4489 572 4540 Ad
601 4487 852 4540 Basiliam
895 4487 1162 4555 quemdam
1210 4500 1362 4554 super
1411 4494 1622 4538 mortem
1667 4485 2065 4540 consolatoriam
2092 4468 2145 4527 D
2172 4486 2412 4541 dalorum
2436 4487 2672 4557 regibus,
2697 4486 2800 4542 rite
2813 4489 3137 4558 vindicatus,
3169 4499 3224 4547 et
3251 4492 3302 4547 in
3332 4500 3636 4547 sanctorum
3658 4504 3755 4545 ca-

470 4579 679 4633 ‘l‘ibrum
701 4593 856 4629 unum
879 4617 894 4639 ,
924 4594 1011 4645 spe
1037 4577 1421 4630 resurrectionis
1450 4576 1747 4645 perfectum,
1772 4586 1817 4629 et
1845 4577 2067 4631 instruc-

482 4670 626 4721 tione
669 4666 938 4719 munitum.
967 4666 1225 4719 Homilias
1255 4667 1405 4719 etiam
1426 4682 1539 4730 qua:
1563 4686 1593 4720 a
1615 4668 1855 4737 fratribus
1884 4670 2065 4725 salutis

489 4762 709 4832 propria:
738 4758 991 4823 sollicitis,
1021 4760 1073 4811 in
1100 4759 1239 4811 libris
1264 4760 1469 4828 digesta!
1493 4770 1780 4814 servantur.
1805 4762 1906 4825 Qui
1926 4771 1972 4816 et
1991 4777 2062 4816 stt

488 4849 728 4903 calendas
746 4847 874 4902 Maii
898 4847 1063 4900 carnis
1086 4847 1306 4900 debitum
1325 4850 1492 4900 soluit.
1518 4850 1713 4903 Retulit
1742 4851 1838 4904 ista
1872 4852 2061 4907 Petrus

488 4960 551 4997 ex
581 4941 877 5009 Gennadio,
928 4955 1047 5007 cap.
1102 4941 1168 4994 77
1199 4979 1213 5003 ,
1274 4941 1367 4995 sed
1421 4956 1605 5009 parum
1654 4943 1892 5006 sincere;
1939 4960 2059 4997 nam

492 5036 759 5089 Victorem
802 5048 911 5101 pro
962 5031 1683 5089 Cartennensi-Mauritanite
1720 5036 2061 5091 Cmsariensis

488 5126 739 5192 episcopo
771 5122 983 5191 scripsit
1012 5122 1488 5192 Carthaginensem
1514 5143 1528 5191 ;
1572 5137 1623 5179 et
1654 5126 1900 5183 ﬂoruisse
1931 5129 2066 5183 dixit

465 5224 729 5283 tempore
783 5215 1046 5268 Anastasii
1092 5214 1466 5284 imperatoris,
1502 5232 1633 5271 cum
1678 5218 1745 5273 ad
1780 5220 2064 5287 superiora

484 5309 751 5365 ceiterici
768 5308 1121 5362 Vandalorum
1152 5310 1293 5368 regis
1310 5318 1546 5378 tempora
1563 5320 1705 5367 esset
1729 5313 2057 5369 referendus.

468 5398 818 5459 Aiennadium
848 5398 1018 5471 ipsum
1046 5398 1167 5453 audi
1202 5397 1436 5465 :-Victor,
1470 5403 1572 5468 ait,
1616 5402 1882 5458 Cartenna.’
1908 5404 2061 5459 Μαυ-

1186 5588 1442 5601 ~—

1447 5591 1790 5605 -—_—.____.

2172 4594 2366 4635 nonem
2396 4580 2591 4635 relatus
2619 4580 2829 4635 censeri
2857 4582 3045 4651 possit.

2738 4734 2964 4791 CAPUT
3002 4734 3166 4791 XVII.

2178 4852 2447 4920 Variantcs
2468 4866 2914 4935 aliquotlectiones
2934 4882 2997 4921 ea:
3018 4867 3192 4921 codice
3214 4884 3312 4923 nts.
3330 4869 3602 4925 carthnsia:
3618 4869 3754 4925 Por-

2242 4948 2441 5009 tarum,
2471 4937 2539 5009 ad
2573 4936 2793 5009 Victoris
2825 4937 3043 4992 Vitensis
3068 4940 3291 5009 episcOpi
3320 4955 3447 5007 opus
3474 4942 3537 4994 de
3568 4939 3753 4997 Perse-

2242 5008 2440 5061 cutione
2468 5007 2732 5077 Africana.

2235 5141 2252 5199 (
2268 5140 2403 5190 lianc
2420 5142 2682 5203 variantum
2697 5141 2962 5192 lectionum
2976 5142 3357 5203 descriptionem
3373 5144 3595 5193 consulto
3611 5148 3753 5193 omit-

2168 5203 2316 5265 timus
2356 5208 2525 5263 utpote
2570 5202 2744 5253 lectori
2782 5205 2983 5253 minime
3026 5202 3421 5265 desiderabilem,
3461 5207 3536 5254 cui
3562 5213 3750 5254 textum

2168 5261 2495 5313 Ruinartia’nte
2538 5266 2763 5315 editionis
2805 5266 3249 5315 emendatissimum
3272 5268 3321 5315 in
3349 5261 3438 5317 hac
3461 5270 3623 5318 nostra
3646 5268 3754 5315 edi-

2168 5327 2302 5375 tione
2327 5325 2682 5377 exhibebimus.
2719 5326 2896 5389 Eutr.)

1186 5593 1873 5605 ——_———-——‘..
1908 5594 1935 5606 ο
1958 5593 3032 5627 Vw.

2363 5618 2967 5630 ——————-———————————
