4022 6168
294 268 399 325 ιιι

1668 270 2025 327 PROLEGOM
2036 272 2119 327 EN
2127 274 2162 327 Α
2174 312 2189 327 .

3468 285 3569 341 142

301 399 3571 445 mw

1286 508 1895 596 PIUEFATIO
1969 514 2551 601 SIRMONDI

1217 673 1299 733 In
1346 672 1674 737 historiam
1740 672 2097 737 Vandalicas
2142 678 2621 754 persecutionis.

354 920 400 974 1.
456 918 602 975 Inter
631 921 942 977 innumeras
987 920 1101 977 fere
1149 923 1404 978 barbaras
1456 927 1705 980 nationes
1755 939 1874 994 quae
1903 926 1950 984 A
1984 934 2068 978 est
2096 939 2198 994 pro
2218 926 2311 983 Dei
2358 942 2519 985 causa
2548 933 2847 1003 decertare,
2881 947 2971 992 aut
3003 954 3100 1007 pro
3126 956 3266 999 verte
3304 946 3425 1004 ﬁdei
3466 950 3563 1008 de-

276 1011 500 1066 labente
526 1014 730 1068 seculo
759 1022 951 1083 quarto
976 1023 1070 1069 aut
1098 1017 1287 1085 quinto
1315 1018 1555 1083 ineunte,
1589 1018 1642 1073 in
1678 1017 1878 1072 Roma-

275 1118 413 1156 num
453 1102 671 1171 orbem,
705 1119 769 1158 ac
800 1106 1137 1173 potissimum
1169 1108 1220 1161 in
1250 1107 1465 1176 imperii
1513 1108 1875 1165 Occidentalis

272 1194 596 1260 provincias
623 1194 973 1262 inundarunt,
1010 1197 1151 1251 nulla
1193 1214 1323 1253 sane
1354 1200 1717 1255 Vandalorum
1744 1217 1875 1271 gen-

276 1294 396 1340 tem
427 1287 637 1339 saevitia
659 1296 715 1341 et
745 1286 1136 1344 inhumanitate
1158 1291 1446 1360 superavit.
1486 1290 1539 1345 Id
1580 1293 1875 1361 praedicant

274 1391 466 1436 vetera
506 1397 741 1452 quisque
796 1384 1017 1439 istorum
1069 1394 1366 1453 temporum
1419 1402 1539 1457 quae
1587 1398 1875 1457 supersunt

276 1486 665 1541 monumenta,
706 1484 889 1546 atque,
921 1486 981 1531 ut
1022 1478 1089 1533 de
1135 1479 1297 1535 rebus
1326 1482 1663 1551 potissimum
1707 1481 1874 1536 eccle-

272 1566 520 1622 siasticis
548 1568 763 1637 loquar,
811 1568 953 1624 Fasti
983 1570 1145 1636 sacri,
1170 1571 1259 1641 qui
1298 1587 1419 1627 eum
1451 1573 1535 1627 vix
1581 1588 1743 1628 unum
1779 1584 1872 1630 aut

265 1658 513 1712 alterum
547 1669 837 1730 martyrem
869 1663 970 1717 sub
1014 1662 1133 1718 aliis
1163 1664 1412 1719 Barbaris
1454 1680 1669 1735 passum
1723 1681 1871 1720 com-

273 1760 614 1815 memorent,
648 1752 952 1821 complures
979 1755 1158 1817 simul,
1191 1766 1246 1809 et
1292 1756 1506 1822 quidem
1536 1756 1865 1826 frequenter,

271 1838 390 1891 sub
420 1838 785 1896 Vandalorum
828 1843 1161 1912 gravissimis
1203 1845 1663 1915 persecutionibus
1707 1861 1868 1900 occu-

275 1937 474 1994 buisse
501 1940 701 2008 passim
734 1950 1015 1996 testantur.
1064 1942 1119 1995 ln
1164 1943 1419 1998 Vandalis
1444 1943 1642 2014 quippe
1690 1944 1865 1999 nativa

278 2026 504 2093 feritas,
532 2030 800 2087 haereseos
830 2032 1053 2102 perﬁdia
1079 2034 1356 2103 gentilium
1396 2035 1865 2104 superstitionibus

272 2121 565 2187 permista,
616 2124 936 2180 insatiabilis
986 2125 1294 2195 rapacitas,
1339 2128 1549 2196 aliaque
1600 2126 1861 2196 ejusmodi

273 2213 416 2265 vitia
450 2214 521 2266 ita
552 2215 962 2281 concurrebant,
995 2226 1054 2270 ut
1096 2216 1239 2270 nulla
1266 2217 1404 2286 apud
1453 2232 1547 2272 eos
1590 2224 1733 2271 esset
1771 2225 1863 2270 aut

1982 1014 2230 1073 fensione
2265 1035 2589 1090 pugnantem
2617 1024 2830 1082 fortiter
2852 1032 3175 1089 occumbere
3205 1051 3222 1102 ;
3252 1052 3353 1094 nec
3378 1040 3561 1098 feren-

1977 1104 2103 1158 dum
2142 1118 2227 1163 est
2267 1120 2324 1164 ut
2350 1113 2545 1169 minori
2580 1115 2701 1171 loco
2745 1120 2885 1188 apud
2922 1122 3278 1192 Christianos,
3329 1132 3421 1199 qui
3461 1148 3561 1203 pro

1976 1197 2172 1255 Christi
2220 1203 2322 1258 ﬁde
2383 1209 2767 1277 propugnanda
2822 1212 3167 1271 decertarunt
3213 1197 3557 1289 habeantur,

1976 1304 2135 1357 quam
2175 1295 2263 1363 qui
2295 1310 2392 1363 pro
2421 1307 2633 1353 terreno
2661 1316 2846 1370 regno,
2891 1314 2985 1359 aut
3046 1309 3416 1381 adipiscendo,
3465 1326 3562 1370 ant

1975 1383 2198 1448 tuendo,
2236 1402 2392 1441 curas
2431 1403 2558 1445 suas
2586 1406 2773 1448 omnes
2802 1399 3094 1463 posuerint.

2045 1473 2108 1529 ll.
2133 1476 2295 1533 Nobis
2319 1479 2496 1550 itaque
2526 1482 2577 1536 in
2603 1483 2705 1540 hoc
2729 1488 2988 1555 opusculo
3019 1494 3347 1561 propositum
3378 1506 3461 1552 est
3484 1499 3554 1553 de

1973 1566 2245 1634 praeclaris
2272 1570 2378 1624 illis
2394 1572 2522 1626 viris
2547 1575 2887 1642 potissimum
2905 1594 3065 1650 agere
3094 1584 3185 1652 qui
3215 1586 3266 1640 in
3284 1587 3557 1645 Vandale-

1971 1671 2110 1722 rum,
2127 1662 2301 1728 gentis
2316 1662 2638 1718 Arianorum
2651 1668 2922 1723 erroribus
2943 1671 3346 1742 addictissimre,
3374 1695 3555 1747 perse-

1970 1748 2277 1804 cutionibus
2304 1753 2583 1823 exagitati,
2614 1757 2888 1814 autell'uso
2909 1766 3166 1832 sanguine
3196 1771 3432 1839 martyrii
3456 1788 3551 1827 co-

1968 1853 2154 1893 ronam
2185 1842 2363 1910 adepti
2391 1854 2538 1914 sunt,
2565 1858 2657 1901 aut
2681 1851 2870 1906 saltem
2890 1854 3056 1923 gloria
3075 1860 3430 1918 confessionis
3455 1882 3553 1935 pro

1969 1930 2161 1983 tuenda
2193 1931 2393 1987 Christi
2437 1934 2649 1991 Domini
2687 1938 2963 1999 divinitate
2993 1946 3319 2005 claruerunt.
3355 1930 3551 2012 Verum

1964 2033 2085 2073 cum
2117 2021 2287 2076 civilis
2317 2033 2369 2078 et
2400 2026 2763 2085 ecclesiastica
2802 2032 3026 2091 historia
3053 2038 3125 2093 ita
3174 2055 3295 2097 sese
3324 2043 3549 2103 invicem

1965 2111 2236 2180 adjuvent,
2266 2125 2326 2169 ut
2349 2116 2437 2172 vix
2460 2119 2527 2174 de
2568 2136 2670 2178 una
2701 2124 2897 2195 aliquid
2922 2129 3040 2185 sine
3061 2132 3284 2190 alterius
3311 2138 3550 2194 subsidio

1964 2202 2067 2257 dici
2099 2207 2284 2273 possit,
2319 2210 2475 2264 nobis
2502 2212 2733 2271 subinde
2756 2221 3048 2275 necessitas
3074 2224 3418 2284 incumbitde
3444 2232 3548 2287 lm-

270 2316 448 2357 sexus
476 2303 805 2370 inﬁrmioris,
837 2315 929 2361 aut
965 2306 1333 2362 imbecillioris
1375 2309 1549 2361 aetatis
1579 2291 1855 2362 commise-

1966 2295 2102 2363 perii
2141 2299 2593 2359 vicissitudinibus
2623 2321 2684 2360 ac
2709 2308 2777 2364 de
2811 2311 2913 2367 illis
2940 2314 3268 2387 principibus
3298 2324 3387 2391 qui
3420 2333 3545 2382 tunc

274 2396 452 2459 ratio,
507 2396 649 2449 nulla
700 2412 824 2465 erga
857 2413 944 2451 res
997 2406 1091 2452 aut
1129 2413 1389 2467 personas
1441 2413 1622 2453 sacras
1651 2390 1859 2466 religio.

270 2485 486 2539 Verum
527 2486 837 2541 barbaricus
884 2488 984 2542 iste
1022 2488 1189 2553 furor,
1221 2490 1312 2559 qui
1356 2490 1553 2544 multos
1599 2501 1864 2561 martyres

266 2579 420 2633 cmlo
447 2579 645 2643 intulit,
677 2580 815 2633 idem
849 2580 963 2649 ipse
995 2581 1047 2635 in
1076 2597 1234 2636 causa
1277 2593 1359 2637 est
1381 2599 1477 2636 cur
1506 2583 1635 2638 nihil
1670 2583 1862 2639 ferede

266 2668 473 2721 iisdem
501 2669 821 2739 martyribus
865 2682 1073 2725 certum
1124 2673 1458 2738 habeamus;
1500 2675 1695 2743 quippe
1738 2690 1859 2728 eum

267 2758 449 2826 ferro,
483 2759 690 2813 ﬂamma
720 2770 881 2829 atque
903 2762 1103 2830 rapinis
1130 2763 1307 2817 omnia
1338 2773 1628 2829 vastarent,
1660 2765 1858 2819 nullam

268 2853 348 2906 de
380 2854 540 2907 rebus
575 2854 686 2909 suis
723 2854 1016 2921 scribendi,
1047 2856 1156 2912 imo
1194 2873 1263 2912 ne
1308 2858 1605 2927 respirandi
1646 2859 1858 2928 quidem

267 2944 587 2999 facultatem
615 2946 987 3015 relinquebant
1010 2948 1074 3002 iis
1103 2948 1195 3018 qui
1227 2964 1293 3004 ex
1348 2950 1454 3003 illis
1480 2950 1730 3018 procellis
1774 2966 1858 3005 re~

267 3034 407 3103 liqui
436 3042 611 3089 erant.
644 3034 749 3090 Sed
780 3038 882 3091 etsi
904 3040 995 3106 qui
1016 3036 1151 3092 forte
1180 3038 1353 3108 aliqua
1392 3042 1443 3094 in
1475 3040 1679 3095 litteras
1708 3049 1855 3096 retu-

266 3124 461 3193 lerim,
491 3128 601 3181 hazc
621 3128 798 3181 omnia
825 3127 878 3181 in
908 3128 1024 3183 istis
1055 3130 1387 3197 tumultibus,
1420 3141 1473 3186 et
1502 3132 1714 3186 urbium
1736 3148 1855 3202 pro-

263 3216 677 3285 vinciarumque
717 3216 1085 3287 frequentibus
1131 3222 1358 3276 excidiis
1421 3225 1713 3291 perierunt.
1754 3225 1855 3292 Qui

264 3320 407 3360 vero
434 3315 616 3375 postea
642 3308 710 3362 de
740 3310 902 3362 rebus
939 3310 1057 3365 istis
1091 3315 1509 3368 commentarios
1549 3315 1851 3383 ediderunt,

265 3400 491 3467 negotia
537 3398 713 3454 civilia
765 3408 1021 3467 tractare,
1071 3410 1163 3456 aut
1189 3404 1555 3472 expeditiones
1595 3407 1855 3462 militares

266 3488 675 3555 commendare,
742 3505 902 3560 quam
938 3491 1006 3546 de
1056 3492 1347 3563 Martyrum
1392 3496 1677 3567 triumphis
1729 3500 1851 3553 data

270 3597 441 3649 opera
471 3582 739 3637 disserere
771 3586 1097 3649 maluerunt,
1126 3587 1205 3640 uti
1242 3587 1309 3642 de
1329 3587 1590 3660 Prompio
1629 3591 1852 3661 aliisque

1964 2390 2228 2465 temporis
2251 2394 2601 2467 imperarunt,
2634 2400 2720 2454 vel
2745 2402 2979 2460 breviter
3009 2422 3207 2476 agere:
3236 2390 3344 2467 tum
3362 2423 3423 2470 ut
3442 2432 3546 2474 una

1963 2492 2188 2549 quaeque
2208 2499 2298 2538 res
2331 2501 2429 2540 suo
2457 2487 2580 2544 loco
2623 2505 2686 2546 ac
2729 2503 2972 2565 tempore
3017 2500 3244 2571 dicatur,
3280 2516 3387 2561 tum
3419 2514 3544 2579 quia

1961 2570 2146 2627 civiles
2174 2572 2436 2642 ejusmodi
2463 2579 2876 2652 vicissitudines,
2919 2605 3040 2659 qua:
3074 2570 3449 2654 Vandalorum.
3470 2603 3544 2656 ir-

1962 2664 2299 2731 ruptionibus
2324 2670 2664 2727 occasionem
2694 2682 2992 2743 praebuere,
3033 2684 3208 2740 locum
3240 2689 3404 2745 etiam
3446 2693 3542 2749 dc-

1961 2752 2137 2809 derint
2162 2757 2460 2815 excitandis
2488 2764 2607 2817 isﬁs
2647 2770 3107 2833 persecutionibus
3131 2815 3146 2840 ,
3184 2794 3316 2848 quas
3340 2782 3540 2839 descri-

1959 2844 2161 2902 bendas
2191 2857 2245 2903 et
2269 2864 2366 2918 pro
2388 2852 2602 2909 modulo
2619 2856 2956 2916 illustrandas
2972 2844 3330 2935 aggredimur.
3372 2876 3539 2930 Com-

1960 2936 2212 3004 plectitur
2259 2950 2438 2997 autem
2493 2943 2609 3000 haec
2665 2948 2893 3006 Historia
2940 2963 3108 3011 totum
3154 2959 3283 3015 illud
3328 2974 3539 3037 tempus

1958 3027 2100 3095 quod
2122 3043 2152 3083 a
2177 3030 2351 3099 prima
2368 3033 2728 3092 Vandalorum
2760 3040 2812 3095 in
2842 3043 3042 3100 Gallias
3072 3027 3538 3119 impressione-er-

1959 3119 2129 3186 ﬁnxit,
2163 3138 2330 3194 usque
2374 3127 2440 3181 ad
2472 3131 2795 3188 exstinctum
2820 3149 3006 3192 eorum
3048 3139 3104 3194 in
3144 3144 3321 3201 Africa
3368 3149 3538 3219 impe-

1957 3212 2116 3281 rium,
2147 3215 2197 3269 id
2228 3228 2309 3271 est
2346 3234 2516 3274 annos
2546 3222 2758 3277 circiter
2801 3238 3011 3283 centum
3046 3232 3229 3303 viginti
3277 3246 3335 3293 et
3370 3212 3531 3307 octo;

1955 3302 2219 3373 siquidem
2250 3324 2390 3363 anno
2415 3310 2517 3365 406
2542 3313 2761 3369 Vandali
2790 3332 2859 3371 ex
2893 3324 3058 3387 patria
3089 3302 3181 3379 sua
3210 3329 3381 3395 emisi,
3415 3302 3535 3402 post

1955 3399 2131 3453 varias
2158 3400 2396 3456 fortunas
2433 3420 2601 3473 usque
2629 3410 2694 3461 ad
2726 3424 2925 3465 annum
2953 3415 3146 3471 Christi
3166 3420 3271 3474 534
3297 3399 3531 3481 Africam

1955 3494 2255 3558 obtinuere,
2288 3512 2393 3564 quo
2425 3500 2637 3553 tandem
2675 3516 2814 3555 anno
2840 3506 2938 3557 sub
2966 3507 3266 3564 Justiniano
3294 3512 3534 3583 Augusto

1957 3582 2212 3637 Belisario
2242 3587 2376 3640 duce
2420 3590 2553 3655 pulsi
2588 3600 2730 3644 sunt.
2768 3594 2909 3647 Duas
2940 3608 3116 3665 autem
3152 3601 3207 3655 in
3240 3582 3416 3671 partes
3452 3619 3533 3663 to-

267 3671 548 3726 nonnullis
574 3673 879 3727 auctoribus
911 3682 1075 3742 patet,
1107 3691 1332 3744 quorum
1362 3693 1522 3746 opera
1549 3678 1613 3732 ad
1640 3695 1738 3734 nos
1766 3694 1850 3734 us-

1958 3682 2065 3726 tum
2096 3675 2235 3729 hunc
2266 3677 2502 3731 libellum
2532 3682 2836 3738 tribuimus.
2867 3686 3020 3741 Prior
3051 3655 3277 3746 Victoris
3300 3695 3534 3755 Vitensis

269 3777 379 3829 que
408 3772 792 3830 pervenerunt.
815 3764 987 3820 Unum
1012 3765 1268 3821 habemus
1304 3767 1406 3822 hoc
1434 3769 1501 3825 de
1538 3781 1853 3840 argumento

266 3853 504 3908 Victoris
547 3854 783 3910 Vitensis
809 3872 1030 3911 aureum
1055 3859 1209 3927 plane
1236 3861 1549 3929 opusculum
1579 3864 1644 3917 de
1672 3879 1851 3931 perse-

267 3947 487 3999 cutione
504 3944 778 4010 Africana,
802 3949 903 4001 sub
924 3948 1215 4004 Genserico
1241 3961 1293 4004 et
1321 3951 1580 4007 llunerico
1599 3953 1847 4009 excitata:

264 4051 575 4104 quanquam
606 4047 660 4092 et
689 4038 803 4106 ipse
832 4054 996 4107 pauca
1028 4056 1093 4095 ex
1141 4041 1345 4106 multis,
1378 4058 1550 4113 neque
1595 4044 1710 4113 ipse
1742 4046 1850 4099 dis-

266 4128 511 4195 simulat,
534 4129 720 4196 refert,
756 4141 938 4199 utpotc
966 4133 1055 4201 qui
1088 4135 1446 4190 narrationem
1474 4151 1623 4191 suam
1650 4139 1716 4192 ad
1760 4154 1850 4195 so-

265 4223 374 4275 lam
403 4222 640 4278 Africam
681 4234 942 4292 coarctat,
975 4231 1217 4296 quamvis
1245 4230 1309 4282 ad
1342 4230 1494 4300 longe
1516 4232 1695 4300 plures
1727 4248 1850 4301 pro-

267 4313 499 4376 vincias,
528 4324 582 4368 et
629 4315 887 4370 tredecim
930 4318 1149 4371 omnino
1175 4330 1466 4387 computat,
1523 4323 1848 4390 persecutio-

267 4420 392 4460 nem
433 4406 711 4461 Genserici
738 4409 1040 4473 pervasisse
1071 4410 1318 4466 fateatur.
1345 4412 1443 4466 Vix
1485 4422 1661 4469 tamen
1690 4415 1847 4483 quid-

266 4510 428 4563 quam
458 4495 600 4549 aliud
621 4513 687 4550 ει
710 4497 774 4550 iis
795 4499 977 4566 rebus,
998 4509 1193 4567 praeter
1212 4516 1272 4555 ea
1288 4517 1406 4570 quze
1422 4503 1606 4557 abisto
1629 4516 1847 4559 auctore

267 4585 604 4650 referuntur,
634 4589 840 4643 rescire
869 4590 1022 4643 nobis
1062 4592 1203 4645 licet.
1235 4592 1433 4647 Verum
1473 4604 1528 4650 et
1575 4595 1626 4650 id
1671 4597 1843 4663 ipsum

271 4678 461 4745 operis
488 4679 607 4746 ejus
646 4682 873 4749 pretium
902 4692 1081 4753 auget,
1119 4694 1462 4756 nostramque
1490 4690 1727 4744 excitare
1767 4690 1846 4744 di-

268 4769 552 4837 ligentiam
590 4771 754 4826 debet
779 4772 845 4826 ad
878 4789 1057 4828 sacras
1085 4774 1203 4830 illas
1238 4778 1521 4832 sanctioris
1562 4780 1845 4849 antiquita-

265 4864 339 4915 tis
367 4862 616 4931 reliquias
645 4864 993 4934 colligendas,
1028 4882 1146 4936 qua:
1182 4882 1289 4938 quo
1319 4871 1582 4936 rariores,
1625 4886 1695 4926 eo
1720 4887 1844 4941 pre-

265 4955 516 5009 tiosiores
555 4958 766 5012 censeri
805 4957 1025 5015 debent.
1057 4960 1367 5031 Quanquam
1401 4963 1571 5032 pudor
1608 4972 1692 5019 est
1721 4979 1844 5033 pro—

263 5048 425 5101 Ianos
452 5056 694 5102 auctores
724 5049 859 5102 adeo
884 5050 1143 5105 sollicitos
1168 5068 1229 5107 ac
1244 5053 1526 5123 diligentes
1552 5056 1604 5111 in
1636 5056 1840 5112 bellicis

263 5136 450 5197 rebus,
472 5139 842 5206 praeclarisque
869 5140 1089 5196 heroum
1119 5158 1335 5197 suorum
1354 5143 1681 5200 facinoribus
1695 5162 1842 5202 com-

264 5230 631 5283 memorandis
652 5229 850 5296 fuisse;
871 5242 1084 5288 nostros
1111 5250 1240 5289 vero
1264 5235 1396 5290 adeo
1421 5237 1655 5291 incurios
1673 5254 1733 5292 ac
1750 5254 1839 5293 nc-

260 5319 585 5389 gligentesin
600 5332 909 5377 sanctorum
927 5327 1196 5393 prreclaris
1224 5342 1320 5396 pro
1344 5327 1446 5383 ﬁde
1460 5330 1841 5385 certaminibus

263 5412 561 5477 posteritati
592 5414 939 5470 mandandis:
981 5418 1173 5487 quibus
1214 5429 1394 5473 tamen
1419 5420 1547 5474 nihil
1571 5420 1841 5476 efﬁcacius

261 5514 347 5556 est
377 5503 446 5554 ad
472 5506 870 5561 accendendum
898 5507 951 5562 in
973 5509 1128 5563 nobis
1145 5510 1314 5564 divini
1337 5510 1835 5566 amorisfcrvorem.

266 5593 333 5646 Et
361 5596 577 5664 quidem
607 5596 651 5650 si
680 5597 838 5653 dulce
873 5606 929 5653 et
976 5599 1231 5655 decorum
1260 5610 1342 5656 est
1370 5616 1467 5671 pro
1511 5601 1697 5669 patria:
1751 5614 1841 5657 aut

262 5685 575 5755 reipublicae
621 5702 777 5745 causa
821 5691 976 5759 mori,
1020 5692 1172 5761 longe
1200 5692 1385 5763 majori
1414 5692 1571 5749 laude
1625 5693 1839 5763 dignum

1956 3781 2087 3834 opus
2117 3770 2386 3838 egregium
2415 3788 2535 3825 cum
2575 3776 2739 3829 variis
2766 3779 3040 3835 codicibus
3076 3797 3322 3844 accurate
3368 3794 3532 3847 colla-

1956 3872 2107 3927 tum,
2158 3864 2368 3930 aliaque
2425 3868 2677 3922 nonnulla
2732 3884 3075 3932 monumenta
3122 3882 3528 3952 complectitur,

1953 3967 2073 4021 quae
2127 3954 2573 4024 subsequentibus
2624 3963 2764 4014 notis
2805 3975 2858 4018 et
2902 3965 3364 4028 observationibus
3403 3977 3529 4031 illu-

1952 4052 2124 4097 strare
2150 4046 2326 4098 conati
2348 4061 2554 4101 sumus.
2583 4050 2762 4104 Altera
2809 4068 2939 4108 vero
2968 4071 3091 4123 pars
3136 4061 3409 4119 historiam
3446 4070 3529 4122 ισ-

1954 4143 2059 4186 tam
2116 4135 2274 4204 hujus
2324 4142 2714 4206 persecutionis
2758 4142 2827 4196 ita
2884 4148 3222 4204 continenter
3268 4156 3525 4224 scriptam
3593 4178 3607 4221 η

1950 4227 2193 4292 exhibet,
2224 4238 2281 4283 ut
2321 4230 2585 4284 interdum
2619 4230 2870 4289 nonnulla
2904 4237 3295 4297 interserantur
3342 4257 3525 4304 vetera
3592 4249 3594 4253 ⁷

1950 4319 2170 4385 scripta,
2195 4322 2286 4374 sed
2339 4337 2459 4391 qua:
2500 4322 2733 4379 historia:
2778 4324 2923 4381 ﬁlum
2952 4330 3187 4401 ‘piinime
3233 4333 3523 4394 interrum-
3590 4353 3601 4371 '-

1951 4418 2098 4474 punL

2022 4495 2107 4563 ΙΙΙ.
2142 4497 2376 4552 Primum
2408 4501 2585 4572 itaque
2616 4506 2665 4557 in
2714 4507 2877 4572 priori
2918 4519 3068 4578 parte
3109 4511 3284 4567 locum
3318 4517 3524 4575 obtinet

1950 4587 2179 4641 Victoris
2210 4590 2439 4645 Vitensis
2466 4594 2699 4663 episcopi
2725 4598 2790 4651 de
2813 4598 3193 4658 Persecutione
3234 4606 3522 4670 Vandalica

1947 4683 2282 4749 opusculum,
2313 4700 2417 4751 quo
2448 4687 2649 4740 nullmn
2682 4689 2791 4743 fere
2830 4692 3089 4747 illustrius
3132 4696 3181 4750 in
3233 4707 3340 4753 tota
3380 4704 3521 4756 anti-

1947 4776 2146 4841 quitate
2178 4788 2599 4843 monumentum,
2640 4782 2885 4839 utiliusve
2939 4796 3030 4839 aut
3059 4788 3348 4858 efﬁcacius,
3405 4802 3517 4847 tum

1946 4866 2011 4918 ad
2040 4865 2471 4921 inﬁammandum
2510 4872 2558 4923 in
2612 4871 2846 4927 ﬁdelium
2898 4880 3200 4943 pectoribus
3235 4890 3290 4935 et
3327 4884 3521 4943 animis

1946 4957 2266 5013 Christiana
2295 4960 2567 5031 religionis
2596 4967 2829 5019 studium
2871 4982 2934 5022 ac
2981 4968 3276 5035 fervorem,
3311 4981 3420 5029 tum
3450 4977 3520 5032 ad

1866 5023 1925 5086 Ῑ)
1947 5051 2310 5105 conﬁrmanda
2348 5067 2517 5109 sacra:
2546 5056 2803 5112 doctrina:
2832 5058 3081 5129 dogmata
3101 5106 3116 5129 ,
3152 5071 3262 5119 tum
3291 5067 3521 5138 denique

1945 5141 2011 5194 ad
2045 5144 2395 5198 revineendos
2425 5144 2729 5213 haereticos,
2758 5159 2866 5204 tam
2895 5161 3107 5209 veteres
3154 5172 3311 5226 quam
3335 5174 3520 5214 recen-

1950 5235 2134 5287 tiores.
2157 5234 2295 5288 Hinc
2316 5246 2397 5289 est
2422 5236 2563 5305 quod
2582 5238 2670 5291 ubi
2700 5240 2926 5307 primum
2955 5243 3130 5299 lucem
3158 5250 3386 5318 aspexit,
3418 5264 3519 5317 op-

1950 5335 2233 5393 portunum
2268 5326 2528 5395 imprimis
2552 5329 2721 5384 visum
2754 5341 2837 5387 est
2861 5332 2926 5387 ad
2958 5338 3316 5392 retundendas
3356 5354 3517 5393 nova-

1948 5424 2122 5471 torum
2150 5417 2469 5486 calumnias,
2495 5421 2584 5489 qui
2623 5422 2901 5479 catholica:
2939 5427 3190 5481 Ecclesiae.
3221 5427 3517 5485 doctrinam

1951 5509 2203 5563 novitatis
2236 5511 2452 5566 nomine
2482 5512 2923 5569 criminabantur.
2973 5517 3029 5573 In
3058 5517 3161 5571 hoc
3185 5518 3327 5572 enim
3356 5534 3519 5591 opero

1948 5600 2231 5655 laudantur
2254 5601 2518 5658 incruenti
2542 5606 2789 5660 sacriﬁcii
2813 5606 2988 5661 divina
3020 5612 3270 5679 mySIeria
3301 5622 3355 5667 et
3381 5615 3517 5669 sacri

1949 5694 2080 5748 ritus
2107 5710 2122 5761 ;
2154 5694 2240 5749 bic
2272 5695 2510 5750 invenire
2539 5697 2658 5752 licet
2681 5699 2919 5766 corporis
2942 5711 2996 5754 et
3025 5704 3295 5772 sanguinis
3320 5702 3517 5760 Christi
