4022 6168
471 284 501 337 1
524 282 579 337 ἦ

1804 270 2053 327 VICTOR
2101 270 2192 322 VII
2216 270 2421 325 FNSIS.

3661 268 3753 326 ist

477 401 890 456 sacramentum,
925 388 1251 460 paenitentia:
1300 401 1500 441 munus
1530 394 1585 441 et
1612 384 2065 440 reconciliationis
2098 388 2143 442 Α
2173 382 2339 449 Quam
2370 383 2582 452 quidem
2615 382 2710 435 vi.i
2746 381 2936 435 t-ruditi
2962 381 3306 445 sententiam,
3335 398 3441 435 non
3464 383 3623 434 modo
3645 402 3756 437 ant-

476 486 859 556 indulgcntiam
896 483 1236 537 sacerdotum
1266 480 1569 534 ministerio
1610 491 1949 542 concessam,
1995 475 2062 528 ad

477 592 611 647 quos
635 586 850 647 peccata
879 575 1089 629 solvere
1111 589 1176 627 ex
1206 572 1403 626 Christi
1438 570 1773 625 institutione
1796 568 2059 638 pertinet:

478 670 565 723 hc
604 666 939 735 baptismatis
982 665 1159 718 unitas
1202 662 1441 716 maxime
1484 659 1917 724 commendatur,
1979 658 2067 712 hic

475 760 637 814 fontis
664 758 999 828 baptismalis
1030 769 1198 809 sacrm
1230 755 1640 809 benedictiones
1681 752 1929 820 laudatte,
1976 768 2064 805 su-

477 852 688 907 letnnes
712 850 845 904 ritus
870 848 922 901 it
954 849 1329 901 defunctorum
1361 846 1597 899 lidelium
1628 843 1903 913 exsequiis
1960 840 2068 895 usi-

475 946 573 1001 tati
612 951 993 998 memorantur.
1054 938 1296 994 Basilicas
1346 939 1401 992 in
1448 946 1760 992 sanctorum
1805 936 2066 989 honorem

476 1039 590 1092 Deo
621 1044 969 1093 cenat-erata).
996 1040 1305 1086 sancttrum
1336 1030 1390 1084 in
1427 1030 1579 1085 caelis
1610 1026 1953 1097 regnantium
1982 1026 2068 1079 in-

470 1125 994 1192 vocatio,Romaua:
1030 1122 1284 1177 Ecclesia:
1331 1120 1615 1190 primatus,
1668 1118 1903 1187 virgines
1955 1116 2071 1171 Deo

478 1233 671 1283 sacrae,
703 1216 913 1284 aliaque
939 1214 1203 1283 ejusmodi
1246 1213 1386 1267 bene
1430 1211 1597 1266 multa
1642 1211 1844 1280 passim
1876 1222 2071 1263 occur-

481 1322 605 1365 runt
628 1328 643 1375 ;
670 1325 789 1378 qua:
820 1324 885 1362 eo
912 1308 1147 1362 certiora
1175 1318 1299 1361 sunt
1333 1302 1642 1359 traditionis
1667 1306 1899 1371 antiqua:
1928 1299 2073 1354 indi-

478 1404 585 1465 cia,
613 1399 754 1469 quod
788 1400 855 1453 ab
887 1400 987 1452 isto
1016 1408 1235 1452 auctore
1262 1396 1408 1451 nulla
1436 1397 1559 1451 data
1581 1410 1764 1464 opera,
1797 1393 2075 1461 etabsque

484 1495 588 1549 ulla
618 1492 972 1547 aﬂ‘ectationis
1006 1490 1187 1559 specie
1229 1491 1435 1559 prolata
1485 1488 1705 1543 fuerint.
1758 1485 1945 1539 Visum
1992 1491 2077 1538 est

482 1590 645 1641 etiam
671 1586 813 1641 idem
841 1598 975 1651 Opus
1000 1583 1175 1651 magni
1206 1580 1466 1637 momenti
1507 1580 1573 1635 ad
1621 1576 2071 1647 compescendam

485 1691 782 1746 eorumque
805 1676 1178 1729 haereticorum
1202 1672 1470 1737 furorem;
1504 1672 1785 1741 proposito
1822 1670 2073 1736 exemplo

2169 475 2473 543 plectimur,
2506 474 2600 528 sed
2633 473 2768 529 adeo
2797 475 2962 528 certis
2998 484 3052 527 et
3083 473 3392 527 indubitatis
3423 478 3761 543 argumentis

2168 566 2493 638 prepngnari
2524 581 2684 636 posse
2712 579 3018 632 censemus,
3053 576 3109 619 ttt
3142 567 3410 620 neminem
3440 567 3490 620 ci
3525 584 3763 633 unquam

2170 660 2220 713 in
2253 669 2524 725 posterum
2554 672 2676 712 esse
2698 656 3086 724 refragatttrutn
3118 658 3462 711 arbitremur.
3510 658 3565 710 ld
3615 660 3764 712 enim

2168 750 2336 819 exigit
2358 764 2389 802 a
2421 750 2575 803 nobis
2603 752 2847 804 omnium
2877 750 3123 803 codicum
3157 764 3285 802 mss.
3324 750 3595 803 unanimis
3627 766 3766 803 con-

2170 856 2381 907 sensus,
2411 857 2641 911 quorum
2678 857 2745 896 ne
2774 856 2913 895 unus
2943 842 3179 909 quidem.
3231 857 3294 894 ex
3328 841 3396 894 iis
3442 843 3637 898 saltem
3671 845 3767 912 qui

2173 934 2432 989 hactenus
2460 935 2559 988 visi
2584 944 2730 999 sunt,
2771 933 3044 988 Victorem
3098 933 3403 988 Uticensem
3435 935 3594 989 istius
3634 952 3770 1006 ope-

2172 1027 2247 1080 ris
2268 1035 2540 1081 :tuctorem
2568 1026 2798 1095 prtelert.
2834 1025 2943 1080 Nos
2965 1035 3193 1095 quatuor
3210 1028 3429 1081 omnino
3459 1028 3770 1083 invenimus

2171 1116 2447 1187 inquibus
2478 1117 2593 1171 hmo
2624 1117 2855 1171 Historia
2891 1117 3120 1171 habetur
3157 1118 3392 1186 integra;
3436 1135 3503 1174 ex
3542 1121 3609 1173 iis
3655 1130 3769 1175 tres

2176 1208 2409 1264 Victoris
2435 1213 2616 1281 patrita
2675 1208 2893 1262 Vitensis
2940 1209 3177 1278 episcopi
3217 1225 3413 1263 nomen
3464 1210 3666 1265 diserte
3712 1220 3769 1266 et

2174 1317 2282 1356 non
2332 1301 2500 1355 semel
2556 1310 2968 1370 repraesentant,
3026 1301 3081 1354 in
3131 1310 3321 1370 quarto
3350 1309 3528 1356 autem
3581 1301 3769 1356 Victor

2173 1396 2459 1464 episcopus
2488 1394 2808 1463 simpliciter
2830 1393 3049 1459 dicitur,
3076 1393 3221 1447 nulla
3243 1392 3387 1447 sedis
3431 1394 3599 1462 ipsius
3631 1394 3767 1449 far-ta

2175 1488 2467 1543 mentione.
2500 1486 2596 1541 His
2617 1487 2887 1541 consentit
2913 1486 3084 1541 codex
3128 1500 3228 1539 ms.
3255 1486 3547 1539 carthusia:
3581 1486 3769 1540 Porta.

2173 1595 2316 1647 rum,
2350 1580 2597 1649 antiquus
2628 1589 2683 1634 et
2703 1580 2924 1647 Optima:
2958 1588 3120 1643 notae,
3154 1579 3265 1646 qui,
3300 1589 3531 1635 teStante
3550 1581 3770 1633 enim»-

2176 1672 2272 1737 tio,
2308 1671 2447 1726 hunc
2478 1671 2689 1724 titulum
2731 1672 2984 1739 praefert:
3015 1669 3267 1739 Prologus
3298 1671 3351 1724 in
3378 1671 3610 1724 Historia
3654 1689 3770 1740 per.

492 1769 875 1833 Vandalorum,
911 1782 978 1821 ne
1008 1768 1152 1835 ipsos
1184 1765 1345 1820 rebus
1377 1766 1549 1819 sacris
1580 1763 1844 1818 violandis
1876 1761 2074 1816 imitari
2106 1746 2151 1807 Β
2180 1763 2452 1817 secuticnis
2493 1762 2775 1833 Africanae.
2826 1764 2962 1815 edita
3011 1779 3043 1815 a
3095 1771 3272 1816 sancto
3332 1763 3536 1816 Victore
3588 1768 3772 1833 patria!

485 1864 821 1918 viderentur.
856 1862 1016 1914 Certe
1046 1873 1110 1912 ea
1139 1856 1237 1911 fuit
1264 1871 1419 1910 mens
1448 1855 1587 1909 beati
1620 1855 1888 1917 liheuani,
1928 1852 2080 1923 cujus

492 1968 659 2023 opera
686 1952 861 2021 primo
885 1952 935 2004 in
968 1953 1140 2004 lucem
1190 1948 1385 2016 prodiit
1410 1964 1425 2001 :
1450 1947 1768 2013 Africanam,
1810 1947 1978 2014 inquit
2026 1946 2080 1999 in

488 2046 861 2101 admonitione
916 2042 1137 2111 praevia,
1188 2038 1403 2092 Victoris
1451 2036 1738 2091 Historiam
1774 2037 1850 2091 vel
1882 2038 1937 2090 in
1984 2035 2082 2090 hoc

490 2138 762 2211 perlegisse
781 2136 1031 2208 proderit,
1080 2134 1219 2203 quod
1262 2135 1345 2186 vix
1374 2131 1523 2184 aliud
1545 2132 1833 2199 exemplum
1877 2131 1943 2184 ad
1992 2131 2082 2184 de-

492 2232 784 2286 terrendum
806 2246 835 2282 a
865 2227 1124 2299 religionis
1148 2226 1295 2279 sectis
1330 2226 1395 2278 sit
1421 2224 1695 2293 eﬂicacius,
1726 2223 1861 2291 quod
1890 2224 1959 2275 ibi
1989 2222 2082 2276 sub

480 2324 673 2378 oculos
719 2330 962 2394 ponatur,
1018 2336 1171 2389 quam
1215 2320 1329 2371 dira
1369 2328 1522 2383 atque
1560 2318 1776 2387 infanda
1798 2316 2082 2371 Christiani

493 2420 545 2471 in
578 2416 898 2471 Christianos
927 2415 1340 2485 perpetrauerint,
1392 2414 1516 2465 dum
1540 2412 1754 2465 Barbari
1784 2428 1875 2465 suo
1898 2414 1949 2463 in
1978 2411 2083 2465 Ro-

494 2526 671 2563 manos
688 2510 808 2562 odio
836 2523 1029 2561 morem
1063 2515 1307 2575 gerentes,
1332 2506 1599 2575 re'igiortis
1624 2514 1868 2572 pra'textu
1891 2505 1941 2557 in
1964 2503 2083 2557 ilt'os

482 2601 727 2655 ‘strvittnt.
782 2600 916 2653 llinc
952 2608 1060 2652 tam
1102 2598 1406 2666 frequentes
1451 2596 1709 2665 deinceps
1767 2597 1918 2651 fuere
1965 2596 2082 2665 ejus

493 2694 777 2755 editiones,
828 2700 937 2744 tttm
969 2691 1019 2743 in
1061 2689 1373 2755 Germania,
1408 2698 1519 2743 tum
1554 2690 1607 2742 in
1636 2687 1829 2754 Gallia,
1872 2689 1924 2741 in
1964 2688 2085 2758 qui-

496 2786 595 2838 bus
646 2781 936 2853 proviuciis
992 2780 1363 2835 itmreticoruttt
1410 2780 1557 2835 furor
1596 2781 1828 2835 maxime
1873 2792 2085 2849 grassa-

478 2877 670 2930 batur.

571 2965 659 3019 IV.
693 2966 857 3019 Porro
888 2966 1046 3031 hujus
1075 2964 1323 3017 liistorize
1363 2974 1639 3017 auctorem
1675 2962 1838 3017 fuisse
1884 2963 2086 3031 episco-

502 3074 623 3126 pttttt
647 3056 930 3125 quemdam
957 3054 1290 3119 Africanum,
1331 3056 1547 3109 nomine
1579 3054 1873 3116 Victorem,
1908 3057 1993 3108 nul
2019 3068 2084 3109 us

501 3164 733 3216 unquam
783 3149 835 3202 itt
867 3148 1084 3201 dubium
1124 3148 1427 3212 revocavit;
1459 3158 1513 3202 at
1552 3149 1619 3203 de
1668 3149 1787 3217 ejus
1823 3148 1951 3203 sede
1978 3163 2084 3201 non

500 3260 598 3295 ttut
635 3243 731 3294 fuit
762 3242 1000 3296 omnium
1038 3242 1322 3295 sententia.
1376 3242 1519 3295 Libri
1565 3242 1762 3311 quippe
1810 3242 1961 3303 editi,
1996 3244 2085 3297 alii

497 3334 768 3389 Victorem
802 3334 1131 3397 Uticensem,
1160 3333 1250 3387 alti
1283 3333 1554 3387 Vitensetn
1592 3336 1912 3403 prteferuut;
1952 3350 2087 3403 pra:-

501 3427 729 3480 valuisso
755 3434 932 3479 ttmen
962 3424 1258 3489 videbatur,
1291 3426 1452 3478 etiam
1481 3425 1620 3495 apud
1650 3426 1793 3479 viros
1823 3426 2084 3493 eruditos,

504 3532 688 3572 eorum
717 3518 900 3585 opinio
928 3517 1018 3585 qui
1055 3515 1359 3571 Uticensem
1389 3517 1752 3585 appellabtnt,
1781 3533 1902 3571 cum
1936 3519 2086 3573 Utica

503 3609 690 3663 civitas
712 3610 961 3662 omnibus
993 3607 1168 3661 notior
1181 3619 1320 3662 esset
1346 3623 1504 3677 quam
1529 3607 1785 3677 Vitensis,
1810 3625 1968 3678 quam
1994 3625 2088 3665 ne-

504 3719 593 3758 mo
647 3703 761 3758 l'ere
810 3717 1052 3757 noverat.
1112 3701 1308 3756 Verum
1358 3713 1543 3772 postea
1595 3718 1755 3773 quam
1792 3719 1858 3758 ex
1896 3706 2084 3758 notitia

504 3795 752 3849 Africana
774 3802 1109 3861 compertum
1139 3792 1237 3847 fuit
1262 3793 1527 3848 Victorem
1560 3794 1872 3865 episcopum
1902 3795 2088 3849 Viten-

499 3900 618 3939 sctn
644 3884 951 3943 Vandalicas
1006 3882 1397 3951 persecutionis
1439 3886 1769 3954 temporibus
1802 3888 1853 3941 in
1904 3886 2084 3942 Africa

506 3976 773 4040 lloruisse,
813 3989 913 4043 qua
962 3984 1279 4044 tempestate
1321 3974 1591 4031 Uticensis
1618 3980 1904 4048 episcopus
1929 4020 1944 4044 ,
1979 3994 2085 4034 non

495 4069 712 4135 ’Victor,
741 4067 834 4122 sed
864 4066 1204 4122 Florentiuus
1246 4067 1554 4136 dicebatur,
1589 4078 1645 4121 ttt
1673 4086 1738 4122 ex
1766 4070 1953 4123 eadem
1992 4087 2088 4124 no-

506 4161 619 4217 titia
659 4170 822 4230 patet,
856 4171 983 4215 tunc
1026 4174 1185 4215 nemo
1230 4176 1335 4214 non
1366 4174 1622 4215 assensus
1661 4168 1745 4214 est
1795 4160 2084 4229 Victorem,

505 4256 745 4325 praeclari
781 4255 937 4325 hujus
959 4266 1233 4311 auctorem
1270 4256 1472 4324 operis,
1520 4254 1793 4309 Vitenscm
1836 4272 1955 4311 esse
1992 4273 2087 4326 ap-

508 4348 833 4415 pellandum.
858 4348 1039 4417 Neque
1056 4347 1266 4402 dixeris
1285 4346 1598 4405 Florentino
1626 4347 1859 4403 Uticensi
1893 4349 1944 4402 in
1994 4365 2088 4405 ex-

2194 1857 2414 1910 i'itensis
2443 1857 2703 1924 episcopo.
2738 1856 2996 1911 Ettmdem
3027 1866 3301 1911 auctorem
3333 1858 3626 1928 episcopum
3679 1858 3772 1911 γε.

2184 1958 2396 2012 tensam,
2429 1964 2531 2000 non
2566 1946 2854 2001 Uticensem
2884 1949 3070 2001 diserte
3091 1950 3347 2019 appellari
3370 1951 3421 2003 in
3451 1950 3638 2005 codice
3664 1965 3769 2004 ms.

2182 2043 2524 2100 bibliothecae
2574 2043 2848 2099 Vaticana:
2899 2052 3084 2099 mouet
3141 2045 3316 2099 Lucas
3362 2044 3666 2099 Holstenius
3719 2045 3773 2099 in

2184 2134 2568 2190 animadversis
2587 2134 2653 2188 ad
2682 2134 3118 2205 Martyrologium
3148 2134 3450 2189 Romanum
3487 2134 3553 2189 ad
3579 2134 3723 2189 diem
3742 2152 3772 2190 κ

2183 2229 2435 2285 calendas
2464 2228 2826 2299 Septembris.
2856 2228 3095 2298 Denique
3120 2228 3308 2282 beatus
3341 2226 3655 2291 Rhenanus,
3681 2228 3774 2295 qui

2185 2321 2389 2390 primus
2418 2335 2560 2375 anno
2586 2320 2723 2375 1555
2768 2321 2906 2375 hanc
2946 2320 3224 2374 historiam
3286 2320 3426 2389 typis
3469 2320 3774 2387 mandavit,

2184 2415 2327 2483 quod
2376 2430 2440 2469 ex
2463 2429 2570 2468 uno
2597 2415 2784 2469 saltem
2820 2430 2919 2468 tus.
2953 2414 3137 2468 codice
3164 2413 3360 2467 factum
3402 2413 3566 2467 fuisse
3602 2413 3775 2467 faten-

2186 2506 2311 2559 dum
2343 2516 2447 2569 est,
2482 2504 2683 2560 ViCtori
2715 2520 2833 2559 eaut
2882 2505 3082 2559 Vitensi
3118 2504 3343 2569 tribuit;
3381 2505 3521 2573 quod
3556 2520 3687 2559 sane
3727 2507 3776 2559 ei

2187 2615 2293 2651 non
2323 2598 2638 2662 accidisSet,
2668 2600 2710 2653 si
2737 2600 2881 2653 illius
2909 2600 3077 2654 codex
3107 2599 3375 2655 Uticensis
3400 2599 3693 2653 notissima:
3722 2600 3777 2655 iu

2188 2689 2366 2744 Africa
2395 2690 2544 2743 urbis
2587 2691 2740 2744 titulo
2791 2689 2976 2745 luisset
3017 2689 3324 2759 insignitus.
3380 2690 3535 2745 Unde
3577 2690 3777 2744 inferre

2187 2780 2328 2835 licet.
2359 2781 2576 2835 codices
2619 2796 2687 2835 ex
2740 2780 2909 2845 Italia,
2944 2778 3231 2834 Germania
3268 2789 3323 2834 et
3363 2779 3535 2834 Gallia
3571 2782 3621 2833 in
3674 2781 3776 2835 hoc

2189 2887 2351 2925 unum
2380 2874 2713 2940 consentire,
2746 2882 2801 2927 ut
2840 2872 3022 2927 Victor
3073 2874 3173 2927 iste
3203 2872 3453 2938 Vitensis,
3506 2888 3613 2926 non
3663 2870 3777 2927 Uti-

2187 2963 2365 3018 censis
2391 2963 2620 3017 dicatur.

2261 3058 2323 3111 V.
2368 3058 2575 3111 Primus
2614 3058 2850 3111 omnium
2872 3057 2959 3127 qui
2990 3055 3261 3111 sincerum
3310 3056 3469 3127 hujus
3497 3057 3679 3126 operis
3712 3058 3781 3111 ti-

2191 3150 2359 3202 tulum
2378 3149 2637 3217 corrupit,
2664 3148 2877 3202 videtur
2909 3147 3073 3202 fuisse
3107 3147 3444 3202 Reiuhardus
3475 3148 3779 3205 Loricltius.

2190 3240 2287 3295 llic
2317 3240 2513 3308 quippe
2553 3254 2695 3293 anno
2745 3240 2883 3295 1557
2913 3239 3153 3293 Coloniae
3191 3240 3437 3295 eamdem
3490 3241 3781 3295 llistoriatn

2187 3333 2287 3387 Sub
2336 3332 2552 3386 Victoris
2598 3334 2777 3401 patriae
2832 3332 3084 3387 Uticensis
3134 3334 3351 3388 nomine
3405 3333 3716 3404 evulgavit,
3748 3350 3782 3387 ι

2189 3428 2437 3481 tinearum
2473 3426 2691 3497 injuria,
2723 3424 2909 3495 quibus
2939 3425 3117 3478 arrodi
3157 3426 3439 3486 videbatur,
3473 3437 3529 3477 ut
3560 3424 3675 3494 ipse
3701 3424 3783 3478 lo-

2188 3520 2385 3589 quitur,
2416 3519 2758 3572 vindicatam.
2814 3517 2881 3571 Et
2910 3518 3154 3587 quamvis
3192 3533 3334 3571 anno
3368 3517 3497 3572 1541
3532 3515 3782 3572 Rheuatti

2187 3613 2352 3668 editio
2380 3611 2598 3666 Parisiis
2618 3610 2757 3680 apud
2783 3608 3062 3665 Galeotum
3093 3610 3428 3677 Prateusem,
3458 3611 3652 3665 iterum
3678 3610 3783 3666 sub

2188 3702 2422 3759 Victoris
2454 3702 2690 3758 Vitensis
2726 3704 2944 3757 nomine
2984 3717 3171 3757 recusa
3214 3702 3409 3767 fuerit;
3442 3718 3562 3757 cum
3598 3714 3781 3759 tamen

2188 3794 2430 3863 ejusdem
2474 3794 2574 3848 hoc
2611 3794 2730 3862 ipso
2776 3808 2917 3847 anno
2954 3794 3122 3848 altera
3169 3793 3401 3848 Lorichii
3443 3795 3631 3863 editio,
3678 3796 3784 3851 sub

2190 3886 2421 3939 Victoris
2454 3884 2721 3940 Uticensis
2750 3884 2987 3953 nomine,
3024 3887 3225 3956 pariter
3253 3888 3388 3942 facta
3421 3888 3608 3944 fuisset
3632 3888 3825 3944 Basi-°

2191 3978 2288 4032 lea:
2329 3977 2469 4048 apud
2499 3977 2950 4044 Westhemerttm,
3000 3979 3341 4050 placeretque
3385 3982 3594 4036 cunctis
3638 3980 3783 4036 bella

2190 4050 2301 4134 illa,
2332 4079 2391 4123 ut
2415 4069 2544 4139 ipsis
2574 4069 2877 4136 videbatur,
2910 4070 3209 4135 restitutio;
3241 4070 3367 4125 inde
3389 4070 3585 4126 factum
3616 4084 3701 4127 est
3725 4086 3785 4128 ut

2188 4161 2579 4231 subsequentes
2598 4162 2862 4216 editiones
2893 4177 3100 4226 omnes,
3129 4164 3240 4218 sive
3287 4164 3339 4217 in
3367 4163 3557 4230 Gallia,
3588 4166 3703 4219 sive
3726 4165 3785 4219 in

2188 4254 2498 4318 Germania.
2526 4254 2694 4308 autin
2727 4255 2845 4309 aliis
2891 4256 3220 4324 regionibus,
3252 4255 3481 4310 Victoris
3513 4257 3785 4312 Uticensis

2192 4361 2385 4401 nomen
2421 4345 2772 4414 praetulerint.
2818 4345 2903 4401 An
2935 4360 3061 4400 vero
3100 4346 3151 4399 id
3196 4348 3416 4415 pr0prio
3454 4358 3646 4413 marte,
3688 4358 3785 4402 aut

507 4438 630 4491 sitio
653 4440 791 4506 apud
819 4439 1092 4495 Corsicam
1122 4422 1393 4494 defuncto.
1423 4439 1690 4493 Victorem
1738 4439 1876 4495 forte
1923 4440 2089 4497 fuisse
2113 4454 2257 4536 Dex
2300 4440 2502 4494 codicis
2545 4439 2770 4507 alicujus
2816 4440 2941 4492 vitio
2986 4439 3039 4493 id
3095 4439 3423 4493 commiserit
3473 4438 3783 4502 Lorichius,

508 4527 883 4589 substitutum.
915 4531 1005 4595 qui
1058 4530 1198 4586 hanc
1239 4531 1517 4586 historiam
1568 4530 1934 4600 descripserit.
1970 4534 2090 4588 Ista:

509 4618 652 4671 enim
682 4632 846 4671 inerte
890 4628 1015 4672 sunt
1042 4622 1365 4691 conjectum
1397 4638 1515 4693 qua:
1545 4622 1788 4677 codicum
1837 4638 1965 4677 mss.
1998 4640 2091 4679 au-

509 4709 745 4765 ctoritati
794 4712 1083 4776 pra-valere
1128 4730 1460 4783 nequaquam
1520 4727 1763 4784 possunt,
1796 4719 2091 4786 praasertim

508 4818 631 4857 cum
661 4801 930 4872 episeopis
966 4812 1091 4857 tunc
1117 4804 1381 4859 delunctis
1413 4807 1587 4861 nullos
1625 4809 1760 4863 alios
1795 4810 1846 4863 in
1887 4810 1969 4864 his
2007 4820 2093 4865 tu-

510 4895 764 4949 multibus
811 4894 975 4950 fuisse
998 4895 1319 4953 substitutos
1340 4911 1593 4955 couStare
1622 4901 1889 4957 videatur.
1923 4902 2092 4958 Porro

509 4987 602 5057 qui
635 4987 899 5043 Victorem
942 4989 1247 5045 Uticensem
1270 5006 1369 5063 pro
1398 4990 1607 5048 Vitensi
1640 4995 1992 5063 intruserunt,
2037 4997 2090 5051 id

509 5080 897 5136 commiserunt
950 5097 1016 5137 ex
1044 5083 1383 5152 ignoratione
1436 5086 1580 5142 sedis
1620 5086 1881 5158 Vitensis,
1939 5090 2091 5159 enjus

511 5172 630 5226 loco
660 5170 963 5228 Uticensem
995 5173 1096 5229 sibi
1139 5187 1321 5230 notam
1366 5177 1780 5245 substituerunt,
1839 5183 2089 5236 mendum

512 5266 566 5319 in
599 5264 834 5334 antiquis
881 5266 1277 5335 exemplaribus
1330 5269 1616 5340 irrepsisse
1668 5276 1959 5344 suspicati;
1994 5277 2089 5330 sed

504 5358 702 5412 eadem
732 5373 922 5415 vocum
944 5358 1200 5414 afﬁnitate
1228 5376 1330 5429 qua
1384 5362 1519 5419 alios
1557 5364 1773 5420 delusos
1799 5367 1962 5423 fuisse
1982 5368 2095 5422 exi-

503 5451 821 5519 stimabant,
870 5468 990 5508 sese
1038 5452 1136 5522 ipsi
1195 5453 1528 5510 deluserunt.
1585 5456 1776 5513 Merito
1831 5462 2009 5528 itaque
2062 5475 2092 5515 a

514 5539 669 5595 Petro
701 5542 983 5601 Francisco
1009 5544 1274 5599 Chimetio
1313 5546 1369 5602 S.
1403 5546 1453 5602 J.
1504 5549 1842 5620 presbytero,
1886 5552 2091 5607 Victori

514 5629 719 5687 Vitensi
751 5638 1021 5707 episcopo,
1053 5647 1302 5708 tanquam
1334 5652 1432 5692 suo
1461 5653 1591 5693 vero
1627 5654 1689 5695 ac
1719 5640 1959 5711 legitimo
1995 5658 2090 5696 au-

511 5724 673 5781 ctori.
720 5724 945 5780 Historia
989 5728 1251 5785 Africana:
1283 5730 1670 5799 persecutionis
1701 5738 1943 5787 rcsttttta
1983 5742 2085 5789 est.

2196 4532 2325 4586 mihi
2360 4548 2489 4587 sane
2518 4534 2780 4587 incertum
2808 4541 2922 4587 est:
2950 4532 3194 4601 quamvis
3234 4531 3508 4603 probabile
3537 4533 3787 4589 videatur

2194 4626 2433 4681 codicem
2478 4626 2645 4696 ipsius
2693 4626 2902 4680 caeteris
2944 4624 3171 4680 similem
3217 4627 3403 4692 fuisse,
3459 4625 3616 4695 idque
3657 4626 3789 4683 inde

2196 4718 2446 4787 conjicio,
2475 4718 2616 4788 quod
2661 4719 2802 4772 hunc
2847 4726 3123 4773 auctorem
3161 4717 3410 4771 Victorem
3452 4719 3633 4787 patria:
3663 4718 3787 4772 Uti-

2194 4815 2354 4866 censis
2392 4812 2688 4879 episcOpum
2722 4811 2976 4881 appellet,
3008 4819 3064 4865 ut
3103 4810 3287 4866 casteri
3326 4819 3567 4865 nostrum
3605 4810 3789 4865 Victo-

2198 4919 2311 4958 rem
2360 4905 2542 4971 patriae
2589 4902 2825 4957 Vitensis.
2860 4904 2926 4958 Et
2947 4903 3161 4973 quidem
3208 4904 3388 4971 ραινίαν
3416 4918 3517 4957 vox
3559 4902 3788 4958 dimcesi

2198 4997 2356 5051 alicui
2383 4998 2601 5065 integra:
2638 4995 2828 5052 melius
2857 5012 3014 5066 quam
3048 4996 3164 5052 urbi
3200 4995 3567 5064 nobilissimae,
3605 4996 3790 5066 qualis

2198 5100 2313 5143 erat
2346 5089 2517 5153 Utica,
2540 5098 2844 5159 competere
2876 5090 3103 5145 videtur.
3130 5090 3401 5145 Victorem
3427 5089 3568 5143 enim
3597 5091 3789 5158 patriae

2204 5180 2431 5234 Vitensis
2457 5179 2767 5250 episcopum
2795 5182 2995 5236 dictum
3051 5181 3217 5237 fuisse
3252 5182 3404 5237 facile
3434 5180 3786 5248 crediderim,

2201 5274 2341 5344 quod
2384 5288 2504 5329 cum
2545 5274 2595 5327 in
2646 5274 2787 5328 illius
2815 5275 3033 5331 dioecesi
3068 5274 3211 5330 nulla
3251 5286 3395 5329 esset
3436 5273 3585 5338 urbs,
3620 5276 3790 5327 totius

2198 5366 2422 5435 alicujus
2464 5381 2639 5435 parva:
2674 5368 2905 5436 regionis
2934 5368 3220 5438 episcopus
3259 5368 3557 5423 dicebatur.
3596 5367 3687 5422 Sic
3731 5369 3791 5423 in

2197 5458 2509 5513 Marmarica
2541 5459 2634 5514 tuti
2659 5461 2946 5527 provincia:
2967 5476 3105 5516 unus
3135 5464 3418 5532 episcopus
3446 5472 3695 5531 prmerat,
3732 5466 3798 5520 in

2196 5567 2297 5621 qua
2327 5566 2447 5606 cum
2496 5568 2603 5607 non
2632 5562 2774 5607 eSset
2800 5552 2999 5607 .tivitas
3038 5554 3325 5610 admodum
3370 5556 3623 5617 celebris,
3664 5574 3794 5624 qua:

2195 5651 2510 5698 camerarum
2535 5653 2694 5712 caput
2711 5658 2829 5698 esse
2852 5658 3169 5714 mereretur,
3196 5647 3481 5716 episcopus
3508 5662 3649 5700 nunc
3674 5648 3792 5712 hic,

2195 5752 2336 5793 nunc
2368 5736 2473 5791 illic
2517 5738 2699 5792 sedem
2742 5736 2964 5807 habens,
3000 5744 3161 5795 totius
3210 5741 3443 5808 regi-nis
3496 5740 3795 5809 epistopus
