4022 6168
227 394 315 451 115
1569 379 1867 436 PROLEC-
1886 380 2092 435 .‘JENA.

3373 384 3491 439 ης

225 508 589 578 appellabatur.
624 503 729 560 Sed
755 517 889 570 Opus
911 517 1013 555 non
1038 510 1118 555 est
1140 499 1299 568 lmjus
1327 498 1403 552 rei
1431 499 1669 565 exempla
1694 512 1789 549 ex-
1818 502 1865 555 Α
1899 498 2073 563 perire
2119 496 2264 550 licet.
2319 495 2550 559 Primus,
2594 496 2683 565 qui
2719 496 2939 552 Victoris
2990 495 3139 552 istius
3184 509 3380 551 nomen
3416 496 3492 550 itv

223 612 291 655 tra
319 602 383 654 Al
409 600 503 652 icto
536 598 732 650 limites
776 593 1031 657 mutuari,
1054 607 1176 645 cum
1218 591 1267 643 iu
1300 590 1525 644 concilio
1565 589 1784 641 Latera-

226 694 353 747 nensi
386 691 484 745 sub
510 698 699 743 sancto
744 688 993 750 Iiartino,
1038 686 1253 738 actione
1292 683 1351 744 τὶ.
1400 684 1535 736 inter
1562 692 1786 735 carteros

227 785 257 835 ιι
289 793 386 836 tres
420 783 726 852 Bycacenos
760 776 1141 846 subscripserit
1171 775 1439 829 Candidus
1482 774 1645 841 gratia
1692 774 1785 827 Dei

226 875 483 942 episcopus
507 876 692 936 patria:
729 869 991 922 Dicensis.
1021 866 1131 920 Nec
1158 865 1349 918 mirum
1380 866 1544 918 videri
1578 865 1785 930 episeo-

228 979 307 1031 pos
332 962 442 1016 sine
466 961 688 1015 civitate
720 958 904 1022 fuisse,
937 972 1057 1011 cum
1084 967 1289 1010 certum
1321 956 1389 1008 sit
1420 956 1470 1008 in
1496 954 1669 1007 Al‘riea
1692 969 1785 1007 eo—

229 1074 327 1111 rum
346 1055 643 1124 complures
674 1054 727 1107 in
750 1052 891 1106 villis
915 1060 971 1106 et
1014 1051 1190 1104 fundis
1217 1060 1272 1104 et
1304 1065 1399 1117 per
1428 1064 1583 1117 agros
1624 1048 1779 1101 in-ti-

227 1160 347 1201 tutus
384 1147 567 1210 fuisse,
595 1155 655 1199 ut
682 1144 783 1198 sibi
831 1142 1059 1197 invicem
1101 1140 1499 1210 exprobravere
1538 1139 1783 1193 Aurelius

224 1241 512 1306 catholicus,
544 1245 602 1292 et
644 1236 943 1291 Primianus
991 1234 1287 1300 Donatista,
1334 1233 1781 1295 Carthaginienses

223 1330 457 1399 episcopi,
494 1330 548 1383 in
568 1328 872 1383 Collatione
890 1326 1143 1395 Carthag.
1176 1340 1293 1393 cap.
1330 1325 1423 1379 181
1458 1334 1510 1379 et
1536 1324 1658 1387 182,
1689 1338 1782 1378 co-

224 1428 339 1492 gtti‘.
372 1428 416 1480 L

290 1516 361 1567 \‘l.
393 1514 589 1568 Verum
621 1514 856 1568 Vitensis
896 1511 1040 1566 sedis
1079 1509 1458 1565 obscuritatem
1497 1510 1551 1565 in
1596 1520 1779 1564 nostro

229 1607 414 1660 \‘ivtove
440 1606 703 1674 primatus
743 1604 1000 1672 dignitate
1025 1612 1426 1672 compettsatam
1457 1601 1618 1656 fuisse
1644 1615 1777 1656 con-

225 1699 369 1751 tendit
391 1697 708 1761 Cltifﬂetius,
738 1697 826 1765 qui
854 1711 976 1766 cap.
998 1696 1035 1751 9
1053 1694 1294 1764 opusculi
1325 1695 1378 1748 in
1411 1694 1656 1749 eumdem
1684 1708 1780 1747 att-

222 1800 398 1842 etnrem
427 1804 546 1842 eum
590 1789 761 1853 ipsum
803 1801 922 1842 esse
959 1794 1141 1841 censet
1175 1785 1442 1840 Victorem
1488 1785 1774 1854 provinciae

1892 586 2063 641 Fastis
2084 586 2250 641 sacris
2280 586 2582 641 a~cribendi
2606 588 2943 642 occasionem
2979 588 3227 659 prrebuit,
3257 586 3475 642 videtur

1888 678 2052 735 fuisse
2074 680 2263 734 Petrus
2288 682 2353 735 de
2378 680 2674 747 Natalibus,
2707 690 2766 741 ut
2787 682 3003 751 conjicit
3029 680 3348 736 Cbil‘lletius.
3375 679 3477 734 Hie

1886 777 2027 830 enim
2060 775 2147 830 die
2179 775 2251 831 20
2296 777 2493 845 Aprilis
2536 777 2802 831 Victorem
2846 778 3152 847 episcopum
3191 777 3472 846 Carthagi-

1886 881 2107 920 nensem
2142 866 2339 933 laudat,
2369 882 2527 935 quem
2565 868 2637 921 ait
2686 868 2967 922 sanctitate
3004 878 3059 921 ct
3096 868 3335 921 doctrina
3369 867 3473 922 sub

1886 958 2176 1011 Anasmsio
2198 958 2522 1026 imperatore
2547 958 2808 1022 ﬂoruisse,
2833 962 2990 1028 eique
3008 958 3188 1013 omnia
3212 957 3482 1026 opuscula:

1884 1048 2261 1119 attribuitque
2289 1048 2597 1103 Gennadius
2639 1051 2690 1104 in
2730 1049 2993 1119 catalogo,
3033 1063 3154 1117 cap.
3182 1049 3269 1113 77,
3310 1061 3340 1101 a
3370 1045 3471 1101 Vi-

1883 1149 2032 1194 ctore
2057 1139 2413 1195 Cartennensi
2438 1141 2693 1211 episcopo
2714 1141 2854 1196 edita
2883 1148 3291 1196 commemorat.
3322 1139 3471 1194 Mau-

1883 1232 2079 1285 rulieus
2121 1233 2285 1288 abbas
2315 1234 2529 1289 Petrum
2570 1243 2805 1303 secutus,
2838 1235 3026 1289 eadem
3061 1234 3151 1289 die
3197 1234 3465 1288 Victorem

1881 1322 2356 1393 Carthaginensem
2385 1326 2719 1393 episcopum,
2748 1326 2923 1378 virum
2954 1324 3345 1383 doctissimum,
3372 1323 3477 1391 qui

1880 1413 1981 1466 sub
2022 1412 2308 1468 Anastasio
2342 1415 2666 1483 imperatore
2708 1415 2922 1481 claruit,
2963 1416 3217 1481 celebrat,
3266 1415 3471 1468 omisso

1881 1519 2098 1573 operum
2123 1506 2381 1575 catalogo.
2405 1507 2594 1561 Petrus
2609 1508 2911 1562 Galesiuius
2936 1508 3093 1575 paulo
3112 1508 3265 1560 aliter
3283 1507 3481 1571 habet,

1880 1612 2075 1666 nempe
2104 1596 2263 1652 Utim
2288 1600 2340 1652 in
2368 1599 2543 1667 Africa
2572 1600 2733 1653 sancti
2772 1599 2996 1652 Victoris
3024 1600 3247 1669 episwpi
3267 1609 3313 1651 et
3343 1614 3466 1651 con—

1879 1691 2107 1759 fessoris,
2146 1700 2307 1760 atque
2349 1693 2402 1744 in
2453 1691 2889 1745 annotationibus
2930 1692 3237 1759 complures
3286 1690 3465 1745 laudat

1881 1782 2122 1836 Victores
2176 1781 2478 1848 Africanos,
2528 1783 2722 1850 quibus
2774 1782 2826 1836 id
2875 1783 3106 1851 elogium
3158 1790 3467 1849 competere

222 1884 487 1949 Byzaeena:
535 1881 842 1949 primatem,
873 1894 981 1948 quo
1011 1878 1341 1933 concedente
1374 1877 1681 1946 Fulgentius
1721 1877 1772 1931 in
1806 1866 1850 1925 Β
1881 1875 2066 1943 possit.
2102 1876 2169 1927 At
2208 1873 2488 1931 Ferrarius
2516 1873 2571 1928 in
2597 1874 2840 1943 catalogo
2867 1873 3101 1942 generali
3127 1878 3462 1938 sanctorum,

222 1972 490 2037 liuspcnsis
531 1970 780 2023 Ecclesia:
812 1970 1058 2023 tltroitum
1105 1977 1322 2023 evectus
1358 1975 1462 2035 est,
1497 1976 1554 2020 ut
1596 1975 1777 2021 narrat

220 2062 364 2129 ipsius
392 2061 651 2130 Fulgentii
686 2061 820 2114 Vita:
858 2063 1088 2128 scriptor
1108 2075 1224 2129 cap.
1260 2060 1346 2115 16.
1387 2059 1442 2113 Id
1490 2069 1547 2114 ut
1587 2059 1776 2127 probet

218 2154 287 2206 vir
300 2154 552 2218 eruditus,
578 2154 830 2207 observat
859 2153 909 2205 in
936 2152 1127 2205 Notitia
1158 2152 1403 2206 Africana
1433 2161 1539 2206 tres
1566 2152 1772 2205 solum-

216 2246 356 2297 modo
389 2234 630 2298 Victores
670 2246 808 2297 inter
838 2244 1027 2298 Patres
1062 2244 1368 2312 Byzacenos
1399 2242 1604 2305 haberi,
1643 2256 1776 2309 quo-

213 2352 315 2387 rum
339 2335 500 2405 prior,
526 2335 709 2388 Victor
732 2334 940 2390 scilicet
970 2335 1221 2388 Narensis
1238 2339 1539 2402 cpiscopus,
1563 2333 1775 2388 decimo

214 2430 353 2479 tertio
378 2430 493 2480 loco
522 2436 869 2492 recensetur;
904 2426 1089 2480 Victor
1119 2424 1508 2480 Gauvaritauus
1547 2438 1773 2490 nonage-

213 2521 333 2572 s‘mo
360 2520 554 2586 primo,
584 2532 647 2572 ac
677 2517 909 2586 denique
957 2526 1139 2570 noster
1180 2515 1435 2579 Vitensis,
1472 2513 1562 2583 qtti
1597 2512 1772 2568 locum

211 2612 524 2680 trigesimum
558 2620 769 2665 sextum
808 2611 860 2663 in
892 2625 952 2664 ea
987 2609 1211 2663 obtinet.
1245 2608 1313 2662 At
1354 2622 1505 2676 reque
1537 2607 1773 2660 insolens

208 2703 398 2756 videtur
422 2701 696 2757 Cbifﬂetio
723 2701 990 2755 aflirmare
1033 2702 1311 2769 episc0pos
1343 2700 1650 2767 nonaginta,
1680 2704 1774 2751 aut

209 2795 524 2849 solummodo
553 2795 858 2859 duodecim,
890 2795 1071 2865 viginti
1112 2809 1373 2847 annorum
1402 2792 1574 2862 spatio
1606 2792 1771 2845 inter-

211 2888 335 2953 iisse,
371 2887 603 2955 hincque
632 2902 746 2941 rem
784 2886 894 2940 veri
939 2901 1005 2939 οη
1030 2887 1157 2938 nino
1187 2885 1411 2938 similem
1451 2898 1570 2937 esse
1600 2893 1765 2953 putat,

210 2977 451 3034 Victorem
490 2980 781 3049 Byzacenze
815 2993 925 3032 sua:
970 2978 1257 3047 provincia:
1304 2977 1587 3044 primatum
1629 2975 1769 3029 obti-

209 3073 385 3125 nuisse.
432 3072 487 3126 ld
524 3087 655 3126 vero
694 3071 739 3125 si
776 3071 1104 3135 admittatur,
1141 3069 1510 3125 Confessionis
1562 3069 1766 3121 titulum

209 3163 290 3231 ipsi
314 3164 493 3218 deberi
527 3163 799 3218 fatendum
822 3172 920 3227 est,
948 3178 1052 3215 non
1084 3163 1254 3217 solum
1284 3161 1423 3227 quod
1454 3161 1553 3214 sub
1583 3161 1766 3213 llune-

209 3255 303 3309 n'eo
330 3271 445 3310 cum
494 3257 706 3309 caeteris
750 3254 911 3309 fuerit
942 3255 1263 3324 exagitatus,
1297 3262 1387 3307 aut
1434 3262 1579 3307 certe
1624 3252 1765 3322 quod
1794 3235 1840 3299 (ἶ

209 3345 538 3400 Trasamundi
584 3347 835 3402 violentia
879 3363 910 3401 e
959 3346 1088 3400 sede
1148 3345 1305 3398 fuerit
1349 3345 1622 3409 abreptus,
1672 3343 1766 3397 sed

209 3441 346 3493 etiam
373 3441 513 3510 quod
540 3441 690 3494 exsul
737 3456 833 3509 pro
862 3439 1059 3495 Christi
1095 3439 1197 3491 ﬁde
1224 3453 1255 3491 e
1282 3438 1415 3491 vivis
1453 3438 1764 3491 excesserit.

209 3530 450 3586 Victorem
480 3533 621 3586 enim
651 3532 937 3603 Byzacenm
960 3533 1239 3598 primatem
1272 3530 1323 3583 in
1362 3531 1622 3600 Fulgentii
1650 3529 1765 3581 Vita

207 3622 479 3691 laudatum,
513 3624 751 3694 quisquis
790 3624 1002 3678 demum
1052 3624 1230 3689 fuerit,
1281 3624 1515 3676 exsulem
1566 3621 1767 3675 obiisse

206 3716 466 3783 colligitur,
495 3717 635 3785 quod
661 3732 725 3770 eo
752 3726 991 3785 tempore
1013 3732 1138 3785 quo,
1162 3730 1292 3783 pace
1326 3715 1581 3768 Ecclesiae
1612 3712 1765 3767 resti-

208 3810 603 3878 tuta,epi.~copis
621 3814 670 3862 in
701 3810 857 3863 sedes
879 3825 1001 3863 suas
1032 3810 1207 3863 redire
1232 3808 1403 3871 licuit,
1431 3823 1533 3861 non
1561 3807 1759 3874 Victor,

206 3900 287 3952 sed
333 3900 605 3956 Liberatus
644 3900 933 3971 Byzacena:
978 3902 1263 3971 provincia:
1306 3901 1588 3969 primatum
1626 3898 1765 3952 obti—

204 4000 359 4048 neret.

263 4088 367 4141 Ἧι.
400 4088 616 4158 Majoris
638 4086 868 4141 fortasse
892 4085 1146 4139 momenti
1179 4098 1299 4137 esse
1322 4082 1589 4137 nonnullis
1622 4081 1767 4135 vide-

202 4178 330 4234 bitur
363 4183 458 4235 alia
507 4180 736 4248 quaestio
787 4193 945 4247 quam
1001 4178 1142 4232 idem
1193 4174 1493 4230 Chiflletins
1540 4185 1761 4235 movet,

200 4284 361 4325 utrum
403 4275 604 4327 scilicet
634 4273 818 4327 Victor
862 4272 1016 4339 hujus
1059 4270 1306 4323 Historia:
1353 4268 1582 4335 scriptor
1628 4266 1764 4320 inter

198 4372 397 4415 sanctos
423 4363 707 4431 aliquando
753 4361 956 4416 relatus
995 4361 1174 4425 fuerit,
1217 4368 1306 4412 aut
1343 4358 1553 4428 publico
1588 4357 1764 4424 aliquo

200 4453 332 4505 Cultu
360 4454 605 4507 donatus.
637 4452 816 4520 ipsum
849 4464 993 4505 certe
1020 4452 1085 4504 iis
1123 4451 1321 4503 sanctis
1365 4448 1762 4503 confessoribus

199 4544 276 4607 qui
305 4543 396 4599 sub
426 4544 673 4597 llunerici
724 4542 933 4614 tyranni
980 4542 1349 4608 persecutione
1380 4556 1475 4607 pro
1520 4538 1640 4593 ﬁdei
1670 4553 1759 4591 ca-

1880 1965 1971 2035 qui
2020 1965 2072 2019 in
2126 1965 2504 2036 Martyrologio
2542 1967 2785 2019 Romano
2817 1979 2922 2020 non
2969 1964 3256 2029 habentur,
3306 1963 3483 2017 habet

1878 2057 2233 2124 solummodo,
2266 2056 2333 2111 In
2368 2058 2542 2128 Africa
2569 2058 2731 2111 sancti
2778 2056 2996 2111 Victoris
3024 2056 3267 2127 episwpi,
3304 2068 3462 2122 quent

1880 2160 2055 2205 tamen
2090 2151 2143 2204 in
2173 2150 2313 2204 notis
2335 2159 2519 2205 monet
2544 2149 2704 2204 alium
2748 2164 2853 2203 non
2893 2164 3015 2204 esse
3043 2164 3072 2201 a
3102 2148 3318 2203 Victore
3349 2146 3467 2201 Uti-

1876 2244 2043 2308 censi,
2074 2246 2162 2311 qui
2184 2242 2461 2297 historiam
2485 2244 2878 2311 persecutionis
2900 2242 3204 2297 Vandalicas
3226 2242 3481 2297 conseric-

1876 2336 2001 2403 psit.
2036 2335 2113 2388 Ex
2136 2334 2330 2403 quibus
2359 2336 2613 2390 omnibus
2645 2344 2792 2403 patet
2825 2336 3109 2389 obscuram
3142 2335 3281 2404 apud
3326 2336 3464 2388 anti-

1875 2440 2009 2501 quos
2040 2426 2205 2480 fuisse
2238 2426 2466 2481 Victoris
2494 2428 2661 2481 nostri
2702 2428 3041 2492 memoriam,
3086 2442 3187 2482 nec
3227 2443 3463 2497 unquam

1876 2531 2071 2571 nomen
2124 2517 2293 2584 ipsius
2321 2517 2372 2571 in
2396 2517 2572 2573 Fastis
2600 2521 2767 2573 sacris
2810 2521 2983 2574 locum
3013 2519 3285 2582 habuisse,
3318 2520 3467 2588 quod

1873 2606 1923 2660 ei
1955 2621 2074 2660 cum
2103 2607 2222 2660 aliis
2248 2608 2611 2677 compluribus
2649 2610 2778 2663 viris
2821 2613 3103 2663 sanctitate
3132 2618 3187 2663 et
3214 2608 3456 2663 doctrina

1874 2696 2244 2752 celeberrimis
2269 2713 2556 2753 commune
2576 2708 2680 2753 est.
2707 2700 2814 2753 Nec
2844 2701 2970 2754 licet
3000 2703 3154 2755 nobis
3183 2715 3251 2755 ex
3282 2702 3459 2755 inccr-

1875 2786 1942 2842 tis
1969 2802 2189 2856 prorsus
2215 2799 2266 2843 et
2294 2789 2470 2844 dubiis
2510 2791 2871 2845 monumentis
2904 2792 3100 2846 Victori
3147 2803 3333 2846 nostro
3362 2808 3463 2845 no-

1874 2894 1996 2933 tnen
2024 2881 2333 2946 conciliare,
2358 2883 2447 2951 qui
2483 2882 2683 2938 solidas
2715 2899 2977 2953 verasque
3019 2884 3204 2939 laudes
3232 2888 3302 2939 oh
3347 2896 3452 2938 tam

1876 2975 2149 3044 egregium
2175 2990 2310 3046 opus
2330 2991 2359 3030 a
2387 2991 2446 3032 se
2469 2976 2669 3031 editum
2705 2986 2960 3043 meretur,
2994 2979 3146 3047 cujus
3174 2982 3458 3047 pra~elaras

1872 3068 2115 3131 virtutes,
2149 3077 2205 3122 ut
2236 3069 2524 3138 loquuntur
2557 3071 2809 3126 doctores
2848 3071 3201 3126 Coloniettses
3241 3074 3329 3140 qui
3369 3073 3455 3126 Bi-

1872 3160 2151 3218 bliotheca:
2188 3164 2401 3219 Patrum
2440 3166 2731 3221 editionem
2774 3177 3147 3235 procurarunt,
3176 3168 3469 3237 pietatem,

1872 3257 2250 3323 eruditionem,
2292 3260 2568 3329 religionis
2617 3260 2787 3314 zelum
2832 3262 2898 3314 ad
2951 3262 3125 3314 vivum
3167 3276 3450 3328 expressas

1871 3346 1972 3402 hoc
2002 3348 2051 3401 in
2073 3348 2188 3414 ejus
2212 3364 2377 3417 opere
2404 3366 2627 3406 cernere
2650 3352 2792 3406 licet.

1940 3439 2074 3493 Vill.
2105 3440 2361 3506 Quaerunt
2383 3442 2508 3496 item
2536 3443 2778 3497 nonnulli
2810 3459 2916 3511 quo
2948 3454 3188 3512 tempore
3217 3443 3297 3495 vel
3321 3458 3454 3511 qua-

1870 3545 1993 3584 nam
2044 3532 2096 3584 in
2128 3533 2344 3600 regione
2392 3537 2711 3589 constitutus
2763 3535 2945 3590 Victor
2989 3537 3125 3589 hanc
3174 3535 3448 3589 historiam
3486 3566 3493 3571 -

1869 3623 2269 3689 conscripserit.
2306 3624 2479 3679 Priori
2509 3625 2794 3693 quaestioni
2842 3624 3019 3680 facere
3062 3627 3192 3679 satis
3229 3624 3449 3681 difﬁcile

1868 3727 1973 3765 non
2004 3722 2104 3778 est,
2130 3726 2251 3767 cum
2283 3713 2508 3780 ipsemet
2526 3714 2707 3769 Victor
2732 3730 2792 3769 se
2813 3730 2974 3782 anno,
3006 3724 3283 3784 postquam
3310 3716 3425 3769 Van
3448 3747 3455 3757 α

1867 3804 1971 3858 dali
1994 3804 2043 3858 in
2071 3806 2300 3859 Africam
2322 3807 2543 3876 ingressi
2573 3806 2799 3873 fuerant,
2816 3810 3149 3877 sexagesimo
3169 3810 3451 3878 scripsisse
3500 3834 3505 3839 ι

1868 3905 2113 3959 testetur,
2141 3899 2229 3966 qui
2262 3912 2391 3951 sane
2422 3913 2591 3952 annus
2620 3910 2702 3953 est
2742 3900 2977 3969 vulgaris
3017 3914 3139 3954 arra:
3167 3900 3293 3967 487,
3323 3914 3493 3955 cum».

1866 3997 2070 4041 certum
2102 3987 2174 4042 sit
2202 3987 2469 4043 Vandalus
2496 4004 2637 4043 anno
2665 3990 2793 4058 427,
2820 3991 3000 4045 Hierio
3026 4007 3060 4044 n
3087 3992 3452 4047 et—Ardabure

1865 4079 2195 4143 consulibus,
2220 4081 2272 4134 in
2298 4081 2529 4135 Africam
2562 4098 2625 4135 ex
2656 4082 2905 4151 Hispania
2931 4084 3221 4153 traiecisse.
3249 4085 3447 4139 Verum
3474 4114 3495 4127 -α

1867 4188 1972 4226 non
2009 4172 2080 4226 ita
2112 4172 2279 4228 facilis
2308 4185 2392 4229 est
2415 4174 2635 4230 alterius
2663 4176 2976 4245 quaestionis
3020 4176 3236 4230 solutio.
3272 4176 3453 4232 Victo-

1866 4279 1979 4318 rem
2008 4264 2467 4335 Constantitmpoli
2497 4267 2566 4322 de
2599 4269 2970 4337 persecutione
3001 4267 3283 4324 Vandalica
3310 4268 3447 4324 scri-

1864 4356 2037 4423 psisse
2061 4354 2357 4413 Chillletius
2387 4357 2545 4413 infert
2570 4375 2632 4415 et
2676 4360 2885 4415 duobus
2923 4361 3163 4426 ejusdem
3201 4360 3449 4415 Historias

1863 4446 2017 4500 locis.
2066 4446 2275 4501 Primus
2318 4447 2546 4503 habetur
2592 4449 2729 4503 libro
2768 4465 2817 4514 v,
2872 4465 3020 4503 num.
3054 4451 3107 4518 7,
3141 4451 3228 4505 ubi
3264 4450 3450 4505 Victor

1864 4546 1988 4606 post
2011 4539 2311 4609 descriptos
2342 4543 2523 4595 varios
2549 4541 2817 4595 cruciatus
2846 4541 3037 4610 quibus
3071 4540 3473 4598 al'ticiebantur

199 4631 393 4686 tholix-a:
421 4612 1121 4691 deleusionevdecertaruut,
1158 4631 1501 4685 annumerari
1546 4630 1744 4685 debere
1798 4612 1853 4673 Ῑ)
1876 4632 2179 4697 orthodoxi,
2208 4634 2322 4686 haec
2360 4632 2631 4702 subjungit
2668 4650 2683 4663 ο
2729 4633 2836 4688 Sed
2873 4635 2961 4703 qui
3011 4634 3107 4689 hoc
3156 4635 3447 4704 fabulosum

199 4738 362 4791 nemo,
385 4736 441 4779 ut
469 4738 618 4792 puto,
654 4724 995 4778 inliciabitur.
1026 4724 1162 4790 Quin
1203 4733 1257 4777 et
1298 4724 1347 4776 in
1378 4722 1646 4776 veteribus
1674 4736 1764 4774 co-

198 4819 391 4872 dicibus
426 4835 555 4875 mss.
588 4828 795 4872 sanctus
838 4816 1009 4870 Victor
1052 4818 1247 4885 passim
1289 4816 1604 4883 appellatur.
1655 4813 1760 4868 Sed

198 4909 304 4964 inec
328 4923 434 4966 erat
453 4923 695 4977 veterum
727 4910 977 4975 formula,
1007 4923 1111 4978 qua
1141 4909 1225 4963 hic
1254 4909 1437 4962 titulus
1459 4907 1761 4962 auctoribus

193 5003 574 5068 ecclesiasucis,
606 5003 840 5056 maxime
867 5000 1153 5070 episcopis,
1200 5000 1546 5056 tribuebatur.
1598 5000 1762 5067 Mtgis

193 5094 249 5145 ad
282 5111 389 5147 rem
420 5097 645 5163 pertinet
673 5093 815 5163 quod
843 5108 903 5147 ea
933 5092 999 5146 de
1029 5107 1087 5147 re
1125 5093 1177 5146 in
1208 5091 1466 5145 hodierno
1502 5091 1762 5161 Martyro—

194 5184 325 5247 logi'i
372 5185 609 5241 Romano
649 5187 866 5254 legitur,
907 5184 994 5238 ubi
1038 5185 1124 5237 die
1172 5184 1243 5237 Q5
1291 5184 1490 5237 mensis
1540 5182 1757 5249 Augusti

193 5274 297 5328 hrc
320 5276 577 5331 habentur
603 5295 615 5329 :
645 5275 810 5330 Utica:
831 5276 883 5327 in
904 5275 1079 5345 Africa
1103 5274 1233 5327 beati
1264 5272 1480 5326 Victoris
1502 5274 1758 5340 episcOpi;

190 5382 342 5435 quem
390 5368 653 5422 Victorem
698 5367 958 5421 Baronius
998 5366 1048 5420 in
1095 5365 1237 5419 uotis
1284 5365 1351 5418 ad
1397 5365 1537 5419 hunc
1585 5367 1757 5417 locum

188 5471 363 5513 monet
386 5474 502 5512 eum
532 5461 708 5525 ipsum
751 5474 872 5513 esse
912 5458 1002 5527 qui
1042 5458 1111 5511 ob
1155 5457 1408 5525 seriptam
1455 5457 1758 5510 VulldallCiB

190 5554 562 5618 persecutionis
586 5551 865 5606 historiam
886 5551 1111 5605 celebris
1140 5558 1240 5603 est.
1267 5551 1334 5602 At
1362 5549 1527 5602 Lucas
1549 5548 1756 5601 llolste-

188 5643 296 5695 rius
340 5646 391 5697 iu
420 5641 811 5697 animadversis
850 5640 915 5694 ad
952 5640 1384 5710 Martyrologium
1432 5639 1753 5707 Romanum,

186 5736 289 5791 iure
316 5739 474 5791 verba
504 5751 534 5789 a
564 5733 955 5789 recentioribus
976 5732 1150 5785 addita
1184 5733 1348 5786 fuisse
1372 5730 1493 5799 jure
1523 5745 1755 5800 Conque-

184 5844 327 5897 τάων,
357 5847 471 5899 qum
502 5830 672 5897 rcip~a
710 5840 809 5881 nus
827 5840 967 5897 luam
1001 5826 1053 5878 in
1087 5824 1317 5895 antiquis
1357 5823 1629 5877 cochilzus
1671 5840 1754 5880 rc-

1864 4733 2031 4794 putat,
2066 4722 2316 4777 Uranium
2339 4722 2558 4776 Zenonis
2580 4726 2797 4794 legatum
2823 4726 3119 4797 interroget,
3145 4735 3249 4780 etc.
3273 4727 3449 4781 Locus

1863 4816 2001 4870 alter
2028 4832 2090 4869 ex
2124 4816 2312 4869 eodem
2344 4816 2478 4869 libro
2518 4815 2832 4884 desumptus
2870 4827 2952 4870 est
2988 4833 3137 4870 num.
3177 4818 3228 4882 6,
3260 4818 3350 4872 ubi
3379 4818 3450 4873 de

1864 4907 2189 4976 Tipttsitanis
2219 4907 2639 4971 confessoribus,
2669 4909 2758 4977 qui
2798 4908 3005 4977 absque
3036 4909 3211 4977 lingua
3263 4911 3449 4981 loque-

1866 4999 2080 5064 bantur,
2108 5013 2292 5068 agens,
2339 4998 2554 5065 subiicit
2586 5016 2601 5054 :
2648 4999 2710 5053 Si
2743 5000 2858 5069 quia
2883 4999 3177 5054 incredulus
3222 5018 3329 5056 esse
3359 5019 3448 5056 vo-

1868 5091 2043 5155 luerit,
2066 5099 2240 5161 pergat
2264 5106 2398 5143 nunc
2420 5089 2934 5154 ConstantinOpolim,
2963 5102 3070 5146 etc.
3100 5092 3303 5159 Quibus
3326 5110 3448 5148 ver-

1867 5182 1967 5246 bis,
2002 5181 2172 5251 inquit
2201 5181 2519 5245 Chilﬂetius,
2554 5181 2740 5237 Victor
2769 5180 3230 5253 Constantinopoli
3282 5200 3443 5254 agens

1867 5285 2159 5343 praesentes
2187 5273 2414 5327 lectores
2444 5273 2630 5328 invitat
2661 5284 2718 5328 ut
2761 5274 3018 5330 Uranium
3071 5276 3122 5329 in
3162 5280 3281 5329 aula
3325 5292 3445 5331 ver-

1864 5373 2072 5420 santem
2103 5364 2451 5434 interrogent,
2482 5365 2732 5421 absentes
2762 5381 2891 5423 vero
2939 5368 2990 5421 in
3036 5370 3220 5421 urbem
3260 5378 3315 5421 ut
3354 5382 3443 5419 ve-

1866 5459 2035 5523 niant,
2066 5466 2228 5512 totam
2250 5459 2639 5525 persecutionis
2667 5461 2861 5512 seriem
2892 5458 3174 5525 Cognituri.
3205 5456 3447 5526 llincque

1865 5550 2023 5603 infert
2071 5551 2188 5604 illos
2237 5550 2503 5604 antistites
2556 5552 2643 5618 qui
2678 5551 2744 5603 ad
2792 5550 2992 5603 ralcem
3035 5546 3248 5602 Notitim
3300 5549 3445 5603 Afri-

1861 5656 2030 5706 canas,
2069 5641 2147 5693 hic
2177 5641 2387 5710 relegati
2440 5640 2710 5705 dicuntur,
2762 5639 3226 5705 Constantinopoli
3277 5656 3441 5695 exsu-

1863 5732 2021 5787 lasse.
2052 5733 2157 5787 Sed
2198 5733 2335 5787 hanc
2374 5732 2676 5802 opinionem
2710 5730 3009 5786 Cotelerius
3039 5741 3184 5786 tomo
3228 5732 3295 5787 ill
3335 5733 3461 5786 Mn»

1864 5836 2240 5880 numentorum
2272 5826 2525 5882 Ecclesia:
2550 5825 2776 5891 ϐιῶσαι,
2811 5824 2863 5877 in
2888 5824 3028 5878 notis
3050 5823 3113 5878 ad
3134 5826 3290 5879 vitam
3323 5839 3439 5879 san-
