4022 6168
532 365 633 421 in

1850 357 2096 416 VICTOR
2139 357 2466 416 VITENSIS.

3690 364 3791 422 ιω

530 480 603 535 cti
632 478 785 535 S.-b:c
824 478 1105 548 improbat,
1140 477 1281 549 quod
1324 477 1499 555 minus
1537 484 1687 533 recte
1726 476 1801 531 illi
1841 474 2106 530 antistites
2132 474 2187 532 Δ
2210 475 2519 545 episcOpum
2546 484 2600 531 et
2628 474 2964 529 Rufinianum
3004 474 3244 530 exsulem
3272 490 3336 529 ex
3377 474 3554 530 Africa
3583 478 3791 545 cpisco-

530 567 1045 638 L‘onstantinopolim
1075 570 1284 638 relegati
1312 568 1634 623 dicerentur.
1677 565 1878 635 Potuit,
1911 564 2102 635 inquit,

531 660 585 713 11
593 662 850 725 unericus,
875 676 967 713 rea:
999 658 1376 724 Vondalorum,
1394 658 1658 729 episcopos
1680 658 1957 711 catholicos
1976 656 2107 710 rele-

528 768 652 820 gare
672 752 723 803 in
743 752 886 803 varia
910 749 1025 803 loca
1053 749 1261 803 ditionis
1286 766 1413 813 sure,
1440 749 1604 819 potuit
1637 763 1665 801 e
1696 762 1854 817 regno
1880 762 1974 801 suo
2009 760 2104 799 ea:-

528 843 736 912 pellere,
768 843 932 913 potuit
963 839 1456 911 Constantinopolim
1486 839 1705 902 mittere,
1728 838 1818 892 sed
1850 838 2107 909 ejusmodi

529 934 705 988 missio
732 950 1049 1004 nequaquam
1074 933 1315 1004 relegatio
1351 932 1601 985 censenda
1632 942 1725 984 est.
1756 929 1905 986 Unde
1945 928 2107 985 infert

528 1025 614 1079 vir
664 1026 905 1079 eruditus
962 1023 1290 1093 probabilius
1337 1035 1457 1077 esse
1525 1022 1794 1076 Victorem
1839 1022 1893 1075 in
1934 1019 2104 1075 veteri

531 1117 717 1186 Epiro,
747 1130 865 1185 qua:
896 1115 1042 1183 regio
1064 1113 1313 1169 Vandalis
1334 1114 1572 1183 subjecta
1602 1122 1736 1179 erat,
1768 1115 2105 1168 exsulantem

530 1209 917 1278 conscripsisse
944 1207 1217 1261 historiam
1247 1222 1417 1271 suam,
1448 1222 1567 1275 quae
1594 1207 1755 1269 etiam
1812 1207 1972 1261 fuerit
2011 1220 2101 1261 oc-

530 1299 676 1354 casio
700 1314 835 1368 Opus
862 1312 1015 1352 suum
1042 1297 1380 1366 nnncupandi
1414 1298 1707 1363 Diadocho,
1734 1298 1825 1368 qui
1843 1298 1895 1352 in
1917 1297 2105 1353 eadem

530 1390 802 1460 provincia
833 1390 1121 1459 episcopus
1156 1388 1319 1443 fuisse
1346 1387 1561 1443 dicitur.
1607 1387 1806 1443 Verum
1839 1389 1883 1442 si
1924 1388 2106 1456 conje-

530 1482 702 1537 cturis
728 1481 807 1536 uti
855 1482 1001 1547 licet,
1034 1480 1164 1536 mihi
1199 1480 1545 1536 verisimilius
1586 1480 1798 1535 videtur
1840 1480 2105 1535 Victorem

530 1575 588 1629 in
636 1573 819 1627 Africa
860 1570 1139 1627 historiam
1183 1586 1333 1626 suam
1377 1586 1650 1627 exarasse.
1703 1571 1864 1625 Multa
1911 1571 2107 1641 quippe

531 1664 694 1718 habet
727 1662 924 1732 passim
945 1660 1139 1729 quibus
1175 1661 1347 1716 innuit
1373 1675 1434 1718 se
1481 1662 1534 1717 in
1570 1662 1772 1718 exteris
1801 1662 2108 1730 regionibus

531 1770 639 1810 non
666 1766 939 1809 versatum
970 1755 1133 1809 fuisse
1151 1769 1271 1809 cum
1294 1754 1432 1809 hanc
1453 1754 1849 1820 scriberet.Qui
1872 1768 2002 1809 vero
2021 1753 2107 1807 hic

2210 582 2334 635 pum
2362 570 2531 635 ipsum
2563 582 2593 620 a
2621 567 2893 636 proposito
2919 581 3231 633 revocasse;
3270 567 3410 636 quod
3442 567 3649 622 scilicet
3678 585 3793 623 mo-

2209 658 2411 713 nachos
2441 658 2510 714 ibi
2540 658 2793 725 degentes
2822 676 2854 711 a
2882 659 3234 712 communione
3262 658 3396 712 beati
3428 657 3567 713 Petri
3592 662 3793 730 perﬁda

2208 752 2452 806 dissensio
2492 761 2770 822 separaret.
2820 751 2954 807 Vide
2992 752 3128 806 infra
3159 761 3340 806 notam
3368 753 3402 807 3
3432 752 3487 805 in
3520 751 3790 809 Victorem

2215 843 2481 904 Vitensem
2515 859 2634 911 par.
2666 843 2756 908 61.
2794 843 2884 898 62.

2282 935 2348 989 Χ.
2411 935 2536 990 Haec
2587 934 2811 990 Victoris
2862 934 3091 989 Historia
3151 949 3213 987 ea
3255 934 3629 1003 complectitur
3670 951 3794 1006 qua:

2212 1024 2435 1080 Vandali
2463 1025 2726 1081 adversus
2749 1026 3078 1081 orthodoxos
3104 1027 3422 1080 commisere
3460 1027 3528 1081 ab
3557 1028 3672 1097 ipso
3701 1043 3797 1081 eo-

2209 1130 2329 1172 rum
2362 1118 2604 1187 ingressu
2636 1133 2802 1185 usque
2828 1117 2894 1171 ad
2926 1117 3175 1172 Hunerici
3208 1130 3469 1184 mortem;
3513 1119 3583 1173 ita
3614 1130 3793 1174 tamen

2208 1220 2269 1266 ut
2298 1211 2461 1265 multa
2490 1211 2558 1265 ab
2583 1226 2648 1265 eo
2682 1221 2900 1265 auctore
2930 1213 3287 1280 praetermissa
3330 1214 3440 1266 sint
3459 1254 3474 1277 ,
3514 1214 3629 1266 sive
3651 1210 3793 1283 quod

2209 1318 2316 1357 non
2352 1303 2481 1356 satis
2516 1302 2615 1371 ipsi
2654 1303 2850 1357 fuerint
2880 1315 3024 1365 ncta,
3052 1302 3163 1357 sive
3193 1302 3332 1371 quod
3364 1318 3424 1357 ea
3459 1304 3793 1370 potissimum

2209 1406 2327 1461 qua:
2352 1391 2451 1447 sub
2480 1391 2727 1448 Hunerici
2756 1393 3127 1462 persecutione
3150 1392 3299 1446 testis
3322 1393 3565 1448 oculatus
3587 1394 3795 1447 viderat

2210 1484 2414 1555 referre
2442 1486 2735 1539 statuisset.
2788 1485 2923 1539 Hinc
2951 1485 3145 1555 sepius
3172 1486 3341 1538 innuit
3379 1500 3436 1539 se
3460 1500 3524 1537 ex
3555 1486 3794 1554 pluribus

2211 1554 2377 1645 pauca
2408 1574 2665 1644 sclegisse
2685 1616 2701 1640 ,
2734 1576 3004 1642 multaque
3034 1554 3079 1627 Va
3121 1590 3180 1629 se
3222 1575 3381 1628 fuisse
3413 1576 3611 1628 omissa
3636 1615 3651 1639 ,
3685 1590 3793 1629 non

2210 1666 2381 1721 solum
2420 1681 2540 1736 qua:
2576 1667 2629 1721 in
2677 1667 2876 1721 exteris
2924 1666 3229 1735 regionibus
3274 1666 3649 1736 contigerant,
3698 1667 3793 1720 sed

2211 1756 2374 1811 etiam
2402 1771 2465 1811 ex
2497 1756 2563 1812 iis
2590 1771 2711 1826 quae
2753 1756 2804 1810 in
2837 1756 2996 1809 variis
3044 1756 3231 1810 Africae
3276 1756 3580 1825 legionibus
3613 1768 3795 1824 pertu-

529 1847 743 1919 relegati
767 1846 819 1900 in
850 1845 1048 1900 Notitia
1073 1846 1343 1911 dicuntur,
1369 1845 1406 1900 ii
1438 1846 1539 1915 ipsi
1566 1845 1697 1915 mihi
1720 1846 1969 1901 videntur
1987 1860 2109 1901 esse
2136 1841 2185 1902 B
2211 1845 2384 1900 lerant
2409 1846 2715 1901 orthodoxi.
2756 1846 3069 1902 Generalem
3107 1860 3235 1901 vero
3266 1846 3315 1899 in
3346 1857 3450 1900 tota
3484 1847 3661 1901 Africa
3694 1848 3795 1900 sub

530 1938 597 1992 de
631 1938 831 2004 quibus,
866 1946 1096 1992 testante
1142 1936 1405 2007 Fulgentii
1455 1938 1593 1993 Vita}
1633 1946 1852 1993 auctore
1893 1952 2014 2007 cap.
2048 1938 2104 2003 4,

532 2030 784 2085 Hunerici
812 2032 1017 2102 tyranni
1046 2032 1382 2103 persecutoris
1422 2041 1592 2086 astuta
1634 2032 1926 2100 malignitas
1966 2030 2109 2086 ordi-

531 2132 759 2190 naverat,
782 2134 837 2177 ut
856 2127 1014 2195 juxta
1044 2124 1260 2191 patriam
1287 2125 1547 2192 propriam
1580 2123 2000 2195 peregrinationis
2033 2123 2107 2175 in-

532 2215 853 2271 commodum
880 2216 1203 2269 sustinerent.
1227 2215 1371 2270 Talis
1398 2215 1498 2271 fuit
1524 2215 1752 2270 FauStus
1790 2214 2108 2269 l’razsidien-

530 2310 606 2364 sis
632 2309 937 2378 episcopus,
967 2308 1057 2377 qui
1088 2315 1145 2361 ut
1168 2307 1363 2362 ibidem
1393 2307 1609 2369 dicitur,
1645 2323 1744 2360 non
1783 2307 1932 2378 longe
1958 2322 1991 2357 a
2015 2321 2108 2359 sua

532 2401 775 2455 cathedra
804 2397 1019 2468 relegari
1038 2400 1220 2468 jussus
1256 2399 1443 2467 fuerat.
1481 2396 1539 2451 Id
1577 2396 1645 2451 de
1672 2396 1889 2450 Victore
1923 2404 2108 2449 nostro

535 2494 711 2562 potius
739 2508 899 2562 quam
925 2492 991 2546 de
1023 2491 1233 2546 caneris
1276 2490 1431 2545 facile
1473 2489 1815 2551 crediderim,
1855 2487 1993 2557 quod
2041 2486 2107 2541 ad

533 2596 853 2641 conventuin
880 2585 1351 2652 Carthaginensem
1392 2598 1494 2636 non
1521 2582 1815 2647 occurrerit,
1861 2578 2111 2647 proinde-

534 2690 639 2746 que
666 2677 713 2731 ei
742 2674 954 2729 facilius
984 2674 1144 2728 fuerit
1179 2674 1496 2727 Arianorum
1528 2688 1715 2726 manus
1744 2670 1992 2725 evadere.
2026 2667 2109 2723 ln-

528 2770 665 2823 vitat
689 2780 871 2826 autem
904 2770 1081 2823 \‘ictor
1112 2768 1342 2822 lectores
1373 2776 1433 2821 ut
1464 2767 1717 2822 Uranium
1758 2766 2105 2834 interrogent,

531 2870 659 2915 tunc
698 2858 929 2914 fortasse
965 2858 1140 2912 adhuc
1194 2859 1245 2911 in
1286 2858 1460 2913 Africa
1496 2867 1772 2926 agentem;
1819 2872 1940 2909 cum
1978 2870 2107 2909 vero

535 2952 670 3005 alios
719 2960 775 3005 ut
823 2959 1047 3020 pergant
1082 2949 1603 3017 Constantinopolim
1630 2947 1905 3010 admonet,
1941 2962 2022 3010 se,
2051 2955 2110 3000 ut

533 3042 749 3110 quidem
779 3043 909 3096 mihi
940 3041 1171 3111 videtur,
1196 3042 1248 3096 in
1271 3056 1333 3096 ea
1373 3040 1504 3096 urbe
1543 3055 1649 3095 non
1682 3041 1879 3095 versari
1926 3048 2109 3110 aperte

533 3133 790 3189 declarat.

605 3224 699 3280 ιχ.
749 3224 914 3279 Multo
957 3224 1133 3278 minus
1168 3222 1456 3293 probabilis
1484 3232 1565 3277 est
1593 3223 1829 3292 ejusdem
1859 3222 2107 3279 Cbiflletii
2133 3191 2181 3254 ο

531 3318 717 3388 opinio
740 3358 755 3383 ,
789 3317 1066 3371 sentientis
1111 3315 1378 3371 Victorem
1406 3356 1422 3381 ,
1461 3331 1617 3385 quem
1648 3318 2110 3386 ConstantinOpoli

533 3410 817 3480 scripsisse
847 3409 1142 3477 praamittit,
1171 3408 1446 3462 historiam
1475 3423 1625 3462 suam
1652 3409 1738 3463 vix
1767 3408 1922 3463 alteri
1950 3424 2109 3479 quam

533 3506 729 3561 Aeacio
756 3504 1348 3571 Constantinopolitano
1383 3517 1692 3572 nuncupare
1725 3513 1817 3558 aut
1850 3504 2107 3573 potuisse,

532 3607 626 3650 aut
665 3595 937 3651 debuisse.
989 3594 1043 3648 Id
1073 3595 1215 3649 enim
1251 3602 1308 3648 ut
1341 3594 1620 3649 credamus
1648 3605 1791 3649 vetat
1819 3610 2025 3649 summa
2057 3597 2111 3651 in

532 3689 716 3745 sedem
756 3688 1100 3757 apostolicam
1132 3689 1429 3743 reverentia
1458 3702 1559 3757 qua
1590 3697 1713 3742 tunc
1749 3689 2004 3757 temporis
2035 3697 2114 3743 te-

533 3783 796 3837 nebantur
826 3782 1058 3851 episcopi
1088 3780 1319 3836 Africani
1348 3822 1364 3847 ,
1408 3796 1529 3836 cum
1574 3784 1874 3837 econtrario
1911 3786 2114 3854 gravis-

531 3872 671 3926 sima
696 3873 832 3925 inter
854 3871 1152 3924 Romanum
1180 3871 1476 3937 pontificem
1498 3882 1551 3927 et
1576 3874 1825 3928 Acacium
1847 3875 2110 3928 Constan-

531 3960 940 4030 tinopolitanum
973 3961 1361 4016 intercederent
1391 3962 1637 4030 dissidia,
1671 3980 1788 4033 qua:
1818 3967 2027 4019 tandem
2059 3966 2112 4019 in

530 4062 774 4121 apertum
804 4051 1035 4107 schisma
1074 4062 1387 4119 eruperunt.
1433 4053 1595 4107 Certe
1639 4054 1690 4107 itt
1722 4055 1949 4107 concilio
1980 4055 2111 4106 Car-

529 4145 830 4214 thaginensi
886 4144 1028 4211 quod
1087 4144 1265 4197 statim
1325 4141 1445 4211 post
1499 4145 1800 4197 restitutam
1860 4144 2113 4200 Ecclesize

528 4239 796 4295 Africana:
838 4237 1139 4291 libertatem
1187 4244 1573 4290 convocaverat
1617 4236 1945 4303 licparatns,
1980 4253 2112 4291 con-

528 4331 707 4387 testati
738 4340 861 4385 sunt
888 4328 1128 4399 ejusdem
1160 4327 1415 4384 Ecclesia:
1455 4327 1639 4383 Patres
1668 4343 1727 4383 se
1757 4329 1883 4382 nihil
1915 4330 2114 4384 admis-

527 4436 703 4486 suros,
730 4422 827 4475 nisi
855 4422 1193 4486 consuetudo,
1229 4429 1316 4473 out
1346 4417 1586 4472 Ecclesia:
1621 4421 1861 4474 Romanae
1888 4422 2115 4489 deﬁnitio

527 4510 848 4581 proderetur.
877 4511 995 4565 Jam
1025 4510 1179 4565 initio
1204 4510 1500 4581 tyrannidis
1531 4509 1833 4564 Vandalicas
1862 4512 1910 4565 in
1939 4512 2110 4567 Africa

527 4601 822 4670 Capreolus
845 4602 1279 4671 Carthaginiensis
1320 4603 1540 4657 antistes
1570 4602 1620 4655 in
1653 4602 1876 4671 epistola
1908 4603 1971 4654 ad
2005 4602 2107 4655 Pa-

529 4700 640 4745 tres
670 4690 877 4744 concilii
910 4690 1162 4759 Ephesini
1189 4707 1281 4745 eos
1317 4680 1627 4746 adhortatur
1654 4702 1709 4746 ut
1735 4706 1945 4746 errores
1974 4708 2108 4761 quos

526 4780 909 4850 repullulantes
929 4781 1235 4847 apostolica:
1254 4782 1398 4835 sedis
1419 4782 1726 4847 auctoritas,
1744 4782 2109 4838 sacerdotum-

526 4886 631 4941 que
665 4872 718 4926 in
758 4887 919 4925 unum
959 4885 1262 4925 consonans
1299 4875 1565 4927 sententia
1608 4884 1985 4943 oppresserat,
2027 4891 2104 4928 se—

525 4963 693 5015 cunda
720 4962 1062 5031 disputatione
1105 4977 1210 5017 non
1242 4963 1462 5031 agitent.
1513 4964 1573 5017 Et
1603 4965 1814 5033 quidem
1846 4965 2103 5035 Byzaceni

526 5060 706 5119 patres
747 5053 801 5105 in
838 5053 1081 5106 Sardinia
1122 5052 1337 5106 exsules
1374 5068 1400 5103 a
1442 5052 1649 5107 Joanne
1676 5063 1730 5109 et
1763 5054 1989 5109 Venerio
2019 5055 2103 5110 in-

526 5143 780 5212 terrogati
806 5141 933 5210 quid
964 5141 1031 5196 de
1055 5143 1226 5212 gratia
1255 5152 1309 5198 et
1338 5142 1505 5198 libero
1530 5144 1753 5199 arbitrio
1780 5148 1848 5199 sit
1872 5147 2107 5201 sentien-

524 5236 651 5289 dum
676 5274 692 5300 ,
724 5232 776 5287 id
806 5232 1120 5288 discendum
1166 5248 1287 5289 esse
1332 5236 1655 5303 respondent
1683 5251 1748 5291 ex
1779 5237 2022 5306 capitulis
2052 5238 2103 5292 in

523 5326 715 5397 quibus
754 5328 1057 5379 continetur
1099 5324 1223 5391 quid
1276 5325 1531 5392 Romana,
1573 5328 1669 5380 ltoc
1711 5337 1785 5382 est
1828 5327 2101 5398 catholica,

522 5426 762 5484 sequatur
788 5424 832 5470 et
860 5424 1019 5470 servet
1042 5412 1290 5469 Ecclesia.
1321 5417 1423 5471 Sed
1453 5417 1620 5485 magis
1643 5419 1709 5472 ad
1734 5434 1844 5472 rem
1868 5429 2101 5473 nostram

522 5508 649 5562 facit
672 5509 813 5576 quod
843 5518 1027 5563 auctor
1056 5507 1192 5562 Vita:
1222 5510 1389 5564 sancti
1423 5510 1687 5580 Fulgentii
1722 5521 1902 5566 narrat
1931 5511 2104 5579 capite

525 5599 594 5652 12
621 5607 676 5652 et
708 5601 810 5664 15;
859 5616 1052 5669 nempe
1079 5616 1199 5655 cum
1232 5599 1372 5656 idem
1413 5600 1722 5671 Fulgentius
1761 5601 1829 5654 ad
1874 5602 2103 5655 ultimam

527 5688 797 5743 Thebaida:
824 5692 1044 5761 regionis
1072 5708 1295 5746 eremum
1325 5707 1545 5762 pergere
1571 5694 1752 5747 animo
1782 5692 2104 5747 destinasset

524 5780 645 5835 vita:
675 5777 1014 5849 perfectionis
1044 5781 1344 5850 desiderio,
1398 5782 1661 5839 Eulalium
1706 5782 2100 5853 Syracusanum

2139 4553 2189 4613 Ι)

2208 1937 2478 1994 llunerico
2524 1940 2955 2007 persecutionem
3000 1939 3257 1993 adversus
3301 1939 3595 1993 catholicos
3637 1956 3793 1993 cont-

2208 2040 2406 2084 motam
2439 2029 2601 2084 fuisse
2630 2030 2830 2084 diserte
2868 2029 3027 2083 tradit
3058 2029 3258 2095 Victor,
3290 2031 3620 2095 potissimum
3657 2031 3794 2083 libro

2208 2136 2262 2186 v,
2292 2136 2449 2189 quam
2479 2121 2683 2175 cladem
2715 2120 2781 2175 ad
2808 2129 3019 2175 exteras
3047 2122 3205 2173 etiam
3238 2120 3479 2174 nationes
3509 2122 3795 2191 pcrtigisse

2210 2210 2484 2268 Genserici
2516 2212 2843 2281 temporibus
2873 2226 2937 2267 ex
2964 2212 3151 2265 eodem
3176 2220 3392 2265 auctore
3422 2228 3543 2265 cons.
3556 2221 3627 2264 tat
3655 2253 3670 2278 ,
3704 2214 3794 2278 qni

2208 2303 2309 2358 sub
2347 2303 2469 2358 libri
2512 2304 2667 2373 primi
2710 2304 2870 2358 finem
2917 2302 3173 2358 tredecim
3224 2304 3443 2357 omnino
3488 2303 3795 2370 provincias

2208 2403 2357 2451 extra
2379 2394 2614 2449 Africam
2639 2406 2881 2451 recenset
2910 2411 3028 2467 qua:
3048 2395 3161 2451 dira
3189 2394 3453 2463 ejusmodi
3478 2404 3796 2466 tempestate

2206 2482 2485 2556 exagitata:
2514 2487 2740 2542 fuerant.

2280 2576 2372 2630 ΧΙ.
2417 2576 2568 2645 Quod
2617 2578 2806 2632 attinet
2850 2578 2916 2631 ad
2964 2578 3123 2647 hujus
3162 2578 3412 2634 Historiae
3450 2578 3791 2643 divisionem,

2210 2685 2318 2725 non
2351 2670 2518 2739 liquet
2550 2686 2616 2724 an
2645 2686 2762 2725 eam
2790 2682 2974 2725 auctor
2998 2673 3107 2741 ipse
3140 2674 3316 2741 plures
3345 2674 3395 2727 in
3437 2672 3604 2726 libros
3634 2672 3795 2726 fuerit

2210 2762 2459 2830 partitus.
2490 2762 2545 2816 Si
2575 2763 2803 2831 primum
2832 2763 3020 2817 librum
3053 2765 3308 2833 excipias,
3337 2766 3423 2834 qui
3455 2766 3506 2819 in
3545 2765 3793 2820 omnibus

2211 2861 2316 2905 tam
2346 2851 2504 2907 editis
2527 2868 2684 2921 quam
2709 2868 2839 2907 mss.
2866 2853 3141 2909 codicibus
3168 2855 3233 2909 ad
3264 2855 3530 2909 Genserici
3565 2866 3795 2911 mortem

2210 2940 2442 3009 desinit,
2491 2952 2570 2997 tot
2598 2955 2721 2999 sunt
2750 2947 2910 2998 varia:
2941 2945 3093 3001 istius
3138 2949 3315 3016 operis
3346 2948 3633 3002 divisiones
3665 2959 3796 3018 quot

2212 3032 2324 3089 fere
2352 3044 2641 3089 occurrunt
2667 3035 2881 3090 codices
2912 3052 3040 3091 mss.
3090 3037 3223 3091 Tros
3266 3038 3319 3091 in
3363 3039 3523 3092 libros
3547 3081 3562 3102 ,
3597 3051 3796 3108 praeter

2212 3127 2512 3194 passionem
2543 3136 2847 3182 sanctorum
2881 3128 3285 3193 monachorum,
3315 3129 3569 3185 dividitur
3597 3131 3649 3185 in
3680 3134 3797 3188 vul—

2213 3216 2348 3285 gatis
2372 3218 2722 3284 editionibus;
2764 3228 2819 3272 at
2847 3220 3079 3289 quinque
3106 3229 3198 3274 aut
3225 3236 3317 3275 sex
3348 3221 3508 3275 libros
3534 3223 3795 3278 exhibent

2213 3307 2427 3363 codices
2451 3324 2580 3364 mss.
2608 3319 2661 3363 et
2685 3308 2898 3379 quidem
2930 3314 3019 3380 qui
3050 3312 3195 3366 varie
3224 3313 3275 3365 in
3307 3312 3465 3367 variis
3493 3313 3793 3382 incipiunt;

2213 3400 2509 3455 Chiflletius
2533 3416 2661 3455 vero
2690 3411 2855 3456 totum
2900 3417 3032 3472 opus
3061 3402 3292 3473 quinque
3321 3403 3374 3457 in
3407 3402 3604 3467 libros,
3638 3414 3795 3472 prout

2212 3491 2315 3547 sibi
2342 3493 2529 3547 melius
2555 3494 2724 3549 visum
2754 3502 2869 3561 est,
2903 3494 3180 3564 distinxit,
3213 3496 3365 3565 cujus
3392 3496 3628 3565 vestigiis
3666 3511 3797 3551 con-

2212 3583 2354 3638 sulto
2384 3584 2695 3639 inhaesimus
2720 3585 2789 3639 ob
2814 3586 3084 3654 publicum
3109 3587 3445 3641 commodum
3464 3630 3480 3655 ,
3513 3586 3651 3656 quod
3679 3585 3796 3644 haec

2212 3675 2407 3730 divisio
2427 3674 2537 3744 jam
2572 3676 2933 3746 receptissima
2963 3678 3031 3731 sit
3053 3677 3192 3747 apud
3221 3678 3481 3733 eruditos.

2286 3765 2399 3819 XII.
2442 3766 2696 3831 Quaerunt
2728 3767 2966 3820 nonnulli
2995 3782 3064 3820 an
3094 3767 3214 3823 fidei
3246 3767 3507 3837 profeSsio
3532 3784 3651 3838 quae
3680 3777 3793 3824 ter-

2215 3856 2343 3910 tium
2374 3855 2619 3910 Historiae
2651 3856 2876 3912 Victoris
2903 3858 3095 3913 librum
3121 3861 3433 3927 constituit,
3466 3860 3640 3929 reipsa
3670 3860 3795 3917 huic

2213 3948 2415 4001 auctori
2468 3948 2745 4002 tribuenda
2790 3949 2878 4003 sit.
2913 3947 3069 4004 Certe
3103 3949 3406 4006 Gennadius
3454 3952 3504 4005 in
3549 3952 3795 4021 catalogo

2214 4037 2384 4107 ipsius
2409 4049 2678 4093 auctorem
2710 4040 2833 4094 facit
2862 4041 3150 4110 Eugenium
3180 4042 3652 4112 Carthaginensem
3682 4045 3796 4112 epi-

2215 4142 2466 4196 scopum,
2507 4130 2619 4182 sive
2646 4128 2785 4197 quod
2813 4146 2997 4185 revera
3036 4133 3105 4187 ab
3132 4132 3247 4203 ipso
3274 4133 3413 4188 edita
3444 4134 3603 4188 fuerit
3624 4176 3641 4201 ,
3680 4135 3796 4191 sive

2214 4219 2353 4287 quod
2382 4219 2496 4286 ejus
2521 4219 2671 4287 jussu
2700 4221 2915 4287 Victor,
2955 4237 3047 4277 seu
3076 4225 3248 4292 quivis
3283 4224 3420 4278 alius
3453 4240 3571 4279 eam
3603 4228 3798 4280 condi-

2215 4312 2368 4375 derit,
2402 4322 2493 4366 aut
2517 4313 2726 4366 tandem
2754 4314 2893 4383 quod
2924 4330 3042 4367 cum
3071 4318 3182 4382 ipse
3207 4326 3520 4371 caiterorum
3552 4320 3795 4374 omnium

2216 4407 2415 4474 primas
2436 4415 2580 4460 esset
2601 4417 2653 4460 et
2680 4409 2975 4476 prascipuus
3007 4411 3167 4464 totius
3193 4410 3386 4465 Africae
3406 4412 3647 4475 antistes,
3674 4414 3797 4481 ejus

2216 4497 2330 4551 sedi
2362 4507 2414 4552 et
2443 4497 2681 4565 dignitati
2712 4497 2894 4552 datum
2926 4498 3106 4565 fuerit,
3138 4500 3275 4569 quod
3308 4502 3375 4555 ab
3406 4501 3511 4556 alio
3540 4504 3794 4571 quopiam

2215 4589 2430 4642 nomine
2456 4589 2693 4643 omnium
2725 4588 2920 4644 factum
2953 4590 3146 4647 fuerat.
3182 4593 3439 4647 Omnibus
3465 4593 3620 4649 simul
3654 4596 3799 4649 A'ri-

2212 4679 2357 4732 canis
2392 4680 2657 4749 cpisc0pis
2689 4680 2936 4736 tribuitur
2965 4684 3018 4737 in
3058 4685 3419 4739 vetustissimo
3465 4686 3649 4739 codice
3688 4702 3796 4739 ms.

2212 4770 2469 4824 Ecclesia:
2508 4770 2910 4837 Laudunensis,
2950 4773 3037 4829 ubi
3068 4775 3167 4828 sub
3205 4777 3304 4830 hoc
3344 4776 3494 4829 titulo
3534 4775 3797 4835 habetur:

2211 4859 2400 4931 Incipit
2432 4863 2627 4918 libellus
2652 4865 3005 4933 episcoporum
3037 4866 3403 4920 catholicorum
3423 4869 3491 4920 ad
3517 4867 3799 4923 Unericuut

2208 4969 2377 5023 regem
2412 4954 2760 5009 Vandalorum
2788 4958 2981 5011 datum.
3007 4958 3164 5024 Tum,
3194 4959 3374 5030 Regali
3402 4962 3634 5028 imperio,
3658 4974 3795 5033 etc.,

2212 5045 2350 5097 utin
2377 5045 2608 5101 Victoris
2650 5047 2915 5112 llistoria;
2966 5050 3171 5121 ipsique
3218 5052 3553 5122 subjungitur
3594 5052 3797 5107 Nomia

2209 5137 2464 5193 Ecclesiae
2485 5137 2771 5206 Africanae,
2804 5155 2833 5194 a
2861 5141 3148 5197 Sirmundo
3179 5143 3405 5211 primum
3437 5145 3597 5209 edita,
3630 5160 3794 5211 quant

2208 5243 2390 5301 pOSIea
2435 5231 2732 5289 Chiflletius
2770 5235 3003 5290 Victoris
3045 5236 3294 5292 Historiae
3340 5240 3579 5293 inseruit.
3625 5239 3796 5293 Porro

2207 5324 2395 5380 eadem
2438 5325 2558 5379 fidei
2590 5328 2852 5395 professio
2889 5330 2988 5381 sub
3028 5328 3261 5383 Victoris
3306 5332 3520 5384 nomine
3558 5332 3795 5385 scorsim

2206 5417 2346 5474 edita
2395 5417 2618 5474 habetur
2660 5418 2710 5471 in
2754 5417 3079 5473 Bibliotheca
3130 5418 3391 5485 Patrum,
3436 5420 3571 5475 unde
3601 5437 3796 5476 ansam

2206 5523 2483 5576 sumpsere
2504 5508 2745 5562 nonnulli
2772 5508 2859 5577 qui
2885 5509 3155 5578 catalogos
3183 5512 3503 5578 scriptorum
3534 5513 3801 5568 ecclesia-

2206 5599 2459 5654 sticorum
2491 5609 2736 5667 tcxuere,
2770 5614 2964 5654 novum
2996 5601 3281 5659 inducendi
3312 5603 3599 5670 Victorem,
3635 5604 3803 5675 hujus

2205 5690 2373 5747 libelli
2396 5701 2687 5758 auctorem,
2711 5705 2869 5760 quem
2892 5693 3051 5764 aliqui
3076 5693 3345 5752 Victorem
3374 5696 3658 5752 Cartennce
3682 5699 3803 5768 epi-

2206 5798 2425 5853 scopum
2452 5780 2616 5839 fuisse
2646 5782 3050 5857 exiSIimarunt,
3080 5788 3218 5859 quod
3263 5789 3362 5845 iste
3404 5787 3542 5860 apud
3572 5788 3801 5847 Genua-
