4022 6168
306 358 407 412 H9

1684 357 2095 414 PHOLILGUME
2108 361 2207 417 \‘A.

3469 371 3575 427 ΓΟ

297 470 447 524 d-utn
492 469 542 521 in
588 466 833 536 catalogo
882 480 997 534 cap.
1046 466 1111 518 77
1150 464 1391 519 adversus
1434 467 1653 521 Ariuttos
1700 470 1884 522 librum
1916 474 1969 532 Α
1996 470 2226 527 Lorichii
2256 473 2419 528 editio
2452 474 2671 529 Basilete
2700 478 3059 545 prodiitantto
3090 480 3244 547 1541,
3279 485 3414 553 typis
3445 484 3570 537 Har-

296 576 453 613 unum
494 559 702 629 longum
746 557 1134 626 conscripsisse
1180 565 1527 613 memoretur.
1586 562 1653 614 At
1680 560 1759 615 illi
1788 561 1883 615 ad-

293 646 507 707 vertere
533 650 833 706 debuerant
858 650 1087 705 Victoris
1121 647 1499 706 Cartenneasis
1524 651 1717 706 librum
1742 652 1884 708 Cen-

294 746 468 799 serico
492 744 728 798 oblatum
759 742 923 798 fuisse
946 788 961 811 ,
1003 752 1059 798 ut
1099 756 1159 797 se
1193 758 1257 798 ex
1291 744 1601 813 praefatione
1627 745 1880 802 didicisse

293 845 524 890 testatur
578 836 806 903 ipsemet
861 833 1168 888 Gennadius
1225 833 1343 889 loco
1396 834 1658 900 laudato;
1721 853 1878 906 quem

295 926 521 995 proinde
546 925 709 979 alium
738 940 859 980 esse
886 940 916 977 a
948 924 1067 979 ﬁdei
1111 923 1293 979 libello
1322 925 1411 994 qui
1450 926 1499 978 in
1530 925 1762 981 Victoris
1790 928 1881 981 Hi-

289 1019 455 1073 storia
483 1016 731 1080 habetur,
760 1015 1032 1069 fatendum
1058 1024 1160 1070 est.
1185 1013 1450 1070 Caeterum
1488 1015 1667 1071 Victor
1688 1017 1877 1072 eodem

290 1111 452 1164 modo
476 1110 598 1164 ﬁdei
624 1109 1012 1178 professionem
1042 1108 1289 1164 Historia:
1310 1124 1420 1165 sua:
1443 1109 1681 1166 inserere
1706 1113 1878 1181 potuit

292 1220 400 1273 quo
430 1204 684 1258 Hunerici
713 1202 911 1257 edicta.
1030 1270 1033 1273 γ

354 1296 495 1351 thl.
542 1296 805 1365 Superest
835 1301 892 1347 ut
918 1293 1156 1348 dicamus
1190 1292 1259 1347 de
1289 1293 1511 1348 vetustis
1551 1292 1875 1362 exemplari-

284 1390 385 1445 bus
408 1389 475 1444 ad
513 1405 633 1457 qua:
664 1388 799 1442 hanc
826 1397 1062 1442 nostram
1095 1386 1326 1441 Victoris
1354 1386 1648 1442 editionem
1690 1402 1877 1441 emen-

283 1482 553 1536 davimus.
610 1480 834 1536 Codices
880 1494 1011 1535 mss.
1054 1478 1107 1533 in
1157 1478 1349 1547 quibus
1390 1479 1594 1547 integra
1644 1475 1875 1532 Victoris

286 1575 521 1629 Vitensis
543 1574 775 1628 Historia
799 1572 1048 1638 habetur,
1071 1572 1288 1624 omnino
1309 1579 1537 1640 quatuor
1555 1570 1871 1624 habuimus:

285 1677 393 1721 tres
420 1666 636 1720 scilicet
665 1681 730 1717 ex
761 1663 1079 1718 bibliotheca
1108 1660 1419 1715 Colbertina
1447 1702 1462 1724 ,
1490 1675 1623 1729 quos
1652 1675 1750 1727 pro
1773 1674 1873 1714 suo

284 1774 430 1813 more
458 1767 515 1813 et
540 1771 801 1812 consueta
830 1771 952 1824 erga
978 1754 1182 1808 litteras
1210 1753 1606 1818 benevolentia,
1631 1751 1869 1806 exhibuit

1989 562 2255 617 tholomaai
2276 561 2650 620 WeSIhcmeri.
2676 567 2731 619 lu
2755 584 2854 636 qua
2879 571 3001 624 item
3025 572 3156 625 urbe
3179 587 3319 625 anno
3347 572 3480 628 1555
3501 590 3565 626 ex

1987 652 2203 707 Henrici
2254 655 2396 710 Petri
2427 656 2639 712 ofﬁcina
2692 661 2885 729 pmdiit
2916 679 3048 715 nova
3080 681 3353 719 sacrorum
3386 681 3567 721 aucto-

1984 763 2101 801 rum
2150 750 2396 806 collectio
2457 755 2559 809 sub
2618 755 3169 829 Orthodoxograpltia:
3219 764 3468 829 nomine,
3513 765 3565 815 in

1983 856 2107 908 qua,
2140 843 2277 897 inter
2304 845 2408 898 alia
2435 860 2603 901 sacra:
2623 851 2951 919 antiquitatis
2974 869 3336 924 monumenta,
3364 858 3564 911 baben-

1984 942 2071 988 tur
2103 935 2329 992 Vicmris
2361 942 2527 995 nostri
2558 943 2677 997 libri
2709 954 2818 1000 tres
2863 948 2929 1002 de
2955 948 3328 1006 Persecutione
3356 952 3583 1007 Vanda-t

1982 1024 2106 1093 lica,
2133 1040 2253 1079 cum
2285 1031 2533 1096 passione
2572 1045 2879 1090 sanctorum
2919 1048 3124 1107 septem
3155 1042 3560 1096 monachorum.

1977 1115 2245 1171 Caeterum
2276 1135 2417 1176 anno
2463 1122 2599 1179 1569
2631 1142 2821 1182 novam
2868 1128 2991 1183 item
3024 1130 3249 1185 Victoris
3272 1132 3560 1188 editionem

1981 1204 2199 1263 Parisiis
2243 1214 2449 1266 curavit
2489 1216 2571 1268 vir
2617 1217 2683 1271 de
2731 1235 2789 1294 re
2833 1217 3089 1274 litter..ria
3142 1222 3278 1276 bene
3314 1225 3561 1291 meritus,

1978 1297 2295 1357 Franciscus
2341 1305 2661 1372 Balduinns,
2704 1310 2934 1365 celebris
2975 1312 3414 1380 jurisconsultus,
3467 1316 3558 1386 qni

1980 1395 2183 1463 primus
2212 1401 2449 1453 omnium
2483 1401 2619 1457 hanc
2664 1403 2949 1457 Historiam
3000 1409 3402 1461 commentariis
3431 1408 3557 1463 illu-

1977 1490 2184 1544 stravit.
2221 1492 2383 1549 Paulo
2424 1506 2564 1562 post,
2600 1513 2740 1551 anno
2786 1500 2991 1555 scilicet
3022 1501 3185 1563 1576,
3225 1504 3556 1570 Margarinus

1977 1581 2197 1652 Bignius
2241 1587 2462 1642 Parisiis
2492 1590 2657 1645 edidit
2684 1592 3068 1648 Bibliothecam
3110 1606 3417 1650 sanctorum
3452 1597 3556 1651 Pa-

1978 1683 2138 1740 trum,
2171 1693 2289 1746 quae
2319 1679 2511 1734 iterum
2542 1698 2683 1735 anno
2716 1685 2853 1739 1589
2881 1686 2932 1739 in
2976 1689 3163 1743 eadem
3203 1690 3336 1745 urbe
3362 1705 3558 1748 excusa

1973 1774 2078 1830 est,
2106 1775 2159 1820 et
2192 1768 2240 1819 in
2289 1781 2511 1838 utraque
2559 1772 2731 1825 locum
2776 1774 2935 1829 habet
2965 1787 3145 1831 noster
3177 1779 3387 1844 Victor;
3420 1781 3569 1836 sicut,

284 1850 434 1905 nobis
466 1850 530 1903 V.
566 1850 629 1903 C.
667 1847 969 1916 Stephanus
1016 1845 1261 1899 Baluzius
1290 1862 1304 1909 ;
1333 1852 1579 1913 quartum
1624 1860 1755 1899 vero
1804 1860 1861 1899 ett

1976 1862 2028 1907 et
2052 1855 2103 1909 in
2133 1854 2531 1914 Coloniensium
2563 1862 2817 1931 editione,
2841 1877 2895 1921 et
2926 1869 2977 1921 in
3007 1870 3123 1923 aliis
3147 1871 3410 1940 ejusmodi
3432 1890 3573 1929 san-s

283 1943 612 1997 monasterio
641 1939 986 1995 Benedictino
1014 1939 1193 1992 Sancti
1238 1937 1449 1991 Martini
1475 1951 1504 1990 a
1533 1936 1749 2005 Campis
1777 1952 1869 1991 or-

281 2037 416 2091 dinis
448 2036 845 2089 Ciuniacensis.
906 2031 979 2085 Ex
1014 2030 1338 2085 Colbertinis
1368 2030 1639 2097 antiquior
1668 2030 1869 2084 saeculo

280 2143 418 2183 nono
445 2137 545 2181 aut
573 2126 821 2195 sequenti
860 2125 1089 2193 scriptus
1129 2123 1371 2187 videtur,
1412 2121 1678 2176 secundus
1711 2122 1868 2190 paulo

276 2221 548 2274 recentior
578 2228 697 2283 est;
731 2218 921 2271 tertius
951 2230 1077 2270 vero
1105 2214 1318 2269 nonnisi
1348 2228 1518 2267 annos
1548 2213 1867 2283 quingentos

276 2311 483 2366 videtur
519 2307 798 2379 praeferre,
832 2306 924 2360 sed
954 2306 1043 2375 qui
1076 2320 1235 2358 manu
1263 2314 1508 2359 accurata
1545 2312 1598 2357 et
1627 2303 1867 2372 diligenti

275 2414 528 2459 exaratos
558 2410 680 2464 est,
716 2403 768 2455 in
807 2399 959 2469 Cujus
1003 2398 1314 2467 paginarum
1347 2396 1673 2466 marginibus
1703 2396 1866 2450 varia:

274 2511 337 2551 ex
371 2498 479 2549 alio
510 2496 695 2562 aliquo
721 2492 903 2547 codice
945 2492 1205 2545 lectiones
1249 2491 1515 2545 habentur
1539 2532 1555 2555 ,
1596 2491 1666 2544 ita
1691 2498 1749 2543 ut
1779 2490 1865 2544 hic

272 2587 437 2642 codex
473 2602 576 2654 pro
597 2584 806 2638 duobus
832 2583 1024 2637 merito
1051 2581 1349 2636 censendus
1380 2583 1469 2635 sit.
1497 2579 1675 2635 Codex
1705 2579 1864 2634 deni-

273 2697 372 2751 que
390 2679 579 2735 Sancti
604 2677 809 2731 Martini
827 2691 856 2729 a
871 2675 1103 2744 Campis,
1129 2675 1218 2744 qui
1233 2675 1360 2729 olim
1381 2674 1693 2729 monasterii
1708 2672 1865 2727 Cres-

275 2772 542 2841 piacensis
567 2772 697 2836 fuit,
732 2771 798 2824 ab
823 2770 978 2823 annis
1020 2770 1144 2823 item
1172 2767 1345 2823 ferme
1374 2769 1683 2837 quingentis
1714 2768 1863 2823 vide-

270 2877 357 2919 tur
379 2866 640 2932 scriptus.
681 2861 1057 2917 Consuluimus
1083 2861 1244 2915 etiam
1273 2860 1448 2914 varias
1480 2860 1738 2916 lectiones
1765 2874 1860 2914 co-

271 2956 404 3011 dicis
451 2956 614 3010 bonae
662 2965 841 3018 noue,
897 2963 955 3007 ut
994 2953 1184 3007 asserit
1223 2951 1546 3013 Chifﬁetius,
1575 2951 1863 3006 carthusite

268 3049 555 3103 Nrtarnm
582 3088 598 3113 ,
646 3062 778 3115 quas
819 3046 958 3101 idem
995 3044 1110 3113 ipse
1152 3045 1230 3099 vir
1262 3045 1503 3099 eruditus
1537 3044 1591 3098 in
1627 3044 1766 3098 notis
1793 3045 1862 3098 ad

270 3141 546 3197 Victorem
581 3140 736 3194 nobis
765 3137 1141 3207 suppeditavit.
1174 3138 1243 3190 At
1273 3146 1465 3201 praeter
1498 3136 1593 3190 hos
1623 3135 1857 3201 codices,

1972 1954 2178 2003 ctorum
2205 1951 2421 2006 Patrum
2450 1970 2671 2023 operum
2702 1961 3128 2025 collectionibus.
3156 1981 3276 2034 qua:
3300 1967 3554 2039 deinceps

1971 2035 2023 2091 in
2052 2038 2223 2094 lucem
2254 2044 2589 2109 prodierunt.
2638 2050 2769 2117 Qute
2798 2067 2986 2109 omnes
3032 2056 3297 2114 editiones
3332 2061 3432 2116 sub
3466 2035 3554 2118 Vi-

1969 2136 2133 2187 ctoris
2183 2137 2449 2193 Uticensis
2499 2143 2716 2197 nomine
2763 2145 2991 2215 vulgatae
3041 2159 3166 2203 sunt
3198 2160 3391 2218 praeter
3421 2154 3561 2210 duas

1970 2222 2110 2277 beati
2146 2225 2409 2291 Rhenani,
2462 2232 2513 2285 in
2561 2234 2753 2302 quibus
2782 2236 2962 2291 Victor
2993 2239 3226 2296 Vitensis
3267 2245 3553 2316 episcopus

1967 2317 2282 2383 appellatur.
2317 2320 2423 2375 Sed
2448 2338 2629 2378 verum
2655 2325 2864 2381 titulum
2895 2333 3127 2387 asseruit
3157 2333 3348 2391 Petrus
3380 2339 3551 2395 Fran-

1967 2405 2144 2460 ciscus
2168 2408 2465 2466 Cltiflletius
2488 2414 2538 2466 in
2560 2414 2668 2483 jam
2694 2417 2901 2472 laudata
2930 2421 3187 2491 editione,
3217 2441 3378 2495 quam
3409 2443 3550 2484 anno

1971 2498 2108 2552 i664
2140 2500 2364 2557 Divione
2413 2505 2528 2558 ﬁeri
2567 2509 2792 2563 curavit.
2825 2510 3110 2580 Caeterum,
3153 2530 3219 2569 ne
3264 2518 3296 2569 ii
3329 2522 3415 2585 qui
3449 2519 3553 2573 La-

1967 2591 2078 2645 tine
2110 2594 2353 2661 ignorant
2379 2608 2483 2651 tam
2522 2602 2701 2654 eximii
2734 2607 2913 2669 operis
2961 2606 3191 2662 lectione
3223 2609 3546 2667 fruSIraren-

1968 2688 2074 2744 tur,
2105 2681 2154 2733 in
2205 2687 2543 2740 vernaculam
2593 2689 2826 2757 linguam
2872 2708 2978 2746 non
3020 2697 3188 2751 semel
3234 2700 3545 2756 translatum

1965 2779 2069 2825 est.
2101 2773 2166 2828 Et
2199 2777 2370 2842 primo
2398 2780 2614 2846 quidem
2645 2781 2847 2837 Gallico
2875 2786 3074 2853 prodiit
3116 2790 3314 2843 saacnlo
3341 2806 3547 2858 praece-

1965 2862 2132 2929 denti,
2160 2881 2301 2923 anno
2329 2870 2537 2927 scilicet
2579 2874 2737 2939 1565,
2788 2891 2954 2944 opera
3006 2878 3277 2935 Francisci
3308 2882 3545 2939 Bellore-

1965 2955 2071 3020 stii,
2103 2957 2320 3014 Parisiis
2364 2963 2503 3027 apud
2553 2962 2855 3022 Gabrielom
2905 2970 3079 3036 Buon;
3122 2981 3179 3028 et
3223 2989 3366 3029 anno
3410 2977 3544 3032 1664

1964 3048 2129 3105 altera
2162 3052 2213 3106 in
2243 3055 2429 3108 eadem
2462 3057 2616 3120 urbe,
2649 3058 2717 3111 ab
2762 3060 3118 3117 illustrissimo
3160 3066 3390 3122 Arnaldo
3438 3071 3545 3123 An.

1965 3142 2118 3198 dillio
2141 3157 2443 3214 procurata.
2468 3149 2547 3203 Ad
2573 3150 2687 3206 htec
2708 3153 2927 3219 Anglice
2952 3156 3092 3209 edita
3115 3167 3196 3212 est
3219 3174 3358 3213 anno
3384 3161 3542 3216 1605.

267 3235 404 3289 alios
436 3234 581 3287 idem
615 3242 723 3287 tres
763 3230 1078 3291 habuimus,
1109 3227 1160 3282 in
1187 3227 1411 3297 quibus,
1438 3227 1655 3295 dempto
1696 3227 1858 3295 priori
1886 3209 1933 3273 (εἶ
1964 3235 2161 3290 Harum
2207 3252 2338 3294 vero
2367 3243 2606 3297 omnium
2638 3245 2701 3297 ad
2738 3255 2974 3300 nostram
3020 3248 3250 3303 Victoris
3298 3252 3542 3306 Historia:

268 3329 408 3382 libro
434 3370 450 3394 ,
501 3326 734 3380 Victoris
780 3324 948 3377 nostri
1000 3321 1229 3375 Historia
1271 3321 1473 3389 integra
1506 3324 1731 3374 habetur
1757 3320 1857 3375 sub

266 3417 544 3474 Passionis
579 3416 747 3470 sancti
779 3414 1003 3484 Eugenii
1035 3414 1206 3467 titulo.
1246 3411 1393 3467 Unus
1424 3428 1488 3467 ex
1522 3412 1603 3464 his
1629 3422 1709 3466 est
1741 3411 1854 3466 RR.

268 3510 367 3564 PP.
404 3505 734 3561 Fuliensium
782 3505 1089 3558 monasterii
1128 3504 1309 3558 Sancti
1361 3502 1614 3556 Bernardi
1659 3504 1711 3555 in
1758 3502 1857 3556 hac

267 3600 403 3655 urbe
427 3599 713 3664 Parisiaca,
734 3597 869 3650 alter
898 3596 949 3648 in
982 3605 1161 3649 nostra
1185 3593 1364 3649 Sancti
1391 3592 1641 3648 Germani
1669 3608 1698 3645 a
1728 3592 1857 3645 Pra-

268 3694 332 3747 tis
357 3689 688 3746 bibliotheca
721 3696 1054 3753 asservatur,
1096 3696 1318 3754 uterque
1348 3685 1416 3740 ab
1458 3684 1613 3738 annis
1639 3683 1855 3738 circiter

268 3785 369 3841 500
402 3783 763 3852 conscriptus.
798 3780 900 3835 Sed
934 3797 1039 3834 uno
1090 3782 1290 3833 saeculo
1336 3780 1605 3833 recentior
1646 3778 1855 3831 videtur

266 3875 460 3929 tirtius
492 3888 559 3926 ex
600 3872 686 3926 bis
724 3871 994 3926 codicibus
1021 3914 1035 3937 ,
1079 3871 1171 3940 qui
1214 3879 1299 3926 est
1338 3871 1643 3924 monasterii
1686 3870 1853 3924 nostri

264 3967 448 4022 Sancti
478 3965 717 4021 Cornelii
757 3964 1219 4033 Compendieusis.
1262 3965 1527 4019 Prmterea
1577 3964 1699 4018 ﬁdei
1733 3981 1855 4032 pro-

263 4060 577 4120 fessionem,
602 4058 650 4110 id
683 4066 763 4110 est
795 4058 1007 4110 tertium
1041 4056 1264 4110 Vict0ris
1294 4056 1538 4111 Historia:
1562 4057 1776 4122 librum,
1798 4065 1854 4112 et

263 4148 522 4203 Notitiam
552 4148 803 4203 Ecclesia:
829 4147 1089 4201 Africana:
1116 4148 1436 4203 contulimus
1460 4165 1577 4201 cum
1604 4152 1853 4203 vetustis-

262 4245 409 4296 simo
442 4250 497 4296 et
526 4242 741 4309 Optima}
772 4252 911 4295 nota:
940 4242 1122 4295 codice
1155 4256 1252 4294 ms.
1288 4240 1531 4295 ecclesia:
1572 4242 1851 4296 cathedra-

264 4335 327 4389 lis
347 4335 566 4390 Sanctte
584 4335 765 4388 Maria:
785 4333 1173 4399 Laudunensis,
1197 4334 1282 4403 qui
1305 4332 1372 4386 ab
1392 4333 1546 4387 annis
1571 4333 1848 4388 minimum

262 4429 588 4496 omingentis
613 4436 863 4480 exaratos
891 4436 991 4481 est.

331 4518 477 4571 XIV.
506 4519 782 4572 Editiones
804 4533 930 4572 vero
957 4517 1194 4587 ejusdem
1226 4518 1481 4583 auctoris,
1509 4534 1642 4588 quas
1668 4519 1849 4576 videre

261 4608 437 4671 licuit,
469 4608 551 4661 hat
576 4617 734 4663 sunt:
760 4609 935 4662 Primo
959 4583 1171 4678 quidem
1200 4610 1408 4665 caeteris
1434 4612 1684 4664 omnibus
1710 4612 1849 4664 anti-
1877 4583 1928 4643 D

260 4700 506 4765 quiorem
534 4699 933 4764 consuluimus,
970 4714 1001 4751 a
1031 4701 1185 4754 beato
1224 4700 1481 4756 thenano
1511 4711 1847 4769 procuratam

261 4790 487 4844 Basilete
514 4806 653 4844 anno
691 4789 833 4845 1555
856 4832 871 4858 ,
919 4806 1025 4861 quo
1051 4806 1115 4845 ex
1149 4793 1360 4847 ofﬁcina
1396 4794 1728 4849 Frobeniana
1762 4795 1850 4850 Vi-

262 4891 382 4934 ctor
426 4894 611 4935 noster
654 4882 925 4950 Vitensis,
975 4884 1116 4938 inter
1157 4883 1292 4939 alios
1325 4885 1560 4941 historizr
1589 4888 1845 4942 ecclesia-

261 4972 412 5026 stica:
439 4984 704 5039 auctores,
736 4973 963 5041 primum
992 4975 1046 5028 in
1069 4974 1240 5030 lucem
1269 4978 1480 5045 prodiit.
1518 4978 1716 5034 Eadem
1743 4994 1845 5032 an-

259 5074 472 5118 ctorum
494 5065 739 5119 collectio
758 5064 974 5120 Parisiis
994 5066 1187 5121 iterum
1213 5083 1408 5123 excusa
1430 5080 1510 5124 est
1531 5084 1657 5123 ann.
1683 5069 1841 5134 1541,

257 5156 405 5224 typis
421 5154 625 5211 Galeoti
645 5155 934 5217 Pratensis.
954 5157 1019 5211 At
1037 5172 1102 5213 eo
1124 5161 1379 5229 temporis
1400 5161 1680 5215 intervallo
1699 5163 1842 5231 quod

257 5247 275 5300 i
301 5256 696 5318 iterutramqne
715 5249 1004 5304 editionem
1026 5249 1255 5317 effluxit,
1272 5251 1384 5306 haec
1403 5253 1587 5309 eadem
1617 5253 1844 5310 Victoris

256 5340 497 5396 Historia
519 5340 756 5397 Coloniae
785 5342 1093 5411 Agrippina;
1122 5356 1266 5396 anno
1289 5344 1451 5412 1557,
1478 5360 1506 5399 a
1536 5344 1841 5401 Reinhardo

255 5430 510 5489 Lorichio
537 5434 854 5489 Hadamario
883 5434 1023 5505 typis
1050 5433 1293 5489 mandata
1325 5444 1428 5502 est,
1457 5446 1509 5491 et
1534 5437 1745 5505 quidem
1774 5452 1839 5493 ex

255 5525 452 5581 codice
480 5540 579 5580 ms.
605 5527 681 5580 uti
704 5526 933 5593 videtur,
955 5526 1217 5596 siquidem
1246 5527 1297 5581 in
1319 5528 1542 5597 epistola
1563 5528 1841 5584 dedicato-

256 5619 342 5674 ria
361 5659 377 5685 ,
406 5618 547 5675 hanc
570 5618 846 5674 historiam
873 5636 904 5671 α
936 5620 1213 5685 tinearum,
1242 5620 1420 5686 quibus
1444 5622 1617 5673 arrodi
1646 5621 1846 5676 videba-

256 5721 371 5780 tur,
398 5712 592 5785 injuria
619 5727 681 5768 se
717 5710 1016 5767 vindicasse
1055 5712 1351 5781 proﬁtetur.
1394 5712 1573 5768 Altera
1605 5713 1843 5783 ejusdem

1960 3327 2253 3384 editionem
2280 3330 2643 3388 adornandam
2676 3336 2757 3390 usi
2786 3352 2996 3403 sumus,
3023 3340 3234 3395 collatis
3263 3342 3401 3396 inter
3424 3358 3543 3397 sese

1959 3426 2067 3473 tam
2119 3436 2250 3476 mss.
2281 3439 2437 3492 quam
2469 3426 2628 3479 editis
2668 3428 2965 3492 codicibus,
2993 3446 3220 3500 quorum
3263 3433 3435 3487 varias
3464 3436 3541 3488 le-

1957 3512 2163 3567 ctiones
2204 3527 2302 3567 suo
2331 3516 2450 3569 loco
2484 3517 2877 3574 exhibebimus.
2925 3521 3050 3577 Haec
3094 3524 3161 3578 de
3188 3523 3421 3580 Victoris
3455 3527 3542 3579 \i-

1959 3602 2123 3656 tensis
2152 3603 2383 3657 Historia
2438 3609 2759 3673 praemittere
2802 3610 2975 3664 visum
3025 3622 3130 3667 est.
3177 3613 3250 3666 De
3283 3614 3365 3667 his
3412 3631 3541 3671 vero

1955 3710 2076 3765 qua;
2102 3706 2346 3767 spectant
2369 3699 2436 3754 ad
2464 3710 2656 3756 caetera
2690 3713 3056 3772 monumenta,
3082 3721 3203 3774 quae
3230 3707 3282 3760 in
3316 3706 3416 3760 isto
3446 3724 3540 3760 vo-

1956 3788 2156 3843 lumine
2186 3791 2550 3858 continentur,
2581 3792 2753 3848 fusius
2801 3794 2886 3848 hic
2912 3795 3180 3852 disserere
3223 3814 3541 3867 supervaca-

1955 3894 2113 3935 neum
2156 3882 2313 3948 foret,
2346 3900 2466 3939 cum
2516 3899 2610 3941 sua
2641 3887 2927 3958 unicuique
2954 3891 3217 3957 Opusculo
3264 3892 3539 3961 [immissa

1955 3973 2248 4031 admonitio
2299 3977 2351 4031 id
2393 3978 2605 4034 abunde
2652 3980 2860 4036 doceat.
2904 3983 3006 4037 Sed
3058 3994 3236 4039 tamen
3285 3996 3342 4039 ut
3379 3989 3541 4042 totius

1953 4064 2202 4122 Historia:
2227 4068 2529 4124 Vandalicze
2578 4070 2776 4125 seriem
2812 4072 2913 4126 sub
2955 4088 3086 4137 uno,
3138 4084 3196 4128 ut
3228 4075 3299 4129 ita
3340 4077 3536 4141 dicam,

1953 4158 2093 4212 oculi
2126 4170 2414 4228 conSpectu
2438 4162 2607 4216 lector
2629 4162 2829 4218 habere
2850 4164 3037 4231 possit,
3063 4168 3181 4233 posit
3203 4180 3386 4219 eorum
3414 4183 3536 4237 qua:

1954 4251 2039 4305 hic
2086 4254 2429 4309 continentur
2472 4256 2757 4326 syllahum,
2822 4256 3259 4326 chronologicum
3303 4258 3535 4315 indicem

1953 4344 2289 4411 exhibemus,
2336 4348 2388 4400 in
2437 4364 2542 4415 quo
2594 4349 2801 4417 singula
2832 4364 3056 4418 qua-que
3102 4350 3254 4403 istius
3287 4350 3537 4406 Historia:

1952 4439 2123 4505 capita
2150 4438 2373 4505 singulis
2414 4440 2568 4493 annis
2609 4440 2803 4507 quibus
2826 4440 3117 4508 contigisse
3168 4442 3325 4511 vulgo
3349 4443 3543 4498 existi-

1954 4540 2166 4584 mantur
2195 4532 2655 4600 consignavimus.
2688 4532 2747 4585 Si
2779 4534 2902 4601 quid
2936 4548 3088 4600 vero,
3136 4534 3246 4590 imo
3275 4536 3535 4605 quidquid

1952 4638 1980 4675 a
2014 4638 2099 4676 me
2128 4621 2179 4675 in
2221 4631 2332 4675 toto
2373 4621 2531 4689 hujus
2562 4622 2807 4676 Historia)
2836 4623 3067 4679 decursu
3111 4637 3386 4694 peccatum
3419 4626 3535 4683 fue-

1953 4712 2047 4775 rit,
2075 4712 2299 4781 benigne
2341 4713 2569 4779 accipiat
2614 4713 2801 4773 lector.
2848 4724 2903 4768 et
2943 4729 3119 4769 meum
3150 4717 3340 4770 saltem
3390 4717 3440 4770 in
3473 4733 3533 4772 re

1952 4813 2057 4858 tam
2087 4804 2362 4872 prmclara,
2397 4805 2491 4858 sed
2538 4802 2654 4859 fere
2682 4804 2945 4873 neglecta,
2973 4815 3223 4861 conatum
3267 4806 3405 4875 aequi
3435 4808 3533 4863 ho-

1950 4897 2110 4963 nique
2140 4895 2405 4961 consulat,
2430 4896 2609 4949 animo
2631 4908 2907 4965 reputans,
2935 4911 3033 4951 nec
3060 4898 3189 4951 mihi
3219 4898 3413 4953 sinceri
3438 4907 3535 4954 aut

1949 4986 2064 5041 veri
2093 4986 2348 5053 studium,
2377 5003 2477 5043 nec
2501 4988 2852 5057 diligentiam,
2878 4988 2971 5043 sed
2992 4989 3343 5045 eruditionem
3370 5006 3533 5061 argu-

1951 5083 2135 5130 mento
2165 5091 2345 5145 parem
2377 5078 2662 5147 aliquando
2690 5077 2947 5144 defuisse,
2976 5094 3134 5148 quam
3162 5081 3231 5136 ab
3263 5082 3383 5136 aliis
3405 5098 3528 5137 eru-

1950 5168 2231 5224 ditioribus
2260 5169 2494 5237 suppleri
2522 5177 2786 5237 optamus.
2822 5166 3092 5225 Cancrum
3134 5171 3249 5227 bare
3280 5172 3529 5227 Vandali-

1945 5275 2024 5315 ca:
2054 5260 2441 5329 persecutionis
2485 5261 2718 5316 Historia
2769 5277 2895 5332 pars
2936 5272 3054 5319 erat
3085 5264 3245 5319 totius
3281 5264 3526 5319 Historia:

1947 5352 2376 5421 persecutionum
2421 5352 2487 5407 ab
2526 5352 2737 5415 Arianis
2762 5361 2873 5409 tum
2928 5355 3357 5422 imperatoribus,
3411 5362 3524 5408 tum

1944 5445 2103 5498 etiam
2137 5443 2384 5498 Barbaris
2412 5445 2785 5511 excitatarum,
2818 5461 2976 5515 quam
3017 5456 3255 5513 paratam
3288 5444 3525 5501 habeba-

1946 5549 2098 5598 mus;
2145 5534 2296 5603 cuius
2325 5535 2481 5589 aliam
2516 5546 2739 5605 partem,
2790 5536 3053 5604 siquidem
3083 5535 3182 5603 piis
3211 5545 3264 5590 et
3298 5538 3536 5594 eruditis.

1946 5624 2072 5679 viris
2101 5640 2205 5678 non
2251 5626 2636 5695 displicituram
2680 5625 3118 5693 intellexerimus,
3148 5641 3270 5683 cum
3312 5637 3520 5698 tempus

1947 5716 2053 5771 erit
2081 5716 2245 5788 magis
2276 5716 2811 5788 opportunum,typis
2840 5716 3097 5773 mandare
3125 5716 3463 5776 curabimus.
