3944 6176
255 338 334 392 ibi

1194 331 1277 386 DE
1319 327 1838 388 PERSECUTIONE
1878 329 2266 386 VANDAIJCA
2310 330 2441 384 LIB.
2486 332 2524 384 1.

3398 338 3496 391 ιεξ

250 450 449 503 storiam
476 454 659 498 texere
682 453 703 479 ³
733 444 946 513 jubens.
979 441 1215 511 inquirit,
1248 437 1412 494 simili
1453 440 1670 509 quidem
1702 439 1804 493 fero
1834 444 1888 503 Α
1912 440 2065 494 video
2092 440 2459 504 Timotheum,
2484 441 2552 494 ab
2582 440 2915 498 incunabulis
2945 445 3180 500 infantia:
3216 448 3388 499 sacris
3417 448 3501 501 lit-

251 537 590 604 vore,diSpari
615 546 1016 600 tameuamore;
1045 542 1097 587 ct
1118 536 1169 603 2
1191 532 1261 585 illi
1283 539 1339 585 ut
1366 530 1717 585 laudarentur
1752 531 1805 583 in

251 629 449 693 sarculo,
476 627 586 694 ipse
623 636 681 679 ιιι
712 625 1002 694 prreelarus
1038 638 1299 692 appareas
1328 623 1381 676 in
1416 623 1613 688 futuro,
1649 631 1703 676 et
1728 621 1808 675 di-

252 731 365 775 ras:
388 716 448 769 In
478 717 694 768 Domino
724 716 1021 768 laudabitur
1044 717 1215 766 anima
1240 730 1389 778 mea;
1420 714 1635 766 audiant
1660 730 1810 766 utan-

252 813 426 862 suctiet
457 810 689 862 (tutentur
716 806 889 877 (Paul.
925 821 1112 868 uiuit,
1141 805 1218 873 5).
1254 804 1486 869 Poteris,
1522 806 1717 871 inquis,
1752 812 1813 858 ut

253 902 403 965 voles,
447 900 566 966 quia
605 912 766 950 omne
793 896 976 949 datum
1024 898 1303 964 optimum,
1334 904 1389 949 et
1415 910 1576 949 omne
1609 895 1807 947 donum

254 988 529 1058 perfectum
558 986 769 1040 ccelitus
814 985 1088 1053 accepisti,
1111 984 1355 1038 eruditus
1384 998 1412 1035 a
1445 992 1595 1037 tanto
1636 984 1812 1052 ponti-

256 1081 360 1139 fice.
410 1087 625 1145 teloque
656 1073 825 1129 laudis
868 1088 1066 1144 genere
1105 1073 1448 1142 przedicando
1477 1074 1634 1127 beato
1688 1074 1813 1126 Dia-

253 1170 413 1224 doclto
440 1167 491 1235 δ,
538 1167 712 1235 cujus,
756 1175 815 1220 ut
841 1175 985 1219 astra
1012 1165 1240 1219 lucentia
1279 1171 1492 1218 exstant
1533 1164 1816 1234 quamplu-

253 1264 371 1316 rima
396 1259 651 1314 catholiei
679 1258 943 1328 dogmatis
972 1258 1296 1312 monimenta
1325 1259 1615 1314 dictorum.
1647 1259 1712 1312 Et
1733 1270 1817 1313 sat

255 1361 325 1408 est
351 1352 440 1406 tibi
472 1362 527 1405 ιιι
548 1353 845 1419 :equipares
861 1351 1156 1406 doctrinam
1181 1352 1451 1416 doctoris;
1478 1352 1602 1419 quia
1622 1361 1706 1404 est
1732 1368 1816 1405 sa-

254 1445 312 1500 tis
337 1444 618 1513 discipulo,
665 1451 723 1497 ut
765 1443 837 1497 sit
874 1442 1142 1511 quomodo
1182 1442 1435 1511 magister
1461 1442 1597 1511 ejus.
1637 1443 1813 1497 Alium

315 1594 338 1620 ι
361 1583 448 1638 Sic
477 1581 774 1637 Ortltedox.
802 1590 856 1634 et
886 1579 1187 1635 Lorichius.
1229 1578 1420 1635 Cmteri
1452 1594 1582 1634 vero
1607 1579 1821 1636 codices

254 1653 586 1721 manuscripti
631 1662 683 1704 ct
722 1651 851 1705 editi
890 1652 1106 1721 habent,
1138 1650 1365 1721 cupiens,
1401 1651 1636 1721 inquirit,
1687 1662 1818 1711 etc.,

254 1741 356 1792 qua:
382 1725 492 1777 duo
514 1720 766 1776 vocabula
795 1722 838 1775 si
865 1720 1227 1782 retineantur,
1246 1722 1360 1792 ista
1401 1720 1641 1792 prmfatio
1677 1722 1820 1775 vide-

256 1790 383 1849 bitur
422 1807 546 1847 esse
574 1792 750 1859 petius
784 1792 1004 1845 alterius
1051 1790 1348 1857 cuiuspiam
1408 1790 1671 1844 Victorem
1724 1806 1819 1844 nos

256 1877 409 1918 strum
454 1863 774 1930 alloquentis
801 1901 817 1925 ,
874 1875 1033 1925 quam
1080 1860 1308 1912 Victoris
1353 1861 1519 1925 ipsius
1570 1861 1815 1930 llistoriat

257 1935 497 1987 auctoris.
531 1929 620 1986 Sic
644 1940 700 1984 et
732 1933 866 1984 infra
896 1931 1053 1984 iidem
1086 1931 1299 1984 codices
1332 1930 1552 1997 habent,
1586 1929 1809 1993 Poteris,

258 2015 303 2055 ut
328 2004 549 2067 voluisti,
578 2002 771 2056 omissa
807 2017 937 2053 voce
965 2002 1155 2070 inquis.
1202 1999 1307 2070 Sed
1343 2015 1658 2069 quocunque
1698 2010 1817 2053 tau-

257 2075 363 2127 rlem
393 2073 558 2126 modo
588 2073 631 2125 is
668 2072 814 2125 locus
845 2069 1160 2139 expoliatur,
1200 2069 1471 2124 fatendum
1502 2081 1583 2123 est
1626 2071 1820 2136 pratia-

256 2146 440 2197 timtcm
475 2144 611 2195 hane
634 2143 704 2195 ita
728 2142 1009 2195 verborum
1032 2141 1343 2208 ambagibus
1365 2155 1484 2193 esse
1506 2140 1817 2203 involutam,

257 2213 544 2267 utdifticile
572 2214 639 2267 sit
664 2227 847 2267 verum
883 2212 1024 2266 illius
1048 2210 1279 2265 auctoris
1320 2225 1535 2264 sensum
1584 2211 1819 2276 assequi,

256 2285 379 2353 quod
409 2283 466 2337 in
497 2297 657 2336 causa
680 2290 783 2353 est,
809 2296 907 2335 cur
934 2296 1052 2336 eam
1090 2281 1437 2353 depravatam
1467 2295 1608 2353 esse,
1642 2281 1725 2335 vel
1755 2296 1822 2334 ex

254 2351 566 2422 scriptorum
594 2352 940 2433 negligentia,
964 2352 1045 2406 vel
1076 2366 1143 2406 ex
1174 2351 1275 2407 alia
1316 2366 1476 2422 quam
1518 2352 1824 2419 ignoramus

258 2440 424 2486 causa,
459 2437 818 2489 suspicemur.

315 2494 340 2533 δ
371 2495 462 2550 Sic
483 2508 603 2547 cum
642 2507 749 2546 uno
785 2507 817 2546 e
860 2492 1235 2561 manuscriptis
1276 2491 1448 2544 tribus
1485 2490 1824 2545 bibliotheca:

255 2564 587 2622 Colbertinaa.
618 2563 684 2617 ad
712 2577 844 2629 quos
868 2563 1144 2617 historiam
1177 2566 1312 2615 hanc
1353 2561 1701 2624 contulimus,
1732 2562 1823 2613 ha-

256 2634 658 2689 benteditiones
694 2632 838 2687 beati
872 2633 1114 2686 Rhenani
1144 2642 1199 2685 et
1232 2630 1513 2686 Cltiffletii.
1559 2631 1824 2685 Colberti-

256 2721 345 2760 nus
383 2706 521 2758 alter
570 2703 758 2769 habet,
806 2703 1062 2755 ‘Diacodo.
1109 2702 1324 2765 tlzeteri,
1376 2702 1622 2754 Diacono.
1660 2702 1825 2754 Porro

255 2775 573 2840 Chiffletius,
603 2774 693 2843 qui
720 2782 775 2827 ut
800 2788 911 2827 rem
936 2780 1138 2826 certam
1161 2772 1411 2839 supponit
1435 2772 1701 2843 Victorem
1730 2785 1827 2843 no-

256 2856 410 2898 stmm
436 2840 900 2912 Con-tantinopuli
922 2851 1166 2913 agentem
1188 2840 1585 2913 persecutionis
1610 2840 1823 2913 Vanda-

255 2916 359 2969 liea:
380 2915 671 2968 Historiam
693 2911 1096 2981 conScrips‘sse,
1120 2911 1280 2967 infert
1299 2912 1476 2964 statim
1494 2926 1610 2965 eam
1633 2911 1829 2965 Acacio

256 2985 846 3053 Constantinopolitano
870 2984 1184 3053 patriarchae
1226 2981 1388 3035 fuisse
1426 2983 1493 3035 ab
1527 2995 1607 3053 eo,
1633 2996 1830 3053 nuncu-

255 3070 417 3123 patam
453 3072 472 3108 :
499 3072 637 3119 cum,
663 3052 964 3123 inquitpria:
1002 3054 1135 3106 alius
1175 3064 1489 3123 occurreret,
1527 3052 1610 3123 cui
1648 3052 1830 3123 Vi_ctor

255 3121 663 3194 tantumdefcrre
682 3121 889 3178 honoris
921 3124 997 3194 vel
1034 3125 1254 3192 potuerit
1297 3122 1369 3174 vel
1407 3121 1651 3174 debuerit.
1694 3121 1829 3174 Tum

254 3198 468 3260 gradum
492 3192 715 3258 faciens,
748 3192 1065 3247 Diaderltum
1108 3194 1193 3246 hic
1237 3201 1617 3255 memoratum,
1662 3206 1824 3260 quem

254 3269 385 3321 hunc
433 3269 607 3336 ipsum
638 3279 758 3319 esse
792 3264 1114 3336 Diadocltum
1140 3264 1449 3336 episcopum
1487 3262 1736 3315 Photiees
1770 3262 1821 3316 in

1917 532 2043 587 teris
2068 531 2333 586 eruditum
2368 549 2382 587 :
2416 547 2513 587 nec
2543 549 2648 585 non
2682 539 2818 588 inter
2859 537 2994 592 alios
3024 537 3305 590 sublimem
3338 547 3498 603 atque

1917 621 2223 690 expeditum
2272 620 2493 685 Lucam,
2558 632 2672 677 arte
2720 625 3008 690 medicum,
3061 628 3287 694 apostoli
3349 627 3495 680 Pau't

1918 711 2153 779 gentium
2184 710 2419 765 doctoris
2449 711 2792 780 discipulum.
2830 714 2940 782 Ego
2985 730 3217 785 namque
3253 716 3497 785 iubentis

1919 801 2145 872 imperio
2171 802 2491 857 obedientia:
2526 804 2791 858 cervicem
2823 804 3164 870 submittens,
3187 821 3309 875 qua:
3334 807 3499 860 olive-

1922 905 2115 951 nerunt
2147 894 2201 948 iu
2246 895 2486 965 partibus
2522 895 2735 961 Africre,
2776 896 3230 953 debacchantibus
3262 897 3495 955 Ariauis.

1920 990 2119 1043 sensim
2150 988 2492 1058 breviterque
2529 989 2766 1044 indicare
2798 989 3035 1053 tentabo,
3068 998 3123 1046 et
3159 990 3307 1059 quasi
3336 991 3495 1044 rusti-

1918 1094 2014 1135 cus
2054 1080 2333 1150 Operarius
2361 1080 2661 1149 defatigatis
2708 1081 2869 1147 ulnis,
2919 1096 3105 1136 aurum
3151 1082 3397 1151 colligam
3431 1083 3498 1136 «lc

1919 1172 2087 1226 antris
2116 1171 2609 1241 occultis,speciem
2637 1187 2766 1227 vero
2795 1173 2970 1229 adhuc
2994 1174 3305 1229 sordentem
3338 1183 3496 1242 atque

1918 1262 2217 1324 confusam.
2250 1278 2354 1315 non
2400 1262 2694 1317 cunctabor
2724 1263 2948 1318 artificis
2978 1263 3185 1331 judicio
3215 1264 3323 1333 igni
3373 1279 3501 1319 exav

1921 1354 2225 1408 minandam
2248 1355 2586 1417 contradere,
2609 1356 2699 1424 qui
2728 1357 3058 1411 monetarios
3090 1357 3262 1425 possit
3298 1358 3501 1413 solidos

1920 1442 2020 1513 [al.
2044 1444 2331 1517 picturarc]
2361 1445 2665 1500 emit-mare.

1930 1582 2060 1637 alias
2082 1583 2333 1639 diximus.
2360 1598 2457 1637 nec
2478 1598 2609 1638 sane
2634 1583 2907 1648 probabile
2929 1597 3014 1641 est
3044 1586 3185 1641 hunc
3201 1597 3500 1652 auctorem,

1924 1655 2013 1720 qui
2053 1664 2158 1706 tam
2194 1655 2444 1716 prterlara
2494 1655 2561 1707 de
2607 1654 2828 1708 Romani
2880 1656 3144 1723 pontiﬁcis
3185 1659 3501 1712 auctoritate

1925 1725 2103 1788 habet,
2134 1726 2404 1777 Iti~toriam
2431 1739 2580 1776 suam
2616 1740 2950 1788 nuncupasse
2982 1729 3201 1787 Acacio,
3241 1732 3328 1791 qui
3369 1731 3501 1781 adeo

1925 1802 2051 1847 tunc
2093 1794 2349 1848 adversus
2385 1794 2676 1847 Ecclesium
2717 1795 3008 1849 Romanam
3056 1798 3498 1851 exeundi-scebat.

1923 1864 2437 1934 Scriptaquippeest
2459 1865 2818 1933 hazc62l|ist
2857 1866 2931 1918 ria
2946 1868 3223 1931 anno487,
3241 1882 3345 1934 quo
3370 1877 3503 1921 tem-

1848 1956 1896 2015 Β
1926 1947 2055 2014 pore
2084 1933 2371 2015 fervebant
2387 1935 2617 2015 maxime
2645 1936 2785 1988 inter
2816 1936 3043 2015 Febrem
3073 1933 3345 2015 papanret
3370 1937 3503 2015 Aca-

1926 2005 2066 2057 cium
2098 2003 2745 2071 Constautinopolitanum
2786 2003 3095 2074 gravissima
3127 2006 3372 2060 discidia.
3407 2012 3503 2059 At-

1925 2089 2030 2142 que
2061 2075 2219 2140 paulo
2250 2085 2367 2139 post
2390 2077 2616 2128 Aeacius
2646 2075 2760 2141 ipse
2787 2091 2815 2126 e
2845 2076 2977 2128 \‘iVis
2999 2078 3229 2130 excessit
3257 2092 3284 2127 a
3310 2075 3503 2129 Roma—

1926 2159 2010 2197 nae
2044 2144 2296 2198 Ecclesite
2332 2145 2711 2198 communione
2757 2157 3100 2214 segregatus;
3140 2145 3369 2213 indeque
3414 2161 3504 2200 ua-

1929 2224 2037 2266 tum
2070 2214 2302 2267 schisma
2336 2217 2473 2268 inter
2496 2224 2776 2283 utramque
2813 2216 3128 2281 Ecclesiam,
3178 2216 3503 2271 Orientalem

1927 2284 2130 2338 scilicet
2167 2296 2222 2338 et
2252 2284 2669 2349 Occidentaiem,
2708 2285 2849 2353 quod
2889 2286 3069 2338 tztudiu
3119 2289 3503 2353 perseveravit.

1930 2354 2079 2408 llaud
2118 2354 2287 2423 magis
2321 2365 2524 2408 certum
2562 2365 2644 2409 est
2674 2357 2928 2409 Acacium
2961 2355 3212 2410 Diadnclti
3254 2356 3506 2409 antistitis

1928 2424 2246 2494 discipulum
2301 2424 2497 2488 fuisse,
2543 2440 2699 2490 quem
2738 2440 2804 2478 ex
2854 2426 3107 2494 prmfecto
3141 2430 3504 2494 orphauorutn

1929 2493 2147 2562 hospitii
2202 2494 2267 2546 ad
2313 2496 2493 2548 sedem
2557 2493 3218 2562 Constantinopolitanam
3257 2506 3503 2550 evectum

1930 2565 2097 2618 fuisse
2114 2564 2301 2617 scribit
2324 2565 2600 2631 Evagrius.
2620 2566 2727 2618 Nec
2747 2570 2857 2619 scio
2887 2581 2952 2618 an
2982 2566 3175 2619 Acacio
3189 2576 3505 2631 congruant.

1930 2649 2050 2703 qua:
2080 2635 2132 2688 in
2164 2634 2261 2687 ista
2301 2634 2613 2701 praefatione
2649 2635 2828 2689 Victor
2864 2636 3098 2689 attribuit
3137 2636 3209 2695 ei,
3250 2636 3334 2689 cui
3374 2649 3508 2703 opus

1930 2717 2081 2757 Suum
2115 2706 2458 2766 nuncupavit.
2510 2705 2685 2758 Alium
2730 2706 2902 2769 video,
2941 2704 3130 2773 inquit,
3165 2704 3503 2770 Timotheum,

1931 2783 2064 2837 etc.,
2094 2783 2244 2841 atque
2269 2773 2460 2827 Lucam
2499 2786 2609 2827 arte
2652 2776 2923 2838 medicum,
2969 2774 3187 2842 apostoli
3232 2773 3386 2827 Pauli
3417 2776 3509 2827 do-

1932 2844 2086 2897 ctoris
2115 2845 2338 2912 gentium
2362 2845 2704 2911 discipulum,
2749 2853 2804 2897 et
2841 2846 2941 2897 alia
2983 2860 3101 2913 qua:
3142 2846 3228 2899 hic
3264 2853 3509 2913 repetere

1933 2928 2038 2968 non
2049 2913 2235 3035 guvat.
2280 2914 2405 2968 Haec
2436 2925 2611 2968 tamen
2640 2914 2796 2982 paulo
2824 2914 2991 2967 fusius
3032 2926 3347 2982 prosecutus
3367 2930 3507 2976 sum,

1934 2992 1994 3035 ut.
2095 2987 2314 3035 ictorem
2386 2993 2625 3035 nostrum
2658 3024 2673 3035 .
2736 3000 2893 3035 quem
2946 2984 3122 3035 Acacii
3188 2985 3507 3035 scltismatiei

1934 2992 1994 3037 ut
2049 2984 2314 3038 Victorem
2386 2993 2673 3050 nostrum,
2736 3000 2893 3051 quem
2946 2984 3122 3037 Acacii
3188 2985 3509 3038 scliismatiei

1935 3055 2310 3109 communione
2357 3054 2619 3123 pollutum
2671 3055 2885 3108 incaute
2927 3054 3059 3107 dixit
3096 3052 3416 3117 Cltifﬂetius,
3447 3055 3512 3106 ab

1936 3124 2035 3179 hac
2077 3124 2195 3179 labe
2238 3125 2587 3179 vindicarem.
2623 3124 2887 3178 Cmterum
2928 3125 3030 3179 etsi
3090 3123 3360 3177 affirmare
3407 3138 3510 3176 non

1934 3194 2108 3249 ausim
2133 3238 2149 3263 ,
2202 3194 2522 3248 Diadocltum
2570 3195 2655 3248 hic
2693 3204 3045 3249 memoratum
3073 3238 3087 3259 ,
3140 3192 3512 3248 Pltoticensetn

1934 3266 2247 3334 episcopum
2277 3264 2461 3328 fuisse,
2495 3265 2543 3318 id
2569 3276 2744 3317 tamen
2769 3279 2799 3317 a
2844 3265 3136 3317 Verosimilt
3188 3265 3356 3317 multo
3405 3277 3511 3316 non

256 3337 407 3404 Epiro
439 3322 605 3390 {ett-ri
630 3350 660 3388 a
692 3336 881 3389 Photio
912 3336 964 3387 in
982 3322 1309 3387 Bibliotheca
1328 3322 1595 3385 laudatum
1614 3340 1817 3398 censet,
1852 3322 1898 3387 C
1929 3322 2051 3390 esse
2085 3322 2341 3400 aiieuum,
2372 3322 2510 3390 ultro
2538 3338 2730 3398 lateor,
2775 3334 3009 3404 maxime
3041 3349 3159 3386 eum
3195 3335 3278 3386 Itis
3309 3341 3512 3404 tempo-

256 3407 368 3460 faeit
388 3407 573 3462 Acacii
604 3404 1174 3472 Cunstautinopolitaui
1201 3404 1534 3471 magistrum,
1565 3410 1622 3455 ut
1642 3404 1832 3472 eique:

257 3479 304 3530 in
338 3479 438 3532 hac
483 3476 797 3545 prtcf'atione
851 3470 1112 3528 habentur
1158 3470 1366 3545 possint
1408 3473 1612 3545 aptari.
1669 3470 1834 3539 cujus

257 3550 407 3601 etiam
439 3542 695 3602 Diadochi
727 3555 938 3599 aetatem
974 3560 1042 3599 ex
1090 3545 1191 3598 hoc
1222 3542 1452 3598 Victoris
1490 3543 1632 3607 loco,
1676 3551 1833 3596 antea

258 3619 533 3671 obscuram
562 3631 624 3670 se
653 3614 1069 3685 deprehendisse
1098 3615 1207 3685 ait.
1228 3616 1297 3667 At
1339 3613 1453 3667 huic
1492 3612 1708 3685 nonnisi
1747 3613 1833 3665 di-

258 3689 483 3743 vinando
510 3682 736 3755 scripsit
759 3686 837 3739 vir
854 3685 1117 3740 eruditus.
1152 3683 1444 3752 Victorem,
1483 3696 1609 3755 cum
1650 3682 1834 3755 Histo-

260 3761 381 3812 riam
425 3751 733 3823 scriberet,
788 3754 1249 3823 ConstantinOpoli
1298 3769 1404 3808 non
1465 3752 1676 3822 degisse
1723 3751 1832 3819 jam

1937 3406 2085 3459 ribus
2116 3405 2446 3459 Diadoehum
2479 3406 2529 3458 in
2566 3404 2724 3471 Epiro
2758 3403 2931 3458 Veteri
2975 3404 3281 3471 episcopum
3320 3403 3513 3457 habea-

1937 3489 2079 3539 mus,
2108 3477 2195 3543 qtti
2229 3490 2421 3536 nempe
2448 3475 2548 3528 sub
2580 3470 2767 3526 Didaci
2802 3470 3038 3539 nomine,
3068 3476 3207 3526 inter
3236 3472 3369 3543 alios
3396 3470 3513 3538 ejus

1940 3542 2227 3613 provincia:
2252 3545 2539 3607 antistites,
2568 3543 2885 3609 subscripsit
2909 3543 3149 3613 epistola:
3181 3542 3508 3613 adimperav

1939 3610 2107 3667 torem
2137 3615 2370 3669 Leonem
2401 3614 2536 3668 data:
2562 3629 2577 3677 ;
2620 3628 2740 3681 qua:
2770 3613 2994 3667 habetur
3022 3611 3074 3665 in
3104 3610 3331 3666 concilio
3351 3610 3513 3665 Chal-

1938 3685 2248 3751 cedonensi,
2284 3695 2433 3753 parte
2458 3699 2535 3745 ιιι,
2566 3698 2686 3750 cap.
2716 3683 2809 3738 51.

272 3858 3465 3899 ,-,.-,....-..-..-.--...-.-..,--.....------.----

1290 3940 1760 4046 LIBER
1836 3939 2479 4047 PRIMUS.

997 4118 1311 4164 GEISERICI
1342 4116 1767 4161 VANDALORUM
1805 4117 1983 4159 REGIS
2014 4118 2076 4160 IN
2112 4117 2333 4161 AFRICA
2369 4118 2776 4161 PERSECUTIO.

325 4369 377 4439 3
393 4366 435 4422 1.
473 4364 831 4420 Vandalorum
858 4364 1115 4436 ingressus
1140 4364 1194 4417 iu
1221 4362 1841 4433 Africam—Sexagesi-

264 4475 378 4516 mus
408 4474 573 4523 nunc,
608 4468 666 4511 ut
699 4458 907 4511 ciarum
937 4465 1042 4521 est,
1070 4454 1245 4525 agitur
1272 4470 1445 4509 annus
1473 4455 1583 4526 (an.
1618 4453 1748 4525 487)
1776 4469 1840 4509 ex

267 4566 366 4619 quo
395 4552 622 4620 populus
667 4549 758 4603 ille
783 4547 1017 4603 crudelis
1045 4562 1108 4601 ac
1132 4560 1306 4600 saevus
1341 4544 1644 4599 Vandalicas
1665 4545 1842 4615 gentis

268 4640 457 4696 Africae
504 4639 832 4694 miserabilis
886 4637 981 4711 [al.
1031 4632 1387 4705 miserabiles]
1446 4635 1619 4705 attigit
1671 4635 1840 4702 fines,

270 4734 615 4787 transvadans
647 4731 788 4787 facili
819 4731 1049 4785 transitu
1077 4743 1175 4800 per
1218 4728 1491 4799 angustias
1521 4729 1708 4796 maris,
1738 4743 1839 4798 qua

272 4827 407 4882 inter
444 4829 753 4895 lliSpaniam
793 4824 1136 4895 Africamque
1173 4840 1360 4896 aequor
1383 4824 1483 4879 hoc
1506 4839 1757 4893 magnum
1788 4834 1843 4879 et

272 4923 583 4989 spatiosum,
616 4921 851 4975 bissenis
883 4918 1122 4974 millibus
1151 4927 1378 4988 angusto
1404 4931 1463 4971 se
1493 4918 1660 4971 limite
1688 4932 1844 4972 coar-

273 5013 453 5066 ctavit.
498 5013 794 5067 Transiens
837 5011 998 5081 igitur
1042 5010 1308 5080 quantitas
1338 5009 1607 5075 universa,
1639 5006 1847 5061 callidi-

276 5114 383 5161 tate
407 5105 661 5162 Geiserici
692 5104 865 5171 ducis,
912 5115 969 5158 ut
996 5104 1191 5157 famam
1230 5101 1522 5156 terribilem
1567 5115 1680 5155 suae
1709 5099 1849 5154 face-

274 5208 355 5253 ret
380 5200 574 5270 gentis,
605 5199 754 5254 illico
779 5197 967 5253 statuit
987 5211 1201 5251 omnem
1231 5195 1629 5249 multitudinem
1663 5208 1851 5249 nume-

278 5290 406 5357 rari,
427 5304 581 5361 quam
606 5290 730 5346 huic
756 5290 859 5345 luci
888 5290 952 5344 ad
982 5289 1125 5343 illam
1155 5300 1322 5355 usque
1341 5286 1482 5339 diem
1519 5294 1701 5340 uterus
1728 5300 1850 5355 pro-

347 5503 370 5529 η
397 5493 687 5562 Proc0pius
721 5491 860 5546 libro
899 5505 914 5544 ι
950 5490 1016 5545 de
1048 5488 1211 5562 Bello
1241 5486 1531 5562 Vandalieo
1576 5489 1851 5562 observat,

273 5579 299 5615 ιι
329 5558 622 5619 Gmserico
645 5562 917 5617 Vandalus
948 5571 994 5614 et
1021 5560 1214 5615 Alanos
1241 5563 1334 5614 sub
1372 5558 1581 5612 ducibus
1624 5576 1725 5611 non
1757 5559 1853 5610 mi-

275 5653 369 5687 nus
398 5634 489 5700 80,
518 5651 642 5704 quos
680 5632 908 5704 Milionia
938 5634 1201 5704 prtefectos
1238 5632 1465 5704 vacabat,
1511 5630 1633 5682 locis
1666 5645 1846 5704 oppon

271 5707 408 5758 (unis
438 5698 489 5756 iu
510 5698 758 5773 prwsidiia
786 5698 987 5757 locatos
1019 5698 1210 5767 fuisse;
1250 5700 1392 5769 quod
1440 5713 1639 5773 nomen
1674 5698 1849 5773 fucum

272 5768 523 5830 omnibus
548 5776 695 5842 fecit,
714 5790 835 5830 cum
858 5787 1012 5831 nemo
1038 5788 1142 5827 non
1164 5768 1406 5830 crcdoret
1422 5785 1534 5838 eos,
1554 5769 1641 5839 qui
1663 5768 1738 5824 sic
1759 5783 1851 5837 ap-

1943 4364 2152 4421 fuderat
2173 4367 2394 4421 ventris.
2421 4366 2521 4433 Qui
2554 4366 2749 4435 reperti
2772 4374 2895 4421 sunt
2916 4378 3095 4430 senes,
3120 4363 3369 4433 juvenes,
3394 4376 3515 4431 par-

1942 4456 2073 4521 Villi,
2115 4458 2257 4512 servi
2303 4458 2385 4511 vel
2436 4457 2659 4521 domini,
2702 4458 2972 4525 octoginta
3027 4456 3193 4509 millia
3232 4457 3523 4509 numerati.

1945 4549 2059 4614 Qua
2091 4548 2345 4616 Opinione
2372 4547 2664 4616 divulgata,
2704 4561 2873 4615 usque
2918 4547 2970 4599 in
3003 4545 3319 4601 hodiernum
3360 4559 3387 4596 a
3427 4559 3521 4597 ne-

1944 4642 2235 4697 scientibus
2281 4650 2609 4696 armatorum
2634 4651 2659 4679 οι
2697 4650 2874 4696 tantus
2913 4654 3168 4695 numerus
3205 4640 3523 4700 aestimatur,

1946 4749 2068 4789 cum
2097 4734 2170 4787 sit
2198 4748 2339 4788 nunc
2362 4733 2584 4804 exiguus
2623 4742 2677 4789 et
2708 4733 2974 4788 infirmus.
3003 4732 3339 4788 lnvenientes
3366 4732 3524 4800 igitur

1952 4834 2191 4897 pacatam
2211 4824 2553 4894 quietamque
2576 4824 2922 4893 provinciam,
2946 4824 3340 4891 speciositatem
3365 4822 3526 4875 totius

1955 4928 2113 4972 terra:
2164 4916 2433 4976 florentis.
2473 4929 2896 4985 quaquaversum
2920 4953 2935 4977 ,
2978 4912 3266 4980 impietatis
3304 4911 3524 4980 agmini-

1957 5008 2055 5063 bus
2086 5007 2418 5076 impetebant
2443 5006 2533 5079 [al.
2566 5001 2987 5073 impendebant].
3011 5001 3340 5058 devastando
3366 5001 3526 5068 depo-

1958 5098 2299 5169 pulabantur,
2331 5097 2580 5152 incendio
2617 5104 2777 5164 atque
2815 5092 3118 5149 homicidiis
3148 5102 3322 5146 totum
3361 5097 3528 5144 exter-

1957 5193 2243 5246 minantes.
2300 5191 2405 5245 Sed
2454 5203 2554 5243 nec
2599 5188 2833 5243 arbustis
2893 5185 3178 5240 fructiferis
3224 5180 3532 5237 omnimodo

1958 5283 2053 5355 [al.
2070 5279 2309 5352 omnino]
2337 5283 2654 5350 parcebant;
2680 5294 2747 5335 ne
2772 5279 2908 5337 forte
2922 5293 3056 5349 quos
3076 5286 3228 5332 antra
3251 5273 3533 5331 montium,

1960 5484 2315 5553 pellabantur,
2350 5484 2658 5540 hominibus
2689 5498 2877 5540 revera
2906 5482 3053 5537 mille
3073 5480 3243 5553 fuisse
3280 5493 3532 5549 praeposi~

1955 5551 2059 5610 ius.
2094 5555 2246 5609 Unde
2273 5572 2589 5626 quanquam,
2619 5564 2675 5609 ut
2702 5554 3041 5626 prosequitur
3070 5551 3160 5605 ille
3188 5562 3391 5626 attetor,
3427 5566 3535 5626 non

1952 5629 2066 5691 plus
2093 5641 2244 5697 quam
2269 5622 2639 5697 quinquaginta
2664 5625 3040 5697 milliumesset
3067 5624 3316 5675 exercitus
3339 5622 3533 5672 utrim-

1951 5690 2047 5765 que
2071 5690 2256 5763 gentis,
2282 5690 2561 5767 octaginia
2584 5702 2753 5749 tamen
2780 5690 3001 5746 millium
3045 5709 3225 5747 nomen
3256 5697 3441 5763 fecerat
3472 5706 3532 5744 ac

1952 5781 2184 5834 spectem.

3555 4246 3565 4283 Ι
