3944 6176
189 374 273 426 185

183 491 312 546 'l‘uuc
336 491 477 546 enim
507 499 562 546 et
592 502 792 546 nostra:
828 490 1060 546 civitatis
1090 491 1408 548 venerabilis
1433 501 1455 528 ο
1487 491 1736 562 l’apinia-
1765 494 1816 552 Δ

181 596 288 647 aus,
325 581 575 646 antistes,
616 581 900 636 candentis
941 580 1067 637 ferri
1112 583 1326 637 laminis
1357 592 1469 637 toto
1515 583 1738 636 adustus

179 681 247 726 cst
273 685 519 740 corpore.
552 672 815 728 Similiter
845 682 901 728 et
929 672 956 712 δ
990 671 1299 728 Mansuetus
1329 673 1657 738 Uricitauus,
1683 673 1736 727 in

179 771 312 828 porta
329 762 578 816 incensus
607 772 690 817 8.“.
717 762 1028 818 Fornitana.
1051 764 1164 830 Qua
1192 773 1505 833 tempestate
1534 763 1737 832 Hippo-

179 851 358 921 regium
389 853 610 908 obsessa
641 865 722 908 est
743 855 955 920 civitas,
987 870 1145 924 quam
1173 856 1320 910 omni
1351 855 1507 910 laude
1545 855 1736 924 dignus

178 945 346 998 beatus
387 946 740 1015 Augustinus,
789 947 1048 1002 libroruin
1097 948 1389 1002 multorum
1432 946 1732 1014 confector,

177 1036 390 1104 pontifex
437 1037 796 1107 gubernabat.
838 1038 988 1092 Tunc
1032 1038 1164 1094 illud
1220 1039 1544 1108 eloquentiae
1590 1038 1733 1108 quod

176 1127 381 1180 ubertim
428 1142 525 1197 per
569 1142 762 1184 omnes
814 1143 1038 1199 campos
1091 1130 1347 1186 Ecclesiae
1389 1129 1728 1196 decurrebat,

173 1221 268 1288 ipso
289 1229 431 1275 metu
460 1223 718 1276 siccatum
747 1232 831 1276 est
861 1222 1081 1287 ﬂumen,
1113 1232 1276 1293 atque
1297 1223 1524 1278 dulcedo
1553 1224 1732 1278 suavi-

171 1312 275 1365 tatis
318 1313 531 1368 dulcius
573 1315 876 1383 pr0pinata,
928 1316 981 1369 in
1023 1315 1434 1370 amaritudinem
1476 1315 1730 1370 absinthii

171 1417 301 1456 versa
325 1413 429 1470 est,
461 1415 518 1458 ut
545 1404 855 1460 Davidicum
881 1406 1205 1475 praeconium
1230 1410 1572 1462 conveniret:
1593 1403 1729 1457 Dum

172 1495 439 1549 consisteret
461 1506 696 1566 peccator
717 1497 983 1551 aduersum
1023 1514 1121 1557 me.
1155 1496 1382 1550 obmutui
1406 1507 1454 1550 ct
1480 1495 1726 1550 humilia-

167 1595 231 1637 tus
253 1600 382 1648 sum,
407 1595 456 1639 et
492 1587 611 1640 silui
647 1604 679 1640 a
709 1588 853 1641 bonis
883 1587 1056 1660 (Psal.
1091 1604 1314 1652 xxxvm,
1344 1590 1401 1650 2,
1434 1589 1508 1656 5).
1544 1587 1725 1657 Usque

164 1680 216 1732 ad
233 1679 356 1734 illud
389 1689 598 1751 tempus
623 1684 674 1754 5
703 1682 966 1737 ducentos
991 1683 1101 1752 jam
1128 1683 1341 1752 triginta
1360 1692 1415 1738 et
1435 1682 1569 1736 duos
1597 1697 1726 1737 con-

164 1769 337 1826 iecerat
357 1772 543 1839 libros,
570 1776 813 1843 exceptis
840 1775 1319 1830 innumerabilibus
1343 1775 1609 1844 epistolis,
1635 1775 1723 1830 vel

1135 379 1222 437 DE
1262 378 1775 436 PERSECUTIONE
1818 377 2202 436 VANDALICA
2243 381 2370 435 LIB.
2410 383 2452 436 l.

3338 384 3431 437 l86

1914 489 2004 544 IV.
2037 489 2364 562 Carthaginis
2391 490 2665 545 excidium.
2691 522 2759 530 —
2788 494 2924 561 Quid
2951 493 3153 546 multa?
3177 492 3300 547 POSt
3333 496 3430 549 has

1846 589 2026 637 truces
2053 582 2341 650 impietatis
2370 582 2608 637 insanias
2630 623 2645 647 ,
2689 583 2858 652 ipsam
2905 585 3088 640 urbem
3129 587 3417 640 maximam

1843 670 2220 741 Carthaginem
2249 673 2555 729 Ceisericus
2592 675 2765 728 tenuit
2805 684 2856 728 et
2896 675 3145 740 intravit;
3191 686 3246 731 et
3285 678 3425 731 anti-

1841 777 1998 831 quam
2051 765 2192 818 illam
2243 766 2525 835 ingenuam
2567 779 2632 820 ac
2678 765 2911 820 nobilem
2963 767 3264 822 libertatem
3298 766 3322 804 ά
3371 770 3422 824 in

1840 856 2148 914 servitutem
2203 857 2430 926 redegit.
2484 857 2616 912 Nam
2667 868 2722 913 et
2767 868 3075 913 senatorum
3123 861 3271 914 urbis
3315 877 3421 916 non

1839 963 2055 1017 parvam
2088 949 2480 1004 multitudinem
2527 950 2834 1016 captivavit.
2875 951 2942 1004 Et
2981 951 3103 1004 inde
3145 955 3419 1022 proposuit

1837 1041 2142 1105 decretum,
2192 1051 2250 1096 ut
2291 1042 2658 1112 unusquisque
2707 1043 2858 1111 auri,
2903 1043 3144 1111 argenti,
3187 1059 3423 1114 gemma-

1835 1145 1996 1195 rum,
2057 1131 2610 1201 vestimentorumque
2662 1131 3018 1197 pretiosorum
3065 1134 3423 1202 quodcunque

1836 1222 2054 1278 haberet
2103 1223 2201 1296 [αι.
2232 1223 2488 1293 offerret]
2538 1223 2780 1288 afferret;
2826 1233 2880 1279 et
2914 1224 2984 1278 ita
3033 1226 3086 1278 in
3130 1225 3274 1280 brevi
3307 1227 3422 1281 avi-

1835 1324 1914 1370 tas
1945 1326 2105 1386 atque
2139 1329 2388 1386 paternas
2427 1330 2558 1386 opes
2585 1317 2674 1370 tali
2702 1317 2962 1372 industria
2982 1317 3200 1372 absmlit
3227 1335 3412 1386 rapax.

1835 1406 2132 1470 Diaponcns
2170 1421 2383 1475 quoque
2421 1407 2661 1476 singulas
2690 1421 2933 1475 quasque
2964 1408 3282 1476 provincias,
3314 1409 3417 1463 sibi

1837 1497 2167 1566 llyzatenam
2206 1499 2586 1563 Abaritanam,
2638 1507 2796 1566 atque
2836 1499 3137 1564 Gctuliam,
3189 1508 3244 1553 et
3291 1515 3416 1567 par-

1831 1598 1936 1642 tem
1968 1589 2231 1644 Numidia:
2257 1592 2593 1655 rescrvavit;
2629 1592 2886 1646 exercitui
2918 1608 3043 1646 vero
3071 1593 3414 1662 Zeugitanatn

1831 1681 1917 1734 vel
1991 1685 2432 1750 proconsularem
2491 1683 2728 1736 funiculo
2791 1683 3120 1738 limreditatis
3184 1685 3412 1750 divisit;

1831 1771 2207 1826 Valentiniano
2254 1772 2431 1826 adhuc
2480 1773 2805 1840 imperatore
2853 1773 3106 1842 reliquas,
3144 1775 3269 1829 licet
3292 1775 3404 1843 jam

162 1863 473 1929 expositione
498 1865 663 1918 totius
702 1865 969 1933 Psalterii,
1004 1875 1060 1921 et
1095 1866 1532 1936 Evangeliorum,
1559 1873 1711 1936 atque

1824 1864 2226 1926 exterminatus,
2269 1862 2571 1928 provincias
2641 1862 3006 1928 defendente;
3077 1874 3197 1933 post
3260 1868 3412 1933 cuius

163 1955 450 2009 tractatibus
497 1956 870 2026 popularibus,
919 1971 1056 2027 quos
1109 1957 1284 2013 Graeci
1331 1957 1580 2013 homilias
1627 1973 1723 2012 vo-

161 2052 281 2109 cant,
301 2059 531 2115 quorum
561 2061 846 2102 numerum
875 2047 1337 2118 comprehendere
1370 2048 1505 2104 satis
1532 2048 1725 2118 impos-

155 2137 286 2194 sibile
301 2149 387 2195 est
415 2149 463 2195 ι’.

213 2374 235 2437 ε
259 2365 347 2422 Sic
376 2367 501 2423 editi
531 2371 586 2425 ιι.
615 2370 683 2422 At
711 2368 833 2423 cod.
870 2369 1152 2423 Portarnm
1183 2369 1342 2421 habet
1382 2368 1717 2437 Pantpinitts;

152 2436 278 2509 Colb.
311 2439 366 2503 1,
413 2438 763 2509 Pampianns;
799 2439 954 2494 Colb.
993 2440 1150 2503 alter,
1193 2436 1577 2509 Pampinianus.
1612 2443 1714 2494 Ur-

150 2508 276 2561 tltod.
296 2519 353 2563 et
382 2508 661 2566 Lorichius
684 2525 805 2563 cum
836 2511 1047 2564 Martin.
1076 2519 1132 2565 et
1153 2508 1521 2578 Colb.tertio,
1555 2510 1716 2563 Pam-

149 2580 314 2648 pinias,
345 2579 489 2648 quod
535 2596 730 2634 nomen
773 2590 996 2646 uterque
1039 2582 1210 2636 codex
1246 2581 1407 2634 etiam
1455 2581 1506 2635 itt
1559 2581 1712 2635 titulo

149 2648 280 2721 capiti
310 2653 534 2721 pra-lino
565 2652 804 2706 exhibet.
840 2650 1029 2718 Hujus,
1052 2667 1208 2718 quem
1245 2651 1502 2721 Papinum
1523 2654 1710 2720 appel-

148 2720 284 2782 lit,et
310 2719 573 2774 Μαιωιαὶ
595 2723 972 2787 ερὶεεορονηιη,
1001 2723 1309 2776 memoriam
1327 2719 1526 2774 recolit
1552 2719 1706 2775 vetus

147 2788 496 2845 kalendarium
527 2792 580 2846 in
608 2794 913 2847 sanctuario
936 2792 1186 2859 Capuano
1216 2791 1490 2846 Michaelis
1522 2809 1708 2845 mona-

147 2860 234 2923 chi,
253 2859 343 2915 die
379 2863 448 2915 28
475 2862 816 2929 Novembris,
840 2877 940 2930 qua
966 2862 1092 2915 item
1121 2863 1208 2916 die
1230 2863 1282 2916 itt
1308 2861 1538 2926 vulgatis
1561 2879 1708 2917 mar-

147 2931 402 3000 tyrologiis
437 2932 697 2986 festivitas
726 2947 910 2986 eoi-um
957 2934 1277 2986 celebratur.
1329 2931 1406 2985 Ex
1455 2932 1537 2985 his
1576 2949 1706 2988 vero

146 2999 399 3056 Usuardus
429 3013 486 3057 et
507 3004 623 3057 Λἀο
653 3004 886 3070 priorem
924 3002 1202 3069 Papinium
1244 3003 1534 3070 appellant.
1584 3003 1704 3057 Flo-

144 3085 217 3142 rus
245 3071 552 3142 Papyrium.
581 3074 698 3140 Quo
727 3075 852 3127 item
883 3072 971 3127 die
997 3073 1177 3141 plures
1200 3074 1353 3139 alios,
1390 3075 1478 3139 qui
1504 3076 1701 3141 passim

143 3141 182 3193 in
227 3141 453 3198 Victoris
491 3145 712 3198 historia
757 3145 1062 3208 laudantur,
1095 3144 1253 3198 simul
1288 3145 1340 3197 in
1379 3159 1540 3198 unum
1586 3146 1702 3198 Ada

141 3191 801 3284 nam};tintinant;
812 3191 1702 3284 ita;tantatanta3:35..ista
1731 3191 1778 3255 C

141 3283 275 3337 habet
316 3293 446 3351 pﬂSl
492 3289 716 3340 relatum
759 3297 1067 3339 sanctorum
1117 3283 1319 3351 Papinii
1357 3294 1406 3337 et
1443 3283 1702 3340 Mansueti

141 3358 434 3424 martyrium
465 3357 564 3409 sub
596 3355 870 3411 Genserici
902 3359 1274 3425 persecutione
1300 3370 1313 3408 :
1343 3357 1456 3420 Quo
1479 3366 1703 3425 tempore

141 3425 266 3477 etiam
293 3428 393 3480 alii
417 3427 580 3479 sancti
607 3427 852 3494 episcopi,
881 3424 1113 3481 videlicet
1151 3426 1534 3493 Quodvultdeus
1575 3427 1702 3480 Car-

139 3494 488 3568 thaginensis,”
511 3496 850 3563 Valerianus,
902 3497 1166 3568 Urbanus,
1219 3497 1474 3568 Crescens,
1521 3507 1569 3550 et
1615 3499 1704 3568 qui

139 3568 392 3620 uocabatur
438 3566 794 3631 Habetdeum,
835 3578 881 3622 et
931 3567 1258 3636 Eustachius,
1291 3566 1699 3635 Crescentianus,

139 3644 174 3687 et
191 3636 507 3703 Crescoaius,
537 3647 582 3692 et
605 3637 780 3702 Felix,
805 3653 850 3692 et
883 3637 1220 3699 Iloi-tolanus.
1245 3649 1290 3692 et
1314 3636 1699 3704 Florentianus,

139 3719 319 3778 propter
364 3711 598 3763 eamdem
645 3709 1022 3775 praedicationis
1068 3710 1354 3772 veritatem,
1407 3709 1703 3778 gravissimo

139 3777 343 3833 damnati
370 3780 575 3843 exsilio,
600 3781 654 3832 in
675 3781 990 3849 confessione
1008 3780 1210 3848 pietatis
1235 3777 1440 3832 cursum
1465 3782 1579 3832 vita:
1598 3795 1704 3834 sua:

139 3857 617 3903 consunimaverunt.
642 3850 766 3904 Haec
790 3853 906 3904 Atto
927 3850 995 3904 de
1024 3850 1226 3903 sanctis
1256 3850 1358 3904 illis
1379 3849 1703 3904 confessori-

138 3915 236 3989 bus,
263 3921 330 3976 de
359 3922 559 3988 quibus
583 3921 696 3974 suis
726 3921 856 3974 locis
883 3921 1192 3988 singillatim
1231 3934 1468 3989 agemus.

195 3985 329 4046 l’Sic
374 3985 534 4045 Colb.
580 3991 600 4044 l
642 4006 762 4044 eum
800 3991 928 4045 edit.
971 3985 1152 4046 Chifﬂ.
1191 3985 1454 4054 Baiduin"
1495 4000 1600 4045 etc.
1637 3993 1702 4045 At

137 4055 266 4114 Colb.
296 4062 435 4116 alter
462 4077 528 4114 cu
552 4079 583 4114 ιι
610 4061 788 4126 Μαι-1.,
822 4060 1167 4126 Viricitanus;
1199 4060 1350 4115 Colb.
1381 4064 1568 4114 tertius
1583 4079 1702 4115 cum

137 4131 340 4187 Orthod.
372 4132 625 4186 Loricltio
653 4141 707 4186 et
735 4132 855 4186 aliis
884 4134 1040 4197 edit.,
1071 4131 1411 4186 Juricitanus.
1438 4133 1542 4187 Sed
1568 4134 1704 4186 hanc

136 4200 298 4273 sedem
327 4204 575 4273 reperire
603 4218 709 4257 non
737 4204 906 4256 licuit.
950 4203 1200 4258 Urcitana
1235 4206 1475 4257 occurrit
1508 4215 1616 4256 tum
1651 4205 1702 4257 in

137 4269 233 4324 lnd.
257 4269 607 4344 Cyprianico,
642 4283 752 4326 tmn
778 4273 830 4326 in
861 4273 1055 4326 Notitia
1077 4273 1325 4327 Africana
1357 4276 1406 4327 in
1434 4274 1702 4341 prmincia

139 4345 516 4405 proconsulari,
548 4344 704 4411 cujus
733 4345 1017 4413 episcopus
1042 4344 1110 4398 ibi
1143 4344 1342 4398 dicitur
1369 4344 1701 4410 Quintianus,

135 4425 224 4485 quo
251 4413 370 4468 loco
421 4413 729 4468 llarduinus
768 4414 822 4468 in
876 4417 1018 4468 notis
1051 4415 1116 4467 atl
1165 4431 1284 4483 cap.
1315 4415 1369 4480 4,
1397 4413 1505 4485 ϐἀ,
1537 4415 1628 4469 lib.
1671 4431 1704 4468 ν

138 4479 314 4556 Plinii,
363 4485 652 4556 legendum
691 4499 814 4540 esse
850 4493 1034 4539 censet
1075 4479 1385 4552 Quintianus
1410 4479 1701 4549 'U'citanus,

1830 1965 2078 2021 mortem,
2110 1955 2274 2010 totius
2302 1953 2495 2008 Afrirze
2527 1955 2783 2009 ambitum
2816 1956 3086 2020 obtinuit,
3118 1973 3328 2011 necnon
3359 1968 3412 2012 et

1827 2047 2028 2100 insulas
2083 2047 2374 2110 maximas,
2417 2045 2755 2110 Sardiniam,
2795 2045 3066 2110 Siciliam,
3101 2045 3407 2112 Corsicam,

1831 2147 1852 2174 ε
1880 2141 2137 2206 Ebusum,
2168 2139 2495 2208 .‘ilajoricam,
2527 2138 2838 2194 Minoricam
2860 2148 2915 2194 et
2939 2139 3070 2193 alias
3104 2140 3298 2194 multas
3322 2156 3409 2195 su-

1824 2368 2109 2439 Fnlgrntii,
2145 2369 2388 2439 cap.729.
2439 2367 2679 2437 Denique
2725 2367 2805 2422 his
2849 2368 3099 2423 omnibus
3136 2371 3406 2439 antiquior

1820 2441 1919 2493 fuit
1937 2438 2198 2493 Geminius
2216 2458 2246 2492 α
2266 2438 2580 2506 1·ἰιι”ηἰδ,ιιυὶ
2610 2456 2702 2505 pro
2727 2441 3122 2508 rebaptizandis
3143 2438 3408 2496 luereticis

1819 2520 2140 2565 stenteuttam
2183 2509 2316 2582 disit
2343 2511 2395 2564 in
2425 2511 2654 2564 cont-ilio
2683 2510 2934 2580 Carthag.
2958 2513 3056 2565 sub
3084 2521 3272 2566 sancto
3300 2511 3405 2582 Cy-

1816 2582 2025 2650 priano,
2057 2596 2204 2633 ntnn.
2229 2579 2319 2635 59.
2890 2579 2901 2580 ί
3152 2649 3156 2650 ,
3252 2605 3262 2611 ‘

1889 2662 1911 2690 ο
1943 2651 1996 2704 lu
2019 2651 2175 2705 Colb.
2207 2652 2255 2714 Ι,
2279 2651 2366 2719 qtti
2392 2666 2652 2702 annorum
2686 2660 2766 2704 est
2797 2650 3014 2704 circiter
3063 2649 3188 2714 700,
3244 2650 3403 2704 inter-

1812 2731 2066 2775 seruntur
2090 2721 2174 2775 hie
2201 2735 2292 2774 sex
2313 2736 2501 2774 versus
2525 2721 2624 2774 sub
2647 2720 2911 2788 Epitaphii
2939 2721 3112 2784 titulo,
3137 2736 3272 2788 quos
3301 2723 3402 2775 etsi

1814 2791 1982 2846 nostri
2017 2791 2241 2844 Victoris
2267 2807 2386 2845 esse
2411 2807 2514 2844 tton
2549 2790 2944 2858 existimemus,
2974 2792 3077 2847 huc
3106 2801 3281 2846 tamen
3314 2806 3403 2846 re-

1811 2861 1953 2918 ferre
1984 2863 2153 2916 visum
2185 2872 2289 2917 est.

2274 2989 2554 3025 εριτιιιιιιωι
2586 2988 2628 3022 S.
2673 2989 2933 3024 Αυσυδτιῐςι.

1901 3081 1991 3131 Iiic
2019 3080 2180 3142 posuit
2201 3081 2633 3143 cineresgenitrix
2659 3081 2924 3130 castissima
2953 3081 3119 3143 prolis,

1964 3141 2258 3202 Augustine,
2283 3142 2351 3192 tui
2376 3141 2528 3190 altera
2554 3142 2634 3190 lux
2661 3145 2842 3192 nieriti.

1905 3204 1997 3264 Qui
2021 3216 2222 3255 servans
2246 3205 2376 3266 pacis
2406 3205 2631 3266 caelestia
2653 3203 2757 3263 jura
2780 3205 3029 3266 sacerdos,

1967 3263 2258 3316 Commissos
2275 3263 2477 3326 pepulos
2498 3268 2712 3314 moribus
2736 3267 2961 3315 instituis.

1904 3327 2067 3378 Gratia
2093 3339 2177 3374 vos
2201 3334 2384 3383 manet.
2413 3335 2661 3386 gestorum
2688 3327 2830 3376 laude
2851 3334 3066 3378 coronat.

1966 3389 2212 3439 Virtutum
2233 3395 2386 3436 mater
2413 3388 2602 3436 felicior
2638 3389 2834 3437 sobolis.

1881 3496 2042 3549 l'aulo
2068 3504 2208 3561 post,
2226 3510 2320 3562 pro
2342 3495 2424 3547 his
2437 3494 2640 3557 verbis,
2663 3503 2830 3547 truces
2849 3495 3126 3563 impietatis
3146 3496 3396 3563 insanias,

1806 3566 1960 3620 Colb.
1983 3567 2009 3619 1
2038 3581 2158 3620 cum
2183 3565 2329 3620 edito
2351 3579 2457 3618 uno
2480 3566 2660 3629 habet,
2681 3565 2834 3618 trucis
2856 3566 3137 3631 impietates
3158 3567 3394 3622 insaniat.
3476 3621 3479 3625 .

1878 3632 1904 3671 ἀ
1933 3634 2253 3690 Gensericus
2305 3635 2678 3702 Carthaginem
2719 3637 2864 3702 cepit
2915 3637 3002 3689 die
3041 3635 3104 3689 19
3149 3638 3396 3690 Uetobris

1807 3720 1948 3759 anno
1975 3704 2101 3770 459,
2133 3721 2234 3775 qua
2263 3704 2330 3759 de
2356 3721 2412 3758 re
2441 3705 2625 3775 fusius
2652 3705 2856 3775 agimus
2901 3705 2950 3758 in
2992 3705 3393 3760 Commentario

1809 3785 1992 3829 nostro
2021 3773 2276 3831 historico
2312 3789 2430 3843 cap.
2462 3776 2517 3836 5,
2547 3773 2706 3828 infra.
2752 3774 2825 3828 De
2869 3775 3030 3842 hujus
3075 3791 3207 3830 vero
3246 3779 3396 3831 urbis

1812 3847 2046 3913 potentia
2095 3856 2148 3900 et
2191 3846 2353 3899 variis
2401 3844 2672 3899 ofticiariis
2709 3845 2858 3913 plura
2913 3846 3074 3901 habet
3110 3846 3396 3902 Salvianus

1811 3916 1903 3971 lib.
1937 3925 2009 3971 'vrt
2049 3917 2116 3970 de
2149 3916 2550 3972 Gubernatioue
2579 3916 2692 3981 Dei,
2728 3917 2814 3970 ubi
2865 3917 3132 3978 observat.
3170 3918 3396 3971 Cartha~

1807 3989 1950 4053 giue,
1983 3989 2120 4042 sicut
2147 3999 2200 4042 et
2240 3986 2442 4046 Romae.
2481 3993 2724 4040 senatum
2774 3987 3058 4054 variasque
3105 3986 3395 4052 dignitates

1811 4059 1977 4112 luisse
2017 4059 2310 4120 institutas,
2363 4058 2588 4110 retentis
2626 4058 2788 4110 etiam
2827 4057 3015 4111 iisdem
3068 4058 3394 4121 nominibus,

1809 4145 1926 4194 qum
1955 4129 2214 4183 Romaein
2249 4143 2344 4180 usu
2384 4135 2560 4180 erant.
2611 4125 2882 4190 Unicersa,
2930 4127 3124 4194 inquit,
3172 4131 3396 4195 penitus,

1809 4201 1989 4267 quibus
2016 4200 2070 4252 in
2092 4208 2194 4251 toto
2224 4198 2412 4251 mundo
2439 4196 2710 4261 disciplina
2735 4197 3024 4261 reipublica:
3057 4197 3132 4249 vel
3153 4213 3395 4267 procura-

1811 4265 1916 4329 tur.
1937 4269 2011 4324 vel
2026 4271 2236 4340 regitur,
2257 4271 2307 4320 in
2327 4285 2379 4322 se
2399 4267 2598 4320 habuit.
2617 4267 2637 4319 Ι
2649 4269 2735 4340 llic
2755 4269 2891 4340 enim
2912 4269 3083 4340 omnia
3103 4265 3395 4334 ofﬁciorum

1809 4338 2125 4410 publicorum
2154 4339 2691 4410 instrumenta...illic
2731 4339 2891 4408 copia:
2927 4338 3198 4400 militares,
3238 4345 3283 4410 et
3321 4353 3396 4410 re-

1808 4407 1980 4479 gentes
2025 4409 2259 4463 militiam
2292 4419 2588 4480 potestates,
2638 4409 2744 4461 illic
2784 4407 2946 4460 honor
2990 4407 3392 4480 proconsularis,

1813 4478 1918 4534 illic
1943 4481 2270 4551 quotidianus
2295 4478 2460 4551 judea;
2495 4489 2542 4532 et
2575 4488 2762 4540 rector,
2802 4487 3058 4551 quantum
3093 4478 3162 4530 ad
3210 4493 3393 4551 nomen

136 4552 270 4633 cujus
292 4548 527 4633 nominis
553 4554 685 4633 duas
716 4556 774 4633 in
796 4557 977 4633 Africa
998 4548 1158 4633 urbes
1181 4557 1346 4633 fuisse
1374 4566 1579 4633 certum
1600 4548 1702 4621 est,
1739 4574 1784 4633 ι)
1811 4548 2018 4633 quidem
2045 4551 2336 4632 proconsul,
2367 4549 2460 4602 scd
2487 4557 2738 4633 quantum
2776 4549 2844 4599 ad
2865 4548 3157 4633 potentiam.
3170 4550 3393 4633 iuuant;

136 4626 299 4712 fele:
326 4625 484 4712 Plinii
509 4625 891 4712 locq‘latrdato,
927 4626 1015 4680 ubi
1040 4626 1118 4708 ait
1138 4640 1154 4680 :
1183 4625 1533 4712 Ucitan'aauo
1557 4636 1697 4708 sunt,

136 4696 286 4776 mjns
312 4706 360 4750 et
383 4698 593 4778 minus.’
611 4696 678 4750 Et
701 4695 1022 4779 Octavianus
1039 4697 1304 4767 episcopus
1331 4695 1597 4768 Ucimajus
1629 4697 1702 4751 in-

136 4765 298 4836 terfuit
321 4767 594 4822 collationt
618 4766 1024 4836 Carthagmensn
1042 4770 1346 4831 cognitione
1372 4769 1556 4836 l,cap.
1574 4768 1696 4822 t35.

134 4831 388 4907 Tripolius
433 4838 732 4907 episcopus
789 4831 1030 4892 Ecclesiae
1087 4837 1319 4892 Ucitana:
1363 4831 1697 4907 subscripsit.

133 4903 399 4971 Synodica:
430 4903 905 4964 Procon'sularium
927 4909 1138 4963 actione
1172 4908 1208 4962 2
1236 4908 1445 4964 concilii
1479 4903 1698 4964 Latera-

134 4979 324 5032 nensis.
356 4977 557 5034 Tamen
589 4979 643 5033 in
677 4979 852 5034 indice
877 4980 1198 5050 Cyprianico
1235 4980 1367 5036 edit.
1403 4979 1576 5034 Oxon.
1612 4994 1699 5050 re-

133 5059 371 5103 censetur
394 5050 534 5105 inter
561 5052 694 5104 alias
724 5051 882 5104 urbes
911 5049 1128 5115 Africae,
1159 5049 1303 5115 Urci,
1334 5051 1428 5105 sed
1455 5049 1699 5104 fortassis

133 5128 190 5169 es
213 5117 314 5173 hoc
343 5118 555 5174 Notitite
583 5123 720 5175 loco.
771 5116 940 5174 Porro
982 5119 1068 5176 hic
1111 5129 1330 5175 sanctus
1375 5122 1600 5176 antistes
1644 5120 1698 5174 in

135 5198 273 5262 porta
307 5191 549 5244 incensus
564 5187 865 5262 iIf'ornitana
901 5190 1126 5255 dicitur;
1163 5193 1360 5262 quibus
1393 5191 1597 5257 verbis,
1641 5203 1700 5245 ιιι

132 5258 334 5323 quidem
365 5262 495 5316 mihi
525 5261 758 5328 videtur,
794 5261 1104 5331 designatur
1143 5258 1478 5330 Carthaginis
1523 5271 1695 5330 porta,

132 5342 219 5395 qua
244 5331 330 5383 via
353 5345 469 5385 erat
508 5332 575 5386 ad
603 5332 790 5387 urbem
824 5331 1192 5388 Furnitauam.
1241 5333 1295 5386 Si
1330 5341 1507 5386 tamen
1539 5333 1604 5387 de
1634 5333 1698 5389 iis

132 5397 368 5473 loquatur
395 5401 593 5468 Victor,
618 5417 737 5473 quia
765 5413 889 5458 ante
917 5415 1129 5472 captam
1151 5403 1527 5470 Carthaginem
1561 5418 1696 5457 cono

133 5469 306 5542 figere,
339 5471 548 5542 haecgde
573 5469 687 5542 ipsa
711 5475 844 5529 urbe
873 5469 1160 5542 Furnitana
1186 5469 1495 5541 accipienda
1522 5486 1700 5528 erunt.

129 5536 280 5614 (illius
308 5542 419 5597 loci
443 5536 771 5598 Florentinus
795 5547 1063 5614 episcopus
1098 5536 1417 5598 Furnitdnus
1439 5560 1504 5598 ex
1529 5544 1703 5598 Dona-

131 5608 367 5685 tistarum
393 5624 537 5668 secta
564 5608 1101 5685 interluitcolla'tioni
1135 5615 1391 5683 Carthag.
1414 5630 1533 5685 cap.
1570 5615 1693 5671 198.

131 5678 424 5757 fitSilneon
449 5686 718 5757 episcopus
741 5685 898 5754 plebis
917 5684 1223 5741 Furnitanaz
1245 5678 1703 5757 sub'scripsitcon-

129 5751 509 5826 cilioCartbag.
527 5751 632 5809 sub
653 5751 950 5820 Bonifacio;
970 5759 1061 5826 qui
1083 5758 1224 5811 idem
1244 5751 1544 5811 Bonifacius
1559 5757 1697 5824 apud

133 5818 329 5880 Fames
355 5818 645 5886 ecclesiam
673 5818 1022 5886 consecrasse
1062 5827 1258 5886 dicitur
1285 5829 1339 5885 in
1374 5829 1489 5886 Vita
1521 5818 1692 5885 sancti

1794 4622 1915 4680 ,itlic
1964 4617 2181 4685 denique
2224 4637 2398 4672 omnes
2428 4617 2599 4672 rerum
2629 4619 2999 4688 dispensatores
3028 4627 3075 4671 et
3105 4617 3400 4687 ili/ferentes

1806 4692 1937 4745 inter
1961 4709 2014 4745 se
2039 4702 2142 4744 tant
2171 4692 2356 4760 gradu,
2383 4705 2536 4760 quam
2564 4688 2806 4760 uocabulo
2835 4689 3131 4760 dignitates.

1884 4773 1908 4799 °
1939 4762 2096 4816 Colb.
2155 4751 2194 4814 1
2215 4771 2270 4815 et
2300 4751 2456 4814 Mart.
2491 4759 2723 4828 Efesum.
2756 4751 3006 4826 Ortltitd.,
3055 4758 3301 4814 Rhenan.
3342 4769 3398 4812 et
3429 4751 3437 4798 ³

1805 4831 2085 4887 Loriehius
2111 4833 2248 4886 hanc
2286 4845 2468 4885 vocent
2501 4830 2774 4884 omittunt.
2829 4831 3065 4884 Ebusum
3110 4831 3283 4884 insula
3311 4838 3398 4882 est

1803 4904 1968 4957 maris
1997 4903 2391 4968 Mediterranei,
2417 4902 2572 4968 cujus
2593 4902 2899 4968 cpiscopus,
2937 4900 3110 4969 Opitia
3139 4901 3203 4952 de
3225 4897 3402 4953 Ebuso

1803 4984 2115 5029 recensetur
2145 4973 2280 5028 infra
2305 4974 2356 5027 in
2397 4973 2591 5027 Notitia
2639 4970 2888 5026 Africana
2911 4971 3150 5025 omnium
3181 4977 3393 5038 postre-

1807 5058 1947 5098 mus.
1979 5045 2103 5100 Inde
2159 5052 2305 5113 patet
2348 5060 2466 5099 eam
2522 5056 2736 5112 queque
2776 5043 3001 5097 insulam
3037 5039 3306 5113 _\latidalis
3339 5041 3398 5094 in

1807 5114 1984 5169 Africa
2016 5110 2360 5175 regnantibus
2388 5110 2682 5181 subjectum
2713 5113 2896 5177 fuisse,
2930 5110 3270 5181 proindeque
3291 5110 3393 5163 im-

1808 5188 2005 5240 merito
2029 5185 2114 5240 hie
2137 5201 2257 5239 eam
2304 5185 2356 5238 in
2387 5180 2590 5253 aliquot
2640 5180 2962 5238 editionibus
3009 5183 3205 5237 omitti.
3263 5180 3400 5234 Vide

1806 5267 1984 5310 autem
2013 5272 2134 5326 quae
2172 5257 2240 5310 de
2262 5273 2322 5310 ea
2353 5256 2580 5324 aliisque
2607 5253 2739 5326 locis
2771 5255 2856 5326 hic
2883 5268 2922 5326 7a
2955 5253 3168 5326 Victore
3194 5267 3393 5326 mento-

1807 5328 1958 5389 ratis,
1979 5322 2331 5382 observamus
2362 5322 2505 5380 infra
2531 5329 2580 5379 in
2613 5323 2755 5379 notis
2782 5323 2847 5378 ad
2878 5324 3132 5378 Notitiam
3184 5322 3392 5376 Africa-

1808 5413 1953 5469 nam.
1982 5399 2088 5469 65
2117 5399 2188 5451 [te
2217 5399 2461 5451 Otloacro
2499 5403 2685 5469 autem
2711 5395 3028 5469 tlerulorutu
3046 5409 3208 5469 rege,
3242 5392 3332 5460 qui
3362 5406 3390 5442 a

1806 5464 2100 5524 Gettser'ic'o
2127 5469 2362 5524 Siciliam
2387 5469 2488 5520 sub
2507 5467 2688 5521 tributi
2712 5467 2893 5520 debito
2919 5465 3006 5518 hic
3027 5464 3222 5517 dicitur
3236 5476 3392 5514 acce-

1810 5541 1972 5607 pisse,
2007 5541 2141 5594 nihil
2170 5539 2565 5593 obscrvaudum
2595 5538 2846 5598 occurrit,
2870 5550 2990 5607 cum
3014 5533 3132 5607 ejus
3157 5541 3303 5602 gesta
3325 5549 3394 5588 ex

1804 5605 2031 5678 vulgatis
2063 5610 2260 5679 passim
2289 5610 2598 5663 auctoribus
2625 5617 2749 5661 nota
2779 5607 2904 5679 sint.
2958 5605 3172 5679 Primus
3211 5613 3294 5679 est
3322 5620 3392 5679 ex

1805 5675 2047 5736 barbaris
2063 5675 2184 5751 'qni,
2210 5675 2842 5751 exstinctoOccidenlali
2871 5675 3124 5751 Imperio,
3159 5675 3210 5751 in
3243 5675 3398 5751 Italia

1803 5753 1943 5814 regis
1975 5744 2177 5806 nom-en
2200 5751 2454 5805 obtinuit.
2486 5750 2616 5803 Eum
2646 5755 2862 5801 secutus
2903 5759 2987 5802 est
3017 5744 3391 5801 Theodericus

1803 5824 2027 5894 Magnus
2072 5824 2161 5890 qui
2180 5821 2626 5891 Ostrogothorutu
2651 5832 2874 5886 regnum
2898 5817 2949 5874 in
2975 5817 3120 5875 Italia
3143 5817 3392 5874 instituit.
