3944 6176
474 396 574 451 187

1786 378 2093 434 VICTORIS
2121 376 2418 433 ΥΠΕΝὸιὸ

3630 366 3726 427 183

474 504 652 577 perbia
679 502 777 557 sibi
808 507 1059 554 consueta
1080 495 1334 551 defenJ.t.
1363 496 1599 559 Quarum
1625 505 1782 545 unam
1806 491 2035 557 illarum,
2068 496 2105 550 Α
2146 487 2249 559 tur]
2277 489 2465 543 exsilio
2495 486 2814 542 truderelur.
2857 487 2920 542 Et
2954 488 3077 541 dum
3120 487 3218 541 ista
3262 486 3470 551 fierent,
3506 489 3597 555 qui
3631 503 3719 540 su-

477 596 530 650 id
563 602 666 657 est,
691 589 949 654 Siciliam,
978 587 1219 643 Odoacro
1248 584 1410 638 Italia:
1432 582 1544 652 regi
1577 580 1915 650 postmodum
1945 581 2043 634 tri-

480 682 691 738 butario
722 681 844 748 jure
878 675 1176 739 concessit;
1218 689 1281 728 ex
1333 687 1435 741 qua
1470 671 1519 726 ei
1546 670 1792 725 Odoacer
1820 669 2045 738 singulis

478 773 776 841 quibusque
803 766 1161 836 temporibus,
1192 774 1249 816 ut
1285 762 1500 814 domino
1531 760 1723 815 tributa
1768 759 2040 827 dependit,

479 864 710 932 aliquam
771 871 944 913 tamen
998 857 1096 910 sibi
1143 868 1423 908 reservans
1487 860 1713 920 partem.
1775 849 2040 903 Praeterea

486 955 779 1024 praecipere
834 963 1162 1019 nequaquam
1215 954 1492 1001 cunctatus
1553 953 1638 997 est
1687 941 1938 997 Vandalis
1988 947 2048 995 ut

492 1046 774 1115 episcopos
820 1051 979 1111 atque
1036 1041 1200 1094 laicus
1266 1037 1474 1091 nobiles
1536 1037 1602 1090 de
1653 1036 1765 1089 suis
1808 1035 2047 1089 ecclesiis

484 1139 579 1211 [al.
612 1144 667 1191 et
697 1118 850 1205 locis]
898 1142 951 1187 et
1002 1132 1216 1186 sedibus
1268 1129 1438 1182 nudos
1488 1130 1700 1196 penitus
1729 1126 2041 1196 ell‘ugarent.

485 1228 636 1295 Quod
693 1230 735 1282 si
772 1225 989 1294 optione
1027 1221 1296 1291 proposita
1336 1220 1482 1273 exire
1539 1218 1842 1280 tardarent,
1907 1218 2047 1270 servi

489 1325 749 1387 perpetuo
812 1318 1171 1368 remanerent.
1254 1309 1404 1375 Quod
1472 1309 1632 1361 etiam
1707 1308 1759 1360 in
1811 1307 2050 1375 plurimis

487 1408 684 1460 factum
744 1412 858 1467 est,
922 1401 1119 1454 multos
1175 1399 1315 1451 enim
1363 1399 1682 1466 episcopos,
1745 1404 1799 1451 et
1864 1396 2047 1460 laicos,

486 1499 663 1552 claros
690 1504 847 1563 atque
883 1493 1174 1546 honoratos
1204 1491 1367 1555 viros,
1408 1502 1593 1542 servos
1634 1502 1758 1542 esse
1809 1486 2053 1541 novimus

487 1585 870 1641 Vandalorum.

561 1679 626 1732 V.
659 1677 859 1731 Clarum
890 1674 1052 1745 pellit.
1080 1703 1151 1717 —-
1194 1674 1345 1729 Tunc
1384 1688 1511 1727 vero
1553 1680 1858 1726 memoratae
1910 1669 2055 1721 urbis

484 1771 817 1838 episcOpum,
851 1768 899 1819 id
928 1776 1031 1831 est,
1082 1765 1442 1834 Carthaginis,
1497 1764 1605 1818 Dco
1652 1772 1707 1817 et
1752 1760 2056 1815 hominibus

2149 590 2399 650 pcrerant
2428 580 2603 649 magni
2653 579 2961 634 sacerdotes
3010 589 3169 649 atque
3204 580 3437 647 insignes
3472 578 3571 631 viri
3611 592 3723 630 me.

2148 680 2471 724 moratarum
2516 671 2904 738 provinciarum
2952 684 3083 738 quas
3131 669 3383 722 diviserat
3432 668 3721 731 Vandalis,

2147 759 2852 831 cogitaveruntsupplicandi
2876 761 3041 827 gratia
3066 774 3241 829 regem
3261 759 3431 813 adire.
3455 759 3553 825 Qui
3571 758 3722 818 dum,

2149 862 2206 906 ut
2248 853 2411 906 moris
2459 863 2562 916 est,
2607 852 2673 906 ad
2716 851 3077 905 Maxilitanum
3124 852 3270 905 littus
3314 852 3544 916 exisset,
3580 852 3722 921 quod

2149 942 2347 1013 Lugula
2398 944 2537 1011 vulgi
2567 943 2953 998 consuetudine
3000 944 3262 997 vocitatur
3290 984 3304 1007 ,
3364 943 3579 996 amissis
3613 944 3722 1010 jam

2148 1035 2386 1091 ecclesiis
2414 1044 2467 1089 et
2492 1036 2649 1090 rebus
2677 1050 2961 1090 occurrere
2984 1033 3009 1071 δ
3042 1037 3154 1089 ausi
3182 1044 3331 1099 sunt;
3359 1036 3727 1105 supplicantes

2152 1135 2209 1179 ut
2248 1125 2311 1178 ad
2340 1126 2721 1180 consolandum
2761 1125 3011 1194 populum
3053 1125 3169 1189 Dei,
3226 1125 3415 1179 saltem
3449 1125 3725 1179 habitandi

2152 1214 2395 1282 facultas,
2420 1214 2669 1269 Vandalis
2685 1215 2793 1283 jam
2816 1214 3232 1281 dominantibus,
3249 1216 3724 1285 6concederetur.

2150 1306 2352 1371 Quibus
2380 1305 2470 1359 ille
2499 1319 2591 1373 per
2620 1304 3005 1359 internuntium
3035 1304 3219 1358 rabido
3245 1319 3339 1358 ore
3376 1304 3725 1372 respondisse

2154 1394 2341 1449 fertur.
2377 1393 2596 1448 Decrevi
2628 1408 2726 1461 ego
2748 1394 2815 1447 de
2843 1395 3059 1447 nomine
3085 1404 3139 1447 et
3158 1408 3354 1463 genere
3383 1401 3563 1447 vestro
3603 1393 3721 1445 nul»

2156 1489 2261 1541 lum
2297 1486 2597 1551 dimittere,
2623 1494 2677 1540 et
2702 1500 2795 1539 vos
2822 1486 3032 1539 audetis
3072 1486 3192 1538 talia
3231 1485 3539 1554 postulare!
3581 1483 3726 1548 Quos

2156 1580 2318 1632 etiam
2342 1576 2519 1630 vicino
2542 1577 2672 1630 mari
2703 1577 2871 1630 voluit
2892 1576 3075 1631 eadem
3105 1577 3234 1630 hora
3258 1577 3594 1644 demergere,
3625 1576 3724 1630 nisi

2155 1684 2184 1722 a
2211 1669 2321 1723 suis
2350 1669 2440 1722 diu
2470 1685 2536 1723 ne
2564 1668 2666 1723 hoc
2701 1667 2902 1724 faceret
2927 1677 3227 1737 rogaretur.
3260 1668 3590 1723 llecedcntes
3621 1669 3726 1737 igi-

2159 1767 2242 1811 tur
2265 1758 2363 1820 illi,
2390 1756 2601 1811 tristitia
2626 1765 2682 1812 et
2710 1772 2940 1812 maerore
2968 1756 3220 1823 cenfecti,
3251 1765 3528 1825 coeperunt
3555 1759 3727 1827 quali-

489 1859 852 1923 manifestum,
892 1858 1107 1911 nomine
1131 1864 1157 1891 ιι
1188 1854 1635 1921 Quodvultdeum,
1676 1861 1731 1907 et
1772 1852 2056 1906 maximam
2090 1845 2134 1902 B
2164 1857 2245 1902 ter
2271 1857 2536 1916 poterant,
2560 1858 2612 1902 et
2637 1848 2724 1902 ubi
2750 1855 3032 1917 poterant,
3063 1847 3252 1902 ablatis
3278 1849 3521 1902 ccclesiis
3550 1848 3726 1925 divina

486 1950 699 2003 turbam
730 1948 1045 2001 clericorum
1083 1945 1308 1998 navibus
1336 1943 1515 1997 fractis
1544 1943 1818 2011 impositos
1839 1981 1854 2005 ,
1886 1940 2056 1993 nudos

488 2050 647 2108 atque
672 2038 997 2106 exspoliatos
1024 2035 1221 2105 expelli
1256 2035 1528 2104 praecepit.
1560 2035 1706 2099 Quos
1730 2032 1869 2086 Deus
1897 2030 2061 2083 mise-

492 2135 702 2186 ratione
725 2130 976 2185 bonitatis
994 2145 1126 2193 suae,
1156 2142 1411 2196 prospera
1434 2126 1767 2194 navigatione
1780 2123 2057 2192 Neapolim

488 2218 791 2293 Campaniae
816 2220 1109 2289 perducere
1135 2219 1381 2287 dignatus
1407 2226 1490 2272 est
1517 2217 1806 2270 civitatem.
1833 2215 2062 2294 Senato-

492 2330 611 2368 rum
670 2327 830 2383 atque
882 2310 909 2349 ι)
960 2311 1342 2365 honoratorum
1395 2307 1826 2371 multitudinem,
1887 2305 2061 2375 primo

502 2403 690 2461 exsilio
719 2402 918 2457 rrudeli
950 2401 1221 2465 contrivit,
1247 2409 1428 2467 postea
1447 2398 1829 2451 transmarinas
1856 2396 1908 2449 in
1940 2408 2063 2464 par-

494 2504 576 2548 tes
617 2493 857 2562 projccit.
918 2492 1077 2546 Pulso
1126 2503 1357 2557 namque
1406 2490 1695 2556 episcopo,
1746 2494 1805 2538 ut
1856 2481 2062 2552 praefati

495 2600 698 2649 sumus,
721 2599 841 2638 cum
870 2583 1016 2637 clero
1039 2578 1351 2644 venerabili,
1375 2578 1518 2631 illico
1540 2574 1821 2629 ecclesiam
1846 2571 2062 2627 nomine

497 2686 519 2715 τ
552 2674 889 2737 Restituunt,
925 2673 977 2726 in
1007 2687 1104 2740 qua
1128 2684 1339 2738 semper
1368 2667 1602 2737 episeOpi
1628 2662 2058 2728 commanebant,

495 2781 605 2819 sua:
634 2764 875 2833 religioni
906 2763 1249 2830 mancipavil,
1279 2769 1436 2828 atque
1465 2759 1740 2812 universas
1778 2771 1896 2825 qua:
1926 2756 2062 2808 intra

494 2869 677 2909 muros
716 2856 925 2907 fuerant
965 2852 1216 2915 civitatis,
1273 2865 1394 2905 cum
1442 2849 1553 2902 suis
1596 2847 1793 2901 divitiis
1823 2844 2058 2899 abstulit.

495 2944 599 3000 Sed
627 2943 786 2998 etiam
820 2942 947 2995 foris
976 2955 1156 2994 muros
1185 2952 1530 3009 quascunque
1558 2935 1727 2990 voluit
1758 2934 2058 3004 occupavit,

494 3046 547 3089 et
580 3036 844 3103 prmcipue
870 3033 1003 3086 duas
1034 3032 1275 3101 egregias
1305 3038 1358 3083 et
1382 3028 1587 3095 amplas
1617 3026 1788 3079 sancti
1812 3024 2062 3093 martyris

492 3123 741 3194 Cypriani
766 3137 781 3179 :
811 3136 967 3175 unam
996 3120 1084 3173 ubi
1111 3121 1421 3188 sanguinem
1452 3118 1606 3183 fttdit,
1636 3118 1795 3170 aliam
1831 3116 1918 3171 ubi
1945 3116 2062 3185 ejus

2161 1939 2411 2007 mysteria
2437 1939 2729 1993 celebrare.
2760 1938 2998 1993 Subinde
3020 1948 3195 1993 autem
3222 1949 3497 1995 crescente
3536 1939 3725 2009 opibus

2160 2043 2345 2096 regno,
2376 2028 2547 2096 major
2568 2029 2731 2095 cmpit
2757 2037 2810 2082 et
2833 2028 3080 2097 superbia
3105 2030 3404 2099 prepagari.

2236 2118 2323 2171 Vl.
2364 2118 2654 2172 Sebastiani
2698 2119 2842 2187 ﬁdes.
2877 2148 2945 2157 —
3000 2118 3247 2172 Referam
3300 2128 3477 2173 autem
3530 2118 3755 2173 factum'

2161 2208 2300 2277 quod
2328 2210 2440 2278 ipso
2462 2220 2665 2277 gestum
2694 2220 2773 2264 est
2797 2220 3056 2279 tempore.
3086 2210 3208 2264 Fuit
3246 2226 3424 2265 comes
3460 2212 3673 2280 quidam
3702 2222 3726 2249 ⁸

2163 2298 2533 2366 Sebastianus,
2588 2298 2774 2353 famosi
2824 2299 2971 2354 illius
3012 2316 3179 2370 gener
3216 2301 3429 2355 comitis
3456 2301 3727 2365 Bonifacii,

2160 2402 2285 2442 acer
2311 2389 2554 2454 consilio,
2578 2397 2633 2444 et
2662 2400 2913 2444 strenuus
2942 2390 2996 2444 in
3026 2391 3196 2455 bello;
3227 2391 3378 2459 cujus
3403 2390 3727 2457 Ccisericus,

2162 2480 2299 2533 sicut
2322 2480 2541 2534 consilia
2568 2483 2867 2534 necessaria
2896 2480 3155 2544 habebat,
3199 2482 3269 2535 ita
3311 2489 3365 2535 et
3392 2483 3731 2551 praesentiam

2163 2567 2503 2622 formidabat.
2528 2566 2761 2637 Cupiens
2790 2578 2968 2624 autem
3000 2570 3143 2624 illum
3169 2570 3507 2639 exstinguere
3528 2612 3544 2635 ,
3575 2584 3731 2626 occa-

2162 2660 2367 2713 sionem
2399 2662 2584 2715 mortis
2610 2660 2677 2715 de
2702 2662 2959 2731 religione
2980 2662 3244 2733 qumsivit.
3275 2663 3538 2732 Cogitavit
3556 2679 3647 2719 rex
3672 2674 3731 2717 ut

2165 2749 2520 2819 praesentibus
2548 2750 2814 2819 episc0pis
2840 2759 3001 2820 atque
3028 2750 3339 2807 domesticis
3376 2752 3521 2817 suis,
3565 2752 3731 2808 Seba-

2164 2841 2393 2894 stianum
2424 2840 2600 2895 taliter
2626 2841 2955 2896 conveniret.
3008 2842 3340 2907 Sebastiane,
3383 2843 3573 2913 inquit,
3620 2844 3733 2897 scio

2164 2933 2281 3002 quia
2310 2932 2535 2987 ﬁdeliter
2559 2933 2712 2988 nobis
2736 2933 3009 2990 adhaerere
3032 2934 3248 3004 jurasti,
3282 2937 3430 3005 cujus
3452 2938 3732 2992 veritatem

2164 3024 2483 3078 sacramenti
2529 3024 2739 3080 labores
2789 3026 2863 3080 tui
2920 3026 3295 3097 vigilantiaque
3338 3029 3730 3084 demonstrant.

2162 3113 2265 3168 Sed
2296 3124 2354 3169 ut
2383 3114 2537 3169 nobis
2564 3130 2802 3170 connexa
2836 3131 3049 3185 semper
3087 3118 3332 3189 jugisquc
3364 3128 3579 3175 maneat
3603 3122 3735 3174 ami-

493 3212 758 3282 sepultum
792 3220 875 3265 est
910 3224 1125 3278 corpus,
1165 3209 1253 3277 qui
1302 3209 1448 3262 locus
1480 3208 1737 3276 Mappalia
1772 3208 2055 3263 vocitatur.
2084 3202 2130 3264 C
2163 3204 2282 3259 citia
2306 3204 2531 3270 tua,hoc
2549 3206 2744 3275 placuit
2764 3208 3115 3275 prazsenIibus
3132 3210 3496 3264 sacerdotibus
3512 3211 3732 3275 nostris,

493 3303 623 3371 Quis
648 3317 776 3357 vero
798 3304 1057 3356 sustineat
1082 3310 1241 3368 atque
1272 3299 1441 3367 possit
1463 3299 1578 3351 sine
1607 3298 1858 3368 lacrymis
1885 3311 2066 3351 recor-

494 3396 632 3463 dari,
663 3393 789 3448 dum
822 3394 1137 3463 prteciperet
1179 3398 1484 3444 nostrorum
1527 3403 1753 3457 corpora
1782 3387 2063 3442 defuncto-

496 3502 638 3552 rum,
686 3489 803 3541 sine
852 3484 1189 3539 solemnitate
1221 3483 1561 3552 hymnorum,
1600 3494 1720 3534 cum
1752 3479 1969 3533 silentio
1997 3478 2062 3533 ad

495 3577 824 3646 sepulturam
868 3574 1130 3645 perduci?
1159 3572 1320 3627 Addit
1346 3571 1540 3635 adhuc,
1592 3580 1724 3626 utet
1750 3586 1878 3640 pars
1903 3570 2057 3626 cleri-

496 3682 679 3723 corum
729 3681 846 3737 qua:
873 3672 1223 3731 remanserat,
1280 3661 1476 3734 poenali
1507 3660 1601 3733 [αι.
1634 3662 1797 3717 exitio
1826 3662 2064 3717 tradere-

574 3894 602 3920 λ
628 3887 754 3953 Ejus
784 3882 1037 3937 memoria
1081 3883 1378 3938 celebratur
1404 3884 1489 3939 die
1522 3884 1591 3941 26
1618 3885 1883 3940 Octobris.
1933 3886 2066 3940 Eum

496 3959 714 4012 ,creteris
754 3953 1027 4021 conjunxit
1050 3953 1165 4007 Ado
1192 3954 1277 4007 die
1305 3955 1374 4009 ‘28
1404 3955 1735 4017 Novembris,
1764 3966 1820 4009 ιιι
1842 3956 2074 4012 diximus

496 4040 649 4094 supra
712 4024 847 4090 (Col.
886 4023 1003 4093 183,
1037 4032 1143 4076 not.
1178 4023 1247 4093 δ).
1287 4024 1361 4078 De
1389 4039 1453 4080 eo
1486 4026 1630 4094 plura
1662 4025 1824 4079 habes
1855 4026 1989 4079 inl'ra
2018 4029 2069 4080 in

496 4096 881 4151 coannentario
924 4094 1194 4157 historico,
1222 4109 1341 4162 cap.
1370 4096 1424 4148 9.

566 4166 593 4205 ι)
622 4168 769 4228 Tres,
806 4164 975 4232 inquit
1011 4163 1239 4231 Congius
1277 4166 1328 4216 in
1357 4163 1659 4228 Glossario,
1690 4162 2072 4218 Ilonoratornm

497 4237 687 4307 gradus
712 4233 1142 4307 occurrti_nl__apud
1164 4244 1415 4307 auctores,
1439 4233 1732 4307 illustrium,
1760 4233 2068 4307 clarissimo-

497 4301 633 4372 rum,
665 4316 708 4358 ct
739 4302 1108 4373 apeclabilium.
1162 4301 1236 4354 De
1277 4301 1360 4355 his
1402 4302 1550 4370 plura
1591 4303 1711 4356 vide
1755 4304 1893 4372 apud
1925 4304 2068 4359 hunc

497 4387 787 4429 DUCIOI‘CIH.

571 4456 592 4480 ε
625 4446 698 4498 De
730 4444 830 4497 hac
856 4443 1073 4497 basilica
1125 4439 1249 4495 vide
1278 4439 1559 4494 Baronium
1591 4441 1653 4496 ad
1695 4456 1889 4496 annum
1929 4444 2063 4499 597.

497 4512 553 4564 In
582 4528 642 4583 ea
675 4513 941 4566 nonnulla.-
974 4512 1164 4566 habita:
1195 4511 1820 4583 sunt_synodi,tttvidere
1836 4521 1927 4583 est
1948 4529 2067 4583 pas-

498 4583 597 4634 sim
628 4582 678 4633 in
702 4584 885 4634 codice
914 4597 1178 4636 canonum
1214 4581 1468 4635 Ecclesiae
1498 4583 1782 4637 Africanas.
1833 4582 1907 4636 De
1936 4581 2064 4636 dui-

499 4651 597 4725 bns
625 4665 752 4725 vero
793 4651 921 4725 infra
973 4653 1301 4725 memoratis,
1358 4658 1407 4725 in
1460 4651 1713 4725 honorem
1765 4656 1928 4725 sancti
1957 4653 2062 4725 Cy-

498 4701 667 4789 priani
696 4720 910 4783 erectis,
960 4721 1189 4773 diximus
1238 4701 1301 4773 in,
1339 4722 1700 4776 admonitione
1728 4723 1793 4775 ad
1823 4701 2058 4787 θῙιιειιοῖιι
2089 4701 2140 4759 D

499 4789 667 4843 sancti
695 4799 811 4841 acta
839 4803 984 4841 num.
1014 4791 1095 4852 l7,
1121 4792 1170 4862 in
1204 4791 1348 4862 Actis
1369 4804 1667 4862 nitartyrum
1686 4794 1907 4846 sinceris
1940 4809 2055 4862 pag.

498 4862 622 4913 205.
642 4862 756 4924 Quo
777 4869 953 4912 autem
976 4870 1125 4926 pacto
1149 4860 1197 4929 in
1220 4859 1605 4915 catholicorum
1634 4859 2061 4929 potestatensub

500 4929 755 4983 Belisario
786 4929 1003 4983 redierit
1028 4943 1092 4982 ex
1129 4928 1192 4981 iis
1224 4946 1347 4999 una,
1380 4945 1535 4998 quam
1568 4928 1748 4985 Ariani
1777 4933 2058 4999 violarant,

500 5000 666 5050 iusius
694 5001 911 5066 exponit
939 4999 1225 5066 Procopius
1256 4998 1391 5053 libro
1422 5016 1454 5052 ll
1481 5001 1547 5055 de
1578 5002 1722 5056 Bello
1756 4998 2060 5068 Vandalico,

498 5084 598 5133 qua
629 5069 695 5122 de
724 5084 786 5121 re
812 5084 907 5122 nos
937 5068 1094 5121 etiam
1140 5068 1464 5124 disseremus
1504 5071 1637 5125 infra
1680 5072 1735 5125 in
1776 5071 2063 5127 Commeno

501 5139 635 5191 tario
659 5138 928 5199 historico,
957 5152 1076 5203 cap.
1108 5138 1194 5192 12.

568 5204 594 5243 ά
625 5207 774 5261 Colb.
805 5206 839 5257 2
867 5217 921 5261 et
948 5207 1099 5260 Mart.
1144 5223 1262 5262 cum
1309 5206 1600 5266 Orthodox.
1635 5209 1912 5277 Illienano,
1961 5212 2062 5266 Lo-

500 5277 674 5351 rieliio
698 5277 1044 5351 et__aliis,_visi
1074 5280 1388 5351 suntaColb.
1431 5282 1639 5344 tertius,
1682 5284 1758 5333 usi
1788 5292 1905 5334 sunt
1934 5300 2059 5351 snp-

501 5347 873 5421 plicationibits.
894 5347 980 5421 ⁸Ει
1025 5349 1189 5421 paulo
1218 5348 1382 5421 infra,
1420 5350 1596 5421 quibus
1627 5388 1641 5402 .
1666 5387 1679 5401 .
1702 5389 1716 5402 .
1746 5347 2062 5421 respondisse

500 5414 684 5489 [ei-tur.
709 5414 860 5489 Coll).
888 5418 908 5469 ‘I
942 5426 996 5472 et
1021 5414 1148 5470 edit.
1170 5414 1707 5489 [liabent'probatun
1726 5414 1878 5473 Colb.
1902 5423 2059 5489 alter,

500 5487 648 5561 Mart.
681 5496 734 5539 et
772 5488 1011 5561 Οιξιιιοιι.Δ
1046 5502 1165 5540 cum
1198 5487 1463 5561 Rhenano
1515 5500 1585 5561 et,
1608 5488 1840 5553 LoriclL,
1882 5487 2061 5561 quibus

500 5558 619 5607 dicit
642 5573 731 5609 rea:
761 5573 779 5611 :
806 5558 1030 5621 Decrevi,
1063 5567 1167 5611 etc.
1192 5559 1354 5610 l’orro
1386 5556 1769 5613 Maxulitanum
1791 5556 1945 5625 littus,
1971 5562 2055 5616 hic

500 5641 530 5678 a
560 5625 767 5698 Victore
808 5638 1178 5698 memoratum,
1220 5642 1250 5680 a
1296 5625 1617 5682 Maxulitana
1664 5632 2055 5698 proconsularis

502 5694 787 5762 provincia:
813 5698 961 5763 urbe,
986 5696 1061 5749 sic
1086 5698 1284 5751 dictum
1316 5699 1477 5751 fuisse
1504 5694 1939 5765 ptitat'Urtclius;
1973 5701 2051 5754 Li-

500 5764 669 5830 gulam
710 5778 835 5820 vero
863 5765 939 5820 sic
965 5768 1278 5836 appellatam
1322 5764 1718 5839 interpretatur,
1766 5771 1905 5841 quod
1938 5786 2056 5830 esse

2167 3306 2221 3350 ut
2246 3299 2362 3366 ejus
2385 3298 2638 3353 efﬁciaris
2665 3302 2837 3354 cultor
2862 3301 3137 3371 religionis
3168 3320 3324 3371 quam
3346 3313 3398 3360 et
3430 3321 3526 3361 nos
3556 3315 3614 3361 et
3640 3320 3735 3360 no-

2164 3398 2275 3444 ster
2298 3390 2519 3458 pepulus
2544 3406 2881 3446 veneramur.
2904 3393 2999 3447 Cui
3031 3394 3401 3463 Sebastianus,
3446 3411 3558 3451 rem
3585 3398 3735 3452 inve—

2166 3480 2317 3534 niens
2329 3480 2515 3534 miram
2530 3482 2813 3550 multisque
2826 3483 3203 3567 necessariam,
3222 3500 3317 3553 pro
3334 3494 3568 3555 tempore
3582 3496 3735 3542 acute

2164 3571 2439 3641 respondit
2464 3590 2475 3625 :
2499 3572 2711 3639 Quaeso,
2740 3572 2957 3628 domine
2999 3589 3111 3636 rex,
3156 3584 3213 3629 ut
3241 3590 3380 3630 nunc
3410 3591 3544 3631 unus
3582 3580 3736 3646 panis

2164 3664 2542 3720 mundissimus
2559 3677 2621 3718 ac
2635 3661 2727 3734 [αι.
2747 3663 3126 3736 similagineus]
3141 3666 3445 3723 similaceus
3460 3667 3728 3723 all‘eratur.

2176 3897 2319 3942 terra
2348 3896 2568 3959 angusta
2598 3886 2880 3941 admodum
2923 3898 2977 3942 et
3015 3889 3189 3959 longa,
3223 3907 3341 3959 qua:
3385 3893 3439 3947 in
3468 3908 3616 3949 mare
3644 3910 3740 3949 ex-

2176 3967 2443 4029 porrecta,
2475 3958 2664 4029 linguae
2693 3967 2920 4029 exserta:
2947 3958 3168 4029 formam
3194 3958 3577 4029 repraesentare
3594 3965 3741 4019 vide-

2175 4035 2343 4081 retur.
2374 4027 2575 4081 Similia
2605 4030 2748 4083 enim
2794 4027 2906 4082 loca
2932 4027 3111 4083 Cmsar
3137 4032 3189 4084 in
3227 4027 3362 4087 libro
3409 4048 3464 4089 ιιι
3494 4034 3560 4088 de
3591 4034 3741 4093 Bello

2175 4096 2380 4149 Gallico
2410 4096 2676 4166 Lingulas,
2709 4114 2824 4161 seu,
2871 4100 3068 4154 utalia:
3098 4101 3360 4158 editiones
3391 4104 3605 4167 habent,
3639 4106 3742 4158 liu—

2172 4183 2300 4238 ggtas
2320 4167 2572 4234 appellat.
2590 4169 2689 4220 Sed
2711 4180 2889 4237 postea
2911 4170 3084 4238 ligula:
3102 4186 3295 4226 nomen
3320 4173 3388 4225 ita
3418 4174 3657 4236 invaluit,
3678 4185 3737 4228 ut

2172 4222 2425 4312 ﬁlartialiﬁs
2454 4222 2826 4312 grammaticos
2860 4222 3133 4312 irrideat:
3146 4222 3740 4312 hariolari};Giiééiiiil

2172 4305 2279 4359 lum
2312 4308 2544 4361 retinere
2569 4307 2906 4382 affectabam,
2954 4305 3207 4382 cum'jam
3236 4305 3374 4380 apud
3403 4314 3546 4382 ipsos
3573 4314 3735 4368 etiam

2169 4388 2444 4431 senatores
2489 4387 2543 4430 et
2570 4379 2775 4443 equites
2820 4382 2889 4432 ita
2928 4379 3299 4446 obsolevisset,
3346 4391 3397 4435 nl
3424 4379 3542 4436 'non
3584 4385 3741 4437 aliter

2170 4462 2325 4515 quam
2351 4449 2545 4514 ligula’,
2576 4456 2666 4499 aut
2693 4450 3146 4517 pronuntiaretur,
3179 4462 3269 4505 aut
3292 4451 3639 4507 scriberetur.

2242 4526 2265 4591 ξ·
2296 4516 2589 4591 Lorichius,
2620 4516 2891 4591 familiaris
2918 4522 3097 4591 illius.
3130 4522 3204 4574 De
3235 4522 3546 4577 Sebastiano
3587 4524 3738 4591 plura

2168 4585 2367 4641 habent
2395 4587 2600 4640 ldacius
2629 4599 2681 4641 et
2708 4588 2935 4656 Prosper
2964 4590 3015 4643 in
3042 4590 3343 4645 Chronicis.
3370 4592 3536 4657 Ipsius
3556 4585 3737 4645 autem

2169 4658 2422 4710 memoria
2453 4666 2625 4711 exstat
2663 4659 2712 4711 in
2745 4659 3119 4728 Martyrologio
3149 4660 3354 4715 Gallice
3379 4663 3522 4715 edito
3551 4662 3737 4717 Leodii

2163 4740 2304 4797 anno
2333 4728 2497 4791 2624,
2521 4738 2577 4780 ιιι
2603 4737 2863 4781 testantur
2890 4729 3217 4784 Bollaudiani
3248 4730 3313 4783 ad
3339 4731 3475 4784 diem
3498 4732 3562 4783 27
3588 4733 3735 4797 Maii,

2164 4796 2311 4865 Alibi,
2328 4813 2455 4849 vero
2484 4812 2743 4865 nusquam
2775 4800 3042 4865 reperitur
3072 4801 3210 4853 inter
3253 4813 3467 4854 sanctos
3498 4802 3738 4865 locatus;

2165 4864 2263 4938 nisi
2294 4863 2434 4938 forte
2481 4863 2681 4938 is_ipse
2722 4863 2886 4921 fuisse
2927 4870 3133 4924 dicatur
3165 4870 3484 4923 Sivastiaims
3521 4863 3739 4938 martyr,

2163 4937 2254 5008 qui
2294 4936 2345 4988 in
2391 4935 2557 5008 veteri
2602 4938 2904 5008 calendario
2940 4938 3340 5008 Carthaginensi
3385 4941 3471 4995 die
3500 4956 3590 4993 xm
3634 4935 3744 4997 cal.

2166 5005 2439 5077 Februarii
2469 5007 2737 5077 recolitur.
2787 5011 2855 5061 At
2883 5010 2927 5062 is
2955 5009 3069 5063 dies
3108 5005 3189 5062 est
3220 5009 3407 5063 natalis
3437 5012 3609 5077 magni
3635 5012 3735 5065 Se-

2165 5073 2415 5140 bastiani,
2460 5075 2610 5143 cujus
2640 5080 2898 5131 memoria
2948 5079 3001 5133 in
3046 5089 3150 5133 tota
3203 5081 3462 5134 catholica
3501 5073 3739 5135 Ecclesia

2166 5143 2395 5199 Celebris
2424 5160 2635 5212 semper
2672 5145 2791 5201 fuit.
2839 5148 3004 5202 Porro
3036 5152 3360 5217 comparatio
3401 5150 3742 5217 baptismatis

2167 5228 2289 5287 cum
2322 5230 2479 5287 pane,
2504 5231 2665 5287 quam
2701 5218 2784 5272 hic
2813 5218 3118 5272 adhibuisse
3143 5220 3339 5273 dicitur
3368 5219 3732 5287 Sebastianus,

2168 5283 2469 5357 habeturin
2501 5286 2770 5340 breviario
2815 5289 2935 5343 fidei
2966 5290 3224 5343 adversus
3252 5290 3497 5352 Arianos,
3535 5292 3679 5357 quod
3708 5283 3745 5344 τι

2167 5352 2453 5410 Sirmondo
2476 5370 2595 5410 cum
2624 5358 2745 5411 aliis
2765 5358 3035 5426 opusculis
3060 5376 3198 5411 anno
3225 5358 3359 5413 1650
3388 5352 3599 5413 Parisiis
3626 5360 3748 5413 cdi~~

2169 5431 2277 5494 tum
2307 5434 2411 5479 est.
2442 5427 2591 5480 Unde
2617 5428 2885 5494 conjicere
2911 5426 3034 5483 licet
3055 5429 3289 5482 libellum
3324 5430 3461 5483 hunc
3489 5430 3747 5483 Vandalis

2166 5492 2220 5547 in
2252 5494 2424 5568 Africa
2456 5492 2799 5564 regnantibus
2823 5496 3075 5568 scriptum
3105 5498 3291 5563 fuisse,
3319 5511 3376 5553 ut
3396 5514 3461 5551 eo
3483 5508 3741 5568 tanquam

2163 5565 2458 5619 enchiridio
2487 5569 2747 5620 adversus
2788 5567 3012 5622 Arianos
3041 5569 3287 5622 catholici
3323 5565 3616 5625 uterentur.
3664 5569 3749 5625 De

2164 5634 2434 5720 Bonifacio
2463 5646 2660 5720 autem,
2709 5636 2909 5720 CoImite
2953 5638 3172 5720 fantem,
3203 5639 3354 5706 Cujus
3384 5639 3750 5720 Sebastianus

2163 5717 2326 5772 gener
2357 5705 2440 5758 hic
2481 5707 2692 5771 dicitur,
2748 5707 2904 5775 plura
2952 5705 3006 5763 in
3038 5705 3432 5764 Commentario
3483 5708 3752 5764 historico

2165 5776 2337 5843 espite
2360 5776 2394 5831 5
2419 5775 2606 5831 dicturi
2634 5790 2835 5832 sumus.
