3944 6176
112 356 199 411 {59

1047 356 1134 411 DE
1174 356 1692 415 PERSECUTIONE
1736 361 2119 419 VANDALICA
2165 364 2289 420 LIB.
2334 368 2371 421 ι.

3276 388 3376 444 100

108 469 194 536 Qui
222 480 340 566 cum
371 465 1016 566 ignorasset-Geisericus
1045 468 1348 566 Sebastiani
1373 466 1675 538 victoriam,
1709 485 1755 543 Α
1787 475 1836 527 io
1870 476 2048 531 tnedio
2080 477 2436 535 Vandalorum
2482 484 2649 540 nostri
2680 489 2985 549 nullatenus
3016 496 3371 566 respirarent,

106 561 237 613 illico
258 558 421 628 jussit
446 558 653 613 afferri.
678 560 1102 629 Apprehendens
1119 560 1300 631 itaque
1323 562 1675 619 Sebastianus

102 649 496 704 mundissimum
531 663 721 718 panem
748 691 763 716 ,
804 651 875 703 ita
906 651 1098 707 effatus
1128 664 1211 707 est
1242 670 1255 705 :
1301 653 1397 709 llic
1441 656 1591 723 panis
1624 664 1682 711 ut

101 742 158 795 ad
186 750 386 796 tantum
417 740 676 796 decorem
706 741 1012 811 splendoris
1053 744 1292 809 veniret,
1342 760 1449 813 quo
1478 761 1679 801 mensa:

99 833 248 903 regis
274 832 616 888 necessarius
647 833 965 896 haberetur,
1004 834 1243 889 discussa
1286 835 1465 903 spuria
1507 836 1679 891 furfu-

99 928 183 990 ris,
229 940 296 980 ex
342 938 518 979 massa
564 924 883 993 similaginis
928 939 1289 994 conspersus,
1339 942 1433 994 per
1483 942 1673 996 aquam

99 1016 329 1070 transivit
351 1025 407 1071 et
431 1016 611 1082 ignem
635 1032 650 1067 :
682 1016 885 1070 idcirco
913 1025 967 1071 et
994 1026 1214 1084 aspectu
1238 1017 1417 1072 clarus
1440 1058 1455 1081 ,
1500 1027 1552 1072 et
1578 1033 1673 1073 esu

99 1107 262 1160 suavis
300 1106 557 1161 habetur.
614 1107 693 1161 lta
731 1116 786 1161 et
826 1123 929 1176 ego
973 1108 1111 1160 mola
1158 1108 1439 1162 catholica:
1486 1111 1672 1165 matris

98 1197 444 1264 commolitus,
474 1205 529 1252 et
554 1198 734 1251 cribro
750 1198 1165 1253 exatniuationis
1182 1210 1237 1252 ut
1266 1200 1441 1253 simila
1471 1202 1667 1254 mumla

103 1299 360 1361 purgatus.
412 1290 619 1359 rigatus
664 1304 783 1344 sum
836 1301 972 1360 aqua
1029 1290 1387 1359 baptismatis,
1438 1302 1492 1347 et
1546 1293 1667 1363 igne

101 1383 248 1438 sancti
278 1382 513 1451 Spiritus
543 1390 750 1436 coctus.
781 1381 845 1436 Et
873 1390 931 1435 ut
961 1382 1047 1437 hic
1077 1383 1227 1452 panis
1257 1383 1324 1437 de
1362 1383 1537 1451 furno,
1594 1386 1664 1438 ita

101 1485 144 1528 et
166 1490 259 1545 ego
280 1489 379 1544 per
402 1472 581 1529 ofﬁcia
619 1482 1082 1528 sacramentorum
1110 1475 1435 1539 divinorum,
1457 1476 1665 1531 artifice

104 1570 213 1631 Deo,
239 1566 308 1621 de
348 1564 500 1619 fonte
541 1564 777 1619 mundus
806 1566 1046 1619 ascendi.
1102 1565 1208 1621 Sed
1255 1566 1367 1629 fiat,
1415 1567 1459 1621 si
1506 1569 1659 1632 velis,

101 1658 218 1727 quod
246 1660 363 1727 ipse
395 1671 664 1726 propono.
692 1656 795 1710 Iste
824 1656 979 1726 panis
1005 1656 1375 1727 confringatur
1395 1660 1446 1712 in
1470 1659 1661 1726 frusta,

101 1752 380 1806 madidetur
415 1766 579 1821 aqua,
626 1760 682 1806 et
725 1751 918 1806 iterum
950 1761 1361 1822 conspergatur,
1393 1753 1660 1806 mittatur-

99 1860 183 1911 que
203 1846 253 1899 in
283 1845 501 1898 furnum
536 1862 549 1897 :
586 1842 632 1897 si
654 1843 847 1898 melior
869 1844 1086 1908 exierit,
1135 1844 1323 1898 faciam
1357 1844 1496 1914 quod
1535 1843 1660 1899 hor-

99 1936 225 1989 uris.
252 1936 424 2002 Quam
456 1936 882 2004 propositionem
907 1934 1212 1991 Geisericus
1255 1951 1377 1990 cum
1409 1937 1659 1992 omnibus

94 2029 170 2096 qui
193 2029 417 2083 aderant
445 2043 570 2083 cum
602 2027 863 2093 audisset,
895 2029 963 2082 ita
997 2028 1190 2098 ligatus
1220 2037 1338 2092 est,
1382 2036 1441 2082 ttt
1468 2043 1527 2083 se
1554 2029 1661 2083 sol-

94 2137 200 2176 vere
221 2123 442 2176 omnino
471 2136 579 2175 non
612 2129 820 2190 posset;
850 2120 955 2193 [AL
980 2136 1138 2188 quem
1177 2118 1303 2191 alio]
1335 2135 1502 2189 quare
1525 2121 1661 2175 alius

91 2214 281 2281 generis
304 2222 633 2283 argumento
667 2222 851 2281 postea
884 2212 1194 2267 bellicosum
1249 2213 1413 2267 virum
1443 2214 1655 2267 occidit.

150 2304 254 2358 VII.
288 2303 593 2358 Persecutio
622 2305 808 2374 gravis.
841 2332 909 2343 ——
946 2304 1013 2358 Et
1056 2314 1115 2358 ut
1155 2303 1221 2358 ad
1274 2305 1323 2358 id
1374 2303 1658 2361 redeamus

92 2394 209 2451 unde
233 2394 469 2465 digressi
497 2409 719 2457 sumus,
758 2402 921 2449 terret
967 2393 1250 2464 praeceptis
1279 2394 1552 2461 feralibus,
1598 2406 1657 2450 ut

146 2584 169 2610 ι
194 2573 265 2629 Ea
315 2588 456 2627 voce
498 2571 678 2626 missae
720 2570 1039 2625 sacrificium
1085 2570 1414 2640 designatur,
1465 2572 1517 2627 in
1555 2588 1662 2642 quo

92 2659 196 2698 me
235 2644 514 2698 Christum
561 2642 825 2694 immolari
888 2656 1101 2710 semper
1149 2642 1379 2697 credidit
1424 2644 1659 2697 Ecclesia

93 2715 350 2769 catholica.
402 2712 687 2767 Loricltius
737 2712 897 2766 habet
930 2729 943 2766 :
974 2728 1339 2784 usquequaque
1368 2715 1550 2767 orandi
1585 2715 1663 2768 vel

91 2784 391 2837 inmoiandi.

145 2853 169 2892 δ
195 2855 304 2910 Sic.
354 2853 516 2909 codd.
562 2862 671 2906 tam
700 2851 824 2906 editi
861 2867 1020 2921 quam
1052 2870 1183 2911 mss.
1214 2856 1290 2910 Ex
1334 2856 1448 2908 istis
1478 2865 1654 2910 tamen

92 2926 177 2978 duo
200 2924 501 2979 Colbertini
533 2924 588 2977 in
634 2922 871 2994 margine
909 2924 1065 2978 aliter
1096 2926 1292 2980 habent
1318 2943 1331 2979 :
1353 2926 1463 2994 66
1490 2926 1656 2994 prior,

94 2994 359 3061 Episcopus
383 2994 631 3059 eqante;
655 2993 788 3048 alter
803 2993 1093 3061 Equitatus.
1116 2993 1450 3050 Cltristian‘us
1480 2993 1658 3065 Lupus

91 3066 521 3121 indissertatione
547 3066 615 3118 de
635 3064 1077 3131 appellationibus
1103 3068 1354 3120 Ecclesia:
1371 3064 1655 3130 Africaine,

91 3152 186 3203 cap.
209 3137 263 3203 Ξ,
300 3136 591 3206 legendum
636 3134 720 3188 hic
762 3149 881 3189 esse
918 3146 1102 3189 censet
1126 3138 1454 3190 Mauritania:
1482 3139 1661 3190 civita-

90 3183 186 3260 tis?
204 3183 718 3276 ᾇόεἰῖῗὶἡὶῖιῖίόἠὲἰὲῖ
752 3183 1107 3277 iunoni}:
1126 3183 1655 3277 ῐῖὗξιῖιῖὶῖὶῖςξξίιᾶί
1684 3183 1730 3245 C

90 3278 204 3329 nulla
223 3275 353 3345 ejus
384 3278 619 3331 nominis
650 3277 835 3330 civitas
868 3277 917 3329 in
961 3275 1142 3331 Africa
1188 3279 1393 3345 uspiam
1443 3275 1657 3346 compa-

90 3356 201 3401 reat.
244 3348 519 3401 Batonius
561 3362 691 3401 vero
734 3346 799 3400 ad
841 3360 1039 3400 annum
1069 3350 1198 3413 443,
1245 3364 1341 3417 pro
1371 3348 1659 3417 Aquitania:

90 3420 306 3485 reposuit
341 3419 659 3471 Azuritanar.
696 3417 823 3470 Erat
852 3426 1028 3471 autem
1060 3418 1256 3472 Assura
1282 3418 1333 3472 in
1359 3434 1656 3486 proconsu-

91 3487 223 3552 laris;
270 3490 374 3542 sed
421 3488 581 3556 hujus
614 3488 899 3556 provincia:
930 3490 1266 3556 metropolis,
1319 3500 1428 3542 tum
1483 3490 1657 3543 civilis

95 3566 179 3610 tuin
200 3559 570 3614 ecclesiastica
593 3559 707 3611 sola
733 3569 847 3612 erat
875 3556 1163 3626 Carthago,
1196 3570 1253 3613 ut
1283 3559 1530 3613 omnibus
1562 3576 1657 3613 no-

99 3638 178 3681 tam
201 3641 308 3684 est.
349 3630 403 3682 In
436 3630 555 3683 aliis
577 3638 754 3683 autem
786 3630 1095 3697 provinciis,
1118 3629 1208 3697 qui
1230 3640 1345 3683 erat
1373 3632 1656 3695 episcoous

100 3700 412 3754 ordinatione
441 3700 624 3754 senior
651 3700 922 3753 obtinebat
954 3702 1259 3768 primatum,
1291 3702 1431 3754 nulla
1462 3702 1651 3754 civita-

100 3780 181 3821 tum
206 3770 351 3825 facta
381 3771 746 3836 distinctione,
775 3770 860 3824 cui
889 3778 1067 3823 tamen
1097 3772 1327 3837 primatis
1353 3782 1441 3823 aut
1468 3782 1657 3824 metro-

97 3843 278 3901 politani
314 3856 511 3894 nomen
541 3856 817 3895 assumere
850 3857 955 3894 non
988 3842 1200 3907 licebat,
1255 3842 1347 3895 sed
1378 3842 1655 3896 dicebatur

96 3913 337 3982 cpiscopus
368 3913 548 3982 prima:
588 3912 744 3975 sedis,
776 3919 867 3963 aut
896 3926 1068 3982 senex,
1092 3926 1186 3966 seu
1213 3914 1415 3975 senior;
1455 3929 1554 3981 qua
1587 3914 1655 3968 de

94 3995 137 4033 rc
156 3981 283 4036 inter
313 3981 465 4035 viros
492 3983 731 4035 eruditos
759 3984 865 4048 jam
897 3981 1039 4035 nulla
1063 3982 1272 4036 videtur
1291 3997 1411 4036 esse
1436 3993 1654 4036 contro-

93 4053 256 4115 rersia,
289 4056 540 4121 quamvis
569 4061 722 4107 antea
758 4053 913 4105 aliter
949 4052 1220 4107 nonnullis
1242 4052 1412 4106 visum
1445 4053 1650 4108 fuisset.

93 4121 192 4176 llrc
216 4138 355 4178 vero
393 4124 752 4177 ecclesiastica
794 4124 1074 4193 dispositio
1124 4139 1228 4177 non
1273 4126 1482 4177 vetabat
1526 4125 1651 4190 quin

90 4194 361 4264 provincia!
384 4196 608 4264 singulte
638 4195 822 4247 civiles
859 4208 985 4247 suas
1019 4196 1340 4262 metropoles
1372 4194 1650 4249 haberent.

91 4262 163 4316 llis
189 4262 507 4333 pmmissis',
561 4264 797 4319 insolens
837 4264 923 4317 hic
964 4265 1193 4328 videtur,
1240 4266 1381 4333 quod
1414 4264 1653 4318 Crescens

89 4336 369 4401 appelletur
389 4336 835 4403 metropolitanus.
857 4337 937 4390 An
958 4334 1138 4389 Victor
1153 4336 1206 4389 in
1230 4336 1429 4389 exteris
1454 4334 1653 4404 degens

88 4406 381 4469 provinciis.
424 4421 607 4460 eorum
653 4421 773 4459 cum
817 4406 1011 4473 quibus
1039 4406 1228 4473 agebat
1260 4406 1507 4473 loquendi
1538 4421 1652 4459 mo-

87 4476 191 4529 dum
220 4476 504 4530 adhibet?
529 4476 689 4531 Certe
719 4478 769 4529 in
795 4477 1025 4530 concilio
1044 4475 1313 4544 Ephesino
1330 4476 1649 4541 Caprrolum

1788 585 1962 639 neque
1991 586 2213 641 usquam
2240 576 2429 630 orandi
2454 585 2545 630 aut
2576 587 2601 615 ι
2635 580 2947 639 immolandi
2982 589 3372 645 concederetur

1785 663 2122 729 gementibus
2154 664 2334 730 locus;
2369 675 2428 721 ut
2457 667 2742 725 manifeste
2785 682 2909 727 tunc
2945 678 3239 744 prophetiae
3281 698 3371 736 va—

1786 755 2024 810 ticinium
2049 758 2414 826 compleretur
2449 776 2463 813 :
2500 760 2621 815 Non
2669 774 2742 816 est
2772 766 2823 817 in
2852 765 2947 819 hoc
2978 777 3203 837 tempore
3228 775 3369 842 prin-

1782 864 1918 912 ceps,
1943 859 2035 902 aut
2067 850 2334 919 prapltcta,
2364 854 2439 905 vel
2462 853 2587 917 dum,
2618 871 2777 924 neque
2806 856 2950 911 locus
2979 862 3047 911 ad
3074 864 3364 930 sacriﬁcan-

1780 940 1904 992 dum
1933 942 2128 995 nomini
2164 951 2250 995 tuo
2289 942 2454 1013 (Dan.
2493 960 2584 1011 ttt,
2622 945 2757 1017 38)..
2780 948 2913 1003 Nam
2947 961 3001 1005 et
3024 952 3251 1007 diversa:
3281 970 3368 1007 ca-

1777 1029 1990 1085 lumnia:
2010 1047 2113 1087 non
2137 1034 2360 1088 deerant
2385 1036 2647 1104 quotidie,
2673 1039 2833 1093 etiam
2858 1040 2963 1095 illis
2990 1044 3366 1099 sacerdotibus

1774 1123 1865 1191 qui
1899 1123 1952 1175 in
1984 1124 2065 1178 his
2094 1126 2401 1194 regionibus
2434 1130 2807 1197 versabantur,
2835 1148 2956 1199 qua:
2985 1137 3127 1205 regis
3168 1136 3366 1204 palatio

1776 1214 1969 1269 tributa
1997 1218 2319 1285 pendebant.
2359 1221 2424 1274 Et
2450 1222 2493 1275 si
2523 1221 2750 1276 forsitan
2782 1223 3066 1294 quispiam,
3097 1237 3153 1281 ut
3197 1230 3365 1285 moris

1772 1318 1876 1373 est,
1910 1308 2035 1362 dum
2066 1310 2160 1364 Dei
2184 1312 2439 1380 populum
2464 1314 2798 1378 admoueret,
2850 1316 3205 1385 Pharaonem,
3259 1320 3361 1373 Nae

1770 1396 2205 1470 buchodonosor,
2235 1404 2599 1467 llolofernem,
2623 1416 2715 1459 aut
2738 1407 2968 1477 aliquem
2998 1410 3231 1464 similem
3264 1428 3360 1464 no.

1768 1501 2047 1569 minasset,
2079 1504 2433 1573 objiciebatur
2460 1506 2538 1560 illi
2581 1507 2722 1576 quod
2776 1509 2827 1560 in
2882 1524 3166 1575 personam
3216 1513 3356 1581 regis

1768 1597 1866 1653 ista
1888 1599 2132 1667 dixisset,
2164 1613 2218 1658 et
2237 1606 2417 1658 statim
2450 1606 2643 1661 exsilio
2675 1607 3007 1663 trudebatur.
3057 1610 3168 1665 lloc
3205 1614 3349 1666 enim

1770 1701 2159 1767 persecutionis
2186 1718 2354 1771 genus
2383 1706 2661 1772 agebatur,
2710 1706 2797 1760 hic
2835 1719 3039 1775 aperte,
3083 1709 3210 1765 alibi
3253 1727 3347 1766 oc-

1764 1794 1922 1858 culte,
1974 1804 2033 1848 ut
2086 1797 2292 1862 piorum
2346 1814 2541 1853 nomen
2595 1800 2786 1854 talibus
2838 1801 3047 1857 insidiis
3086 1804 3348 1861 interiret.

1692 1860 1738 1918 B
1764 1896 1875 1961 Qua
1905 1896 1972 1952 de
2004 1914 2061 1952 re
2095 1898 2351 1967 plurimos
2376 1902 2716 1955 sacerdotum
2751 1911 2878 1957 tunc
2921 1905 3165 1958 novimus
3202 1909 3346 1959 rele-

1764 2008 1936 2065 gatos,
1968 1997 2105 2051 sicut
2136 1998 2410 2053 Urbanum
2463 1998 2805 2069 Girbensem,
2861 2000 3205 2057 Crescentem
3235 2018 3349 2057 me-

1765 2098 2149 2166 tropolitanum
2182 2097 2208 2135 δ
2242 2100 2540 2169 Aquitania:
2584 2101 2839 2168 civitatis,
2880 2103 2969 2172 qui
3014 2112 3227 2158 centum
3274 2105 3347 2158 vi-

1761 2197 1894 2267 gittti
1925 2198 1975 2267 7
2000 2208 2229 2267 proserat
2258 2199 2546 2268 cpisc0pis,
2574 2200 2906 2255 llabetdeum
2936 2182 3345 2266 Tendalensem.

1763 2299 2089 2353 Eustratium
2115 2298 2210 2372 [aL
2243 2298 2604 2371 Sutl‘etattum]
2648 2301 3042 2367 Sttfl‘ectanum;
3084 2312 3138 2358 et
3161 2303 3346 2375 Tripo-

1763 2398 1960 2452 litanos
1990 2397 2157 2461 duos,
2196 2408 2217 2435 ο
2250 2397 2408 2452 Vices
2450 2399 2844 2468 Sabratenum;
2901 2409 2958 2456 et
2998 2401 3346 2457 Cresconium

1842 2584 1864 2613 ε
1896 2573 2051 2630 Colb.
2078 2576 2136 2641 2,
2167 2576 2377 2630 Martiu.
2412 2577 2560 2630 Port.
2590 2588 2643 2632 et
2672 2578 2922 2643 Orthod.,
2950 2580 3088 2634 Vicis
3105 2582 3344 2637 Sabrate-

1762 2660 1906 2717 num.
1938 2647 2092 2717 Colb.
2136 2646 2346 2711 tertius,
2391 2646 2555 2701 Bricis
2588 2650 2998 2705 Sambratemtnt.
3036 2652 3338 2717 Legendutn

1766 2713 2231 2788 forteVinccnen:
2279 2718 2643 2773 Sabratcnum.
2691 2718 2846 2773 Certe
2889 2736 2950 2773 ex
2982 2713 3344 2788 compluribus

1765 2784 1975 2857 Notitia:
2006 2788 2135 2841 locis
2167 2796 2309 2853 patet
2341 2789 2390 2841 in
2424 2788 2718 2842 scribendis
2741 2790 3002 2857 ejusmodi
3037 2784 3344 2848 nominibus

1763 2856 1959 2925 s_:cpius
1992 2858 2223 2910 litteram
2252 2875 2283 2909 η
2310 2859 2561 2911 omissmn
2594 2856 2779 2921 fuisse,
2808 2860 2884 2914 sic
2914 2861 2983 2914 ibi
3018 2862 3218 2915 Crosces
3246 2880 3342 2925 pro

1763 2923 2003 2980 Crescens
2035 2942 2141 2980 non
2190 2928 2359 2981 semel
2404 2929 2613 2997 legitur.
2667 2930 2784 2983 Ado
2832 2941 3043 2985 sanctos
3073 2923 3342 2989 antistites

1762 3010 2051 3069 r_eceusens
2081 3001 2131 3049 in
2156 2999 2537 3069 martyrologio
2563 3001 2649 3054 die
2673 3001 2741 3053 28
2767 3000 3101 3066 Novembris,
3128 3003 3214 3069 qui
3242 3006 3342 3057 sub

1764 3066 2052 3121 Genserico
2101 3068 2237 3136 pulsi
2283 3066 2492 3123 fuerant
2542 3071 2592 3124 in
2640 3071 2904 3135 exsilium,
2956 3073 3096 3125 inter
3131 3066 3342 3126 Ettstra-

1764 3135 1967 3211 thiunt,_
1994 3135 2535 3211 quem_EustacItium
2578 3141 2841 3209 appellat,
2893 3151 2947 3195 et
2993 3143 3339 3211 Cresconium,

1764 3210 1898 3261 locat
1928 3206 2475 3281 Crescentianttmtqui
2509 3206 2713 3265 forte'is
2745 3214 2857 3281 ipse
2886 3221 2969 3267 est
2997 3216 3084 3280 qui
3120 3213 3205 3267 hic
3232 3206 3342 3269 me;

1762 3288 2023 3331 moratur.
2052 3278 2182 3333 Nam
2201 3278 2330 3332 alias
2352 3280 2717 3335 Crescentiaij
2747 3278 2849 3334 non
2871 3278 3109 3336 meminit
3134 3284 3336 3339 Victor.

1760 3347 1829 3401 Et
1859 3349 2071 3418 quidem
2118 3366 2183 3402 eo
2212 3349 2401 3404 ordine
2445 3361 2711 3405 recenset.
2764 3352 3171 3405 Crest‘cntt'anum
3200 3355 3337 3419 Adi),

1760 3432 1867 3487 quo
1912 3419 1964 3473 in
1992 3419 2204 3472 Victore
2242 3419 2385 3473 l’ices
2408 3421 2721 3475 Sabratcnus
2763 3421 3010 3476 habetur.
3056 3424 3196 3476 Sane
3239 3427 3339 3476 du-

1759 3489 1904 3542 bium
1952 3489 2079 3543 mihi
2120 3506 2223 3541 non
2255 3499 2336 3542 est
2365 3493 2493 3558 qttitt
2545 3497 2646 3545 hoc
2701 3495 2814 3544 loco
2844 3495 3127 3559 episcopus
3177 3493 3335 3546 simul

1758 3572 1879 3612 cum
1911 3562 2041 3613 sede
2079 3575 2172 3612 sua
2221 3559 2556 3629 designetur;
2617 3563 2703 3614 hic
2748 3577 2937 3628 nempe
2988 3562 3164 3616 Victor
3207 3564 3341 3616 alios

1760 3643 2048 3683 recensens
2077 3629 2363 3695 antistites,
2410 3646 2504 3683 eos
2531 3647 2649 3683 cum
2682 3634 2793 3683 suis
2836 3632 3075 3698 ipsorum
3123 3633 3339 3687 sedibus

1758 3700 2032 3761 nominat;
2065 3699 2256 3753 deinde
2286 3700 2335 3753 in
2367 3701 2522 3754 codd.
2558 3716 2686 3755 mss.
2725 3702 2836 3753 hrcc
2860 3718 2958 3755 vox
2984 3704 3036 3754 in
3065 3701 3197 3755 duas
3221 3718 3340 3769 par-

1762 3780 1841 3823 tes
1872 3770 2147 3824 dividitur.
2182 3770 2325 3824 fdem
2354 3774 2585 3834 βομιιιετιι
2609 3773 2768 3824 etiam
2804 3771 2961 3837 hujus
2996 3773 3096 3827 loci
3120 3782 3341 3827 contex-

1759 3849 1864 3905 tus,
1898 3842 1984 3894 ubi
2012 3850 2383 3894 memorantur
2430 3841 2535 3895 duo
2562 3842 2798 3910 episcopi
2831 3843 3118 3910 provincias
3148 3842 3340 3910 Tripo-

1758 3910 1958 3975 litana-,
2008 3911 2338 3965 Saltrateuns
2380 3928 2592 3980 nempe,
2646 3914 2717 3966 ttti
2760 3914 2991 3978 videtur,
3038 3923 3088 3967 et
3131 3914 3341 3968 Uensis.

1757 3980 1979 4035 Sabrata
2010 3996 2137 4035 vero
2178 3992 2230 4034 et
2256 3982 2362 4035 Uea
2394 3984 2686 4036 notissima:
2721 3994 2839 4036 sunt
2876 3985 3025 4038 istius
3055 3985 3340 4051 provincia:

1758 4054 1935 4117 urbes,
1982 4052 2035 4106 itt
2081 4051 2275 4105 Notitia
2308 4052 2557 4108 Africana
2585 4062 2638 4106 et
2666 4055 2715 4105 in
2750 4055 3031 4108 collatione
3058 4054 3337 4120 Carthagi-

1757 4124 1907 4176 ttensi
1954 4133 2284 4177 memorata-.
2339 4124 2419 4176 Ex
2451 4123 2643 4192 quibus
2685 4123 2850 4191 liquet
2879 4124 3199 4177 audiendum
3234 4139 3340 4178 non

1757 4208 1878 4247 esse
1906 4192 2209 4259 Baronium,
2258 4194 2348 4262 qui
2399 4195 2450 4248 in
2497 4195 2637 4248 notis
2666 4194 2730 4247 ad
2762 4193 2901 4247 diem
2929 4194 2999 4248 28
3025 4193 3341 4248 Novembris

1757 4263 2119 4334 Martyrologii
2148 4266 2393 4329 Romani,
2413 4280 2518 4335 quo
2545 4265 2632 4318 die
2652 4266 2947 4335 antistitum
2978 4266 3062 4318 hic
3078 4279 3106 4318 a
3128 4264 3341 4320 Victore

1758 4344 2173 4389 memoratorum
2212 4335 2405 4389 festum
2432 4334 2689 4389 recolitur
2720 4334 3141 4399 Florentianum,
3179 4349 3337 4402 quem

1758 4405 1891 4458 infra
1923 4420 2043 4459 cum
2069 4406 2361 4459 llortolano
2380 4406 2556 4461 Victor
2570 4405 2931 4460 memoratlih.
2950 4421 3150 4475 tv,cap.
3170 4406 3224 4457 4.
3256 4405 3343 4458 Vi-

1757 4477 2163 4529 cessabratenum
2189 4480 2508 4544 episcOpum
2536 4476 2798 4543 appellat,
2825 4491 3052 4540 eumque
3079 4477 3185 4545 67
3205 4483 3343 4534 sicut

87 4543 545 4616 Carthaginensem
603 4547 913 4614 episcopum
962 4546 1148 4600 Patres
1202 4550 1649 4609 metropolitanum
1681 4555 1730 4615 ι)
1753 4558 1809 4601 et
1836 4546 2183 4601 Cresconium
2216 4543 2483 4614 (quamvis
2513 4548 2557 4599 is
2583 4562 2613 4599 e
2640 4547 2690 4616 in
2722 4545 2914 4598 Notitia
2939 4545 3009 4598 Af
3014 4543 3343 4603 ricteOensis

83 4618 425 4683 appellarunt.
452 4618 517 4670 Et
546 4618 758 4685 quidem
786 4616 1108 4683 Ferrandus,
1145 4627 1199 4670 ut
1220 4621 1327 4683 jam
1352 4617 1648 4671 Cltillletius

85 4687 392 4757 observavit,
425 4688 693 4742 Africanis
716 4687 1031 4755 primatibus
1053 4688 1291 4741 attribuit
1314 4697 1658 4757 qtttccunque

85 4755 138 4810 de
163 4759 589 4827 metropolitanis
619 4760 670 4813 in
704 4769 940 4812 veterum
969 4758 1316 4811 conciliorum
1337 4755 1648 4812 canonibus

83 4835 257 4898 statuta
285 4828 517 4884 fuerant.
543 4830 648 4884 Sed
671 4845 769 4883 nec
796 4830 1137 4898 peregrinum
1156 4831 1375 4883 omnino
1396 4829 1646 4893 fuitapud

84 4897 222 4954 Afros
261 4901 648 4969 metrOpolitani
678 4897 906 4963 nomen;
937 4897 1019 4952 Ceo
1053 4901 1248 4968 quippe
1279 4902 1443 4954 utitur
1470 4900 1649 4969 Augu-

83 4971 231 5025 stinus
284 4972 441 5024 initio
488 4972 607 5025 libri
653 4971 721 5026 de
760 4970 927 5039 gestis
959 4985 1079 5024 cum
1113 4971 1350 5024 Etnerito
1394 4973 1646 5039 episcopo

85 5040 385 5095 Cesariensi
416 5041 711 5106 Donatista,
756 5042 845 5096 ubi
878 5040 1176 5095 Deuterium
1211 5043 1520 5110 episcopum
1558 5058 1646 5096 ca.

90 5112 326 5165 Ilioneum
355 5112 591 5183 ejusdem
615 5113 783 5177 urbis,
812 5112 1262 5183 metropolitanum
1284 5110 1648 5166 Cwsariensem

90 5184 321 5245 2tttiellat.
366 5182 482 5237 Jam
515 5198 643 5237 vero
670 5197 913 5252 quamam
945 5182 1013 5237 sit
1060 5182 1148 5237 illa
1188 5184 1342 5237 sedes
1372 5184 1643 5251 Aquitana,

92 5251 215 5304 nobis
246 5267 353 5306 non
380 5253 570 5321 liquet.
614 5254 669 5307 ltt
691 5251 888 5307 indice
930 5253 1140 5308 urbium
1174 5253 1371 5307 Africa:
1398 5255 1648 5322 operibus

88 5324 228 5377 sancti
260 5324 513 5393 Cypriani
545 5325 795 5378 editionis
823 5324 1147 5378 Oxonieusis
1173 5325 1410 5390 prmlixo,
1444 5339 1649 5378 memo-

88 5404 209 5464 ratur
228 5396 507 5463 Aquitana,
533 5410 651 5464 quze
674 5395 867 5449 dicitur
898 5394 1062 5449 fuisse
1088 5394 1305 5448 incerta:
1334 5395 1645 5463 provinciae,

88 5460 248 5535 Plures
280 5460 433 5518 erant
464 5468 515 5518 in
548 5460 727 5521 Africa
756 5466 1010 5534 Aquenses
1039 5466 1281 5535 episcOpi.
1314 5460 1393 5519 Ex
1427 5465 1490 5520 iis
1514 5460 1648 5519 unus

84 5532 156 5585 fuit
178 5549 208 5588 e
238 5535 555 5590 Mauritania
589 5532 930 5601 Ctesariensi,
980 5532 1131 5605 cujus
1162 5532 1342 5590 sedem
1387 5536 1472 5588 hic
1498 5535 1642 5588 desi-

82 5606 209 5665 gnari
238 5619 423 5660 censet
452 5608 531 5660 vir
560 5607 797 5660 eruditus
812 5607 1114 5675 Stephanus
1132 5607 1407 5673 Baluzius,
1428 5606 1480 5659 in
1507 5607 1647 5660 nOtis

83 5675 132 5725 ad
158 5685 317 5748 caput
354 5676 460 5731 1‘55
503 5677 807 5732 collationis
834 5678 1147 5748 Cartltagin.
1196 5678 1273 5731 De
1316 5693 1379 5733 ea
1419 5692 1547 5731 vero
1594 5678 1644 5732 in

79 5746 203 5826 notis
226 5746 297 5826 ad
327 5748 756 5826 notitiamptura
784 5749 1026 5806 dicemus
1044 5746 1198 5806 nunt.
1220 5750 1312 5822 ‘25,
1341 5749 1408 5806 de
1428 5748 1643 5820 episco-

78 5819 146 5881 pis
168 5819 329 5888 hujus
353 5819 667 5890 provincia}.

1755 4619 2039 4686 episcopus
2068 4618 2266 4671 diserte
2288 4617 2518 4679 dicatur,
2549 4615 2711 4684 quod,
2751 4624 2804 4670 et
2838 4617 2949 4683 ipse
2977 4617 3171 4671 ibidem
3204 4622 3342 4675 scri-

1753 4687 2239 4775 bitBaro.nitt_s),.a
2290 4687 2499 4767 duobus
2545 4686 2838 4775 epiefinpis“
2861 4686 3209 4775 Tripolitanis
3258 4691 3371 4775 hict

1756 4759 2036 4829 recensitis
2064 4758 2361 4826 distinguit,
2391 4772 2527 4829 quos
2554 4757 2767 4829 quidem
2797 4756 3161 4829 Tripolitanos
3193 4756 3367 4829 putat"

1754 4843 1879 4885 esse
1899 4827 2313 4882 Crescentianum
2341 4838 2393 4881 et
2419 4826 2765 4880 Ilortulanum
2798 4826 2883 4880 hic
2913 4828 2981 4881 ab
3012 4826 3204 4885 Adone
3230 4832 3341 4885 lau-

1755 4901 1929 4955 datos.
1956 4900 2221 4953 Czetcrum
2256 4913 2353 4967 pro
2383 4897 2711 4952 Crescunium
2742 4899 2977 4959 Uensem,
3004 4899 3175 4954 codex
3211 4902 3343 4955 Por-

1757 4980 1930 5024 tarum
1963 4984 2084 5023 cum
2118 4970 2360 5025 Rhenani
2390 4969 2626 5024 editione
2659 4969 2817 5022 habet
2846 4968 3171 5024 Cresconium
3206 4970 3341 5024 Een-

1751 5058 1876 5094 sem.
1905 5042 2064 5096 Certe
2108 5040 2162 5093 in
2208 5056 2339 5095 mss.
2379 5041 2655 5095 codicibus
2682 5040 2809 5093 urbs
2839 5040 2939 5092 ista
2980 5041 3176 5106 ειυρίυε
3211 5043 3341 5106 Eca,

1751 5122 1844 5167 aut
1870 5110 1949 5165 Ea
1986 5112 2200 5166 dicitur.
2247 5111 2402 5165 Colb.
2442 5112 2465 5164 1
2511 5119 2565 5164 et
2603 5110 2758 5163 Mart.
2807 5110 3002 5163 habent
3052 5110 3342 5179 Mecuscnt;

1749 5183 1903 5236 Colb.
1954 5183 2090 5237 alter
2123 5181 2411 5235 Uticensem
2452 5180 2609 5235 Colb.
2655 5180 2688 5233 5
2723 5179 3139 5245 Censorieuscm;
3190 5184 3343 5237 Lori-

1750 5254 1903 5307 cltius
1933 5264 1987 5307 et
2035 5254 2237 5319 aliquot
2279 5252 2407 5307 editi
2453 5251 2745 5305 Nicensem.
2792 5251 2994 5305 Tamen
3029 5250 3342 5307 (Iresronum

1754 5324 1994 5387 Oensent,
2044 5324 2095 5377 itt
2129 5322 2324 5377 Notitia
2355 5321 2545 5375 Africa:
2591 5322 2732 5375 inter
2759 5321 2947 5375 Patres
2978 5321 3342 5390 Tripolitanos

1753 5404 2134 5458 memoratum,
2158 5394 2245 5447 hic
2265 5391 2530 5462 designari
2557 5402 2707 5446 extra
2735 5391 2956 5446 dubium
2986 5402 3087 5445 est.
3112 5395 3184 5445 De
3203 5403 3341 5445 utra.

1750 5482 1853 5525 que
1887 5466 1987 5521 hac
2017 5466 2169 5529 urbe,
2217 5465 2441 5519 Sabrata
2471 5462 2679 5517 scilicet
2716 5472 2769 5517 et
2799 5463 2929 5523 Oea,
2960 5462 3080 5514 vide
3106 5474 3258 5514 notas
3290 5464 3341 5514 in

1752 5536 2002 5590 Notitiam
2036 5536 2252 5597 Africm,
2283 5534 2368 5587 ubi
2398 5534 2467 5587 de
2494 5534 2843 5603 Tripolitanis
2873 5531 3162 5599 episcopis,
3191 5548 3341 5585 mttn.

1750 5608 1785 5660 2
1816 5616 1870 5661 ct
1897 5608 1944 5660 ι.
1968 5608 2139 5661 Porro
2162 5604 2383 5658 Felicem
2411 5604 2758 5658 Adrumetinaz
2783 5603 2997 5673 civitatis
3022 5603 3341 5673 episcopum,

1754 5677 1841 5731 bic
1865 5692 1894 5729 a
1931 5678 2147 5733 Victore
2170 5676 2461 5737 laudatum,
2490 5690 2610 5730 cum
2635 5672 2850 5729 caneris
2876 5672 3123 5725 recolunt
3152 5674 3267 5730 Ado
3292 5684 3340 5732 et

1751 5748 2183 5820 Martyrologium
2220 5748 2541 5815 Romanum,
2574 5745 2658 5800 die
2678 5741 2747 5799 28
2779 5740 3121 5799 Novembris.
