3944 6176
610 383 705 435 ‘l‘Jl

1911 370 2217 425 VICTORIS
2260 369 2559 424 VlThNS-lS

3781 369 3880 422 illi

602 501 871 556 Uensem;
912 500 966 544 ct
994 488 1356 545 Adiuiuctinm
1404 487 1638 542 civitatis
1691 488 1917 540 Felicem
1964 485 2168 554 cpisco‘
2204 490 2246 543 Α
2279 492 2484 538 rentur.
2517 483 2729 551 thuia
2757 482 2870 537 loca
2901 482 3045 536 nulla
3087 482 3424 537 sulticiebant
3468 482 3534 535 ad
3583 499 3879 550 capessen-

573 600 750 653 ~pum,
798 582 868 636 ob
916 580 1017 634 hoc
1045 579 1188 648 quod
1211 579 1538 647 suscepisset
1567 576 1853 647 quemdam
1881 573 2177 629 Johannem

604 674 923 729 monachum
948 671 1394 731 transmarinum;
1431 668 1524 722 sed
1556 679 1609 721 et
1631 669 1766 722 alios
1799 667 2019 732 multos,
2045 680 2181 734 quos

608 766 826 835 longum
848 774 931 818 est
959 770 1011 817 et
1034 777 1311 817 enarrare.
1344 761 1547 827 Quibus
1574 770 1749 813 tamen
1782 760 1834 813 in
1863 758 2052 813 exsilio
2082 772 2180 826 po-

607 859 726 913 sitis
756 857 879 910 dum
908 855 1085 909 obitus
1114 853 1439 916 obvenisset,
1475 867 1578 906 non
1614 852 1807 906 licebat
1830 851 1964 904 alios
1993 863 2180 904 eorum

602 949 913 1005 civitatibus
938 946 1183 1000 ordinari
1205 945 1511 1012 episcopos.
1569 944 1710 998 Inter
1751 942 1865 997 haec
1888 952 2062 996 tamen
2087 940 2181 994 Dei

607 1040 834 1107 populus
857 1039 909 1090 in
940 1036 1044 1090 lide
1070 1035 1397 1097 consistens,
1428 1044 1485 1086 ut
1515 1048 1744 1087 examen
1789 1047 1948 1102 apum
2000 1045 2184 1086 cereas

606 1129 881 1184 ardilicans
913 1126 1220 1179 mansiones
1241 1164 1256 1187 ,
1302 1126 1596 1179 crescendo
1627 1124 1835 1178 melleis
1866 1122 1987 1177 lidei
2017 1132 2041 1158 ⁸
2074 1122 2185 1176 cal-

604 1222 738 1275 culis
768 1219 1105 1282 lirmabatur;
1133 1228 1190 1271 ut
1212 1218 1526 1285 impleretur
1549 1219 1636 1271 illa
1658 1217 1951 1271 sententia:
1981 1215 2185 1279 Quanto

615 1315 779 1383 magis
805 1330 889 1366 eos
909 1311 1230 1379 afﬂigebant,
1256 1319 1395 1362 tanto
1425 1309 1584 1380 magis
1612 1306 2109 1378 multiplicabuntur,
2141 1316 2186 1358 et

608 1405 977 1458 invalescebant
1005 1405 1159 1455 nimis
1186 1401 1381 1471 (Exod.
1416 1416 1457 1467 t,
1490 1401 1603 1469 12).

684 1495 816 1548 Vill.
852 1494 1154 1563 Deogratias
1205 1494 1434 1546 virtutes.
1459 1522 1529 1533 -—
1556 1492 1682 1545 Post
1713 1491 1827 1544 hinc
1858 1490 2052 1543 factum
2082 1495 2186 1551 est,

609 1588 941 1654 stpplécante
1005 1584 1374 1637 Valentiniano
1430 1584 1716 1650 Augusto,
1784 1578 2187 1648 Carthaginiensi

614 1677 867 1730 Ecclesia:
891 1684 1009 1745 post
1035 1675 1250 1741 longum
1283 1674 1554 1727 silentium
1586 1672 1949 1736 desolationis,
1982 1670 2191 1738 episco-

614 1785 736 1838 pum
767 1768 1005 1821 nrdiuari
1037 1766 1251 1820 nomine
1305 1765 1617 1833 Deogratias
1651 1783 1664 1816 :
1713 1765 1863 1831 cujus
1904 1763 1949 1816 si
1992 1762 2189 1816 nitatur

2281 575 2399 629 dam
2431 574 2824 628 multitudinem
2848 582 3070 637 tantam,
3102 574 3352 628 basilicas
3374 575 3507 628 duas
3552 576 3863 628 nominatas

2292 674 2347 721 et
2374 665 2603 732 amplas,
2626 662 2653 701 δ
2681 663 2882 727 Fausti,
2918 674 2971 719 et
2998 661 3289 731 Novarum,
3315 679 3436 718 cum
3472 666 3681 719 lectulis
3710 674 3876 734 atque

2283 756 2630 812 straminibus
2656 756 2954 827 deputavit,
2999 756 3299 810 decernens
3342 771 3436 825 per
3472 757 3714 825 singulos
3746 757 3875 823 dies

2283 861 2536 918 quantum
2561 848 2680 917 quis
2704 863 2801 914 pro
2827 848 3020 902 merito
3041 848 3323 915 acciperet.
3354 848 3411 901 Et
3442 848 3562 916 quia
3588 848 3877 916 plerosque

2287 938 2380 1009 [αι.
2414 936 2643 1006 mansio]
2676 937 2957 992 insuetudo
3002 937 3195 1006 navigii
3235 948 3288 992 et
3327 936 3617 992 crudelitas
3646 939 3876 1004 captivi-

2287 1029 2409 1083 tatis
2435 1028 2719 1093 afllixerat,
2754 1043 2857 1082 non
2883 1042 3077 1097 parvus
3104 1028 3245 1082 inter
3270 1043 3364 1084 eos
3398 1042 3654 1084 numerus
3694 1029 3875 1084 fuerat

2285 1128 2624 1187 agrotorum,
2657 1132 2790 1188 quos
2818 1118 2909 1173 ille
2931 1119 3116 1172 beatus
3146 1119 3392 1183 antistes,
3434 1129 3493 1172 ut
3532 1119 3710 1173 nutrix
3761 1121 3873 1187 pia.

2291 1225 2384 1277 per
2412 1220 2677 1263 momenta
2705 1209 2910 1278 singula
2938 1223 3058 1263 cum
3097 1207 3201 1279 [al.
3233 1208 3347 1262 vice
3376 1208 3605 1278 medici]
3646 1209 3874 1263 medicis

2288 1300 2597 1352 circumibat
2620 1315 2633 1363 ;
2675 1298 3018 1366 sequentibus
3040 1298 3195 1363 cibis,
3223 1308 3280 1350 ut
3301 1298 3538 1365 inspecta
3562 1313 3720 1363 vena,
3743 1301 3872 1367 quid

2288 1390 2374 1443 cui
2398 1405 2531 1456 opus
2560 1398 2725 1453 esset,
2748 1388 2836 1442 illo
2860 1397 3122 1456 praesente
3146 1388 3379 1442 daretur.
3404 1389 3511 1445 Sed
3533 1405 3629 1444 nec
3650 1399 3871 1444 noctur-

2291 1480 2374 1534 nis
2401 1480 2545 1533 boris
2564 1479 2631 1533 ab
2662 1479 2762 1532 hoc
2790 1492 2951 1546 opere
2981 1476 3366 1532 misericordia:
3397 1478 3728 1544 leriabatur;
3776 1479 3871 1534 sed

2294 1569 2550 1640 pergebat
2590 1582 2885 1623 excurrens
2928 1582 3019 1635 per
3068 1568 3304 1636 singulos
3349 1569 3545 1635 lectos,
3592 1569 3872 1623 sciscitans

2292 1660 2520 1728 qualiter
2554 1659 2778 1728 quisque
2824 1672 2884 1711 se
2930 1656 3170 1713 haberet.
3228 1656 3302 1711 Ita
3344 1672 3403 1713 se
3434 1658 3556 1711 huic
3582 1659 3871 1714 tradiderat

2295 1751 2463 1821 [Colb.
2494 1754 2544 1815 t,
2570 1751 2735 1822 omni]
2766 1752 2985 1804 omnino
3010 1750 3204 1816 labori,
3236 1760 3295 1804 ut
3323 1765 3422 1805 nec
3452 1751 3680 1806 defessis
3701 1767 3871 1805 mem-

612 1859 893 1927 quisquam
920 1872 1052 1925 quas
1083 1872 1176 1924 per
1227 1856 1374 1909 illutn
1416 1855 1635 1907 virtutes
1675 1854 1933 1907 Dominus
1982 1853 2186 1916 l‘ecerit,
2221 1845 2267 1904 Β
2294 1843 2425 1907 bris.
2485 1858 2583 1898 ltcc
2625 1845 2849 1897 cariosa:
2895 1842 3003 1910 jam
3055 1842 3319 1896 seneCtuti
3368 1852 3631 1911 parceret.
3696 1843 3871 1909 Quare

612 1950 868 2018 pauiatitn
922 1949 1027 2020 [αι.
1058 1945 1378 2017 excurrare]
1428 1956 1700 2009 excutere,
1756 1955 1882 1997 ante
1932 1942 2191 2009 incipient

612 2042 775 2095 verba
831 2040 1063 2093 deiicere
1112 2052 1269 2105 quam
1322 2036 1413 2091 ille
1455 2036 1654 2103 aliquid
1699 2035 1874 2088 valeat
1903 2033 2187 2102 explicare.

612 2131 710 2185 Illo
739 2132 899 2200 igitur
939 2128 1191 2198 episcopo
1235 2127 1526 2181 constituto
1568 2125 1762 2179 factum
1809 2132 1913 2187 est,
1960 2121 2191 2192 peccatis

614 2222 953 2292 urgentibus,
1000 2231 1055 2275 ut
1088 2221 1274 2274 urbem
1316 2220 1460 2273 illam
1505 2218 1771 2288 quondam
1804 2216 2188 2271 nobilissimam

618 2323 780 2382 atque
810 2312 1219 2367 famosissimam
1250 2311 1436 2379 quinto
1483 2309 1696 2363 decimo
1736 2308 1885 2377 regni
1926 2307 2008 2361 sui
2051 2322 2191 2359 anno

612 2405 918 2459 Geisericus
945 2411 1159 2472 caperet
1182 2403 1403 2456 Romam
1430 2402 1540 2472 (an.
1563 2401 1722 2469 455);
1753 2410 1807 2454 et
1822 2398 2192 2454 simulexinde

618 2511 803 2564 regum
856 2495 1146 2549 multorum
1198 2494 1414 2548 divitias
1460 2508 1580 2547 cum
1628 2491 1840 2560 populis
1883 2490 2190 2561 eaptivavit.

612 2589 745 2653 Qua:
774 2586 899 2640 dum
933 2585 1216 2639 multitudo
1244 2585 1571 2653 captivorum
1605 2582 1913 2636 Africanum
1959 2581 2190 2649 attinge-

621 2686 707 2732 ret
734 2678 901 2743 littus,
942 2675 1302 2730 dividentibus
1332 2674 1588 2729 Vandalis
1616 2684 1670 2729 et
1700 2672 1895 2726 Mauris
1926 2672 2193 2740 ingentem

616 2768 799 2837 populi
827 2769 1199 2837 quantitatem,
1225 2776 1281 2820 ut
1310 2765 1474 2819 moris
1501 2773 1585 2819 cst
1609 2763 1871 2827 barbaris,
1924 2762 2100 2815 mariti
2127 2761 2193 2815 ab

618 2860 892 2924 uxoribus,
945 2866 1000 2911 et
1028 2858 1178 2912 liberi
1211 2872 1239 2909 a
1267 2857 1578 2925 parentibus
1610 2854 2015 2923 separabantur.
2070 2850 2195 2904 Sta-

618 2950 711 3002 tim
741 2947 934 3017 sategit
961 2948 1044 3000 vir
1076 2948 1183 3000 Deo
1214 2947 1402 3014 plenus
1432 2954 1485 2999 et
1515 2960 1688 3005 carus,
1738 2944 1985 2997 universa
2037 2942 2197 2995 mini-

618 3035 767 3089 sterii
796 3050 917 3087 vasa
948 3049 1106 3088 aurea
1134 3034 1217 3087 vel
1246 3040 1499 3101 argentea
1544 3032 1863 3096 distrahere,
1895 3041 1948 3084 et
1979 3031 2197 3083 liberta-

622 3137 728 3181 tem
751 3126 817 3181 de
842 3127 1099 3181 servitute
1131 3126 1404 3179 barbarica
1438 3127 1698 3191 liberare,
1746 3135 1801 3179 et
1846 3134 1902 3178 ut
1950 3125 2194 3193 conjugia

2298 1935 2465 1988 livore
2493 1933 2672 1986 Ariani
2697 1933 2963 1998 succensi,
3006 1932 3142 1986 dolis
3169 1948 3290 1986 eum
3324 1931 3740 2001 quamplurimis
3781 1948 3872 1987 vo-

2295 2028 2504 2079 luerunt
2532 2026 2728 2094 szepius
2755 2040 3001 2082 enecare.
3034 2026 3188 2091 Quod
3219 2025 3402 2093 credo,
3434 2023 3734 2095 praevidens
3765 2026 3872 2079 Do-

2294 2119 2501 2185 minus,
2546 2118 2653 2173 cito
2690 2132 2963 2187 passerem
2994 2132 3147 2172 suum
3180 2117 3250 2173 de
3283 2118 3527 2174 manibus
3555 2121 3872 2189 accipitrum

2295 2228 2340 2264 v-
2367 2211 2461 2265 luit
2504 2210 2757 2264 liberare.
2819 2207 2986 2278 Cujus
3022 2210 3221 2266 exitum
3265 2211 3335 2264 ita
3375 2220 3397 2249 ο
3454 2213 3631 2268 Urbici
3680 2215 3872 2281 captivi

2297 2302 2639 2368 planxerunt,
2667 2308 2725 2353 tit
2749 2308 2875 2354 tunc
2904 2315 2964 2355 se
2990 2310 3237 2369 putarent
3265 2301 3432 2368 magis
3464 2304 3602 2356 tradi
3627 2305 3872 2359 manibus

2298 2391 2654 2446 Barbarorum
2683 2393 2896 2460 quando
2915 2391 3004 2446 ille
3027 2393 3258 2461 perrexit
3284 2392 3347 2445 ad
3372 2393 3589 2448 ctelum.
3635 2394 3871 2449 Functus

2296 2497 2377 2539 est
2415 2493 2592 2537 autem
2642 2482 2942 2537 sacerdotio
2989 2483 3143 2537 annis
3172 2484 3363 2538 tribus.
3417 2483 3581 2552 Cujus
3610 2500 3796 2541 amore
3824 2496 3875 2540 et

2298 2575 2566 2631 desiderio
2598 2574 2826 2643 populus
2869 2575 3104 2630 intentus
3150 2584 3395 2644 potuerat
3447 2576 3685 2633 membra
3733 2576 3875 2645 digni

2298 2669 2537 2736 corporis
2566 2681 2787 2734 rapere,
2831 2667 2933 2722 nisi
2976 2666 3200 2721 consilio
3239 2667 3523 2736 prudenti,
3567 2669 3693 2723 dum
3724 2670 3751 2705 ά
3779 2685 3875 2738 pro

2300 2773 2450 2812 more
2476 2756 2706 2811 orationi
2736 2765 2980 2824 vacatur,
3009 2759 3282 2814 nesciente
3312 2759 3653 2816 multitudine
3681 2760 3879 2829 θερειὶ-

2300 2858 2468 2904 retur.

2373 2941 2463 2995 IX.
2504 2940 2728 2994 Thomas
2757 2943 3036 3009 confessor.
3066 2971 3139 2980 —
3184 2940 3247 2995 Et
3276 2940 3397 3009 quia
3426 2941 3705 2996 tacendum
3737 2956 3880 2996 sem-

2303 3048 2397 3101 per
2427 3048 2530 3085 non
2555 3041 2637 3085 est
2658 3031 2724 3084 de
2752 3031 3115 3098 impietatibus
3145 3031 3519 3087 haereticorum
3538 3073 3553 3097 ,
3593 3047 3695 3088 nec
3721 3048 3880 3089 verc-

2302 3122 2532 3178 cuudum
2552 3122 2743 3190 poterit
2765 3137 2887 3176 esse
2907 3123 3047 3190 quod
3064 3123 3129 3176 ad
3155 3122 3362 3177 laudem
3377 3124 3586 3192 proﬁcit
3599 3124 3881 3193 patientis;

624 3218 877 3272 lmdcrata
926 3225 1226 3281 inauerent,
1266 3226 1320 3270 et
1360 3216 1580 3286 pignora
1622 3214 1954 3285 genitoribus
2001 3215 2192 3271 redde—
2219 3204 2265 3265 C
2299 3216 2571 3268 ordinatus
2596 3213 2861 3283 quondam
2890 3213 3141 3269 sacerdos
3166 3214 3383 3270 nomine
3416 3224 3440 3252 ε
3464 3215 3721 3283 Thomas,
3754 3216 3883 3272 dum

691 3360 717 3389 ι
748 3352 836 3405 δῖε
866 3351 1019 3405 Colb.
1053 3352 1074 3405 i
1111 3358 1165 3405 et
1190 3348 1314 3404 editi
1348 3358 1473 3403 tres.
1525 3350 1592 3400 At
1623 3346 1921 3401 ()rtboilox.
1954 3354 2007 3401 et
2038 3346 2190 3401 Lori-

622 3424 796 3484 chius,
834 3422 1110 3474 claviculis.
1150 3419 1405 3481 Chil‘llet.,
1450 3419 1700 3471 coliculis.
1754 3418 1915 3470 Paulo
1956 3429 2099 3482 ante,
2142 3426 2197 3470 ut

622 3510 853 3555 examen,
886 3505 989 3546 etc.
1030 3490 1305 3545 Lorichius
1338 3490 1525 3552 habet,
1571 3497 1623 3540 ut
1673 3489 1906 3541 examina
1935 3504 2091 3558 apum
2115 3503 2197 3541 ce-

623 3581 735 3619 reas
766 3563 1091 3628 trdiﬁcuutia,
1121 3569 1225 3615 etc.

693 3634 721 3673 ι)
754 3627 978 3687 Ortbod.
1008 3648 1128 3684 cum
1169 3628 1417 3685 Lorichio
1443 3636 1495 3681 et
1515 3629 1762 3683 versione
1790 3627 1977 3695 gallica
2022 3628 2199 3682 Bello-

624 3705 793 3763 restii,
822 3700 1005 3754 Fausti
1036 3710 1078 3754 et
1124 3701 1283 3753 Varii.
1311 3699 1762 3761 Culb.l,amplas,
1791 3714 1903 3766 qum
1924 3699 1973 3750 in
1998 3700 2199 3750 nomine

624 3773 810 3827 Fausti
841 3783 983 3824 erant
1013 3780 1337 3831 constructw,
1371 3782 1417 3822 et
1454 3770 1733 3821 Norarum.
1785 3770 1845 3821 Et
1875 3770 2030 3833 paulo
2061 3768 2197 3822 infe-

624 3844 758 3903 rius,
788 3857 883 3909 pro
918 3857 1033 3892 cum
1066 3842 1281 3904 lectulis,
1324 3837 1809 3909 Lorichiuswhabet,
1830 3838 2201 3909 reorumflectuf

626 3914 712 3965 lis.
765 3907 931 3964 I‘orro
975 3910 1203 3963 celebris
1253 3919 1367 3961 erat
1408 3909 1543 3975 apud
1591 3908 1965 3975 Carthaginem
2019 3907 2200 3961 Fausti

626 3982 871 4043 ecclesia,
896 3980 948 4033 in
977 3996 1077 4047 qua
1102 3981 1301 4047 aliquot
1330 3979 1590 4031 Africana:
1617 3977 1869 4031 Ecclesiae.
1900 3978 2087 4046 synodi
2113 3992 2202 4031 ce-

626 4052 846 4106 lebrata:
874 4060 1014 4103 sunt.
1067 4049 1122 4103 In
1162 4066 1223 4102 ea
1262 4060 1479 4103 sanctus
1521 4050 1848 4112 Augustinus
1896 4062 2197 4101 sermonem

626 4123 810 4176 habuit
844 4121 963 4178 122.
994 4121 1081 4175 ubi
1109 4122 1269 4174 etiam
1298 4119 1573 4172 ordinatus
1612 4118 1707 4170 fuit
1744 4116 2052 4179 Deogratias
2078 4132 2198 4171 san-

622 4194 894 4248 ctissimus
925 4192 1168 4256 antistes,
1199 4190 1351 4255 cujus
1382 4188 1467 4241 hic
1496 4188 1780 4255 prrcclaras
1809 4187 2031 4240 virtutes
2057 4202 2202 4241 com-

626 4270 890 4316 memorat
918 4261 1116 4314 Victor.
1162 4260 1310 4312 Tunc
1343 4262 1483 4310 enim
1528 4268 1643 4309 erat
1674 4258 1945 4321 primaria,
1983 4268 2036 4310 et
2069 4272 2203 4324 prae-

622 4338 781 4404 cipua
809 4330 1205 4404 Catholicorum
1237 4327 1627 4404 ecclesiaapud
1649 4328 2044 4404 Carthaginem,
2080 4344 2201 4382 cum

627 4398 903 4457 basilicam
951 4401 1269 4455 Restitutam
1308 4400 1512 4462 Ariani,
1553 4407 1608 4451 ut
1647 4411 1808 4462 supra
1846 4398 2043 4451 dictum
2086 4409 2201 4463 est,

622 4480 1001 4541 occupassent.
1036 4473 1088 4524 In
1121 4470 1233 4538 ipsa
1258 4472 1417 4541 etiam
1452 4468 1793 4541 baptismales
1822 4467 1996 4541 fontes
2022 4477 2199 4541 erant,

627 4539 774 4609 quod
819 4552 961 4610 patet
1004 4557 1067 4596 ex
1112 4544 1226 4610 ipso
1276 4539 1490 4593 Victore
1521 4539 1652 4591 intra
1688 4539 1779 4591 lib.
1824 4539 1880 4601 2,
1917 4554 2065 4610 num.
2114 4540 2200 4610 l7.

629 4611 792 4675 Quin,
824 4609 887 4664 et
923 4609 1284 4680 compluribus
1310 4620 1624 4680 sanctorum,
1644 4617 1931 4680 martyrum
1961 4609 2203 4680 reliquiis

631 4682 854 4736 ditatam
904 4677 1065 4733 fuisse
1112 4682 1365 4734 discimus
1404 4695 1473 4733 ex
1523 4677 2202 4749 antiquis,’tnartyrologiis

629 4749 1121 4813 Adetiis,Usuardi,
1145 4760 1276 4814 elc.,
1307 4750 1394 4802 ubi
1418 4750 1593 4802 idibus
1612 4748 1736 4801 Julii
1762 4748 1874 4802 hate
1898 4750 2159 4803 habentur
2184 4767 2196 4802 :

630 4820 697 4876 In
729 4821 926 4889 Africa,
955 4820 1153 4872 civitate
1178 4819 1501 4888 Carthagine,
1534 4820 1716 4872 natalis
1737 4828 2028 4872 sanctorum
2048 4820 2202 4872 Cato-

629 4891 724 4944 lini
751 4890 999 4959 diaconi,
1020 4898 1067 4943 et
1106 4890 1419 4959 reliquorum
1445 4899 1749 4958 martyrum,
1775 4891 1862 4954 qui
1890 4890 2205 4957 requiescunt

629 4963 682 5014 in
713 4961 919 5013 basilica
959 4958 1160 5013 Fausti.
1192 4956 1297 5013 Pro
1338 4956 1542 5021 Fausti,
1584 4956 1734 5013 vetus
1768 4956 2203 5029 martyrulogium

628 5041 814 5099 temeto
860 5030 1181 5099 Hieronymo
1221 5030 1379 5098 vulgo
1427 5030 1761 5092 attributum,
1802 5028 1964 5082 habet
2014 5038 2206 5082 sancta:

631 5097 863 5153 Faustw.
894 5101 1018 5161 Sed,
1061 5097 1119 5152 ut
1139 5100 1249 5167 jam
1294 5097 1332 5150 a
1367 5098 1494 5152 viris
1523 5100 1747 5153 eruditis
1776 5116 1881 5152 non
1920 5100 2081 5154 semel
2111 5101 2207 5154 ob-

628 5179 895 5223 servatum
921 5180 1024 5234 est,
1048 5170 1187 5239 apud
1213 5180 1422 5223 veteres
1446 5173 1751 5239 lrcquenter
1778 5180 2065 5224 occurrunt
2088 5170 2205 5224 ista:

630 5241 926 5294 litterarum
970 5242 1312 5293 mutationes.
1362 5240 1624 5293 Caeterum
1666 5238 1936 5292 Catulinus
1977 5241 2063 5294 hic
2092 5256 2208 5293 nte-

632 5319 885 5376 moratus,
919 5311 962 5363 is
991 5308 1104 5376 ipse
1132 5318 1215 5363 est
1242 5309 1447 5379 absque
1466 5308 1630 5379 dubio
1651 5309 1717 5362 de
1740 5325 1846 5378 quo
1873 5310 2203 5379 Augustinus

630 5381 812 5433 habuit
847 5395 1149 5434 sermonem
1181 5380 1267 5447 qui
1302 5397 1389 5446 per
1430 5378 1673 5431 Natalem
1703 5379 1926 5433 Catulini
1959 5378 2205 5435 inscribi-

630 5464 731 5505 tttt'.
750 5452 879 5516 Ejus
906 5453 1029 5503 item
1053 5450 1305 5502 memoria
1326 5449 1550 5503 celebris
1570 5460 1653 5503 est
1678 5450 1727 5502 iu
1756 5448 2062 5504 kalendaria
2074 5451 2205 5505 Cat-

630 5518 948 5588 thagiuensi,
972 5520 1147 5575 idibus
1172 5519 1315 5572 Julii.
1340 5519 1577 5588 Denique
1606 5531 1723 5583 post
1750 5529 2017 5587 receptam
2048 5535 2077 5572 a
2102 5520 2199 5574 Ju-

628 5593 860 5644 sﬁniano
905 5592 1225 5658 imperatore
1272 5590 1527 5651 Africam,
1584 5589 1879 5657 lleparatus
1925 5590 2202 5659 Carthagi-

629 5662 809 5713 ueusis
855 5661 1076 5715 antistes
1127 5660 1181 5713 in
1234 5660 1448 5714 basilica
1499 5660 1679 5713 Fausti
1733 5658 1915 5713 sedem
1966 5658 2202 5714 restituit

628 5730 1007 5797 episcopalem,
1047 5742 1103 5783 ut
1136 5731 1188 5783 in
1230 5728 1624 5783 Cointuentario
1666 5728 1922 5783 historico
1958 5729 2198 5785 dicemus

638 5809 758 5864 cap.
795 5799 880 5851 12.
927 5800 1150 5854 Basilica
1188 5800 1450 5853 Novarum
1499 5799 1580 5851 hic
1619 5807 1937 5866 memorata,
1987 5815 2046 5855 ca
2086 5801 2197 5869 ipsa

2303 3347 2514 3401 videtur
2531 3360 2651 3400 esse
2674 3362 2830 3416 quam
2859 3346 3179 3407 Augustinus
3202 3349 3253 3402 in
3285 3348 3558 3403 breviculo
3578 3350 3886 3405 collatimiis

2298 3419 2401 3471 diei
2431 3419 2619 3477 tertiae,
2645 3433 2695 3470 c.
2732 3420 2818 3477 l5.
2844 3434 2896 3469 n.
2930 3418 3295 3480 l5,basilicam
3328 3419 3591 3473 Novarum
3623 3423 3885 3487 appellat.

2376 3498 2396 3526 ε
2429 3487 2520 3542 Sic
2542 3488 2764 3555 Optatus
2788 3488 2923 3541 libro
2944 3489 3118 3555 primo
3157 3489 3416 3544 adversus
3455 3490 3886 3558 Parmeniarum,

2300 3557 2657 3629 Zephyrinum
2700 3559 2998 3629 Romanum
3029 3561 3375 3629 "pontiﬁcem,
3425 3562 3656 3613 urbicum
3685 3561 3891 3629 cpisco-

2303 3645 2424 3692 pnm
2451 3627 2703 3697 appellat.
2744 3629 2809 3681 Et
2847 3627 2985 3681 idem
3017 3627 3241 3697 Optatos
3262 3630 3486 3683 urbicam
3519 3627 3892 3684 commcinorm

2302 3701 2488 3773 tionem
2519 3699 2644 3752 dicit
2674 3698 2762 3751 lib.
2784 3714 2872 3773 ll.»
2897 3697 3027 3773 Vide
3064 3699 3323 3773 C_ypria_ni_
3354 3700 3510 3773 epist.
3548 3702 3653 3773 43,
3684 3702 3756 3753 al.
3788 3703 3888 3758 40.

2304 3770 2570 3821 (li-terum
2596 3784 2690 3836 pro
2712 3769 2893 3829 urbici,
2926 3770 3058 3823 edit.
3091 3769 3326 3823 Lorichii
3356 3769 3515 3823 habet
3542 3772 3701 3823 urbis.

2373 3836 2397 3874 ἀ
2432 3839 2519 3891 Sic
2546 3837 2844 3900 Loriebius,
2870 3839 3094 3892 Ortbod.
3121 3854 3169 3893 ei
3205 3839 3404 3893 Bclfor.
3433 3842 3499 3894 At
3526 3839 3701 3895 Cluith.
3723 3840 3893 3896 habet

2304 3908 2425 3959 dum
2472 3924 2626 3959 nzorte
2656 3919 2899 3973 vocatur;
2948 3908 3190 3962 llltenan.
3239 3914 3363 3963 dum
3398 3922 3655 3965 avocatur.
3722 3913 3895 3966 Porro

2304 3987 2520 4032 sanctus
2564 3978 2870 4045 Deogratias
2908 3980 3182 4034 ordinatus
3229 3980 3398 4034 fuerat
3430 3981 3575 4034 {Etio
3615 3995 3665 4035 et
3697 3981 3896 4036 Studia

2303 4048 2636 4121 consulibus,
2658 4048 2719 4121 id
2750 4057 2831 4101 est
2856 4064 2992 4102 anno
3017 4050 3144 4115 4‘54,
3175 4051 3224 4103 in
3259 4050 3475 4105 basilica
3513 4050 3718 4106 Fausti.
3756 4053 3895 4121 Ejus

2307 4117 2565 4191 festivitas
2591 4119 2893 4191 celebratur
2926 4121 2974 4171 iu
3018 4120 3394 4191 Martyrologio
3428 4122 3670 4175 Romano
3700 4117 3896 4177 (ἥθ’ἓέ

2307 4188 2499 4259 Martii,
2530 4198 2584 4243 et
2615 4189 2666 4242 in
2696 4189 3005 4243 hlendario
3035 4188 3439 4259 Carthaginiensi
3484 4194 3639 4246 nonis
3662 4194 3891 4247 Ianuar.

2380 4267 2403 4295 ο
2438 4258 2523 4311 Lis
2549 4269 2631 4312 est
2658 4260 2797 4313 inter
2822 4270 3069 4313 auctores
3094 4278 3160 4315 an
3186 4258 3419 4315 Thomas
3450 4262 3536 4315 hic
3560 4278 3800 4317 memora
3812 4276 3897 4316 tu.-

2307 4328 2358 4402 in
2383 4329 3417 4402 episcoporumAGQCarthaginensium
3442 4334 3685 4402 catalogo
3712 4335 3895 4387 locum

2306 4399 2340 4451 h
2361 4400 2508 4454 there
2524 4400 2733 4453 debeat.
2749 4399 3041 4468 Et'quidem
3060 4399 3176 4453 cuin
3194 4417 3452 4470 nusquam
3467 4402 3600 4457 alias
3614 4399 3736 4469 ejus
3750 4421 3898 4458 men-

2308 4471 2383 4522 tio
2414 4470 2689 4534 habeatur,
2726 4485 2811 4525 res
2837 4482 2916 4523 est
2958 4486 3021 4524 ex
3066 4470 3164 4523 hoc
3206 4471 3435 4527 Victoris
3470 4474 3589 4528 loco
3633 4476 3896 4529 ﬁnienda.

2307 4541 2483 4605 Quare
2512 4540 2747 4593 omnium
2776 4555 2910 4608 quos
2945 4541 3127 4595 videre
3164 4541 3313 4596 licuit
3352 4542 3597 4597 codicum
3632 4545 3900 4599 lectiones

2311 4612 2675 4677 prol’cram,ut
2696 4611 2939 4679 quisque,
2968 4622 3124 4679 prout
3145 4612 3247 4666 sibi
3283 4613 3473 4666 melius
3504 4614 3675 4667 visum
3710 4616 3899 4677 luerit,

2310 4695 2375 4733 ea
2402 4681 2469 4735 de
2496 4696 2554 4753 re
2590 4680 2844 4753 judicium
2874 4680 3028 4753 ferat.
3057 4682 3356 4753 Cbilnotius
3392 4694 3466 4747 et,
3491 4692 3549 4753 ut
3580 4685 3701 4753 ipse
3733 4697 3900 4739 testa—

2307 4760 2414 4824 tur,
2436 4750 2602 4824 codex
2627 4752 2873 4824 cartusire
2900 4751 3179 4824 Portarum
3202 4752 3409 4824 habent
3432 4769 3445 4804 :
3473 4750 3769 4808 Ordinatur
3788 4760 3901 4824 qui-

2307 4823 2427 4872 dam
2474 4822 2529 4873 in
2571 4821 2913 4874 sacerdotium
2952 4823 3154 4875 nomine
3198 4822 3441 4889 Thomas,
3482 4825 3566 4890 qui
3607 4825 3760 4887 dum,
3791 4821 3901 4881 etc.

2307 4890 2532 4963 Orthod.
2560 4898 2617 4963 ᾳ
2638 4892 2817 4963 ίγθτεῇφ
2849 4891 3076 4963 Bellen,
3102 4892 3385 4947 Ordinatur
3409 4895 3623 4963 quidam
3645 4899 3900 4949 sacerdo-

2308 4962 2401 5022 tio,
2432 4970 2537 5015 etc.
2573 4959 2713 5015 Edit.
2748 4961 2989 5016 Rhenani
3020 4963 3263 5017 Balduini
3305 4971 3360 5018 et
3413 4959 3768 5019 Bibliotheca:
3802 4967 3904 5020 Pa-

2309 5039 2472 5097 trum,
2500 5030 2781 5084 Ordinator
2807 5033 3068 5100 quondam
3109 5034 3373 5087 memorati
3399 5035 3705 5099 sacerdotis,
3736 5046 3852 5090 etc.
3889 5054 3901 5089 :

2308 5114 2468 5172 quam
2502 5102 2786 5155 lectionem
2817 5102 2891 5157 uti
2929 5118 3235 5171 germanam
3268 5116 3571 5172 propugnat
3602 5105 3900 5162 Baronius.

2308 5171 2479 5243 Porro
2501 5173 2552 5224 in
2576 5172 3116 5243 Orthodoxographia
3139 5182 3193 5227 ct
3213 5171 3417 5239 aliquot
3438 5171 3620 5241 editis,
3639 5186 3769 5243 post
3788 5178 3908 5231 haec

2306 5242 2505 5306 verba,
2561 5240 2959 5296 Ordinator.....
2994 5240 3218 5297 nomine
3272 5243 3522 5308 Thomas,
3573 5240 3905 5310 reéumitur,

2307 5310 2533 5365 Thomas
2554 5314 2856 5384 uenerabilis
2885 5313 3174 5383 cpiscopus,
3215 5314 3358 5377 dum,
3396 5324 3502 5369 etc.
3530 5332 3542 5366 :
3571 5331 3696 5384 qua:
3735 5322 3905 5372 verba

2307 5396 2370 5453 ex
2402 5383 2659 5450 margine,
2688 5385 2765 5436 uti
2792 5384 2843 5435 in
2874 5397 3004 5440 mss.
3026 5384 3179 5437 Colb.
3212 5386 3235 5438 i
3271 5394 3325 5440 et
3357 5386 3565 5439 Martio.
3595 5383 3905 5453 habentur,

2308 5452 2359 5506 iu
2404 5461 2605 5506 textum
2637 5454 2885 5506 videntur
2918 5455 3171 5508 translata
3204 5454 3389 5509 fuisse.
3437 5456 3572 5510 Hinc
3600 5456 3775 5511 etiam
3806 5460 3908 5513 Lo—

2308 5522 2512 5595 ricbius
2553 5525 2633 5577 sic
2677 5525 2837 5595 habet
2866 5539 2880 5576 :
2916 5523 3198 5595 Ordinatur
3238 5526 3450 5595 quidam
3476 5527 3776 5581 sacerdotio
3809 5547 3905 5581 no-

2248 5642 2253 5647 .
2306 5596 2439 5645 mine
2472 5593 2714 5647 Thomas.
2745 5592 2879 5646 Tum
2911 5594 3094 5648 titulus
3119 5592 3336 5665 capituli
3359 5598 3636 5665 sequentis
3660 5596 3905 5651 Ordina-

2305 5670 2388 5739 tur
2416 5665 2626 5739 quidam
2656 5664 2942 5739 sacerdotio
2989 5664 3199 5739 nouiine
3223 5664 3465 5718 Thomas.
3514 5666 3730 5722 Deinde
3762 5672 3905 5739 capi-

2307 5732 2475 5784 tuluui
2500 5732 2579 5786 sic
2602 5732 2787 5801 incipit
2815 5751 2826 5785 :
2860 5734 3078 5787 Thomas
3116 5736 3388 5803 episcopus
3413 5739 3751 5803 venerabilis,
3786 5732 3906 5792 dum

2306 5804 2481 5867 uariis.
2504 5812 2609 5855 etc.
2636 5804 2801 5859 l’orro
2829 5805 3114 5860 lectionem
3144 5805 3371 5861 duorum
3399 5807 3651 5863 codicum
3671 5810 3904 5866 Colbcr-
