3944 6176
111 302 189 353 l‘tS
1065 292 1147 347 Dii
1187 290 1654 348 PERSECUTION

1774 291 2123 347 ’ΛΝΟᾹΙΛΕΛ
2166 294 2290 349 LIB.
2332 297 2368 349 Ι.
3232 300 3332 354 126

108 413 239 464 uriis
262 410 328 463 ab
354 409 433 463 eis
455 407 664 461 insidiis
685 405 881 474 smpius
908 415 1222 469 arctaretur,
1265 405 1492 473 quodam
1521 413 1655 458 tcm—
1686 411 1731 466 Α
1762 407 1999 460 membra
2030 409 2131 463 mei
2177 408 2417 477 corporis
2445 408 2707 475 dedicavi,
2750 424 2851 464 nec
2890 424 3108 480 possum
3143 412 3332 469 huma-

108 517 212 571 pore
256 497 616 553 venerabilem
667 510 855 551 seuctn
910 495 960 548 in
1012 493 1108 567 [αι.
1152 495 1385 566 publica]
1439 495 1654 564 publico
1760 511 1884 549 num
1907 497 2090 551 sortiri
2119 497 2445 566 conjugium,
2482 497 2683 552 habens
2704 498 2814 566 jam
2851 501 3124 557 cazlcstem
3152 513 3206 559 et
3239 520 3334 561 ve-

107 596 217 649 (acie
241 592 463 646 catomis
496 589 828 643 ceciderunt.
884 588 1033 655 Quod
1090 587 1180 642 ille
1221 603 1324 640 non
1366 589 1428 640 ad
1460 600 1655 655 oppro-
1758 601 1874 640 rum
1907 601 2183 654 sponsum.
2214 588 2320 643 Sed
2344 589 2483 643 dabo
2506 590 2805 645 consilium.
2847 591 2903 647 Si
2942 594 3096 660 velis,
3134 598 3336 663 poteris

107 689 275 747 brium,
303 684 395 737 sed
421 683 487 735 ad
519 681 818 734 mercedem
850 688 1164 747 computans
1202 679 1384 746 gloria:
1422 693 1557 741 suae,
1599 678 1654 730 in
1756 688 1812 732 et
1841 677 1957 747 ipse
1988 680 2078 733 tibi
2109 690 2365 749 praestare
2388 720 2401 745 ,
2451 682 2578 734 dum
2610 681 2760 745 licet,
2811 692 2872 737 ut
2898 684 2982 737 cui
3013 700 3111 754 ego
3132 700 3331 742 concuo

106 778 307 831 Domino
337 776 637 828 lzctabatur.
676 771 822 826 llnde
862 770 1057 825 factum
1090 778 1168 823 est
1207 778 1259 821 ut
1306 778 1420 836 post
1452 768 1654 821 obitum
1758 769 1863 839 pivi
1894 772 2111 837 nubere,
2140 772 2423 828 delecteris
2452 783 2505 827 et
2532 774 2646 843 ipse
2666 776 2888 829 servire.
2908 776 2982 830 lta
3012 777 3205 832 factum
3227 790 3332 844 est,

106 865 311 934 episcttpi
350 866 407 934 8
434 860 793 931 Caitbaginis,
833 860 1137 930 Zeugitaua:
1177 869 1231 913 et
1282 857 1653 912 Proconsulari
1758 861 1984 916 Domino
2009 872 2360 932 procurante,
2394 873 2451 917 ut
2477 863 2736 919 obediens
2769 865 2967 931 Virgini
3005 868 3165 922 etiam
3206 870 3339 924 ado-

108 958 373 1029 pl’OVinciCR
396 949 1650 1023 episcoposinterdiceretordinandus,quorum
1760 951 1969 1007 lescens
2012 967 2166 1009 suam
2207 952 2438 1006 animam
2490 953 2803 1009 lucraretur.
2850 955 3134 1012 Nesciente
3177 958 3336 1027 igitur

112 1058 209 1102 erat
226 1061 478 1100 numerus
506 1053 719 1099 centum
755 1041 1027 1110 sexaginta
1058 1050 1306 1109 quatuor.
1338 1038 1437 1106 Qui
1471 1041 1654 1107 paula-
1761 1043 2000 1097 Vandale
2028 1044 2287 1112 spiritalis
2321 1044 2515 1098 secreti
2545 1046 2951 1112 commercium,
2982 1059 3335 1115 compunctus

108 1142 181 1191 tim
204 1138 533 1200 deﬁcientes,
562 1149 723 1201 nunc,
747 1134 792 1189 si
821 1133 903 1188 vel
928 1132 1027 1202 ipsi
1051 1142 1359 1199 supersunt,
1399 1139 1508 1185 tres
1538 1141 1658 1184 tan-
1760 1148 1919 1201 atque
1948 1143 2178 1190 mutatus
2208 1135 2576 1199 Martiuianns,
2609 1136 2769 1191 etiam
2798 1138 2910 1191 suis
2939 1138 3190 1193 fratribus
3214 1156 3335 1208 per-

109 1244 195 1285 tum
232 1245 351 1285 esse
389 1229 669 1283 videntur:
701 1226 1007 1280 Vincentius
1036 1233 1062 1261 ⁸
1101 1224 1413 1292 Gigitanus,
1460 1222 1660 1277 Paulus
1760 1227 1999 1280 snasitut
2025 1226 2329 1280 thesaurum
2351 1242 2508 1296 quem
2533 1229 3108 1297 invenerathabcrent,
3134 1241 3337 1299 utpote

111 1321 529 1384 l’SlnllﬂrilaIIUS,
571 1333 698 1370 vere
740 1316 932 1371 merito
972 1326 1025 1369 et
1067 1315 1285 1369 nomine
1325 1314 1553 1377 Paulus;
1601 1322 1656 1368 et
1760 1321 2024 1388 germani,
2054 1334 2420 1373 communem.
2464 1320 2769 1374 Conversus
2804 1321 2983 1389 itaque
3017 1337 3138 1375 cum
3171 1323 3338 1376 tribus

112 1415 218 1467 alius
243 1412 589 1479 Quintianus.
639 1410 728 1477 qui
774 1422 914 1461 nunc
958 1407 1387 1476 persecutionem
1419 1404 1651 1474 fugiens,

112 1504 222 1573 apud
269 1513 289 1540 ε
343 1503 601 1555 Edessam
659 1497 979 1553 Macedoniae
1030 1496 1301 1552 civitatem
1355 1509 1662 1551 commonet

115 1610 422 1662 pcregrtnus.

169 1614 190 1649 r
252 1611 422 1647 rtnus.

169 1611 493 1741 Xigllaaima
521 1694 569 1739 et
596 1684 689 1737 alii
717 1692 963 1752 martyres
992 1691 1037 1734 et
1066 1684 1395 1749 confessores.
1424 1676 1529 1719 -ά
1556 1676 1659 1734 Sed

1763 1412 2014 1467 fratribus
2045 1414 2177 1478 suis,
2226 1413 2315 1467 Dei
2342 1427 2553 1481 quoque
2606 1414 2781 1481 puella
2825 1415 3138 1478 comitante,
3180 1424 3341 1470 nocte

1762 1506 1900 1559 clam
1930 1505 2288 1573 egredientes,
2318 1506 2329 1541 ί
2364 1506 2673 1560 Tabraceno
2710 1508 3055 1570 monasterio,
3085 1509 3168 1561 cui
3210 1523 3337 1576 pra:-

1764 1606 1876 1650 erat
1904 1606 2029 1650 tunc
2058 1596 2248 1650 nobilis
2269 1605 2451 1664 pastor
2467 1597 2728 1661 Andreas,
2756 1598 3048 1651 sociantur.
3082 1597 3173 1652 Illa
3206 1614 3335 1653 vero

1768 1685 1908 1739 haud
1951 1688 2134 1754 procul
2181 1688 2560 1742 monasterium
2609 1687 2829 1742 incoluit
2861 1689 3172 1757 puellarum.
3225 1689 3338 1746 Sci-

112 1782 240 1831 etiam
270 1787 398 1830 tunc
418 1784 687 1846 martyres
722 1771 1100 1842 quamplurimi
1142 1769 1308 1826 fuisse
1346 1771 1658 1839 probantur.
1692 1760 1741 1819 Β
1767 1780 1991 1832 scitante
2018 1777 2177 1844 igitur
2208 1778 2434 1831 barbaro
2476 1779 2904 1847 inquisitionibus
2932 1789 2985 1832 et
3023 1780 3337 1834 muneribus

113 1868 468 1922 t‘onl’essorum
492 1875 672 1920 autem
703 1864 890 1934 ingens
915 1872 969 1917 et
999 1862 1226 1930 plurima
1257 1861 1563 1924 multitudo,
1594 1875 1661 1914 ex

110 1959 272 2027 quibus
319 1958 536 2024 aliquos
584 1968 806 2008 narrare
854 1952 1089 2008 tentabo.
1135 1952 1298 2005 Erant
1350 1962 1476 2005 tunc
1521 1950 1661 2005 servi

110 2048 358 2116 cujusdam
392 2045 624 2100 Vandali
651 2063 663 2097 :
696 2044 793 2097 fuit
814 2054 993 2098 autem
1027 2043 1115 2098 hic
1144 2042 1411 2097 Vandalus
1440 2041 1506 2096 de
1533 2042 1659 2109 illis,

108 2152 218 2207 quos
248 2136 578 2192 Ilillenarios
605 2143 813 2199 vocant,
861 2143 884 2172 ε
916 2134 1284 2200 Martinianus,
1323 2132 1658 2196 Saturianus,

109 2240 152 2282 et
187 2242 361 2282 eorum
411 2228 526 2281 duo
570 2226 845 2295 germani;
894 2232 1007 2280 erat
1038 2234 1091 2279 et
1117 2223 1361 2294 qumdam
1398 2238 1661 2278 conserva

109 2335 266 2373 eorum
291 2318 511 2387 egregia
539 2317 735 2370 Christi
758 2316 952 2370 ancilla
984 2316 1201 2371 nomine
1227 2315 1455 2369 Maxima
1476 2354 1492 2378 ,
1536 2328 1662 2368 cor-

110 2427 214 2479 pore
238 2412 397 2466 simul
421 2421 482 2464 et
512 2410 605 2481 [aL
636 2408 836 2479 mente]
859 2408 1021 2462 corde
1049 2407 1262 2464 decora.
1294 2408 1361 2461 Et
1380 2409 1499 2476 quia
1525 2407 1663 2460 Mar-

111 2504 309 2557 tinianus
338 2501 662 2555 armifactor
687 2509 824 2561 erat,
864 2507 920 2553 et
946 2497 1165 2551 domino
1201 2512 1300 2552 suo
1347 2498 1476 2551 satis
1517 2496 1663 2551 vide-

112 2594 238 2646 batur
258 2601 539 2660 acceptus,
573 2600 627 2645 et
656 2590 883 2644 Maxima
915 2589 1177 2643 universae
1203 2589 1380 2641 domui
1412 2588 1662 2642 domina-

110 2688 270 2748 latur,
326 2684 565 2739 credidit
616 2682 915 2747 Vandalus,
975 2689 1034 2734 ut
1085 2680 1269 2735 ﬁdeles
1331 2681 1433 2734 sibi
1495 2681 1665 2749 magis

114 2787 408 2831 memoratos
439 2776 647 2829 faceret
672 2774 917 2837 larnulos,
949 2772 1320 2826 Martinianum
1355 2772 1664 2826 lilaximam-

111 2882 191 2935 que
212 2865 484 2936 conjngali
512 2864 788 2920 consortio
816 2865 1046 2918 sociare.
1088 2862 1439 2917 Martinianus
1484 2864 1668 2918 adole-

111 2959 447 3011 scentulornm
478 2956 818 3011 szecularium
847 2968 997 3009 more
1017 2954 1321 3023 conjugium
1347 2953 1662 3020 allectabat;

1765 1868 1987 1933 crebris,
2011 1868 2149 1937 quod
2172 1878 2376 1938 gestum
2396 1878 2509 1923 erat
2526 1870 2687 1923 celari
2714 1883 2818 1922 non
2843 1870 3031 1938 potuit.
3059 1870 3339 1924 inveniens

1766 1961 1943 2028 itaque
1991 1958 2099 2027 jam
2148 1973 2251 2013 non
2297 1974 2415 2022 sua,
2463 1959 2554 2014 sed
2583 1958 2777 2012 Christi
2809 1958 3093 2026 mancipia,
3125 1959 3341 2026 cnnjicit

1767 2050 1819 2103 in
1852 2049 2097 2113 vinculis,
2130 2057 2185 2103 et
2213 2050 2375 2102 variis
2411 2050 2691 2103 tormentis
2726 2050 2816 2103 Dei
2851 2049 3075 2104 famulos
3112 2051 3341 2104 insccta-

1766 2149 1879 2205 tur;
1913 2153 2075 2207 agens
2104 2154 2223 2194 cum
2253 2141 2332 2194 eis
2362 2154 2465 2193 non
2502 2151 2703 2193 tantum
2730 2150 2786 2193 ut
2817 2140 3015 2209 pariter
3051 2143 3342 2195 misceren-

1768 2239 1873 2297 tur,
1905 2233 2022 2296 sed,
2055 2232 2195 2301 quod
2224 2233 2439 2301 gravius
2479 2242 2583 2297 est,
2630 2246 2725 2298 per
2759 2233 3195 2300 rebaptizatiouis
3234 2248 3342 2287 cte-

1767 2338 1917 2388 num,
1952 2322 2072 2377 fidei
2100 2337 2210 2377 sua:
2245 2332 2556 2377 ornamenta
2607 2332 2903 2391 turparent.
2952 2322 3197 2377 Pervenit
3240 2322 3341 2377 hoc

1766 2413 1936 2482 ipsum
1969 2428 2139 2481 usque
2166 2413 2229 2467 ad
2258 2413 2501 2466 notitiam
2530 2413 2785 2467 Geiserici
2816 2414 2976 2482 regis,
3023 2415 3111 2482 qui
3140 2429 3341 2483 praece-

1767 2507 1844 2572 pit
1886 2513 1942 2557 ut
1986 2504 2165 2557 tandiu
2217 2503 2574 2572 implacabilis
2619 2503 2782 2557 herus
2829 2518 3013 2558 servos
3060 2502 3341 2571 afﬂigeret,

1765 2594 2001 2664 quandiu
2034 2595 2176 2648 illius
2202 2594 2615 2649 succumberent
2641 2594 2924 2647 voluntati.
2955 2594 3114 2648 lubet
3142 2594 3195 2647 in
3228 2610 3341 2645 ιηο-

1766 2688 1891 2741 dum
1945 2685 2175 2739 ferarum
2219 2684 2383 2738 fustes
2423 2686 2669 2739 robustos
2704 2685 2870 2738 veluti
2913 2685 3174 2752 palmatos
3218 2700 3341 2736 cum

1769 2778 2026 2846 stirpibus
2056 2776 2189 2834 fieri.
2223 2776 2310 2845 qui
2344 2774 2511 2846 [Colb.
2548 2776 2599 2840 1,
2630 2773 2950 2843 quatientes]
2981 2774 3341 2842 quatientibus

1770 2868 1933 2937 tergis
1959 2883 2063 2921 non
2088 2866 2261 2921 solum
2292 2880 2413 2919 ossa
2439 2863 2858 2933 confringerent,
2886 2862 2978 2918 sed
3007 2864 3169 2917 etiam
3202 2874 3341 2917 tete-

1769 2958 1987 3013 brantes
2037 2958 2209 3011 aculei
2264 2957 2584 3010 intrinsecus
2636 2964 2996 3009 remanerent.
3066 2954 3165 3019 Qui
3213 2954 3337 3007 dum

113 3049 442 3117 5'“i'lml'm,
476 3049 587 3115 iam
628 3048 736 3100 Deo
762 3053 991 3110 sacrata.
1039 3044 1299 3099 humanas
1331 3044 1542 3113 ImPtias
1584 3061 1695 3099 rc-.
1768 3050 1983 3119 sanguis
2015 3048 2279 3112 efﬂueret,
2325 3057 2379 3101 et
2417 3046 2686 3109 dissipatis
2722 3044 2972 3098 carnibus
2999 3045 3207 3100 visceia
3242 3060 3338 3099 nu-

113 3140 302 3193 lutabat.
341 3144 416 3193 At
446 3138 533 3193 ubi
565 3147 779 3191 ventum
809 3145 892 3190 εει
927 3144 983 3189 ιιι
1007 3135 1236 3189 cubiculi
1268 3134 1542 3189 adircnlur
1572 3149 1659 3190 εθ-
1689 3126 1738 3190 C
1769 3141 2047 3206 darentur,
2079 3138 2323 3208 Sequenti
2345 3137 2455 3203 die,
2482 3136 2698 3190 Christo
2726 3136 2997 3201 mcdeute,
3025 3150 3237 3204 semper
3260 3142 3334 3191 in-

110 3241 227 3287 ereta
254 3232 496 3295 silentia,
524 3239 580 3284 et
627 3229 973 3285 Martinianus
1017 3228 1262 3282 nesciens
1297 3228 1423 3297 quid
1472 3228 1539 3283 de
1571 3228 1664 3284 illo

111 3324 387 3379 decreverat
422 3324 589 3385 Deus,
612 3320 841 3375 maritali
873 3320 1061 3375 ﬁducia
1105 3324 1252 3386 quasi
1288 3335 1408 3373 cum
1435 3321 1663 3391 conjuge

113 3427 299 3484 cuperet
341 3416 627 3479 cubitare,
682 3413 799 3465 viva
842 3427 975 3465 voce
1020 3416 1066 3465 ei
1123 3421 1413 3464 memorata
1468 3412 1663 3467 famula

112 3506 279 3562 Christi
315 3504 605 3578 reSpondit
632 3522 643 3557 :
673 3502 890 3559 Christo
922 3518 1042 3572 ego,
1085 3517 1116 3555 ο
1142 3502 1452 3557 Martiniano
1475 3503 1657 3571 frater,

116 3682 304 3733 tinctum
335 3678 654 3746 selegimus,
675 3676 757 3729 cui
789 3691 923 3743 pene
952 3676 1239 3731 conformis
1262 3687 1424 3732 estea
1453 3694 1572 3747 quae
1605 3681 1657 3734 in

116 3750 237 3803 Colb.
269 3752 433 3804 tertio
465 3758 518 3801 et
548 3749 598 3801 in
641 3747 824 3801 codice
853 3749 1021 3799 sancti
1052 3746 1254 3801 Martini
1286 3746 1529 3813 habetur,
1572 3752 1661 3805 ubi

116 3822 346 3873 ordinatur
374 3819 637 3883 quondam
667 3817 969 3880 sacerdotio,
1016 3828 1146 3882 etc.,
1174 3818 1314 3883 quod
1341 3821 1548 3872 creteris
1584 3823 1664 3872 vi-

114 3892 265 3943 deatur
299 3890 474 3943 textui
502 3889 845 3942 cont‘ormior.
880 3888 944 3940 Et
968 3888 1179 3954 quidem
1207 3887 1308 3940 hoc
1336 3903 1422 3942 me
1450 3891 1657 3956 potissi-

115 3977 229 4012 tuum
257 3970 469 4021 movet,
501 3967 559 4011 ut
598 3958 817 4011 'l'homa:
849 3972 1041 4011 nomen
1068 3973 1131 4011 ex
1162 3956 1657 4027 Carthaginensium

111 4033 373 4083 sutisntum
405 4030 650 4097 catalogo
678 4042 998 4097 expungam,
1025 4029 1161 4096 quod
1187 4029 1327 4081 nulla
1355 4030 1521 4096 ipsius
1544 4045 1657 4085 me-

112 4101 249 4153 moria
281 4102 333 4154 in
380 4100 747 4152 vettmtissimo
789 4096 1097 4151 kalentlario
1125 4096 1528 4166 Carthaginensi
1563 4103 1658 4153 ha-

112 4174 288 4234 beatur,
318 4173 373 4224 in
403 4185 515 4237 quo
537 4177 714 4222 tamen
740 4172 917 4221 cancri
949 4167 1172 4221 istorum
1203 4176 1501 4235 temporum
1527 4170 1660 4223 Car-

112 4244 429 4309 thaginenses
455 4239 689 4307 episcopi
713 4246 957 4309 accurate
979 4239 1423 4309 recensentur._Et
1445 4240 1657 4307 quidem

112 4314 149 4359 in
170 4307 226 4363 eo
252 4326 358 4363 non
392 4309 569 4363 solum
603 4309 853 4370 Aurelius,
884 4308 1183 4373 Capreolus,
1215 4307 1655 4379 autgl)eogratias,

110 4382 176 4445 qui
204 4383 254 4434 iu
274 4380 460 4433 Africa
483 4394 515 4433 e
537 4379 668 4432 vivis
694 4387 1060 4440 excesserunt,
1085 4379 1177 4432 sed
1204 4387 1260 4432 et
1292 4377 1659 4442 Quotvhltdeus

111 4465 147 4499 et
175 4449 457 4520 Eugenius,
489 4449 544 4520 in
574 4448 824 4520 eneruis»
849 4448 972 4500 licet
1019 4448 1303 4520 provinciis
1345 4448 1452 4502 fato
1492 4448 1655 4502 functi

111 4518 477 4574 incinat-antur.
521 4518 721 4572 Deinde
750 4518 866 4572 Αόο
894 4529 1106 4571 sanctos
1136 4519 1415 4586 cpisc0pos
1443 4520 1528 4585 qui
1559 4520 1659 4572 sub

108 4591 357 4645 Genserici
412 4589 787 4657 persecutione
818 4590 955 4655 passi
1000 4588 1228 4651 fuerant,
1276 4604 1563 4643 recensens
1591 4604 1655 4644 ex

112 4659 313 4715 Victoris
344 4656 594 4720 historia,
628 4656 875 4710 Thomam
904 4658 1043 4710 hunc
1069 4659 1267 4711 omisit.

165 4740 186 4766 ⁸
212 4729 439 4785 Orthod.
461 4738 517 4782 et
538 4726 815 4798 Lorichius
844 4727 1040 4798 habent
1070 4727 1353 4798 l’t'gitanus.
1380 4727 1437 4781 ln
1466 4728 1658 4782 Notitia

112 4800 276 4854 Africae
304 4799 544 4854 Occurrit
575 4796 866 4851 Vincentius
894 4796 1158 4867 Ziggensis
1186 4799 1237 4851 in
1270 4799 1659 4865 proconsulari,

108 4884 239 4931 quem
261 4870 408 4923 hunc
433 4871 605 4937 ipsum
634 4882 755 4922 esse
777 4869 866 4936 qui
889 4868 973 4920 hic
998 4880 1347 4937 memoratur,
1368 4878 1516 4937 putat
1538 4883 1661 4921 eru-

106 4940 224 4993 ditus
259 4935 509 4994 Baluzius
552 4938 603 4991 in
636 4935 883 4992 notis’ad
927 4952 1045 5005 cap.
1081 4935 1180 4991 128
1204 4935 1505 4992 enllationis
1530 4938 1659 4992 Car-

108 5010 549 5077 tltaginensismbi
574 5009 715 5062 inter
736 5007 1037 5077 Catholicos
1063 5009 1324 5062 antistites
1350 5018 1661 5062 recensetur

110 5076 385 5141 Quadratus
398 5081 665 5149 episcopus
681 5077 837 5146 plebis
853 5076 1134 5149 (legitimae.
1158 5077 1359 5132 Videsis
1373 5080 1503 5134 infra
1526 5077 1661 5149 (Col.

109 5148 211 5217 ἱεῖς)
224 5158 411 5205 notam
424 5148 488 5203 411
508 5151 559 5204 in
576 5150 852 5215 episcopos
867 5148 1153 5218 provinciae
1169 5148 1557 5214 proconsularis
1573 5149 1662 5217 qui

111 5222 148 5270 in
174 5222 365 5273 Notitia
410 5219 695 5274 habentur.
733 5218 899 5272 Porro
927 5218 1109 5273 sedem
1145 5218 1228 5270 hic
1254 5232 1284 5270 a
1316 5218 1525 5272 Victore
1547 5234 1662 5273 nie-

111 5301 347 5344 moratam
365 5306 485 5344 esse
506 5289 722 5358 Cegetu,
751 5305 869 5359 qua:
892 5289 1027 5342 ultra
1068 5287 1425 5359 Naraggaram
1472 5302 1662 5342 versus

108 5359 391 5414 Numidiam
418 5364 522 5414 sita
564 5370 647 5414 est
688 5362 738 5411 in
776 5360 970 5414 tab-slis
1006 5358 1448 5425 Peutingerianis,
1478 5367 1661 5412 censet

108 5428 326 5484 Norisius
378 5431 432 5484 in
479 5444 705 5484 censura
756 5440 996 5484 notarum
1040 5428 1282 5483 Garnerii
1334 5427 1383 5479 in
1437 5428 1657 5481 Marium

106 5500 464 5570 Mercatorem.
498 5500 635 5554 Hinc
659 5514 955 5570 anoiiymus
981 5500 1263 5570 Ravennas
1279 5497 1385 5570 lib.
1416 5512 1657 5570 "unum.

104 5570 143 5630 6,
167 5568 360 5640 Gegelu
391 5570 623 5624 collocat
651 5571 702 5623 in
742 5568 1006 5640 Numidia.
1037 5568 1182 5623 lnter
1209 5568 1487 5640 episcopos
1516 5568 1661 5621 Mau-

106 5637 287 5696 ritania:
314 5642 592 5697 Sitifensis
620 5655 764 5694 num.
796 5639 861 5694 15
886 5646 936 5695 in
968 5640 1161 5693 Notitia
1191 5637 1439 5692 Africana
1472 5652 1660 5692 recen-

104 5722 229 5764 tetttr
258 5713 601 5767 Constantius
624 5709 914 5777 Gegitanus.
945 5709 1051 5766 Sed
1080 5710 1164 5764 hic
1193 5712 1424 5778 aliquem
1451 5710 1658 5763 antisti-

1769 3232 2009 3287 columes
2038 3228 2417 3283 reddebantur.
2451 3225 2561 3279 Hoc
2596 3226 2788 3292 saepius
2826 3240 2888 3278 ac
2931 3227 3097 3279 multo
3146 3226 3338 3279 factum

1764 3334 1845 3378 est
1870 3335 2130 3390 tempore,
2162 3320 2352 3391 [MarL
2392 3319 2477 3391 ut]
2517 3330 2570 3375 et
2620 3322 2762 3374 nulla
2808 3320 3077 3388 plagarum
3118 3318 3339 3386 vestigia

1763 3416 2096 3475 videbantur,
2129 3421 2315 3466 sancto
2341 3410 2544 3480 Spiritu
2573 3411 2796 3466 subinde
2818 3420 3061 3465 curante.
3091 3408 3219 3463 Post
3242 3412 3341 3460 hoc

1767 3515 1791 3553 α
1821 3512 2095 3559 arctantur
2128 3502 2360 3556 maxime
2387 3501 2517 3555 dura
2539 3501 2801 3571 custodia,
2825 3499 3187 3569 compcdeque
3227 3513 3341 3551 cru-

1767 3689 1874 3735 tem
1901 3694 1930 3735 e
1953 3676 2421 3749 proconsularibus
2441 3676 2690 3732 aVictore
2707 3677 2926 3732 indicari
2949 3685 3096 3731 extra
3116 3678 3335 3734 dubium

1766 3760 1869 3858 est;
1892 3820 1979 3874 Sic
2009 3817 2158 3872 Colb.
2191 3818 2225 3870 2
2245 3832 2364 3871 cum
2398 3817 2654 3870 Rhenano
2680 3826 2733 3871 et
2754 3817 2871 3869 aliis
2899 3816 3073 3871 editis.
3096 3819 3161 3870 At
3181 3817 3335 3873 Mart.

1765 3901 1814 3945 et
1846 3891 1996 3945 Colb.
2032 3891 2054 3943 1
2094 3888 2287 3942 habent
2311 3886 2699 3941 Sitinaritanus.
2735 3887 2925 3940 Etlit.9
2950 3889 3337 3942 Sitmaritanus.

1764 3962 1973 4016 Nosme
2018 3959 2264 4013 lectionis
2296 3957 2490 4010 veritas
2521 3972 2582 4009 ex
2630 3956 2822 4011 Notitia
2866 3956 3112 4012 Africana
3144 3962 3342 4012 contir-

1765 4040 1960 4092 matur,
2004 4030 2091 4082 ubi
2128 4040 2264 4083 inter
2286 4029 2566 4095 episcopos
2598 4028 2882 4094 provinciae
2916 4030 3332 4090 procoosnlaris,

1766 4118 1913 4155 num.
1947 4102 1999 4163 5,
2039 4098 2232 4152 Paulus
2260 4096 2607 4160 Sinnarcnsis,
2638 4102 2708 4149 uti
2750 4112 2813 4148 ex
2844 4097 2963 4149 cod.
2996 4097 3338 4151 Laudunensi

1765 4172 2114 4236 restituimus,
2130 4168 2380 4222 occurrit.
2403 4167 2695 4220 Videnotas
2715 4167 2899 4219 incum
2921 4166 3328 4221 Notitimlocuin.

1840 4252 1862 4279 ε
1895 4240 2192 4301 Lorichius,
2225 4239 2487 4292 Adessam.
2515 4238 2742 4291 {Edessa
2791 4252 2948 4299 porro
2977 4238 3101 4289 urbs
3127 4248 3208 4288 est
3233 4238 3338 4288 Ma-

1765 4311 2003 4365 cedoniae
2032 4311 2081 4361 in
2116 4308 2409 4367 .‘Emathia,
2443 4324 2560 4377 qua!
2592 4309 2745 4375 vulgo
2783 4306 2992 4359 Vodena
3018 4308 3336 4374 appellatur.

1770 4381 1827 4434 In
1856 4380 2051 4434 Notitia
2099 4378 2290 4434 Africo
2332 4379 2471 4431 inter
2504 4378 2795 4446 Episcopus
2830 4378 3217 4443 proconsularis
3249 4392 3336 4429 re-

1768 4463 2018 4506 ccusetur
2063 4449 2368 4514 Quintianus
2411 4447 2702 4511 Urcimnns,
2745 4449 2831 4513 qui
2876 4446 3116 4499 fortassis
3150 4447 3193 4498 is
3224 4446 3339 4515 ipso

1766 4532 1847 4575 est
1878 4521 2185 4586 Quintianus
2210 4533 2366 4584 quem
2400 4519 2484 4571 hic
2520 4518 2697 4569 Victor
2727 4528 2909 4571 no~ter
2940 4515 3134 4569 laudat.

1834 4590 1860 4628 ά
1892 4591 1981 4644 Sic
2007 4588 2159 4643 Colb.
2188 4589 2239 4641 l.
2265 4588 2479 4650 Caneri,
2500 4586 2603 4641 Sed
2627 4589 2777 4640 etiam
2798 4586 3041 4655 martyria
3070 4587 3341 4656 quamplu-

1764 4663 1894 4713 rima
1925 4676 2119 4713 ωηιξη..
2152 4674 2214 4709 ea:
2240 4657 2418 4726 quibus
2448 4657 2640 4724 aliqua,
2672 4666 2776 4711 etc.

1843 4740 1865 4769 ε
1888 4728 2135 4789 Orthod.,
2282 4722 2634 4797 Maturianus;
2656 4725 2954 4797 Lorit-hius,
2975 4722 3299 4797 illauritmns
3319 4741 3337 4788 ,-

1766 4800 1858 4853 sed
1880 4800 2095 4853 inferius
2110 4794 2324 4863 semper
2337 4797 2523 4850 scribit
2537 4796 2880 4849 Matnrianus.
2896 4794 3042 4848 Colb.
3063 4796 3084 4848 1
3104 4811 3335 4863 sequen-

1768 4881 1872 4923 tem
1895 4870 2125 4936 appellat
2155 4867 2543 4922 Saturnianum.
2579 4866 2947 4935 Martyrologia
2973 4874 3150 4936 vetera
3192 4865 3337 4936 43lo-

1769 4941 1870 5005 nis,
1908 4933 2151 5004 Usbardi,
2184 4936 2346 5000 Flori,
2366 4948 2471 4990 etc.
2497 4939 2584 4991 die
2609 4941 2671 4991 16
2697 4933 2943 4990 Octobris
2972 4934 3163 5005 habent
3190 4933 3338 4985 Mar-

1770 5003 1939 5063 (ianus
1965 5018 2014 5063 et
2042 5007 2370 5077 Satyrianus.
2406 5006 2479 5060 De
2503 5006 2809 5060 Millenariis
2849 5020 2976 5077 vero
3013 5003 3104 5077 hic
3134 5019 3336 5077 memo-

1770 5090 1898 5132 ratis
1918 5119 1931 5142 ,
1954 5080 2060 5147 jam
2080 5074 2239 5147 supra
2274 5077 2503 5132 diximus
2528 5092 2590 5131 ex
2622 5077 2881 5146 Proc0pio
2911 5074 3022 5146 (Ad
3050 5076 3203 5129 imam
3235 5075 3334 5128 col.

1771 5150 1894 5211 181,
1925 5166 1978 5204 n.
2013 5151 2088 5211 ⁸).

2013 5159 2037 5185 ΙΙ

1842 5151 2127 5274 ‘LT’abrgi-a
2165 5217 2290 5271 urbs
2329 5225 2412 5270 est
2450 5227 2572 5270 nota
2608 5217 2745 5284 apud
2786 5215 3031 5282 antiquos
3066 5223 3334 5279 auctores,

1766 5290 1909 5344 inter
1935 5288 2372 5342 l’roconsularem
2395 5297 2448 5341 et
2471 5287 2789 5349 Numidiam,
2816 5288 2866 5341 in
2897 5287 3156 5340 hodierno
3177 5284 3335 5351 Alge-

1765 5361 1830 5413 rii
1865 5373 2026 5427 regno
2054 5360 2175 5421 sita,
2204 5358 2356 5426 cujus
2383 5357 2664 5425 episcopus
2706 5356 2993 5427 Victoricus
3016 5374 3045 5407 α
3076 5354 3337 5427 Thabraca

1763 5422 2082 5484 sententiam
2127 5422 2444 5481 dixit'num'.
2485 5422 2648 5481 25in
2688 5428 2918 5482 concilio
2957 5424 3204 5488 Carthag.
3236 5422 3337 5473 sub

1763 5509 1952 5554 sancto
1977 5498 2279 5569 Cypriane;
2311 5507 2366 5551 et
2390 5497 2711 5569 Rusticianus
2738 5495 3002 5569 collationi
3024 5491 3334 5569 Carthagini.

1763 5569 1951 5633 adfuit,
1977 5560 2099 5623 cum
2124 5560 2388 5622 Clarentio
2408 5567 2524 5634 ejus
2547 5568 2852 5621 adversario
2878 5580 2941 5617 es
2970 5572 3119 5629 parte
3142 5560 3334 5615 Donati

1763 5639 1973 5713 Cognit.
2012 5639 2060 5702 1,
2088 5652 2217 5713 cap.
2242 5636 2341 5691 1ἳὸ
2363 5646 2416 5691 et
2440 5637 2567 5713 111³1ἶ

1840 5700 1872 5757 ἔ
1896 5710 1984 5765 Sic
2014 5700 2339 5763 restit'nitnus
2359 5721 2423 5761 ex
2446 5707 2652 5760 duobus
2674 5718 2827 5768 mss.,
2852 5718 2959 5757 uno
2983 5701 3189 5758 scilicet
3212 5700 3334 5755 Col-
