3944 6176
582 322 681 379 195

1873 299 2181 358 VICTORIS
2226 292 2527 357 Vl’l‘ENSIS

3716 310 3813 365 196

577 434 681 490 deli
706 430 1083 493 extenduntur,
1116 426 1306 496 quibus
1328 440 1450 480 eum
1481 424 1572 479 Dei
1598 438 1871 479 servorum
1909 425 2134 478 visitan-
2162 431 2209 488 Α
2239 432 2297 477 ut
2326 423 2579 493 agerjam
2603 422 2778 477 cultus
2809 430 2863 477 et
2906 421 3291 489 ingraminatus
3316 434 3529 475 vomere
3558 423 3815 489 praedica-

578 526 707 578 tium
741 537 845 576 non
894 521 1105 573 deesset
1138 517 1431 584 frequentia
1467 515 1769 569 videntibus
1812 514 2016 567 cunctis
2058 513 2139 567 in-

576 610 813 678 gentium
865 608 1128 676 lignorum
1170 612 1484 673 putrescens
1528 602 1697 657 soluta
1738 611 1821 657 est
1866 602 2142 655 fortitudo.

576 699 879 754 Miraculum
895 699 949 767 9
971 698 1071 750 hoc
1100 705 1152 749 et
1180 710 1307 750 voce
1330 694 1895 754 omnium'celebratur,
1919 702 1974 748 et
1994 693 2148 747 nobis

577 790 666 843 ille
696 788 760 842 ad
792 802 948 856 quem
994 785 1234 839 custodia
1274 784 1589 854 pertinebat,
1642 798 1762 839 cum
1811 793 2147 837 sacramento

578 888 802 935 testatus
830 888 912 932 est
940 880 1008 933 ita
1040 877 1222 931 fuisse.

648 971 738 1024 XI.
770 971 1073 1040 Martyrium
1115 969 1386 1036 complent.
1409 993 1477 1009 —-
1515 970 1582 1022 At
1623 968 1712 1022 tibi
1745 966 2012 1020 Vandalus
2041 966 2148 1018 viro

579 1072 741 1116 tntem
775 1061 1009 1130 neglexit
1047 1073 1371 1125 cognoscere
1422 1058 1676 1124 divinam,
1719 1055 1880 1124 coepit
1906 1055 1957 1109 in
1986 1056 2146 1108 domo

582 1154 699 1221 cjus
730 1153 1042 1206 vindicatrix
1079 1152 1157 1204 ira
1197 1150 1450 1219 grassari.
1494 1148 1709 1201 Moritur
1740 1148 1853 1215 ipse
1895 1146 2054 1200 simul
2092 1153 2148 1199 et

579 1243 707 1307 ﬁlii;
757 1241 975 1295 familia:
1025 1252 1185 1305 atque
1228 1239 1557 1302 animalium,
1586 1252 1916 1306 quascunque
1946 1238 2144 1303 Optima

579 1340 767 1395 erant,
801 1332 1002 1399 pariter
1048 1331 1337 1383 intereunt.
1387 1328 1688 1381 ltemanens
1718 1328 1893 1394 itaque
1931 1326 2144 1380 domina

584 1420 763 1485 vidua,
798 1420 1010 1489 marito,
1041 1420 1164 1475 filiis
1184 1460 1199 1484 ,
1229 1428 1284 1474 et
1308 1418 1600 1473 substantia
1644 1419 1915 1482 destituta,
1962 1431 2146 1472 servos

577 1510 774 1563 Christi
823 1520 1048 1579 cognato
1093 1510 1231 1579 regis
1280 1511 1373 1581 [αι.
1401 1507 1641 1578 Sesacni]
1688 1508 1936 1561 Sersaoni
1977 1507 2143 1576 gratia

575 1600 811 1655 muneris
858 1601 1032 1655 offert.
1064 1601 1168 1667 Qui
1207 1616 1326 1657 cum
1359 1615 1483 1664 eos,
1539 1608 1723 1668 utpote
1751 1598 1989 1663 oblatos,
2023 1612 2144 1651 cum

574 1691 928 1760 gratulatione
972 1692 1133 1745 nimia
1179 1693 1536 1759 suscepisset,
1571 1690 1706 1743 filios
1736 1698 1790 1743 et
1822 1689 2143 1743 domesticos

2246 517 2403 570 tionis
2431 515 2791 583 evangelicum
2840 514 3135 580 susciperet
3162 528 3363 579 semen,
3397 524 3450 567 et
3477 514 3650 568 imbre
3680 516 3814 569 sacri

2245 605 2579 673 baptismatis
2622 604 2904 672 rigaretur.
2965 602 3178 656 Mittunt
3223 603 3427 671 legatos
3474 617 3571 669 per
3624 605 3814 658 itinera

2248 694 2473 749 distenta
2495 694 2728 759 deserti;
2763 692 3063 762 pervenitur
3086 692 3297 746 tandem
3326 693 3390 747 ad
3408 693 3679 748 civitatem
3713 696 3815 750 Ro-

2246 800 2490 850 manam;
2527 795 2744 854 rogatur
2767 786 3052 854 episcopus
3082 794 3138 837 ut
3169 786 3537 855 presbyterum
3568 802 3630 841 ac
3661 788 3814 841 mini-

2244 885 2386 929 stros
2412 875 2647 930 credenti
2674 877 2866 945 p0pulo
2889 874 3198 928 destinaret.
3216 872 3243 910 ι)
3260 874 3451 943 Esplet
3475 890 3595 929 cum
3625 879 3817 945 gaudio

2246 966 2388 1033 quod
2420 966 2697 1033 petebatur
2728 964 2996 1030 pontifex;
3041 964 3131 1019 Dei
3185 967 3511 1018 construitur
3553 966 3816 1028 ecclesia,

2246 1056 2549 1125 baptizatur
2594 1056 2751 1110 simul
2777 1055 3059 1109 multitudo
3102 1056 3331 1109 maxima
3359 1055 3732 1121 barbarorum,
3765 1070 3817 1111 et

2245 1149 2313 1203 de
2344 1150 2481 1214 lupis
2510 1163 2639 1217 grex
2688 1147 2947 1201 fecundus
2988 1146 3366 1213 multiplicatur
3393 1162 3671 1215 agnorum.
3707 1148 3816 1202 Hoc

2246 1239 2522 1294 Ceiserico
2564 1237 2820 1291 relatione
2851 1250 2942 1290 sua
2972 1238 3242 1290 renuntiat
3264 1237 3485 1305 Capsnr.
3526 1237 3602 1291 De
3628 1253 3729 1305 qua
3760 1253 3816 1290 re

2247 1346 2472 1400 surgens
2495 1331 2693 1384 invidia
2714 1330 2864 1399 jubet
2886 1328 3111 1383 famulos
3136 1329 3225 1382 Dei
3256 1329 3429 1396 ligatis
3448 1328 3669 1395 pedibus
3699 1341 3813 1396 post

2248 1431 2393 1490 terga
2441 1422 2768 1475 currentimn
2818 1420 3224 1490 quadrigarum,
3268 1421 3405 1473 inter
3457 1421 3669 1489 spinosa
3700 1422 3813 1475 loca

2247 1511 2499 1565 silvarum
2532 1513 2727 1580 pariter
2756 1510 3006 1575 interire;
3029 1520 3083 1563 ut
3112 1510 3265 1564 ducta
3289 1520 3447 1579 atque
3474 1513 3688 1566 reducta
3718 1512 3813 1565 du-

2248 1601 2413 1654 mosis
2446 1602 2706 1670 lignorum
2748 1601 2949 1655 aculeis
2981 1600 3341 1654 innocentium
3380 1615 3602 1669 corpora
3633 1617 3815 1670 carpe-

2250 1698 2454 1755 rentur,
2488 1690 2557 1744 ita
2588 1692 2823 1761 deligati,
2852 1700 2904 1745 ut
2928 1691 3126 1745 exitum
3153 1706 3303 1745 suum
3328 1692 3550 1745 invicem
3576 1693 3813 1759 pervide-

574 1784 690 1852 ejus
717 1790 1020 1837 sanctorum
1048 1784 1243 1836 merito
1263 1783 1399 1836 male
1421 1783 1583 1849 coepit
1605 1782 1814 1835 dte-mon
1842 1780 2001 1833 variis
2027 1795 2142 1833 mo.
2172 1778 2217 1837 Β
2244 1794 2383 1838 rent.
2421 1793 2443 1822 ε
2468 1784 2566 1849 Qui
2594 1800 2715 1839 cum
2748 1786 2910 1838 vincti
2929 1826 2943 1849 ,
2973 1784 3311 1839 currentibus
3332 1785 3605 1839 indomitis
3632 1789 3809 1855 equis,

576 1876 717 1930 tibus
736 1876 954 1944 agitare.
982 1875 1063 1927 Es
1084 1875 1271 1928 ordine
1293 1874 1383 1928 ille
1404 1868 1681 1943 cognatus,
1702 1882 1757 1925 ut
1776 1879 1982 1941 gestum
2004 1883 2139 1938 erat,

575 1968 811 2037 suggerit
840 1968 969 2035 regi.
1004 1966 1252 2021 Decernit
1270 1965 1450 2018 statim
1477 1982 1570 2019 rex
1596 1964 1802 2017 cuidam
1832 1963 2011 2032 gentili
2032 1958 2141 2029 regi

574 2058 874 2112 Maurorum
906 2057 992 2110 cui
1023 2070 1215 2111 nomen
1270 2056 1444 2109 inerat
1485 2052 1578 2124 [a..
1611 2052 1863 2123 Capsuntj
1912 2052 2137 2120 Capsur,

575 2148 874 2218 religandos
898 2148 1093 2202 debere
1125 2147 1429 2202 transmitti.
1472 2145 1749 2198 Maximam
1792 2159 1917 2197 vero
1943 2143 2141 2197 Christi

578 2241 827 2293 famulam
863 2237 1115 2292 confusus
1154 2246 1211 2292 et
1239 2239 1412 2291 victus
1446 2246 1471 2273 ιι
1500 2236 1725 2305 propria:
1757 2222 2011 2289 voluntati
2058 2234 2141 2287 dio

576 2328 747 2393 misit;
767 2343 885 2398 qua:
910 2343 1048 2382 nunc
1073 2336 1317 2397 superest
1338 2328 1506 2395 virgo,
1534 2334 1705 2379 mater
1734 2326 2014 2379 multarum
2037 2326 2143 2379 vir-

572 2421 753 2490 ginum
785 2420 900 2487 Dei,
948 2421 1101 2474 nobis
1134 2419 1295 2474 etiam
1336 2432 1668 2488 nequaquam
1715 2417 1912 2483 ignota.
1952 2417 2142 2471 Perve-

576 2511 784 2564 nientcs
816 2521 992 2563 autem
1024 2509 1301 2563 traduntur
1345 2516 1637 2561 memorato
1667 2507 1777 2576 regi
1807 2508 2103 2561 Maurorum
2124 2548 2139 2573 ,

572 2604 926 2656 commanenti
958 2601 1007 2654 in
1033 2610 1183 2668 parte
1211 2599 1376 2653 eremi
1408 2614 1525 2667 qua:
1552 2597 1746 2651 dicitur
1766 2582 2138 2666 Capra-Picta.

576 2695 826 2749 videntes
854 2694 1010 2763 igitur
1045 2692 1243 2746 Christi
1273 2691 1518 2758 discipuli
1547 2690 1712 2745 multa
1754 2689 1892 2758 apud
1918 2689 2143 2759 gentiles

574 2786 755 2840 illicita
799 2785 1180 2839 sacrificiorum
1228 2782 1526 2851 sacrilegia,
1569 2788 1850 2849 coeperunt
1888 2780 2143 2849 praedica-

573 2878 718 2931 tione
751 2884 804 2929 et
846 2874 1255 2929 conversatione
1298 2888 1392 2927 sua
1424 2873 1489 2927 ad
1537 2873 1896 2941 cognitionem
1930 2871 2139 2927 Domini

573 2970 668 3024 Dei
699 2970 862 3022 nostri
896 2967 1152 3020 barbaros
1185 2966 1412 3019 invitare
1438 2980 1452 3028 ;
1481 2974 1535 3018 et
1563 2964 1652 3019 tali
1683 2964 1842 3017 modo
1872 2964 2139 3031 ingentem

571 3060 959 3114 multitudinem
986 3057 1266 3127 gentilium
1293 3056 1640 3110 barbarorum
1671 3054 1883 3109 Christo
1915 3054 2138 3108 Domino

2247 1874 2613 1944 plangentibus
2637 1875 2856 1941 Mauris,
2881 1889 2999 1930 sese
3040 1886 3223 1929 mutuo
3254 1878 3657 1944 conspicerent,
3692 1879 3811 1931 vale

2242 1966 2341 2020 sibi
2372 1966 2421 2019 in
2449 1978 2673 2035 angusto
2695 1966 2829 2036 fuga:
2854 1967 3215 2035 unusquisque
3236 1966 3306 2021 ita
3327 1966 3535 2020 dicebat
3563 1983 3576 2019 :
3603 1967 3811 2033 Frater,

2242 2070 2334 2111 ora
2358 2071 2453 2124 pro
2479 2071 2597 2121 me;
2627 2057 2863 2125 implevit
2892 2057 3030 2111 Deus
3058 2056 3379 2110 desiderium
3418 2068 3677 2110 nostrum.
3710 2058 3813 2111 'I‘a-

2246 2144 2367 2199 liter
2394 2146 2698 2213 pervenitur
2725 2146 2790 2199 ad
2822 2160 3041 2215 regnum
3092 2145 3371 2199 caelorum.
3403 2146 3583 2215 Itaque
3606 2149 3813 2199 orando

2242 2247 2403 2304 atque
2444 2235 2758 2305 psallendo,
2803 2236 3157 2305 gaudentibus
3186 2235 3387 2305 angelis
3437 2238 3551 2304 pias
3606 2238 3812 2290 animas

2242 2326 2491 2380 emisere.
2537 2325 2637 2379 Ubi
2681 2340 2848 2396 usque
2892 2327 2942 2379 in
2976 2327 3290 2381 hodiernum
3320 2327 3460 2380 diem
3486 2342 3591 2381 non
3620 2327 3813 2382 desiuit

2243 2415 2477 2486 iungentia
2524 2417 2787 2471 mirabilia
2840 2417 2997 2472 Iesus
3042 2416 3287 2471 Christus
3329 2417 3584 2471 Dominus
3631 2427 3813 2472 noster

2241 2509 2472 2576 aperari.
2495 2508 2626 2563 Nam
2655 2510 2807 2564 nobis
2837 2510 3022 2564 beatus
3045 2511 3311 2579 quondam
3345 2510 3370 2546 ά
3403 2512 3631 2565 Faustus
3654 2513 3812 2565 Baro.

2244 2601 2455 2654 nitanus
2475 2602 2758 2669 episcopus
2778 2610 3055 2656 attestatus
3076 2616 3155 2656 est
3178 2617 3371 2656 caecam
3394 2603 3675 2671 quamdam
3698 2621 3811 2656 ntu-

2242 2692 2425 2747 lierem
2454 2692 2803 2747 illuminatam
2835 2693 3021 2760 fuisse,
3057 2694 3141 2748 ubi
3187 2693 3301 2762 ipse
3326 2694 3511 2749 aderat
3551 2681 3807 2763 praesens.

2314 2782 2425 2837 XII.
2472 2782 2766 2837 Persecutio
2795 2784 2852 2850 ﬁt
2875 2785 3061 2838 acrior.
3092 2812 3164 2823 —
3189 2784 3513 2839 Accenditur
3542 2793 3663 2853 post
3696 2784 3810 2839 hinc

2240 2873 2503 2928 adversus
2540 2874 2629 2928 Dei
2664 2874 2956 2929 Ecclesium
2981 2873 3303 2929 Geisericus.
3332 2875 3487 2928 Mittit
3528 2875 3807 2929 Proculum

2240 2963 2522 3033 quemdam
2552 2964 2605 3018 in
2648 2964 2975 3033 provinciam
3005 2965 3374 3034 Zengitanam,
3404 2966 3490 3035 qui
3513 2976 3809 3020 coarctaret

2240 3056 2304 3109 ad
2337 3054 2650 3109 tradendum
2688 3056 2980 3110 ministeria
3024 3057 3222 3122 divina,
3252 3058 3335 3111 vel
3361 3058 3524 3112 libros
3545 3070 3769 3113 cunctos
3792 3098 3807 3121 ,

571 3152 933 3215 lucrarerunt,
960 3149 1046 3204 ubi
1077 3157 1231 3202 antea
1262 3162 1292 3201 a
1323 3149 1470 3202 nullo
1493 3148 1629 3201 fama
1658 3146 1945 3201 Christiani
1968 3146 2138 3200 nomi-
2162 3128 2213 3191 α
2246 3147 2449 3201 Domini
2490 3147 2815 3211 sacerdotes,
2865 3156 2920 3201 ut
2970 3148 3141 3216 primo
3167 3148 3328 3202 armis
3357 3148 3612 3213 nudaret,
3652 3162 3707 3203 et
3737 3150 3808 3203 ita

570 3242 655 3296 nis
676 3245 844 3295 fuerat
867 3241 1153 3311 divulgata.
1173 3240 1321 3295 Tunc
1341 3239 1533 3295 deinde
1555 3239 1791 3309 cogitant
1812 3238 1938 3309 quid
1961 3240 2134 3306 fieret,

567 3401 795 3465 bertino,
826 3410 880 3454 et
902 3402 1070 3455 altero
1096 3400 1330 3463 Martin.,
1364 3398 1553 3467 quibus
1576 3397 1864 3452 conformis
1891 3406 1974 3452 est
2001 3413 2125 3451 vcr-

568 3473 648 3523 sio
680 3470 991 3524 Bellorestii.
1025 3470 1125 3523 Alii
1157 3485 1282 3525 vero
1309 3469 1541 3532 codices,
1575 3470 1722 3536 quasi
1754 3469 1841 3520 uni
1892 3468 2131 3523 Maxima:

567 3540 617 3594 id
646 3543 956 3595 miraculum
981 3539 1311 3609 contigisset,
1336 3538 1413 3591 sic
1437 3538 1631 3591 habent
1658 3554 1669 3588 :
1705 3537 1827 3590 Past
1849 3538 1942 3590 hoc
1964 3548 2133 3591 arcta-

566 3620 650 3662 tur
682 3610 905 3664 Maxima
936 3611 1065 3663 dura
1097 3608 1348 3672 custodia,
1382 3609 1682 3677 cuspideque
1723 3608 1915 3677 crudeli
1955 3619 2129 3662 exten-

566 3626 650 3662 tur
682 3626 905 3664 maxima
936 3626 1065 3663 aura
1097 3626 1348 3672 custoata,
1382 3626 1466 3661 cus
1505 3626 1682 3677 taeque
1723 3626 1913 3660 cruaett
1955 3626 2129 3662 exten-

565 3682 723 3746 ditur,
751 3681 831 3733 cui
856 3697 989 3745 cum,
1017 3689 1147 3748 etc.,
1177 3696 1269 3748 pro
1301 3626 1528 3744 cuspitit”.
1562 3678 1734 3746 Aliqui
1766 3676 1964 3748 habent
2003 3695 2131 3732 sent-

564 3766 672 3817 per.
727 3750 888 3803 Porro
929 3757 1105 3802 nostra
1136 3747 1321 3803 lectio
1362 3749 1705 3802 confirmatur
1752 3762 1819 3800 ex
1863 3747 2126 3814 Usnardo,

565 3819 750 3871 Adone
780 3828 833 3872 et
872 3817 1126 3882 Notkero,
1175 3819 1262 3885 qui
1305 3818 1676 3888 comj‘endinm
1726 3819 1964 3888 martyrii
2007 3832 2129 3871 san-

565 3897 767 3939 ctorum
807 3888 1044 3939 Maxima:
1084 3897 1135 3941 et
1170 3890 1433 3939 sociorum
1471 3904 1532 3939 ex
1571 3886 1794 3939 Victoris
1826 3886 2129 3943 narratione

565 3966 783 4010 texuere
806 3958 855 4009 in
884 3957 991 4008 suis
1013 3956 1424 4025 martyrologiis,
1453 3956 1536 4009 die
1558 3955 1619 4009 l6
1643 3957 1906 4010 Octobris.
1928 3957 2127 4010 Adonis

565 4027 726 4079 \erba
756 4027 867 4079 haec
894 4034 1015 4078 sunt
1057 4042 1070 4077 :
1113 4026 1417 4080 Sanctorum
1458 4038 1736 4093 martyrum
1788 4025 2033 4079 Martiani
2079 4037 2127 4079 et

563 4096 827 4164 δαιμνὶαηὶ
876 4112 989 4146 cum
1038 4095 1231 4149 duobus
1279 4112 1451 4149 corum
1508 4096 1768 4163 fratribus,
1822 4103 1868 4147 et
1915 4098 2129 4163 egregia:

562 4163 746 4218 Christi
773 4166 972 4218 ancilla:
1020 4164 1261 4218 Maximw
1292 4165 1540 4234 virginis.
1574 4164 1765 4229 (μὴ...
1817 4164 2020 4234 nodosis
2046 4166 2129 4234 fu-

561 4236 714 4287 stibus
735 4236 869 4296 (tesi,
893 4247 939 4287 et
961 4251 1113 4301 usque
1140 4237 1206 4286 ad
1231 4251 1342 4285 ossa
1365 4232 1564 4293 laniati,
1590 4248 1699 4283 cum
1725 4232 1882 4285 multo
1907 4232 2129 4301 tempere

560 4307 684 4357 talia
715 4316 1022 4371 paterentur,
1054 4307 1275 4368 sequenti
1306 4304 1387 4354 die
1411 4319 1603 4367 semper
1642 4302 1917 4355 incolumes
1946 4307 2126 4359 redde-

560 4374 760 4427 bantur.
808 4373 932 4434 Post
976 4374 1128 4424 etiam
1168 4373 1299 4425 dura
1340 4375 1555 4424 carceris
1598 4374 1829 4424 custodia
1872 4374 2123 4439 damnati,

559 4457 675 4514 cum
695 4446 903 4510 fuissent
925 4445 1104 4495 arctati
1129 4445 1177 4495 in
1208 4458 1432 4514 nervum,
1462 4440 1718 4514 miraADei
1744 4445 1941 4514 virtute,
1958 4444 2126 4514 ingen-

560 4512 684 4563 tiunt
711 4515 960 4581 lignorum
991 4523 1279 4580 putresccns
1302 4512 1467 4564 soluta
1492 4522 1563 4565 est
1594 4512 1859 4579 fortitudo,
1886 4526 1990 4567 etc.

631 4591 656 4616 ⁸
689 4582 775 4635 Sic
814 4584 917 4634 duo
958 4597 1085 4636 mss.
1126 4583 1416 4635 Colliertini
1462 4596 1581 4635 cum
1623 4582 1889 4635 Lorichio.
1930 4583 2122 4637 Caneri

559 4646 754 4704 habent
780 4653 986 4718 propria
1014 4654 1285 4705 voluntate.
1336 4651 1578 4705 Nostram
1609 4652 1888 4705 lectionem
1927 4655 2121 4706 Confir-

558 4730 667 4774 mat
698 4722 832 4782 Ailo,
861 4722 948 4788 qui
979 4722 1093 4773 loco
1119 4723 1168 4773 iti
1200 4733 1322 4775 nota
1354 4722 1611 4789 superiori
1639 4722 2119 4788 laudato,Maxim:e

557 4791 881 4861 martyrium
896 4804 957 4843 ex
992 4790 1200 4861 Victore
1240 4794 1317 4844 sic
1350 4796 1721 4861 prosequitur:
1754 4792 1831 4843 Ad
1862 4794 1996 4859 quod
2026 4795 2119 4844 mi-

556 4856 804 4919 raculum,
827 4856 1053 4911 Maxima
1078 4858 1261 4913 Christi
1286 4861 1502 4927 famula,
1523 4856 1626 4914 Sua:
1646 4856 2115 4927 libertati-dimissa,

556 4939 712 4981 mater
743 4930 1057 4994 postmodum
1088 4929 1357 4981 multarunt
1384 4931 1637 4998 virginum
1669 4929 1762 4982 Dei
1787 4930 1985 4996 effecta,
2010 4943 2115 4985 etc.

627 4998 651 5034 δ
682 5000 768 5052 Sic
792 5000 970 5068 getiam
1014 5000 1170 5052 habet
1208 4998 1515 5065 Rhenanus,
1552 5002 1650 5054 nisi
1687 5003 1827 5068 quod
1866 5016 1960 5068 pro
1996 5016 2114 5055 con-

555 5068 765 5119 struitur
788 5067 945 5121 habet
966 5069 1305 5121 constituitur.
1338 5068 1488 5122 Colb.
1523 5071 1575 5133 i,
1605 5067 1872 5138 Expletum
1902 5079 1974 5123 est
2002 5086 2115 5124 cum

555 5138 743 5209 gaudio
766 5140 921 5209 quod
958 5138 1235 5209 petebatur.
1271 5139 1549 5209 Ordinatur
1593 5141 1840 5209 pontifex,
1875 5152 1978 5195 etc.
2026 5143 2115 5196 Sic

557 5212 668 5279 fere
690 5206 1011 5279 habetaller
1033 5206 1181 5259 Colb.
1197 5208 1299 5262 Sed
1336 5206 1634 5279 Lorichius.
1654 5206 1899 5275 Expletur
1926 5212 2114 5279 gaudio

554 5277 614 5331 ob
643 5278 695 5328 id
731 5277 863 5343 quod
895 5278 1153 5344 petebatur
1176 5278 1407 5347 pontitea:
1453 5277 1568 5332 Dei.
1602 5277 2111 5335 Construitur'eccle-

553 5349 652 5412 sia,
685 5358 788 5400 etc.

628 5428 649 5455 ε
680 5414 975 5469 Chimetius
1002 5421 1055 5468 et
1083 5415 1168 5468 alii
1195 5426 1303 5469 tres
1323 5415 1472 5479 editi,
1510 5418 1591 5483 qui
1626 5433 1737 5469 cum
1764 5435 1790 5470 ε
1814 5417 1974 5470 vicino
2001 5435 2117 5471 cur-

552 5488 772 5539 rentibus
814 5484 1027 5549 Mauris,
1070 5501 1174 5538 ηδε
1211 5493 1387 5537 mutuo
1423 5489 1784 5550 conspicerent.
1840 5488 1982 5550 Vale,
2007 5500 2113 5545 etc.

551 5556 641 5608 Sic
661 5560 818 5610 etiam
856 5556 1044 5625 legisse
1074 5557 1279 5608 videtur
1307 5554 1444 5618 Ado,
1477 5558 1563 5624 qui
1595 5557 1709 5609 loco
1749 5558 1858 5625 jam
1904 5558 2114 5612 laudato

552 5626 631 5676 sic
675 5625 830 5677 habet
873 5643 885 5676 :
935 5624 1109 5677 Vicino
1142 5624 1459 5677 currentibus
1497 5624 1759 5679 indomitis
1801 5628 1956 5693 equis,
2007 5631 2115 5680 vnle

553 5694 677 5755 sibi,
702 5706 830 5757 etc.,
870 5694 997 5748 nihil
1026 5695 1209 5751 dicens
1240 5696 1305 5751 de
1334 5694 1633 5751 Maurorum
1661 5697 1894 5766 planctu.
1929 5699 2033 5753 Sed
2060 5708 2113 5752 ct

2247 3238 2457 3293 facilius
2487 3238 2720 3294 inermes
2765 3240 2931 3293 hostis
2959 3240 3181 3296 collidus
3213 3241 3523 3310 captivaret.
3558 3250 3580 3277 ο
3604 3240 3809 3307 Quibus

2238 3414 2335 3468 pro
2364 3399 2715 3468 plangentibus
2742 3398 2960 3463 Mauris,
2992 3400 3152 3466 aliqui
3182 3401 3393 3454 codices
3424 3400 3635 3462 habent,
3658 3403 3809 3465 plau-

2236 3472 2469 3522 dentibus
2496 3469 2707 3521 Mauris.
2739 3470 2967 3537 Utraque
2995 3471 3150 3523 let-tio
3178 3469 3298 3524 ferri
3325 3480 3514 3537 potest.
3531 3472 3659 3524 Nam
3689 3473 3807 3526 bar-

2236 3539 2350 3594 bari
2398 3539 2497 3603 illi,
2546 3539 2627 3592 vel
2671 3540 2833 3606 quod,
2867 3549 2923 3593 ut
2951 3556 3108 3607 supra
3138 3540 3334 3593 dictum
3381 3550 3483 3606 est,
3529 3544 3592 3593 ad
3640 3541 3802 3596 fidem

2234 3618 2414 3664 essent
2463 3611 2739 3678 conversi,
2787 3610 2869 3663 vel
2924 3610 3151 3663 naturali
3199 3610 3450 3663 omnibus
3500 3612 3807 3667 hominibus

2232 3679 2720 3745 commiseratione,
2765 3690 2817 3732 ut
2860 3678 2991 3732 alias
3022 3680 3215 3744 SiI‘plUS
3264 3681 3313 3732 in
3354 3690 3645 3749 martyrum
3679 3696 3806 3749 ago-

2234 3750 2389 3801 nibus
2439 3749 2647 3808 evenit,
2696 3763 2836 3813 aegre
2883 3757 3129 3816 poterant
3173 3749 3355 3803 videre
3407 3750 3649 3804 homines
3696 3762 3803 3806 tam

2230 3820 2396 3872 atroci
2424 3818 2682 3885 supplicio
2707 3817 2951 3880 afflictos,
2982 3821 3209 3871 maxime
3236 3818 3374 3888 quod
3401 3821 3524 3872 illud
3551 3820 3686 3873 adeo
3718 3837 3805 3887 pa-

2232 3890 2425 3942 tienter
2474 3888 2671 3941 ferrent
2718 3900 3003 3956 martyres.
3052 3888 3312 3943 Plaudere
3350 3890 3509 3942 etiam
3557 3899 3807 3957 poterant

2231 3972 2339 4024 pra:
2368 3957 2560 4024 gaudio
2588 3972 2694 4023 quo
2734 3958 2869 4011 allici
2899 3958 3141 4011 solebant
3183 3958 3424 4011 homines
3451 3970 3798 4013 crnentorum

2229 4028 2653 4097 spectaculorum,
2671 4027 3129 4096 certaminumque
3151 4027 3459 4082 avidissimi.
3480 4028 3644 4081 Porro
3671 4044 3808 4097 qua-

2231 4105 2351 4149 tuor
2400 4096 2587 4150 horum
2635 4096 2854 4150 fratrum
2898 4099 3055 4150 simul
3098 4107 3153 4151 et
3179 4098 3418 4150 Maxima:
3459 4096 3803 4151 festivitatem

2228 4167 2500 4237 celebrant
2529 4166 2738 4232 vulgata
2769 4167 3145 4235 martyrologia
3174 4168 3259 4237 die
3292 4166 3651 4237 AIGOctobris,
3684 4168 3807 4237 qui-

2230 4235 2328 4288 bus
2360 4236 2407 4289 in
2438 4236 2703 4289 nonnullis
2740 4234 3131 4305 martyrologiis
3168 4234 3254 4288 alii
3283 4235 3388 4290 270
3412 4247 3673 4304 martyres
3702 4234 3801 4291 ad-

2223 4305 2538 4373 junguntur,
2561 4305 2655 4358 Sed
2683 4307 2769 4374 qui
2798 4306 2846 4357 in
2880 4307 2982 4358 alia
3007 4306 3375 4374 persecutione
3400 4308 3533 4370 passi
3564 4306 3801 4361 luerunt.

2298 4374 2323 4411 ά
2354 4374 2670 4430 Mart.0rth.
2688 4373 2741 4428 et
2759 4373 3369 4439 Lorichius,Faustinus.
3392 4375 3554 4441 Major
3569 4376 3809 4430 estdifli-

2227 4446 2395 4498 cultas
2431 4446 2497 4499 de
2544 4447 2704 4513 ipsius
2747 4444 2890 4498 sedis
2930 4445 3161 4499 nomine.
3204 4445 3403 4499 Omnes
3449 4445 3559 4499 fere
3604 4445 3809 4500 habent

2226 4517 2333 4637 70
2357 4514 2716 4567 Duronitanus.
2736 4514 3038 4577 Legendum
3071 4514 3203 4567 forte
3224 4513 3589 4567 Buconitunus.
3610 4514 3663 4567 lit
3692 4518 3808 4569 col-

2248 4596 2319 4637 at.
2350 4586 2597 4637 Cartltatz.
2622 4600 2737 4637 ean.
2771 4586 2869 4637 198
2891 4584 3079 4637 adfuit.
3107 4584 3335 4636 Donatus
3368 4586 3633 4637 episcopus
3666 4585 3807 4637 Buc-

2248 4596 2319 4637 at.
2350 4586 2597 4652 Cartltag.
2622 4600 2737 4651 cap.
2771 4586 2869 4638 198
2891 4584 3079 4650 adfuit,
3107 4584 3335 4636 Donatus
3368 4586 3633 4654 episcopus
3666 4585 3807 4638 Buc-

2156 4688 2199 4746 ι)
2226 4655 2473 4746 confessis
2493 4665 2725 4746 exparte
2746 4654 3158 4746 Donatistarum.
3181 4655 3440 4733 Buccunia
3469 4666 3645 4735 autem
3674 4657 3809 4709 urbs

2226 4733 2342 4777 erat
2365 4724 2662 4788 Numidiae;
2694 4740 2813 4777 nam
2846 4724 2985 4777 inter
3016 4724 3171 4788 huius
3203 4724 3805 4792 provincizeepiscorios

2228 4806 2535 4848 recensetur
2562 4794 2613 4847 in
2644 4794 2836 4847 Notitia
2880 4794 3129 4848 Africana
3163 4792 3453 4846 Vitalianus
3490 4791 3806 4848 Bocconirn-

2224 4864 2315 4921 sis.
2361 4865 2671 4932 Anonymus
2720 4864 3001 4917 Ravennas
3055 4865 3195 4917 inter
3247 4866 3404 4917 urbes
3448 4864 3802 4929 Mauritanim,

2223 4946 2380 5000 quam
2411 4932 2724 4986 Gaditanam
2767 4935 3019 5003 appellat,
3052 4934 3144 4987 lib.
3166 4947 3258 5003 in,
3292 4949 3436 4985 num.
3470 4934 3558 4997 ll,
3595 4942 3801 4989 turrem

2226 5004 2452 5057 Bncnnis
2480 5013 2758 5056 memorat.
2804 5007 2882 5056 An
2928 5020 2991 5057 ex
3041 5018 3103 5057 ea
3148 5002 3494 5056 Buconitanus
3518 5002 3693 5056 dictus
3722 5016 3807 5059 est

2221 5073 2545 5140 episcopus?
2572 5072 2736 5126 Porro
2766 5072 2917 5127 Colb.
2942 5072 2998 5139 2,
3046 5071 3325 5126 Lorichius
3366 5079 3422 5126 et
3463 5073 3553 5125 alii
3604 5073 3807 5127 habent

2223 5140 2595 5212 Burtinitantts.
2636 5142 2821 5196 Adfuit
2860 5144 2912 5197 in
2960 5144 3144 5197 collat.
3176 5140 3580 5212 Carthaginensi
3625 5145 3805 5208 capite

2220 5212 2324 5265 153
2350 5210 2580 5264 Donatus
2603 5214 2739 5279 epist:
2759 5230 2869 5280 lpus
2900 5214 3057 5280 plebis
3107 5210 3557 5281 Buritan.,_quam
3611 5216 3802 5267 urbem

2222 5281 2439 5350 incerta:
2490 5285 2776 5350 provincia:
2820 5282 2982 5336 fuisse
3025 5282 3153 5335 dicit
3193 5281 3439 5336 Morisius
3476 5283 3527 5335 iu
3572 5297 3801 5336 censura

2222 5349 2753 5420 Garnerii.’quamvis
2774 5368 2889 5406 eam
2917 5352 2980 5405 ad
3014 5353 3445 5420 procon~ularem
3470 5354 3803 5420 pertinuisse

2223 5422 2546 5491 suspicetur,
2576 5438 2800 5489 eamque
2829 5425 2993 5489 ipsam
3026 5436 3148 5475 esse
3192 5422 3342 5489 cujus
3370 5424 3655 5491 episcopus
3681 5422 3807 5475 Cre-

2224 5489 2443 5544 sciturus
2490 5490 2765 5544 Busitunns
2805 5492 3121 5557 subscripsit
3159 5489 3426 5559 synodicae
3474 5492 3526 5545 itt
3561 5489 3809 5547 iconcilio

2224 5562 2393 5632 sancti
2424 5562 2628 5615 Martini
2657 5562 2863 5632 actione
2883 5563 2937 5614 9..
2972 5562 3079 5614 Sed
3110 5563 3193 5615 hic
3217 5565 3343 5627 enisa
3363 5575 3523 5629 epum
3567 5564 3807 5632 aliquem

2224 5644 2253 5682 e
2285 5630 2594 5683 Mauritania
2624 5631 2877 5695 indicare,
2899 5635 2970 5685 uti
3004 5633 3235 5698 videtur,
3271 5632 3447 5685 Victor
3477 5630 3671 5685 voluit.

2297 5709 2318 5736 ε
2353 5700 2648 5766 Lorichius,
2677 5700 2801 5764 Quis
2827 5718 2923 5755 non
2956 5713 3117 5756 nosset
3143 5701 3409 5756 condolet‘e
3431 5701 3807 5757 clamantibus.
