3944 6176
160 329 240 387 197
1086 319 1169 371 DE
1210 315 1726 375 PERSECUTIONE
1768 319 2149 376 VANDALICA
2196 322 2320 376 LIII.
2371 321 2405 377 Ι.

3292 329 3388 385 198

156 457 320 499 senon
346 451 499 509 posse
535 434 745 490 tradere
791 431 1142 489 clamantibus
1168 431 1557 500 sacerdotibus,
1593 433 1694 502 ipsi
1726 441 1776 497 Α
1802 435 1865 489 lis
1895 437 1948 490 in
1978 437 2154 491 medio
2174 437 2464 507 crepidinis
2493 437 2677 494 altaris
2718 441 3011 509 probantur
3043 447 3227 501 occisi.
3254 448 3386 504 Nam

158 535 312 606 rapaci
336 548 491 587 manu
516 538 709 585 cuncta
735 526 1217 597 depopulabantur,
1251 537 1412 596 atque
1428 528 1495 582 de
1526 528 1704 596 palliis

160 633 349 697 altaris,
385 627 511 697 proh
539 626 714 679 nefas!
747 623 997 679 camisias
1027 622 1128 676 sibi
1158 632 1212 675 et
1241 620 1511 676 fcmoralia
1543 622 1708 677 facie-

158 727 280 779 bant.
301 721 395 788 Qui
427 730 599 773 tamen
628 715 916 780 Proculus,
950 712 1109 781 hujus
1142 712 1217 766 rei
1249 721 1565 778 exsecutor,
1602 713 1711 767 fru-

158 814 308 870 statim
347 811 448 865 sibi
490 807 777 863 comedens
824 805 1078 873 linguam,
1122 804 1172 857 in
1210 802 1359 857 brevi
1402 804 1708 873 turpissima

144 894 471 970 ‘consumptus
482 907 566 953 est
578 906 770 951 morte.
783 896 933 950 'I‘uuc
946 895 1106 950 etiam
1124 904 1271 949 sanet
1282 912 1342 949 us
1358 896 1669 951 Valerianus
1683 905 1708 933 δ

146 982 389 1051 νΑιιδειιιω
433 990 665 1046 civitatis
702 988 1006 1056 episeopns,
1062 988 1189 1040 dum
1222 988 1448 1042 viriliter
1490 990 1591 1059 ιο
1618 1003 1705 1042 sa-

156 1092 390 1139 cramenta
416 1081 595 1136 divina
630 1095 697 1133 ne
721 1078 956 1132 traderet
982 1078 1314 1142 dimicasset,
1346 1078 1489 1131 foras
1515 1078 1706 1133 civita-

158 1188 240 1229 tem
266 1172 540 1242 singularis
562 1171 748 1239 jussus
779 1178 863 1223 est
885 1167 1009 1237 pelli
1033 1184 1047 1231 ;
1081 1176 1137 1222 et
1159 1168 1231 1222 ita
1260 1178 1585 1237 praeceptum
1603 1179 1705 1235 εει,

158 1278 206 1319 ιιι
227 1265 385 1319 nullus
413 1279 538 1318 eum
564 1277 738 1329 neque
779 1261 831 1314 in
855 1260 1015 1313 duino
1036 1300 1051 1324 ,
1084 1275 1256 1329 neque
1289 1263 1339 1312 in
1370 1274 1499 1329 agro
1528 1260 1709 1314 dimit-

157 1368 268 1413 teret
298 1354 539 1409 habitare
565 1371 577 1406 :
602 1354 692 1422 qui
724 1351 778 1405 in
807 1359 973 1405 strata
1007 1349 1214 1419 publica
1251 1351 1421 1404 multo
1468 1360 1709 1420 tempore

157 1448 229 1520 [ει.
258 1444 409 1516 nudo]
455 1444 633 1499 nudus
664 1442 838 1512 jacuit
882 1443 983 1496 sub
1032 1455 1181 1495 aere.
1224 1443 1500 1495 Annorum
1531 1452 1708 1495 autem

158 1541 178 1579 δ
202 1549 299 1595 erat
324 1540 440 1608 plus
485 1538 781 1607 octoginta,
810 1549 969 1605 quem
1008 1548 1108 1588 nos
1134 1543 1258 1588 tunc
1300 1533 1503 1603 indigni
1533 1536 1585 1587 in
1620 1535 1708 1588 tali

156 1636 314 1691 exsilio
340 1633 637 1687 meruimus
661 1632 916 1685 salutare.

211 1727 330 1783 XIII.
354 1725 607 1791 Lectoris,
627 1733 753 1789 etc.,
773 1723 1094 1793 martyrium.
1108 1751 1177 1762 —-
1198 1721 1438 1789 Quodam
1467 1730 1708 1791 tempore

1810 529 1899 596 qui
1922 527 2114 597 gladiis
2146 540 2269 584 tunc
2301 531 2604 599 interempti
2658 548 2762 585 non
2800 545 2959 599 sunt,
2994 548 3174 605 postea
3217 541 3387 608 patriis

1811 619 2011 683 attriti,
2040 620 2187 689 regio
2211 620 2364 689 jussu
2411 636 2601 677 omnes
2632 639 2766 690 pene
2792 626 2964 680 necati
2991 639 3135 691 sunt,
3167 645 3393 698 praeser-

1813 714 1904 767 tim
1934 714 2238 768 maturioris
2266 715 2459 768 astatis.
2484 716 2625 769 Alibi
2653 732 2899 785 namque,
2929 720 3067 774 sicut
3097 721 3389 787 'I‘inuzuda:

1817 803 1836 843 ί
1869 806 2110 875 contigit,
2146 808 2196 859 in
2227 808 2520 875 magalibus
2560 808 2659 861 vici
2696 812 3013 877 Ammoniaa,
3059 815 3139 867 vel
3186 816 3304 869 aliis
3337 819 3387 869 in

1813 898 1965 962 locis,
2002 907 2245 966 tempore
2289 914 2394 968 quo
2420 914 2755 954 sacramema
2786 902 2879 957 Dei
2923 907 3117 971 papnlo
3146 906 3388 975 porrige-

1811 989 2044 1055 bantur,
2098 990 2429 1044 iutroeuntes
2478 992 2711 1045 maximo
2754 1009 2874 1046 cum
2925 996 3137 1061 furore,
3194 1012 3388 1064 corpus

1810 1081 2007 1135 Christi
2036 1084 2421 1152 etsangniuem
2456 1084 2756 1151 pavimento
2801 1101 3143 1155 sparserunt,
3176 1099 3231 1145 et
3255 1091 3384 1146 illud

1813 1175 2027 1243 pollutis
2064 1176 2287 1242 pedibus
2315 1176 2678 1229 calcaverunt.

1883 1266 2021 1320 XIV.
2055 1267 2155 1320 Res
2182 1268 2335 1319 mira.
2367 1296 2435 1306 —
2473 1267 2591 1335 Ipse
2612 1269 2754 1322 enim
2786 1270 3087 1326 Geisericus
3118 1289 3387 1344 praecepe-

1811 1369 1913 1421 rat,
1944 1359 2013 1412 ita
2040 1360 2483 1425 persnadentibns
2513 1360 2779 1428 episcopis
2800 1363 2932 1427 suis,
2964 1372 3019 1415 ut
3051 1364 3182 1417 intra
3211 1367 3385 1419 aulam

1811 1464 1987 1516 suam,
2019 1449 2357 1518 filiorumque
2385 1464 2623 1513 suorum,
2657 1466 2761 1504 non
2808 1452 2906 1504 n‘si
2948 1453 3126 1506 Ariani
3166 1470 3260 1522 per
3300 1456 3384 1507 di-

1813 1555 1968 1595 versa
2005 1540 2300 1593 ministeria
2331 1550 2677 1609 ponerentur.
2712 1542 2853 1596 Inter
2894 1542 3026 1597 alios
3058 1554 3274 1598 ventum
3305 1555 3389 1600 est

1814 1642 1940 1687 tunc
1962 1632 2029 1686 ad
2059 1632 2428 1701 Arinogastem
2460 1642 2721 1686 nostrum.
2748 1631 2913 1702 Cujus
2943 1649 3061 1688 cum
3086 1634 3176 1688 diu
3200 1651 3262 1690 ac
3290 1651 3388 1689 sa:-

1814 1726 1932 1791 pius
1998 1724 2158 1779 tibias
2223 1724 2522 1794 torquendo
2579 1725 2901 1778 tumentibus
2959 1727 3389 1797 constringercnt

164 1817 398 1873 Paschalis
444 1815 763 1870 solemnitas
809 1813 1094 1883 agebatur;
1127 1823 1180 1866 et
1224 1814 1349 1867 dum
1381 1812 1433 1866 in
1478 1814 1707 1880 quodam
1738 1804 1787 1863 B
1812 1814 2052 1879 chordis,
2099 1826 2153 1869 et
2194 1814 2442 1878 frontem,
2478 1816 2530 1869 iu
2575 1831 2675 1884 qua
2704 1815 2948 1869 Christus
2977 1819 3231 1872 vexillum
3277 1835 3390 1875 sua:

158 1913 269 1972 loco,
294 1907 377 1976 qui
409 1916 431 1944 ο
466 1906 632 1973 Regia
664 1904 949 1966 vocizatur,
982 1902 1053 1957 ob
1079 1902 1186 1956 dici
1228 1903 1499 1958 Paschalis
1536 1905 1707 1958 hono-

157 2016 245 2055 rem
283 1998 441 2053 nostri
481 1998 702 2053 sibimet
750 1997 986 2051 clausam
1033 1996 1318 2050 ecclesiam
1358 2007 1707 2061 reserarent,

155 2090 453 2160 comperiunt
493 2091 703 2143 Ariani.
733 2088 923 2143 Statim
954 2087 1171 2156 quidam
1202 2088 1485 2158 presbyter
1520 2103 1707 2142 eorum

154 2182 174 2219 ἀ
197 2182 373 2236 Adduit
400 2181 645 2244 nomine,
677 2188 999 2248 congregata
1027 2193 1209 2232 secum
1239 2189 1565 2233 armatorum
1598 2195 1711 2233 ma-

153 2290 226 2337 nu.
252 2276 311 2329 ad
336 2272 753 2343 expugnandam
784 2275 993 2325 turbam
1034 2271 1281 2325 accendit
1318 2272 1700 2327 innocentium.

156 2368 394 2419 lutroeunt
440 2362 740 2432 evagiuatis
787 2363 1015 2431 spathis,
1042 2376 1192 2416 arma
1234 2362 1567 2433 corripiunt;
1615 2363 1704 2417 alii

154 2470 329 2526 quoque
360 2467 501 2511 tecta
531 2455 926 2520 conscendunt,
960 2463 1015 2509 et
1049 2470 1144 2523 per
1174 2454 1435 2510 fenestras
1463 2456 1707 2511 ecclesiae

152 2550 333 2619 sagittas
361 2557 646 2618 spargunt.
679 2549 745 2602 Et
774 2558 899 2601 tunc
946 2547 1082 2602 forte
1126 2548 1374 2603 audiente
1400 2559 1456 2603 et
1481 2560 1707 2605 canente

153 2642 313 2709 papqu
343 2642 455 2704 Dei,
491 2641 668 2693 lector
698 2655 837 2694 unus
863 2639 915 2693 in
949 2640 1153 2709 pulpito
1183 2640 1378 2695 sistens
1422 2642 1709 2695 alleluiati-

152 2748 245 2787 cum
265 2733 423 2788 melos
448 2733 704 2787 canebat.
736 2731 853 2798 Quo
874 2740 1118 2801 tempore
1166 2732 1360 2802 sagitta
1406 2733 1459 2786 in
1498 2744 1709 2802 gutture

152 2826 391 2893 jaculatus,
423 2824 664 2879 cadente
688 2824 756 2879 de
801 2825 1048 2879 manibus
1077 2824 1293 2889 codice,
1329 2834 1569 2879 mortuus
1593 2838 1710 2895 post

154 2918 502 2987 ticeciditipse.
531 2918 663 2972 Nam
688 2917 845 2972 etalii
872 2917 1245 2988 quamplurimi
1269 2918 1476 2987 sagittis
1506 2920 1710 2989 ctjacu-

152 3043 231 3086 etc.
273 3034 329 3088 Et
353 3034 520 3099 infra,
552 3032 663 3101 Ipsi
704 3034 906 3101 rapaci.
962 3032 1205 3086 Rhenan.
1236 3041 1289 3087 et
1319 3034 1521 3100 aliquot
1549 3036 1701 3099 editi,

151 3103 262 3175 Ipse,
289 3115 415 3167 etc.,
462 3107 525 3175 in
567 3119 791 3175 numero
818 3103 1093 3175 singulari.
1128 3104 1194 3158 Et
1215 3103 1351 3158 infra
1382 3119 1481 3173 pro
1508 3106 1703 3175 palliis,
1729 3107 1776 3169 C

152 3174 272 3227 Ilart.
298 3186 347 3228 et
372 3174 616 3229 Ch'ifﬂet.
650 3173 851 3228 habent
879 3174 1061 3241 pullis.

205 3253 226 3279 ³
254 3246 333 3300 Sic
360 3245 568 3299 habent
589 3260 719 3297 mss.
757 3246 791 3299 5
816 3256 869 3298 et
893 3243 927 3295 2
953 3244 1105 3305 editi,
1131 3244 1217 3297 ubi
1251 3243 1523 3298 "alterum.
1553 3245 1705 3298 Lori-

151 3314 287 3377 chius,
322 3314 631 3368 Habeitssaz.
658 3314 809 3369 Colb.
838 3314 894 3378 Ξ,
927 3314 1142 3368 Abense.
1172 3316 1414 3367 Ithenan.
1440 3314 1619 3368 Chifll.
1646 3325 1702 3370 et

151 3384 233 3441 alii.
262 3386 487 3439 Aternia.
530 3384 585 3438 In
614 3385 807 3437 Collat.
843 3385 1241 3453 Carthagtcap.
1278 3384 1397 3449 155,
1443 3385 1580 3438 inter
1606 3388 1707 3440 Ca-

152 3454 342 3509 tholicos
385 3456 664 3509 antistites
704 3452 1396 3509 memoratur’Fortunatus
1439 3456 1705 3525 episcOpus

151 3528 275 3591 plebis
302 3526 666 3587 Abbenzensis,
719 3526 809 3593 qui
841 3526 1045 3577 nullum
1077 3525 1175 3578 sibi
1204 3525 1566 3577 adversarium
1604 3527 1707 3578 Do-

152 3595 363 3664 natismin
389 3597 650 3650 habebat.
685 3595 871 3664 Capite
895 3604 1072 3648 autem
1106 3594 1206 3649 I98
1236 3597 1373 3649 inter
1407 3596 1707 3649 Donatistas

151 3663 422 3719 luitLucEus
451 3668 731 3733 episcopus
773 3664 1042 3719 llabensis.
1098 3664 1266 3719 Porro
1319 3664 1573 3718 Valeriani
1620 3665 1706 3719 hic

153 3738 390 3805 memorati
469 3737 675 3789 festum
747 3736 960 3803 vulgata
1025 3735 1405 3805 martyroliigia
1478 3735 1702 3798 Adonis,

154 3802 341 3860 I’suardi
368 3816 421 3861 et
443 3806 679 3859 aliorum
703 3807 944 3859 recolunt
969 3805 1057 3860 die
1090 3802 1518 3862 IS'Decembris.
1556 3805 1707 3860 Vale-

152 3876 321 3946 rjunum
360 3880 489 3931 item
533 3892 655 3930 cum
693 3877 813 3930 aliis
858 3876 1124 3944 episc0pis
1171 3875 1438 3931 Africanis
1467 3876 1557 3946 qui
1607 3878 1707 3932 sub

154 3941 404 4016 Qenserico
447 3963 580 4016 rege
626 3941 1133 4013 fueruntexagitati,
1167 3941 1609 4001 meruerant'Ado
1649 3959 1703 4001 et

151 4012 553 4087 Ilartyrolomum
602 4017 898 4070 Rullianum
942 4018 1028 4071 die
1070 4017 1138 4071 ‘28
1182 4016 1517 4081 Novembris,
1550 4033 1706 4086 quem

152 4100 280 4140 unum
312 4099 363 4142 et
389 4089 646 4142 eumde
690 4101 808 4141 cum
844 4088 1005 4156 priori
1030 4102 1148 4141 csse
1173 4095 1322 4156 putat
1367 4087 1622 4143 Baronins
1654 4092 1706 4142 in

152 4159 263 4225 uotis
297 4160 359 4210 ad
396 4174 523 4212 eam
563 4159 745 4221 diem;
796 4158 955 4225 idque
994 4167 1198 4211 certum
1244 4158 1474 4211 videtur.
1528 4158 1708 4213 Sancti

156 4224 385 4281 Valeriani
409 4229 641 4297 episcopi
667 4237 721 4281 et
748 4224 1041 4281 sanctorum
1068 4227 1333 4282 Eustachii
1361 4236 1409 4281 et
1446 4229 1701 4281 sociorum

151 4298 455 4353 festivitatem
494 4307 758 4352 memorat
787 4297 1154 4351 kalendarium
1186 4308 1340 4351 vetus
1368 4298 1417 4350 iu
1450 4309 1706 4351 sanctua-

152 4367 214 4419 rio
237 4368 483 4438 Capuano
523 4368 797 4423 Michaelis
825 4369 1094 4432 tmmachi,
1131 4368 1217 4422 die
1263 4368 1329 4422 I5
1361 4367 1705 4433 Decembris;

150 4441 375 4530 quia-item
406 4441 500 4494 die
530 4440 583 4493 in
608 4438 1150 4530 anlteronkal‘endarIO,‘
1174 4438 1241 4492 ab
1269 4440 1708 4530 99dem.aucm'i"
1737 4473 1787 4530 D

152 4508 312 4573 relato,
341 4520 717 4564 memorantur
774 4508 1063 4562 Eustratius
1105 4518 1150 4561 et
1191 4510 1314 4563 socii
1353 4517 1621 4577 martyres.
1662 4509 1710 4563 Is

151 4588 213 4631 ρει
238 4580 339 4647 ipse
370 4581 669 4634 Eustratius
695 4580 760 4633 de
784 4596 890 4646 quo
918 4596 1073 4647 supra
1102 4580 1283 4633 Victor
1310 4581 1525 4632 tnnn.7.
1556 4578 1709 4634 Vale-

152 4648 261 4721 riapi
286 4665 481 4721 carpus
501 4666 625 4705 cum
650 4653 819 4705 sancti
843 4650 1394 4721 Augustinireliquiis,
1416 4662 1470 4701 nt
1498 4660 1706 4721 putant,

153 4718 193 4770 in
216 4718 406 4775 Italiam
431 4718 1004 4785 allatum,asservatnr
1023 4718 1271 4787 Rodobii,
1288 4721 1426 4789 quod
1453 4719 1709 4787 Oppidum

152 4791 487 4847 estdimcesis
530 4792 909 4855 Vercellensis,
956 4801 1015 4845 ut
1057 4793 1308 4845 observat
1349 4790 1627 4845 Ferrerius
1656 4791 1711 4845 in

153 4858 361 4932 Ilistoria
389 4864 771 4932 episcoporum
810 4861 1246 4917 Vercelleusium.

207 4927 232 4967 ιι
256 4933 343 5001 Sic
376 4927 511 4986 mss.
543 4927 733 4987 omnes
761 4941 813 4986 et
836 4932 962 4986 editi
992 4945 1128 5001 quos
1159 4934 1340 4987 videre
1370 4932 1545 4997 licuit,
1577 4946 1716 5001 prcc-

152 5008 215 5052 ter
238 5000 582 5072 Cbiflletium,
611 5003 700 5072 qni
743 5003 901 5057 habet
931 5000 1021 5056 7t).
1064 5003 1350 5058 Nobiscum
1382 5004 1543 5057 etiam
1582 5000 1715 5057 con-

152 5069 376 5195 auctionbt'
393 5069 690 5155 Dsuardus,
715 5072 853 5135 Ado,
878 5083 1011 5141 etc.,
1028 5074 1080 5128 in
1110 5073 1508 5145 martyrologiis
1530 5073 1619 5129 die
1650 5073 1715 5129 15

242 5157 320 5195 etii
364 5157 461 5195 ris.

242 5157 461 5197 einnris.

153 5279 163 5288 _
212 5222 239 5288 ﬁ
266 5214 445 5288 Ilart.,
480 5212 695 5269 Lorich.
726 5220 781 5268 et
809 5212 938 5288 editi
966 5215 1021 5281 5,
1058 5213 1210 5288 licia.
1252 5212 1454 5288 Duplex
1484 5215 1612 5288 urbs
1635 5223 1719 5269 est

155 5283 196 5353 ip
229 5283 397 5337 indice
430 5288 641 5338 urlnum
681 5284 931 5350 operibus
967 5285 1138 5339 sancti
1174 5284 1423 5353 Cypriani
1473 5285 1714 5353 praefixo,

151 5348 349 5424 Regum
368 5354 536 5409 dicta.
570 5354 623 5407 In
644 5348 841 5409 No‘titia
873 5354 1066 5410 Africae
1098 5348 1410 5410 recensetur
1438 5348 1573 5408 inter
1602 5348 1718 5424 epi-l

152 5437 324 5499 κεῖνος
347 5426 703 5499 Mauritanim
731 5426 1076 5499 Caesariensis
1125 5425 1300 5479 Victor
1339 5425 1636 5493 Regieasis;
1666 5436 1719 5481 et

152 5495 193 5546 in
212 5495 465 5567 .‘anidia
490 5495 764 5553 Fauonius
790 5497 1138 5567 licgianensis.

210 5562 234 5601 ⁸
267 5567 413 5623 Editi
444 5566 505 5631 4,
534 5568 751 5634 Audiat;
780 5575 835 5622 et
860 5562 913 5634 ἰ,
944 5568 1170 5632 Audiat;
1202 5566 1499 5632 Lorichins,
1532 5565 1719 5632 Adiut;

150 5632 285 5689 Colb.
320 5638 373 5703 I,
408 5639 624 5692 Anduit.
678 5632 741 5692 Et
784 5640 837 5692 in
880 5632 1012 5692 infra
1057 5638 1234 5694 ChillI.
1277 5654 1398 5693 cum
1443 5637 1715 5705 Lorichio,

150 5720 503 5777 congregatum
523 5720 837 5762 ιιιηιαιονιιηι
867 5727 1091 5775 manum,
1124 5723 1228 5765 CIC.

211 5788 230 5814 ⁸
264 5778 433 5847 Ilujns
482 5779 692 5837 lectoris
732 5791 785 5836 ct
824 5792 1137 5836 ceterorum
1180 5785 1263 5837 hic
1305 5791 1717 5839 memorator-um

1814 1906 2003 1960 fixerat
2031 1906 2227 1970 crucis,
2261 1914 2504 1976 rugatam
2527 1916 2551 1953 ις
2580 1908 2750 1976 magis
2773 1922 2930 1975 quam
2959 1920 3161 1963 aratam
3191 1909 3390 1965 discin-

1811 1996 2002 2051 dentes
2039 2006 2199 2065 atque
2242 1998 2541 2065 mugientes
2587 1998 2948 2065 ostenderent,
3003 2002 3150 2054 nervi
3199 2012 3254 2055 ut
3303 2004 3388 2057 lila

1812 2102 2150 2149 aranearum,
2184 2098 2370 2141 sancto
2394 2088 2587 2142 coelum
2621 2088 2962 2157 respiciente,
2986 2092 3298 2160 crepabant.
3323 2093 3389 2149 At

1814 2179 1902 2233 ubi
1927 2188 2156 2234 tortores
2182 2180 2424 2233 nervicas
2445 2180 2676 2234 chordas
2696 2181 2964 2247 disruptas
2982 2196 3102 2237 esse
3122 2182 3387 2249 viderunt,

1814 2272 1994 2326 allatis
2020 2271 2263 2326 crebrius
2294 2272 2600 2327 fortioribus
2629 2273 2844 2327 chordis
2869 2283 3027 2343 atque
3055 2278 3389 2344 cannabmis,

1813 2366 1903 2421 illo
1947 2365 2079 2419 nihil
2125 2365 2269 2419 aliud
2322 2366 2427 2419 nisi
2464 2365 2662 2421 Christi
2710 2382 2903 2421 nomen
2945 2368 3253 2433 invocante,
3301 2370 3390 2426 illa

1816 2460 1997 2513 omnia
2027 2458 2438 2513 evanescebant.
2473 2458 2578 2514 Sed
2614 2466 2669 2513 et
2695 2459 2869 2529 capite
2896 2459 3145 2514 deorsum
3176 2462 3299 2514 dum
3324 2465 3388 2515 ad

1815 2570 1976 2608 unum
2002 2553 2261 2623 penderet
2308 2552 2521 2621 pedem,
2553 2553 2789 2606 dormire
2816 2554 2965 2622 quasi
3008 2568 3168 2622 super
3197 2555 3389 2608 lectum

1816 2646 2011 2713 plumis
2062 2652 2328 2707 stratum,
2384 2643 2633 2697 omnibus
2690 2643 2989 2697 videbatur.
3050 2644 3215 2709 Quem
3270 2660 3389 2699 cum

1812 2732 1840 2773 h
1870 2733 2235 2788 Theodericus
2267 2733 2408 2801 regis
2442 2732 2610 2797 filius,
2642 2733 2732 2802 qui
2780 2733 2897 2801 ejus
2944 2734 3194 2788 dominus
3233 2746 3349 2788 erat
3374 2775 3390 2794 .

1815 2826 1986 2897 pmnis
2034 2840 2140 2880 non
2172 2825 2491 2889 valentibus,
2528 2825 2703 2893 capite
2748 2825 2987 2879 truncari
3025 2825 3268 2893 jnssisset
3298 2870 3312 2893 ,
3361 2841 3390 2881 a

1815 2934 1913 2974 suo
1959 2916 2272 2988 prohibetur
2322 2914 2561 2970 .Incundo
2612 2915 2964 2984 presbytero,
2997 2915 3207 2970 dicente
3247 2915 3393 2970 sibi:

1813 3037 2005 3091 festum
2029 3032 2216 3087 recolit
2238 3032 2671 3101 Martyrologium
2692 3031 2991 3086 Romanum
3011 3032 3095 3086 die
3112 3032 3146 3086 5
3168 3033 3388 3101 Aprilis.

1888 3105 1905 3143 ί
1941 3106 2129 3158 Mirum
2171 3113 2253 3157 est
2296 3110 2548 3169 quantam
2583 3104 2637 3155 iu
2669 3102 2824 3168 hujus
2858 3102 2959 3156 lnci
3006 3103 3221 3158 nomine
3263 3106 3393 3158 scri-

1811 3176 1986 3231 bendo
2025 3174 2237 3227 varient
2263 3173 2477 3227 codices
2510 3184 2615 3225 tam
2644 3188 2775 3227 mss.
2807 3187 2966 3240 quam
2998 3174 3148 3226 editi.
3183 3175 3392 3229 Lectio-

1810 3263 1931 3301 nem
1971 3244 2124 3299 Colb.
2168 3245 2192 3297 1
2229 3244 2579 3306 retinuimus;
2630 3244 2762 3295 alias
2804 3244 2889 3297 hic
2927 3244 3182 3299 exhibere
3222 3247 3393 3299 visum

1809 3327 1931 3379 est,
1989 3325 2045 3369 ut
2087 3314 2314 3384 quisque
2353 3328 2511 3382 quam
2537 3314 2835 3384 mmeliorem
2892 3314 3156 3380 putaverit
3206 3314 3390 3381 eligat.

1813 3387 1951 3440 Editi
1982 3382 2308 3451 complures,
2357 3385 2503 3438 Sicut
2533 3382 2867 3453 Tlmnazuda:
2893 3384 3125 3453 contigit,
3167 3395 3212 3437 ct
3245 3383 3392 3437 Gali-

1809 3457 1902 3510 bus
1932 3457 2038 3511 vico
2064 3456 2385 3517 Amnwniw;
2416 3453 2640 3507 Orlhod.
2684 3463 2739 3507 et
2780 3452 3081 3518 Lorichiné,
3131 3455 3182 3506 in
3216 3454 3394 3507 Tumi-

1808 3527 1942 3581 ruda
1970 3526 2183 3594 contigit
2214 3523 2412 3579 Galbis.
2446 3523 2591 3594 Vico,
2625 3525 2701 3576 vel
2728 3522 2866 3594 aliis,
2900 3532 3003 3577 etc.
3038 3523 3222 3576 Codex
3250 3526 3389 3576 Mar-

1817 3600 1941 3659 tin.,
1994 3591 2261 3649 Tinuzuda
2290 3593 2522 3663 contigit,
2546 3594 2649 3662 71
2682 3601 2727 3643 et
2749 3591 2943 3663 Gallius
2971 3594 3132 3645 vicum
3164 3596 3389 3648 Annuoe.

1808 3667 2057 3721 Carthus.
2090 3665 2261 3725 Port..
2287 3661 2529 3716 Tinzudw
2549 3661 2759 3729 Contigit
2781 3661 3036 3716 etGalbiis
3067 3664 3393 3717 ricoAmma-

1811 3739 1928 3791 πίω.
1960 3735 2114 3791 Colb.
2148 3735 2305 3796 alter,
2329 3732 2601 3787 Tinuznda
2632 3733 2840 3802 contigit
2871 3731 3208 3797 Galbus,etc.
3237 3737 3388 3789 (Tolb.

1810 3808 2016 3869 tertius,
2049 3805 2401 3858 Tunuzada...
2432 3804 2618 3866 vicum,
2664 3812 2769 3857 etc.
2806 3804 2957 3866 Apud
2999 3803 3224 3857 Plinium
3256 3804 3394 3859 libro

1810 3894 1887 3943 IV,
1916 3893 2034 3945 cap.
2066 3878 2121 3939 5,
2162 3884 2470 3929 recensetur
2508 3874 2785 3945 oppidum.
2832 3873 3235 3929 Thunudisense.
3267 3875 3392 3929 Ptn-

1811 3944 2000 4003 lemaeo
2024 3945 2362 3999 Thunusada.
2396 3946 2450 3998 In
2483 3944 2768 3998 collatione
2795 3945 3069 4014 Carthag.,
3111 3962 3230 4013 cap.
3260 3946 3391 4013 201,

1812 4019 2045 4072 occurrit
2068 4016 2205 4071 inter
2236 4016 2541 4069 Donatistas
2578 4014 2899 4069 Victorianus
2920 4018 3188 4085 episcOpus
3214 4015 3394 4069 Tunn-

1809 4090 2044 4143 sidensis.
2071 4088 2164 4142 Est
2189 4098 2244 4143 et
2266 4090 2315 4140 iu
2342 4085 2533 4140 tabulis
2566 4085 2991 4153 Peutiugerianis
3021 4084 3229 4138 Thuuu.
3253 4085 3390 4151 Quid

1810 4176 1939 4214 vero
1963 4159 2061 4212 hac
2090 4173 2219 4212 voce
2243 4157 2478 4222 Calibus,
2506 4165 2597 4209 aut
2621 4153 2835 4217 Galbus,
2877 4155 3101 4223 aliisque
3121 4158 3394 4223 sequenti-

1812 4231 1912 4284 bus
1950 4229 2280 4295 designetur,
2322 4228 2562 4282 divinare
2606 4240 2710 4278 nou
2760 4225 2905 4279 licet.
2946 4225 3166 4294 Magalia
3212 4237 3393 4280 autc-ni

1811 4300 1951 4367 apud
1985 4301 2142 4353 Afros
2183 4310 2336 4353 erant
2378 4298 2540 4361 villae,
2578 4310 2672 4367 seu
2706 4310 2996 4363 pauperum
3023 4305 3077 4350 et
3116 4308 3389 4364 pastorum

1814 4364 2041 4440 tuguria.
2073 4369 2148 4422 De
2172 4370 2251 4423 his
2285 4368 2533 4440 Virgiliﬁns
2562 4364 2774 4440 t’Eireid.
2809 4369 2859 4440 I»:

1958 4440 2182 4493 Miratur
2210 4434 2400 4492 nio/eui
2421 4435 2617 4490 .Eneas
2644 4434 2876 4506 Magalia
2903 4436 3176 4503 quondam.

1816 4512 2152 4565 Ammoniam
2191 4525 2320 4565 vero
2364 4509 2523 4561 aliam
2562 4503 2770 4573 ignoro,
2827 4516 3021 4574 pra-ter
3053 4522 3171 4559 eam
3216 4503 3395 4577 Libya:

1815 4590 2019 4650 partem
2048 4580 2099 4633 in
2124 4596 2224 4649 qua
2245 4578 2575 4646 potissimum
2598 4577 2803 4643 Jupiter
2818 4579 3054 4650 Ammon
3078 4577 3354 4650 colebatur
3376 4594 3391 4640 ;

1814 4647 1907 4706 sed
1941 4666 2057 4719 qua:
2088 4647 2211 4705 huic
2238 4650 2355 4705 loco
2388 4664 2492 4719 non
2522 4650 2785 4719 congruit.
2818 4647 3123 4719 Legendmn
3159 4648 3315 4719 forte,
3340 4649 3393 4699 in

1814 4716 2100 4791 magalibus
2128 4721 2224 4774 vici
2254 4718 2532 4791 Ammonis.
2583 4716 2901 4791 Ptolemaeus
2945 4718 3140 4791 quippe
3183 4718 3272 4791 lib.
3323 4734 3393 4780 iv,

1814 4788 1936 4861 cap.
1971 4794 2025 4859 5,
2074 4804 2378 4847 memorans
2419 4788 2663 4861 civitates
2701 4803 2820 4858 quae
2865 4788 3006 4843 inter
3045 4788 3180 4843 duas
3213 4788 3399 4857 Syrtes

1818 4858 1995 4926 erant.
2014 4858 2266 4917 recenset
2286 4858 2568 4913 Ammonis.

1891 4943 1914 4980 8
1955 4932 2105 4987 Colb.
2142 4949 2157 4986 I
2183 4941 2232 4987 et
2258 4932 2387 4984 edit.
2416 4931 2467 4994 1,
2494 4929 2751 4999 magisque
2778 4938 3065 4992 exaratam,
3093 4927 3401 4999 descenden-

1819 5014 1893 5074 tes
1934 5015 2083 5074 atque
2109 5002 2385 5074 mugieutcs
2421 4998 2614 5053 extensi
2646 5010 2763 5051 sunt
2792 5000 2955 5074 nerui,
2983 5007 3027 5052 et
3054 5010 3108 5052 ut
3141 4998 3263 5066 ﬁla,
3294 5006 3401 5050 etc.

1816 5073 1971 5127 Colb.
2000 5070 2153 5128 'alter
2196 5070 2251 5128 et
2309 5072 2486 5133 Μαι-ιη
2520 5084 2701 5139 rugam
2757 5070 3020 5139 magisque
3068 5080 3401 5123 exaratam...

1818 5148 2149 5198 ostenderunt
2193 5143 2353 5196 uerri.
2384 5143 2450 5195 Et
2475 5140 2607 5194 infra
2636 5156 2731 5209 pro
2757 5141 3055 5194 cannabinis
3079 5181 3094 5205 ,
3123 5141 3403 5196 Lorichius

1820 5214 1980 5268 habet
2011 5214 2297 5269 caballinis.

1896 5283 1921 5323 δ
1968 5286 2079 5339 Duo
2130 5299 2287 5349 mss.,
2321 5279 2688 5335 Tlieudericus.
2730 5279 2835 5333 Alu
2870 5321 2883 5341 ,
2918 5280 3402 5349 ΤΙιεαρτὶεΙηιεηεειι

1823 5355 2188 5413 Theodericus.
2220 5348 2421 5408 Dicitur
2441 5368 2470 5406 a
2503 5350 2764 5420 Procopio
2792 5349 2925 5404 libro
2958 5351 3242 5407 tlIistoria:
3273 5348 3403 5400 Van.

1820 5427 1952 5502 dab,
1982 5422 2772 5502 :I'lt_codorus,_eta_bsqueliberis
2787 5421 3086 5502 defunctus.
3107 5420 3239 5502 .Vide
3271 5420 3403 5502 infra

1821 5490 1957 5567 (Col.
1976 5498 2104 5563 205,
2126 5516 2178 5551 it.
2198 5499 2272 5567 ι),
2286 5490 2573 5550 Lorichius
2585 5507 2696 5547 sem
2706 5507 2818 5567 per,
2842 5490 3218 5567 Tltederycltns,
3242 5491 3404 5567 seruet

1822 5560 2173 5638 Dederychus.
2224 5560 2280 5621 Id
2323 5582 2550 5638 nomen,
2581 5563 2721 5638 quod
2749 5560 2907 5638 apud
2949 5560 3405 5627 Septentrionale!

1826 5629 2050 5707 papulas
2067 5638 2282 5708 regibus
2301 5648 2354 5691 et
2386 5629 2713 5708 principibus
2744 5629 3006 5708 familiare
3045 5641 3189 5708 erat,
3221 5645 3404 5708 eorum

1826 5699 2029 5781 lingua,
2064 5699 2399 5774 'I'evaderiicli,
2431 5707 2483 5760 id
2509 5699 2592 5760 est
2628 5700 2831 5772 populis
2861 5699 3080 5769 pollens,
3112 5701 3402 5757 dicebatur.
