3944 6176
483 330 586 384 199

1787 318 2094 375 VICTORIS
2134 318 2435 375 VITENSIS

3648 320 3747 377 £206

482 442 689 500 Poteris
718 454 839 496 eum
870 437 1098 493 diversis
1145 434 1523 490 afflictionibus
1570 433 1889 489 interficere.
1931 434 2062 487 Nam
2092 436 2140 493 Λ
2172 433 2279 495 ire;
2322 434 2409 501 qui
2445 446 2565 487 cum
2615 432 2797 487 multis
2828 431 3035 487 insidiis
3085 440 3419 500 premeretur
3447 443 3503 486 ut
3526 435 3748 489 catholi-

480 536 525 591 si
547 532 727 605 gladio
754 528 1067 601 peremeris.
1102 527 1357 596 incipient
1401 540 1524 581 eum
1554 533 1579 562 ι
1606 524 1838 579 Romani
1863 533 2067 594 marty-

480 640 594 682 rem
648 622 960 693 praadicarc.
1008 620 1160 675 'l‘nnc
1204 616 1574 674 Theodericus
1620 616 1674 670 in
1735 614 2065 686 Byzacenam

482 714 813 785 provinciam
864 713 930 768 ad
956 710 1236 766 fodiendas
1284 721 1406 763 eum
1456 706 1781 761 condemnat
1823 702 2064 758 scrobes.

488 805 682 860 Postea
706 804 856 873 quasi
882 802 946 856 ad
966 801 1135 870 majus
1163 797 1532 869 opprobrium,
1563 797 1699 851 haud
1725 796 1909 866 procul
1933 795 2066 849 Car-

482 896 719 966 thagine,
756 895 842 949 ubi
891 895 958 949 ab
984 893 1233 948 omnibus
1278 891 1587 956 videretur,
1628 906 1750 945 eum
1794 898 2062 959 pastorem

485 991 739 1055 pra-cepit
785 999 905 1039 esse
948 998 1252 1039 vaccarum.
1302 982 1447 1036 lnter
1473 981 1609 1047 haec,
1640 981 1766 1035 dum
1787 1020 1802 1047 ,
1835 981 2065 1035 Domino

486 1077 779 1143 revelante,
809 1073 1147 1129 dormitionis
1175 1086 1284 1126 suae
1312 1072 1612 1141 proximum
1635 1071 2058 1137 cerneretdiem,

481 1166 708 1219 advocat
765 1163 1048 1233 quemdam
1101 1162 1354 1227 Felicem,
1391 1163 1748 1215 venerabilem
1805 1160 2063 1215 Christta-

482 1272 634 1319 num,
688 1266 1089 1324 procuratorem
1141 1253 1335 1307 domus
1364 1254 1454 1307 filii
1487 1254 1647 1322 regis,
1678 1254 1767 1322 qui
1797 1254 2059 1321 Armoga-

477 1358 611 1402 stem
638 1356 698 1401 ut
728 1346 1028 1415 apostolum
1064 1345 1451 1410 venerabatur;
1483 1346 1715 1411 dicitque
1743 1345 1818 1399 illi
1847 1362 1861 1398 :
1900 1348 2060 1399 'lem«

483 1455 579 1506 pus
610 1453 744 1492 metr
772 1437 1118 1491 resolutionis
1149 1437 1387 1491 advenit.
1421 1437 1657 1491 Obsecro
1697 1446 1749 1491 te
1777 1451 1870 1505 per
1901 1436 2058 1490 fidem

480 1545 641 1599 quam
667 1529 877 1597 utrique
918 1541 1188 1591 tenemus,
1232 1538 1290 1580 ut
1319 1526 1346 1564 ι)
1377 1528 1476 1581 sub
1500 1527 1599 1580 hac
1628 1527 1768 1591 ilice,
1799 1541 1885 1580 nte
1907 1540 2063 1594 sepe-

487 1620 585 1673 lire
601 1620 857 1689 digneris,
882 1618 1191 1673 redditurus
1213 1616 1307 1688 [αι.
1333 1618 1580 1689 Domino]
1607 1618 1714 1671 Deo
1737 1629 1943 1686 nostro,
1960 1618 2059 1672 nisi

482 1710 697 1774 feceris,
728 1711 1012 1764 rationem.
1039 1709 1155 1762 Non
1175 1708 1315 1777 quod
1348 1709 1437 1763 ille
1466 1723 1677 1764 curaret
1700 1709 1787 1763 ubi
1818 1719 1909 1762 aut
1930 1726 2060 1779 qua-

2169 538 2284 577 cam
2308 526 2579 579 amitteret
2610 524 2787 590 fidem,
2816 524 2931 593 ipse
2952 538 3072 579 eum
3095 538 3185 579 rex
3218 533 3400 593 postea
3426 524 3747 581 blandiendo

2168 616 2422 670 affatibus
2474 615 2825 670 smcularibus
2872 608 3161 680 invitabat,
3206 615 3524 683 promittens
3566 618 3749 672 multis

2166 723 2288 761 eum
2322 708 2419 781 [αι.
2451 706 2683 779 deliciis]
2732 707 2935 763 divitiis
2963 707 3364 772 cumulandum,
3410 708 3456 760 si
3492 706 3745 761 voluntati

2166 800 2285 867 ejus
2325 800 2566 854 auditum
2622 799 2832 854 facilem
2875 800 3293 854 commodasset.
3323 800 3567 865 Quicum
3598 800 3746 852 fortis

2166 901 2326 960 atque
2376 890 2606 945 invictus
2649 891 2703 944 in
2752 890 2857 946 fide
2896 898 3154 953 maneret,
3206 890 3353 958 jubet
3400 905 3520 945 cum
3563 891 3746 945 subire

2166 984 2486 1037 sententiam
2536 982 2859 1050 capitalem;
2917 983 2986 1036 ita
3030 978 3209 1036 tamen
3267 979 3489 1035 callidus
3534 981 3747 1035 occulte

2165 1075 2507 1145 przecipicns,
2542 1075 2665 1128 utsi
2710 1074 2761 1127 in
2809 1073 2896 1127 illa
2951 1072 3078 1127 hora
3110 1072 3368 1126 vibrantia
3394 1071 3553 1140 gladii
3577 1073 3741 1139 perti-

2165 1175 2432 1220 tnesceret
2462 1165 2648 1229 ictum,
2684 1164 2852 1232 magis
2878 1179 3001 1218 eum
3037 1162 3327 1229 occideret,
3362 1177 3431 1217 ne
3456 1176 3744 1239 martyrem

2163 1257 2457 1325 gloriosum
2489 1255 2739 1319 fecisset;
2786 1255 2829 1309 si
2872 1264 3051 1308 autem
3085 1255 3276 1308 fortem
3315 1255 3367 1306 in
3408 1253 3746 1308 confessione

2164 1348 2526 1415 conspiceret,
2558 1361 2585 1399 a
2613 1346 2791 1414 gladio
2823 1355 3167 1413 temperaret.
3198 1344 3300 1399 Sed
3338 1344 3429 1399 ille
3457 1352 3511 1397 ut
3539 1346 3746 1398 colum-

2164 1453 2231 1492 na
2263 1437 2549 1492 immobilis
2592 1436 2807 1490 Christo
2850 1436 3117 1489 solidante
3161 1434 3313 1489 fortis
3339 1434 3580 1501 effectus,
3609 1450 3746 1488 con~

2165 1529 2336 1583 fessor
2382 1528 2667 1583 revertitur
2703 1526 2993 1596 gloriosus.
3042 1526 3153 1580 Etsi
3201 1534 3490 1596 martyrem
3532 1524 3746 1578 invidus

2164 1622 2334 1677 hostis
2389 1621 2564 1675 noluit
2608 1619 2816 1685 facere,
2869 1618 3235 1673 confessorem
3284 1628 3461 1671 tamen
3501 1624 3745 1672 nostrum

2163 1730 2271 1767 non
2299 1712 2472 1781 potuit
2503 1711 2726 1766 violare.

476 1803 594 1856 liter
631 1817 785 1856 suum
835 1799 1155 1869 sepeliretur
1184 1813 1407 1868 corpus;
1448 1800 1541 1853 sed
1574 1808 1629 1853 ut
1675 1799 1803 1853 illud
1833 1799 2056 1854 demon—
2084 1800 2132 1860 B
2234 1805 2370 1860 XVI.
2401 1804 2581 1858 saturi
2604 1804 2753 1873 ﬁdes.
2786 1833 2854 1842 —
2885 1801 3137 1857 Novimus
3163 1809 3218 1857 et
3242 1801 3406 1855 alium
3439 1813 3502 1854 ea
3530 1808 3741 1867 tempe-

476 1902 740 1946 straretur
760 1892 901 1960 quod
928 1905 1085 1943 servo
1112 1904 1211 1943 suo
1234 1891 1563 1944 revelaverat
1594 1890 1685 1960 [αι.
1721 1888 1880 1960 Deus]
1903 1888 2059 1943 Chri-

472 1993 608 2037 stus.
656 1982 953 2051 ReSpondit
1005 1982 1172 2045 Felix,
1202 1990 1257 2036 et
1291 1981 1457 2035 dixit:
1485 1982 1639 2037 Absit
1664 1996 1693 2034 a
1726 1982 1898 2047 nobis,
1929 1996 2057 2035 con-

473 2075 643 2130 fessor
663 2074 1019 2139 venerabilis;
1044 2074 1135 2129 sed
1165 2074 1417 2143 sepeliam
1438 2082 1489 2127 te
1510 2074 1561 2127 in
1586 2089 1690 2127 una
1715 2074 2053 2129 basilicarum

475 2180 595 2220 cum
651 2165 919 2235 triumpho
961 2177 1015 2219 et
1041 2165 1209 2233 gratia
1236 2180 1396 2234 quam
1448 2164 1695 2218 mereris.
1722 2162 1819 2218 Cui
1867 2164 2054 2219 beatus

473 2260 816 2325 Armogastes
841 2273 854 2307 :
878 2255 1015 2318 Non,
1041 2254 1133 2309 sed
1161 2259 1258 2325 ιι
1279 2254 1421 2321 quod
1446 2253 1554 2308 dixi
1589 2253 1824 2309 facturus
1851 2268 1929 2308 es.
1963 2254 2055 2308 lile

472 2350 667 2402 timens
695 2346 791 2401 Dei
822 2347 1094 2401 hominem
1123 2347 1463 2409 contristare,
1487 2347 1751 2400 veraciter
1770 2347 1914 2415 quod
1939 2346 2054 2415 jus-

469 2449 608 2495 serat
655 2440 897 2508 promisit
941 2453 1003 2493 se
1043 2453 1163 2493 esse
1205 2437 1490 2492 facturum.
1518 2437 1707 2492 Statim
1738 2438 1875 2492 intra
1920 2453 2051 2507 pau-

471 2529 719 2583 cissimos
744 2528 859 2583 dies
886 2540 906 2567 ο
931 2544 1113 2583 comes
1141 2528 1296 2583 bona:
1324 2526 1683 2583 confessionis
1712 2526 1781 2582 de
1818 2526 1919 2582 hac
1942 2528 2048 2582 vita

470 2621 737 2690 migravit.
768 2620 1062 2674 Festinavit
1107 2618 1269 2689 igitur
1296 2617 1443 2673 Felix
1488 2618 1589 2672 sibi
1618 2618 1921 2687 delegatum
1951 2618 2051 2673 sub

468 2714 659 2767 arbore
688 2711 872 2767 fodere
901 2711 1230 2781 sepulcrum.
1268 2710 1364 2764 Cui
1395 2724 1516 2766 cum
1545 2711 1737 2765 intexa‘.
1768 2712 1976 2765 radices
1997 2719 2051 2765 et

467 2804 708 2860 soliditas
737 2804 901 2859 arida:
936 2804 1144 2858 telluris
1191 2817 1395 2857 moram
1439 2802 1707 2868 facerent,
1758 2812 1812 2857 et
1863 2803 2051 2857 labore

469 2906 755 2965 angeretur
781 2894 922 2965 quod
968 2894 1169 2948 tardius
1198 2894 1369 2949 sancti
1406 2894 1644 2948 tnetnbra
1676 2893 1922 2962 corporis
1951 2894 2049 2949 ltu-

472 2998 770 3052 marentnr,
820 2986 1035 3041 tandem
1068 2984 1320 3040 abscissis
1370 2986 1637 3041 radicibus
1678 2987 1848 3041 multo
1890 2988 2049 3043 altius

471 3088 669 3134 terram
700 3092 918 3143 cavans,
944 3076 1208 3145 conspicit
1240 3076 1575 3146 sarcofagum
1628 3076 2046 3145 splendidissimi

2159 1911 2299 1954 State
2324 1898 2541 1952 nomine
2567 1895 2815 1951 Saturum
2839 1912 2852 1949 :
2872 1895 2984 1965 qui,
3012 1909 3131 1949 cum
3164 1894 3393 1949 lucidum
3410 1900 3552 1947 esset
3573 1907 3742 1947 mem-

2160 1993 2312 2047 brum
2367 1990 2623 2044 Ecclesia:
2671 1988 2896 2051 Christi,
2951 1997 3001 2042 et
3051 1987 3368 2055 pravitatem
3422 1984 3741 2039 Arianorum

2162 2082 2409 2136 libertate
2439 2080 2699 2134 catholica
2725 2078 3031 2147 frequenter
3057 2085 3305 2145 argueret
3334 2074 3452 2143 (fuit
3485 2074 3573 2127 hic
3615 2090 3744 2141 pro-

2157 2184 2376 2229 curator
2388 2173 2579 2227 domus
2602 2170 2903 2240 Hunerici),
2927 2170 3263 2229 convenitur,
3281 2177 3565 2221 accusante
3586 2175 3609 2202 ε
3631 2165 3743 2219 Ma-

2158 2264 2346 2320 rivado
2376 2264 2604 2333 quodam
2637 2262 2884 2324 diacono,
2929 2275 3089 2329 quem
3136 2260 3435 2313 llunericus
3477 2256 3744 2311 infaustus

2157 2354 2503 2425 singulariter
2546 2351 2865 2418 honorabat,
2915 2359 2974 2404 ut
3020 2350 3173 2405 fieret
3218 2350 3443 2405 Saturus
3482 2350 3741 2403 Arianus.

2158 2446 2552 2499 Promittuntur
2583 2444 2816 2496 honores
2843 2451 2898 2496 et
2937 2441 3139 2495 divitia:
3186 2442 3368 2495 multa:
3411 2440 3458 2495 si
3503 2439 3737 2503 faceret,

2157 2544 2523 2606 prmparantur
2572 2533 2831 2602 supplicia
2871 2531 2982 2586 dira
3016 2533 3059 2586 si
3092 2531 3259 2584 nollet
3303 2547 3314 2581 :
3360 2530 3458 2583 hac
3510 2531 3743 2597 optione

2154 2627 2464 2694 pr0posita,
2508 2633 2567 2678 ut
2616 2624 2662 2677 si
2710 2623 2977 2692 regalibus
3023 2621 3258 2691 jussibus
3304 2636 3410 2675 non
3460 2620 3738 2683 obediret,

2153 2719 2330 2787 primo
2380 2716 2515 2771 facta
2546 2715 2906 2778 discussione,
2957 2722 3014 2768 et
3051 2722 3176 2767 ante
3205 2712 3396 2766 amissa
3444 2712 3607 2765 domo
3654 2712 3739 2766 vel

2155 2808 2478 2875 substantia,
2531 2806 2803 2861 distractis
2851 2806 3101 2860 omnibus
3144 2804 3431 2873 mancipiis
3471 2817 3533 2858 ac
3573 2802 3736 2865 fiilis.

2152 2915 2287 2955 uxor
2314 2899 2463 2969 ejus,
2509 2899 2624 2967 ipso
2671 2905 2959 2966 prmsentc,
3005 2895 3297 2950 camelario
3336 2895 3390 2947 in
3427 2894 3736 2963 conjugium

2152 2991 2479 3047 traderetur.
2512 2988 2664 3055 Quod
2706 2989 2794 3043 ille
2823 2988 3011 3057 plenus
3041 2988 3153 3042 Deo
3182 2987 3350 3056 magis
3394 2994 3450 3041 nt
3482 2986 3739 3041 velociter

2150 3084 2479 3155 proveniret,
2534 3082 2727 3149 impios
2777 3080 3121 3150 provocabat.
3179 3078 3259 3134 οι)
3298 3093 3457 3148 quam
3504 3092 3729 3133 causam

472 3169 756 3224 marmoris
794 3177 1177 3237 praeparatum,
1202 3166 1412 3235 qualem
1440 3166 1576 3222 forte
1614 3166 1794 3222 nullus
1829 3169 2048 3224 omnino
2075 3167 2122 3231 C
2154 3192 2295 3231 uxor
2321 3176 2437 3243 ejus
2460 3173 2699 3228 inducias
2721 3172 2830 3227 visa
2855 3180 2937 3226 est
2964 3170 3032 3224 ab
3058 3170 3139 3224 his
3161 3170 3249 3239 qui
3273 3168 3738 3237 exsequebantur,

470 3261 660 3315 habuit
690 3275 895 3330 regum.

536 3352 653 3407 XV.
704 3352 1027 3405 Archinimus
1074 3354 1353 3420 confessor.
1386 3380 1457 3390 —
1480 3350 1585 3407 Sed
1635 3366 1735 3407 nec
1762 3351 2045 3422 quemdam

465 3446 493 3485 ά
526 3446 895 3503 Archinimum
943 3445 1181 3510 nomine,
1213 3444 1593 3511 Masculanum,
1623 3444 1795 3501 debeo
1824 3457 2047 3517 praeter-

536 3617 563 3645 ιι
603 3607 962 3661 Romanorum
1008 3602 1226 3676 nomine
1254 3600 1757 3676 Catholicosfuisse
1786 3604 2030 3676 designa-

467 3688 573 3742 tos,
598 3688 708 3731 tum
723 3675 1070 3730 ablttcreticis
1091 3674 1239 3742 ipsis,
1272 3683 1330 3726 ut
1357 3675 1405 3726 in
1438 3673 1538 3727 hoc
1570 3674 1710 3738 loco,
1742 3684 1850 3729 tum
1874 3673 2037 3732 etiam

464 3764 492 3800 a
522 3747 799 3801 catholicis
820 3744 1128 3799 auctoribus
1143 3745 1334 3811 probat
1364 3743 1545 3795 multis
1565 3746 1832 3810 exemplis
1858 3758 2040 3803 noster

466 3818 802 3871 Mabillonius
835 3815 887 3868 in
927 3814 1240 3881 prmfationc
1270 3813 1334 3864 ad
1363 3812 1648 3881 Liturgiam
1688 3814 2035 3871 Gallicanam.

465 3888 557 3940 llis
586 3885 912 3951 adjiciendus
952 3894 1033 3935 est
1063 3882 1396 3935 Theodosius
1436 3883 1625 3937 .lunior
1674 3886 1942 3952 Augustus
1986 3890 2035 3941 in

462 3956 687 4023 cpistola
720 3954 784 4007 ad
814 3953 1065 4007 Acacium
1093 3952 1329 4019 aliosque
1356 3954 1635 4021 episc0pos
1661 3964 1715 4007 et
1742 3961 2023 4011 anachore-

464 4036 566 4093 tas,
590 4040 704 4094 qua:
725 4027 774 4078 in
799 4025 1026 4078 concilio
1055 4023 1324 4094 Ephesino
1352 4023 1598 4087 refertur.
1621 4024 1708 4076 ubi
1731 4040 1825 4077 eos
1847 4026 2041 4079 adhor-

464 4093 688 4150 tatttr’ut
726 4111 846 4149 sese
889 4094 1125 4162 probatos
1160 4093 1402 4146 Romana?
1454 4094 1713 4163 religionis
1756 4098 2040 4149 sacerdotes

464 4167 767 4220 exhibeant.
806 4167 933 4219 Vide
984 4164 1266 4217 Baronium
1324 4174 1470 4216 tomo
1511 4178 1541 4214 v
1584 4165 1776 4215 Annal.
1816 4165 1879 4218 ad
1911 4181 2036 4220 ann.

463 4239 568 4291 402
608 4248 661 4290 et
685 4236 811 4289 452.
846 4236 892 4288 Is
922 4244 1097 4286 autem
1130 4248 1247 4285 mos
1272 4232 1606 4299 potissimum
1639 4234 1887 4296 invaluit.
1919 4252 2038 4290 cunt

468 4309 670 4362 barbari
702 4306 915 4359 Arianm
930 4315 1090 4356 sectae
1112 4304 1304 4355 addicti
1335 4302 1573 4373 Romani
1592 4305 1800 4373 Imperii
1823 4307 2041 4373 provin-

463 4380 573 4432 cias
600 4378 960 4430 devastarunt.
985 4373 1119 4426 V'ide
1143 4374 1274 4425 infra
1310 4372 1442 4442 (Col.
1470 4372 1598 4437 9.55,
1623 4390 1673 4425 η.
1705 4372 1779 4442 δ).

2156 3269 2430 3323 nesciente
2460 3270 2670 3333 marito,
2705 3265 2922 3333 petisse.
2956 3262 3176 3318 Accedit
3226 3261 3293 3315 ad
3344 3262 3589 3315 maritutn
3631 3261 3740 3316 alia

2155 3360 2261 3413 Eva
2285 3357 2512 3411 consilio
2541 3357 2848 3425 magistrata
2875 3352 3139 3423 serpentis
3175 3350 3329 3421 (Gen.
3356 3353 3459 3420 ιιι).
3503 3351 3611 3407 Sed
3645 3351 3742 3406 ille

2154 3451 2321 3505 Adatn
2355 3465 2461 3505 non
2502 3448 2617 3514 fuit,
2647 3448 2735 3516 qni
2770 3446 3081 3501 illecebrosa
3124 3445 3216 3518 [αι.
3255 3443 3397 3515 vitm]
3430 3454 3606 3498 vetate
3647 3458 3741 3497 ar-

2143 3606 2527 3679 autographum
2552 3622 2721 3679 penes
2733 3622 2829 3661 nos
2853 3606 3133 3667 habemus,
3156 3606 3348 3679 legitur
3370 3606 3697 3679 drchimfnus
3715 3626 3736 3670 ,-

2142 3676 2299 3744 qnam
2333 3676 2896 3733 lectionem'exhibent
2919 3688 3148 3745 quatuor
3178 3676 3302 3729 item
3330 3676 3430 3729 alia
3457 3686 3736 3746 martyru-

2143 3751 2301 3815 lugia,
2342 3764 2370 3801 a
2426 3749 2785 3803 Bollandianis
2835 3748 2921 3801 die
2962 3748 3032 3800 ‘29
3064 3747 3233 3800 Martii
3274 3747 3505 3799 laudata.
3542 3747 3734 3799 Codex

2142 3818 2485 3873 (Iulbertinus
2505 3816 2794 3880 secundus,
2811 3818 3205 3869 Archiminium.
3221 3816 3525 3869 Nutkhcrus
3548 3827 3731 3869 autem

2144 3890 2195 3942 in
2222 3890 2605 3959 martyrologio
2632 3890 2737 3958 72
2760 3889 2899 3959 quod
2930 3904 2956 3939 a
2995 3886 3209 3959 canisio
3237 3896 3381 3959 tonio
3404 3885 3463 3959 \ll
3490 3888 3732 3959 antiqum

2148 3956 2388 4013 lectionis
2414 3956 2810 4028 vu'gatuin—tast,
2839 3957 2995 4010 habet
3022 3956 3382 4028 Arcltintiinus.
3406 3956 3533 4028 Qute
3559 3958 3730 4028 lectio

2148 4039 2230 4082 est
2247 4029 2406 4082 etiam
2440 4026 2641 4082 codicis
2674 4029 2812 4083 tertii
2856 4026 3177 4083 Cnlhertime
3221 4026 3556 4079 biblimhecze
3581 4067 3597 4088 .
3632 4027 3735 4080 sed

2148 4099 2386 4152 omnium
2418 4100 2751 4152 rccentioris.
2789 4097 3221 4168 Martyrologium
3247 4097 3538 4150 Leodiense
3568 4095 3735 4165 Argi-

2149 4171 2343 4220 nimum
2371 4183 2491 4222 eum
2521 4170 2772 4237 appellat.
2798 4168 2913 4221 Jam
2954 4184 3081 4222 vero
3108 4169 3384 4233 exemplar
3412 4177 3678 4237 vetustum
3704 4182 3737 4218 a

2153 4238 2378 4305 Baroniu
2405 4235 2675 4293 laudatum
2708 4238 2867 4291 habet
2893 4238 3267 4291 Masculamtm.
3297 4237 3392 4290 Cui
3426 4235 3736 4304 suffragan-

2148 4317 2236 4362 tur
2265 4309 2448 4361 mss.2
2494 4309 2647 4362 Colb.
2677 4320 2731 4363 et
2758 4308 2886 4361 edit.
2920 4307 3161 4361 Rhenani
3183 4348 3198 4369 .
3233 4306 3505 4368 Balduini,
3555 4306 3739 4374 Bignii

2154 4390 2206 4432 et
2237 4377 2425 4434 Colon.
2448 4418 2463 4442 ,
2492 4381 2579 4432 tibi
2618 4380 2807 4448 legitur
2840 4378 3129 4431 Mttsculan.
3161 4377 3370 4448 Martin.
3398 4377 3553 4429 habet
3584 4378 3732 4429 Mas-

534 4425 571 4485 ἰῖ
599 4425 1053 4501 signinis“...
1092 4425 1148 4498 et
1198 4425 1498 4497 Lorichius.
1544 4425 1669 4507 Alii,
1718 4425 1809 4497 ab
1849 4445 2049 4514 siliquae
2077 4425 2126 4485 ι)
2150 4425 3596 4504 5.21.75:manuEnnianiargntum.tyana";
3622 4425 3737 4499 ἦιξ-

463 4518 657 4580 arbore,
675 4526 779 4569 etc.

542 4596 565 4624 α
607 4587 682 4639 Ex
713 4586 813 4639 hac
842 4599 973 4639 voce
1003 4585 1215 4639 occasio
1245 4592 1454 4653 sumpta
1482 4592 1567 4638 est
1590 4584 1962 4649 Armogastem
1994 4586 2044 4640 in

466 4656 709 4710 Romano
760 4655 1136 4723 Martyrologio
1181 4658 1415 4708 comitem
1464 4655 1792 4723 appellandi,
1844 4656 1930 4711 die
1975 4657 2044 4711 29

465 4726 637 4780 Martii
664 4763 678 4788 ,
720 4724 873 4795 quasi
894 4726 973 4795 vir
1002 4725 1101 4777 iste
1122 4735 1337 4777 sanctus
1364 4725 1631 4778 comitatus
1656 4725 1914 4795 dignitate
1943 4728 2045 4781 ali-

464 4795 677 4862 quando
692 4793 1165 4863 fueritinsignitus.
1188 4797 1255 4849 At
1282 4795 1432 4847 fallar
1454 4796 1498 4848 si
1532 4810 1693 4850 voces
1720 4793 1843 4861 illae,
1874 4813 2041 4851 comes

464 4867 606 4920 bona:
634 4864 1164 4934 confessionis,alittd
1188 4866 1272 4917 hic
1307 4867 1516 4931 signent
1539 4882 1695 4934 quam
1722 4869 1773 4919 in
1808 4876 1901 4920 aut
1921 4884 2037 4920 cum

465 4936 593 4988 bona
618 4937 947 5005 confessione.
975 4933 1128 4989 Unde
1160 4934 1296 5000 Ado,
1321 4933 1593 4988 Usuardu’s
1615 4936 1807 5004 aliique
1829 4946 2036 4993 veteres

465 5006 958 5075 martyrolngiorum
1009 5007 1330 5071 Scriptores,
1373 5006 1463 5073 qui
1494 5004 1595 5058 hac
1622 5006 1706 5074 ipa
1766 5007 1835 5061 29
1863 5008 2035 5063 Martii

463 5076 550 5130 die
580 5074 774 5129 festum
797 5074 1035 5143 ejusdem
1053 5076 1219 5129 sancti
1250 5075 1574 5129 confessoris
1598 5075 1931 5143 duorumque
1952 5094 2037 5133 se-

462 5146 733 5218 quentiutn
758 5186 772 5210 ,
794 5144 1087 5218 _Ar_cf_tinimi
1124 5146 1326 5218 scilicet
1356 5154 1411 5199 et
1439 5145 1652 5218 Saturi,
1694 5161 1788 5218 seu
1836 5144 2032 5218 Satyri,

462 5214 887 5286 recolttnt,_niftil
916 5215 1112 5286 habent
1136 5216 1203 5269 de
1231 5217 1330 5269 hac
1360 5215 1574 5286 comitis
1588 5216 1855 5286 dignitate.

532 5283 559 5324 ἀ
598 5284 799 5350 Chiﬂl.,
846 5284 1245 5357 iArcItimrimum,
1271 5285 1486 5357 nomine
1519 5283 1828 5357 plusculum,
1886 5288 2035 5357 quasi

463 5370 657 5412 nomen
681 5356 951 5424 proprium
977 5354 1131 5422 hujus
1156 5355 1481 5411 confessoris
1514 5354 1778 5425 uascula,
1814 5354 1916 5425 qui
1937 5358 2033 5411 mi-

464 5429 615 5481 mica:
645 5428 744 5480 arti
795 5426 1072 5494 praefectus
1102 5426 1305 5494 fuisset.
1336 5430 1403 5479 At
1432 5440 1569 5479 unus
1600 5424 1751 5481 Colb.
1795 5424 2034 5482 omnium

462 5498 753 5559 vetustior,
798 5493 852 5551 et
887 5495 1042 5549 Mart.
1073 5510 1193 5548 cum
1230 5493 1476 5549 Lurichio
1504 5505 1560 5549 et
1582 5497 1805 5550 Orthod.
1840 5497 2039 5552 habent

466 5566 835 5639 Archinirnum,
855 5567 942 5634 qui
964 5575 1019 5639 et
1040 5566 1118 5619 sic
1140 5566 1518 5639 Aappellatnrin
1543 5566 1745 5620 Adonis
1773 5578 2040 5639 martyru-

465 5634 607 5702 logio
626 5636 792 5701 edito,
821 5646 979 5703 atque
1001 5638 1055 5690 in
1085 5636 1255 5691 tribus
1273 5637 1495 5707 vetustis
1521 5634 1931 5707 manuscriptis,
1950 5640 2037 5693 cui

464 5707 624 5760 etiam
652 5715 918 5761 consentit
948 5707 1157 5763 Florus.
1192 5707 1343 5778 Apud
1369 5706 1668 5764 Usuardum
1700 5706 1858 5777 vero,
1884 5711 2039 5778 cujus

2153 4520 2288 4571 mine
2316 4562 2330 4583 ,
2384 4520 2764 4579 Muscult'num.
2812 4527 2866 4572 et
2914 4519 3107 4573 lielfor.
3147 4519 3303 4572 vertit
3362 4517 3639 4569 Masculin.
3692 4519 3737 4572 Β

2148 4588 2343 4655 quibus
2372 4591 2618 4642 omnibus
2650 4591 2807 4658 liquet
2843 4605 3036 4643 nomen
3072 4591 3225 4655 hujus
3251 4586 3574 4658 confc~soris
3597 4603 3731 4651 pro-

2150 4661 2319 4725 priun
2353 4660 2515 4713 fuisse
2546 4657 2895 4712 Archiétimum
2922 4670 3013 4711 aut
3040 4658 3411 4717 Archiminnm,
3434 4657 3629 4710 Mascul
3653 4676 3733 4711 tm

2148 4744 2295 4799 vero,
2325 4745 2443 4799 qua:
2464 4729 2588 4783 urbs
2608 4729 2705 4783 fuit
2728 4731 2778 4783 in
2792 4730 3036 4783 Numidia
3052 4730 3300 4799 celebris,
3330 4729 3445 4791 ejus
3474 4727 3733 4799 patriam.

2148 4798 2226 4853 De
2254 4796 2359 4863 qua
2390 4800 2520 4853 urbe
2558 4800 2707 4866 plura
2744 4799 2905 4853 habes
2943 4801 2995 4853 in
3024 4803 3163 4852 notis
3193 4798 3257 4851 ad
3300 4799 3579 4864 episcojms
3609 4796 3737 4851 Nu-

2149 4870 2360 4935 midia),
2406 4870 2496 4937 qui
2531 4871 2579 4923 in
2611 4870 2802 4925 Notitia
2834 4879 3180 4924 recensentur
3209 4884 3353 4921 num.
3384 4866 3475 4919 94.
3508 4868 3571 4919 Et
3602 4868 3736 4935 qni-

2144 4940 2266 4994 dem
2289 4954 2354 5011 ex
2382 4942 2629 4994 omnibus
2673 4941 3065 5011 martyrnlogiis
3093 4956 3120 4990 a
3163 4956 3248 4992 me
3277 4952 3436 5005 supra
3466 4937 3733 5011 laudatis,

2144 5024 2264 5132 31MB
2310 5010 2452 5063 hunc
2481 5020 2723 5064 sanctum
2756 5007 2915 5064 simul
2956 5007 3074 5063 cum
3108 5013 3421 5076 Armogaste
3442 5016 3495 5059 et
3525 5007 3736 5061 Saturo

2186 5083 2231 5132 ie
2257 5079 2327 5132 29
2358 5079 2524 5132 Martii
2551 5091 3000 5132 commemorant.
3031 5095 3097 5132 ne
3127 5080 3340 5132 unicum
3373 5076 3582 5132 uuident
3604 5075 3735 5127 Μα-

2186 5083 2231 5133 ie
2257 5079 2327 5133 29
2358 5079 2524 5132 Martii
2551 5091 3000 5144 commemorant,
3031 5095 3097 5133 ne
3127 5080 3340 5133 unicum
3373 5076 3582 5144 quidem
3604 5075 3735 5127 Μα-

2143 5151 2303 5202 δειιιω
2342 5150 2617 5213 meminit,
2644 5166 2830 5204 omnes
2882 5155 3182 5205 econtrarin
3217 5147 3560 5201 Arcltt'nimum
3607 5146 3733 5197 lan-

2144 5219 2302 5285 dant;
2351 5220 2510 5290 quod
2546 5235 2737 5290 nempe
2788 5233 3009 5276 istorum
3042 5219 3319 5273 Fasmrnm
3374 5217 3736 5290 scriptoribus

2143 5286 2455 5359 persuasum
2489 5286 2687 5354 fuerit,
2717 5293 2814 5345 hac
2842 5306 2974 5346 voce
2999 5289 3290 5355 Masculmt,
3323 5302 3429 5359 non
3450 5286 3736 5341 confesso-

2141 5358 2483 5431 remiipsum,
2514 5361 2607 5414 sed
2636 5362 2752 5429 ejus
2783 5363 3003 5425 patriam
3051 5359 3342 5431 designari.
3371 5358 3503 5431 llinc
3530 5371 3736 5431 emcn-

2141 5426 2695 5494 dandi'reccntiores',
2727 5432 2814 5500 qui
2843 5432 3153 5495 Masculum,
3173 5426 3518 5497 professione
3545 5426 3737 5479 archi-

2141 5500 2388 5562 mimum,
2421 5501 2633 5557 incaute
2661 5503 2713 5554 in
2747 5502 2911 5554 fastos
2942 5516 3123 5555 sacros
3155 5501 3428 5555 invexere.

2215 5580 2239 5607 °
2280 5571 2467 5635 Marl.,
2500 5571 2827 5627 Maurivado.
2862 5572 3089 5627 Orlltnd.
3136 5581 3189 5625 ct
3222 5568 3500 5622 Loricltius
3523 5606 3540 5627 ,
3570 5564 3740 5618 Mau-

2142 5641 2344 5695 ridano.
2388 5641 2694 5707 Legendnm
2725 5642 2862 5697 forte
2894 5642 3195 5697 Varimado.
3224 5640 3362 5695 Vide
3387 5638 3736 5694 Commenta-

2142 5711 2279 5767 rium
2303 5712 2615 5767 historicum
2639 5727 2757 5782 cap.
2792 5718 2843 5769 ι.
