3944 6176
271 316 347 370 ΞΟΙ

1172 309 1257 364 DE
1295 306 1817 365 PERSECUTIONE
1862 303 2249 360 VANDAIJCA
2290 304 2420 359 LIB.
2461 303 2521 359 li.

3391 307 3499 361 2(ιὲ

269 432 389 487 boris
410 439 553 498 poma
580 423 917 495 contingeret
942 440 954 475 :
983 423 1107 492 quia
1136 438 1239 477 non
1282 424 1548 493 indigens,
1578 423 1674 478 sed
1708 425 1802 477 Sa-
1832 425 1883 485 Α
1909 436 2031 489 ego,
2062 435 2284 476 securus
2309 422 2377 477 de
2399 420 2701 490 promis-is,
2728 422 2887 477 verba
2918 422 3148 479 tenebo:
3174 423 3234 480 Si
3254 426 3371 495 quis
3394 444 3490 479 non

269 535 395 576 turus
420 516 716 580 vocabatur,
749 516 845 588 [al.
877 513 1122 585 satiatus]
1151 524 1422 569 saturatus
1467 514 1536 568 ab
1565 514 1808 568 ubertate

268 615 431 667 domus
458 609 570 673 Dei,
601 618 655 663 et
684 614 921 662 torrente
945 606 1256 661 deliciarum
1292 606 1409 674 ejus
1439 612 1669 674 potatus.
1703 604 1808 657 Ad-

268 709 391 759 venit
417 703 595 757 mulier
617 701 681 755 ad
710 700 886 754 locum
914 699 1003 752 ubi
1031 700 1253 754 maritus
1285 697 1572 764 singularis
1599 697 1807 760 orabat,

266 792 516 848 ['OttSCiSsis
544 790 799 855 vestibus,
831 788 1085 857 crineque
1114 789 1312 853 soluto,
1344 802 1523 841 secum
1553 787 1812 840 comitan-

266 886 382 939 tibus
408 883 539 946 liliis,
570 890 884 948 ‘uuamque
932 879 1268 942 infantulam,
1322 893 1441 948 qua:
1474 888 1602 932 tunc
1650 877 1813 930 Iacta-

265 979 397 1030 batur
425 974 662 1028 manibus
690 984 938 1043 gestans;
969 986 1129 1041 quam
1186 970 1479 1025 nescientis
1523 970 1813 1039 projicieus

268 1069 322 1123 ad
347 1068 493 1137 pedes
522 1065 721 1131 mariti,
753 1067 916 1120 etiam
963 1065 1075 1132 ipsa
1103 1064 1215 1116 suis
1245 1077 1414 1131 genua
1443 1061 1815 1130 complectitur

267 1165 403 1225 ulnis,
427 1163 641 1217 sibilans
667 1160 1053 1214 vociferatione
1083 1158 1332 1211 draconis
1356 1175 1370 1210 :
1411 1157 1663 1212 Miserere
1685 1156 1810 1220 mei,

266 1254 559 1314 dulcissime,
593 1252 751 1305 simul
778 1260 833 1305 et
864 1252 978 1313 tui;
1018 1249 1275 1306 miserere
1319 1248 1694 1303 communibus
1745 1248 1812 1301 li-

267 1348 406 1409 beris,
434 1359 565 1414 quos
594 1343 862 1411 censpicis
888 1342 1023 1409 ipse.
1048 1341 1164 1395 Non
1190 1340 1497 1411 subjaeeant
1521 1336 1815 1393 conditioni

267 1436 447 1501 servili,
475 1450 611 1505 quos
636 1434 812 1489 claros
836 1433 1085 1500 prosapia
1119 1430 1351 1485 reddidit
1375 1431 1588 1499 generis
1620 1429 1811 1481 nostri.

264 1533 359 1588 Non
400 1530 650 1598 subjiciar
676 1542 776 1597 ego
802 1525 1024 1594 indigno
1061 1533 1113 1578 et
1142 1525 1277 1592 turpi
1308 1522 1559 1591 conjugio
1606 1521 1817 1574 vivente

264 1623 463 1684 marito,
491 1637 612 1688 qum.
661 1618 791 1671 mihi
823 1631 1035 1683 semper
1068 1616 1205 1668 inter
1247 1628 1458 1667 eumvas
1500 1611 1813 1680 plaudebam

263 1715 319 1767 de
338 1712 516 1767 Saturo
547 1724 689 1763 meo.
714 1708 1002 1776 Cognoscit
1046 1707 1186 1760 Deus
1207 1706 1330 1771 quia
1361 1704 1558 1757 invitus
1582 1702 1817 1756 facturus

1914 516 2163 569 dimiserit
2194 531 2428 576 uxorem,
2459 515 2617 582 ﬁlios,
2647 531 2815 582 agros,
2844 525 2935 568 aut
2961 517 3185 583 domum,
3222 535 3365 573 meus
3398 537 3443 569 na
3465 536 3492 569 ιι

1916 607 2096 673 poterit
2126 622 2232 659 esse
2256 602 2513 675 dicipttlus
2542 604 2693 673 (Luc.
2718 621 2827 672 xw,
2852 606 2969 676 26).
2996 608 3132 673 Quid
3164 609 3299 662 ultra
3325 610 3346 661 ’ἶ
3381 610 3493 663 Dis-

1913 702 2140 755 cedente
2178 704 2403 757 muliere
2443 716 2563 753 cum
2596 700 2717 775 filiis
2748 702 2997 767 refutatu,
3041 702 3374 756 confortatur
3400 706 3494 756 Sa-

1917 803 2067 846 turus
2089 794 2154 846 ad
2186 807 2465 856 coronam,
2488 792 2791 854 discutitur,
2815 793 3159 858 exspoliatur,
3188 794 3357 859 poenis
3377 808 3495 846 con-

1918 888 2133 949 teritur,
2151 886 2428 940 mendicus
2450 884 2756 949 dimittitur,
2774 884 3108 937 interdicitur
3127 885 3172 938 ei
3202 886 3495 953 prodeundi

1917 995 2190 1033 accessus.
2215 979 2409 1032 Totum
2432 979 2479 1032 ei
2505 978 2759 1042 tulerunt,
2787 978 2980 1031 stolam
3006 988 3183 1033 tamen
3214 979 3498 1048 baptisma.

1918 1074 1983 1125 tis
2007 1073 2219 1126 auferre
2251 1072 2299 1125 ei
2338 1086 2442 1127 non
2472 1080 2781 1139 potuerunt.

1987 1162 2145 1216 XVII.
2171 1160 2410 1215 Geiserici
2440 1161 2805 1227 persecutionis
2833 1161 3113 1213 conclusio.
3137 1190 3206 1200 —
3228 1160 3356 1215 Post
3384 1161 3499 1216 hare

1921 1253 2224 1308 Geisericus
2266 1253 2550 1307 ecclesiam
2601 1251 2939 1320 Carthaginis
2988 1253 3158 1307 claudi
3212 1256 3499 1321 praecepit,

1919 1344 2188 1413 (iiSSip.tlis
2215 1355 2374 1408 atque
2396 1341 2652 1408 dispersis
2681 1357 2774 1409 per
2795 1341 3005 1395 diversa
3030 1342 3343 1397 exsiliorum
3364 1344 3501 1403 loca.

1918 1437 2039 1506 quia
2071 1437 2357 1504 episcopus
2402 1451 2517 1488 non.
2552 1444 2699 1497 erat,
2743 1433 3073 1503 presbyteris
3121 1442 3175 1489 et
3222 1434 3502 1488 ministris.

1918 1530 2050 1595 Quae
2090 1528 2180 1582 vix
2228 1538 2465 1582 reserata
2495 1535 2579 1580 est
2608 1526 2824 1578 Zenone
2874 1525 3113 1594 principe
3170 1526 3504 1594 supplicante

1923 1633 2018 1686 per
2062 1618 2343 1686 patricium
2384 1616 2685 1679 Severum;
2730 1624 2784 1669 et
2833 1617 2911 1669 sic
2941 1616 3174 1669 universi
3221 1619 3290 1669 ab
3317 1617 3506 1671 exsilio

1928 1710 2224 1764 redierunt.
2247 1710 2378 1774 Qure
2403 1724 2531 1763 vero
2559 1709 2612 1762 ir.
2648 1708 2920 1777 Iiispania,
2942 1709 2992 1760 in
3028 1708 3195 1767 italia.
3226 1709 3507 1772 Dalmatia.

264 1821 312 1859 es
336 1804 443 1862 hoc.
475 1802 618 1872 quod
643 1800 782 1855 forte
815 1799 1119 1852 voluntarie
1145 1798 1404 1865 aliquanti
1436 1793 1690 1850 fecerunt.
1726 1791 1821 1847 Cui
1856 1798 1897 1856 Β
1926 1794 2237 1870 Campania,
2270 1802 2542 1867 Calabria,
2572 1802 2784 1870 Apulia,
2819 1802 3023 1865 sicilia,
3068 1801 3338 1868 sardinia,
3374 1805 3504 1857 nm.

265 1900 340 1952 ille
363 1897 457 1952 Job
481 1895 652 1949 sancti
682 1909 813 1948 voce
862 1890 1140 1960 respondit
1168 1906 1180 1941 :
1216 1888 1479 1958 Tanquam
1525 1902 1627 1939 una
1652 1902 1714 1939 ea:
1740 1886 1819 1938 in-

264 1989 532 2059 sipientibus
560 1986 859 2041 mulieribus
893 1984 1115 2054 loqueris
1154 1982 1278 2050 (Job
1314 1997 1370 2046 tt,
1410 1980 1514 2046 10).
1544 1977 1821 2032 Formida-

265 2097 378 2146 rcm,
401 2080 610 2143 mulier,
641 2078 688 2133 si
717 2078 829 2131 sola
858 2087 1001 2130 esset
1029 2074 1186 2141 hujus
1216 2074 1339 2126 vita:
1359 2086 1541 2126 amara
1571 2069 1818 2124 dulcedo.

266 2174 500 2237 Artificio,
521 2172 746 2238 coujux,
767 2168 961 2223 diaboli
990 2168 1281 2220 ministras.
1310 2164 1362 2219 Si
1381 2165 1629 2233 diligeres
1654 2162 1820 2216 mari-

266 2278 377 2329 tum,
409 2278 678 2333 nunquam
699 2263 764 2315 ad
790 2260 1080 2315 secundam
1117 2269 1345 2312 mortem
1373 2257 1670 2312 attraheres
1701 2272 1823 2325 pro-

262 2361 410 2426 prium
440 2360 633 2411 virum.
665 2354 761 2426 [αι.
800 2351 1114 2422 Detraiiant]
1144 2352 1449 2406 Distrahant
1480 2350 1638 2417 ﬁlios,
1667 2365 1825 2419 sepa-

263 2459 364 2505 rent
387 2452 481 2521 12
513 2463 762 2512 uxorem,
790 2444 1037 2499 auferant
1057 2443 1450 2508 substantiam;
1485 2444 1589 2499 mei
1615 2442 1827 2498 Domini

320 2620 341 2648 ³
376 2614 521 2669 Mart.
544 2655 561 2677 ,
598 2630 854 2681 unumque
894 2611 1183 2676 paruulum,
1231 2612 1317 2679 qui
1338 2651 1353 2675 ,
1383 2620 1513 2676 etc.,
1543 2610 1595 2662 in
1628 2623 1827 2679 genere

260 2686 545 2763 masculino.
596 2685 687 2739 Sic
726 2680 836 2738 fere
865 2682 1146 2737 Loricliius
1174 2723 1189 2746 ,
1222 2697 1422 2750 unaque
1469 2680 1779 2750 infantulum
1807 2721 1820 2742 ,

290 2769 350 2807 ιιι.
379 2770 473 2807 εις.

290 2769 333 2804 ιιι
379 2770 473 2809 etc.

259 2769 283 2817 ᾳ
318 2796 350 2861 δ’
374 2824 674 2879 Orthodox.
692 2823 1029 2878 solummodo
1051 2832 1104 2877 et
1132 2822 1414 2875 Loricliius
1433 2836 1550 2872 cum
1568 2819 1818 2874 versione

259 2893 433 2950 Gallica
472 2896 778 2951 Beiforestii
820 2895 1096 2949 Venetiam
1148 2894 1233 2947 hic
1279 2899 1583 2947 recensent.
1618 2892 1682 2945 Et
1722 2908 1815 2959 pro

1925 1895 2031 1959 liis,
2066 1893 2090 1931 it
2125 1894 2369 1958 Venetia,
2408 1892 2661 1957 Lucania,
2714 1893 2878 1961 Epiro
2912 1892 3112 1954 Veteri.
3160 1895 3245 1949 vel
3292 1896 3509 1949 llellada

1921 1990 2168 2054 gesserit,
2203 1985 2400 2039 melius
2446 1984 2518 2037 ibi
2553 1984 2651 2053 ipsi
2678 1985 2765 2052 qui
2799 1986 2941 2053 passi
2971 1992 3095 2038 sunt
3136 1985 3509 2040 miserabiliter

1927 2077 2024 2147 [aL
2060 2074 2313 2145 lugenda]
2343 2074 2575 2142 lugendo
2627 2074 2941 2128 narrabunt.
2985 2075 3089 2129 Sed
3116 2077 3224 2143 jam
3264 2090 3509 2145 persecu-

1927 2170 2088 2223 tionis
2118 2177 2339 2230 nostrze,
2373 2183 2400 2219 a
2431 2166 2707 2221 Geiserico
2754 2177 2955 2235 quanto
2997 2167 3321 2233 sublimiter,
3364 2180 3511 2223 tanto

1927 2260 2222 2315 crudeliter
2251 2269 2433 2325 gestia,
2466 2259 2567 2313 iste
2597 2258 2665 2312 sit
2708 2259 2848 2312 finis.
2878 2259 3093 2313 Duravit
3136 2269 3314 2315 autem
3346 2262 3400 2316 in
3430 2277 3512 2317 re-

1927 2367 2034 2422 gno
2059 2353 2213 2405 anuis
2240 2352 2454 2420 triginta
2489 2358 2695 2419 septem
2727 2361 2780 2405 et
2807 2352 3079 2407 mensibus
3108 2352 3299 2407 tribus.

1935 2607 2018 2661 his
2042 2606 2239 2661 verbis.
2268 2603 2427 2670 Epiro
2458 2603 2652 2665 Veteri,
2680 2603 2755 2657 vel
2790 2602 3034 2668 Hellada,
3060 2603 3338 2658 Lorichius
3360 2604 3513 2661 habet

1932 2676 2123 2741 Epiro,
2169 2674 2405 2728 Hellade.
2441 2672 2642 2727 Vocula
2689 2675 2842 2726 reteri
2895 2674 3162 2728 emittitur
3206 2690 3420 2743 quoque
3458 2678 3509 2729 in

1926 2748 2161 2801 editione
2195 2744 2457 2796 lthenani.
2491 2743 2562 2796 De
2589 2753 2760 2796 morte
2785 2743 3061 2798 Genserici
3086 2744 3206 2798 vide
3225 2744 3510 2801 Commen-

1926 2818 2116 2871 larium
2151 2815 2463 2869 historicum
2492 2814 2712 2882 capital.
2746 2816 2799 2867 7.

273 3013 3488 3044 *α’-’.ΗΜ

1139 3093 1620 3201 LIBER
1701 3087 2589 3196 SECUNDUS.

1315 3275 1517 3319 INITIA
1562 3269 2058 3318 PERSECUTIONIS
2102 3268 2435 3312 HUNERICI.
2468 3281 2482 3293 -

316 3406 348 3458 Ι.
399 3405 651 3460 Hunerici
702 3405 869 3457 initia.
916 3434 985 3443 —
1034 3404 1240 3457 Mortuo
1297 3402 1455 3471 igitur
1519 3399 1829 3461 Geiserico,
1863 3401 1906 3461 C
1938 3398 2196 3464 scriptum
2255 3398 2458 3451 habens
2500 3397 2552 3450 in
2586 3397 2827 3451 femore:
2869 3397 3189 3455 Manil/tatus
3235 3401 3519 3470 discipulus

258 3506 277 3532 ε
300 3498 596 3552 lluuericus
647 3496 821 3564 major
852 3494 993 3548 lilius
1023 3494 1157 3563 patri
1187 3494 1445 3546 succedit.
1496 3492 1596 3557 Qui
1632 3495 1681 3543 in
1720 3490 1829 3558 pri-

257 3588 446 3643 mordio
470 3590 649 3658 regni,
686 3599 741 3641 ut
764 3587 924 3640 habet
952 3586 1222 3640 subtilitas
1254 3584 1636 3648 Barbarorum,
1668 3583 1829 3650 cmpit

258 3680 419 3735 mitius
446 3690 502 3735 et
530 3680 873 3736 moderatius
903 3688 1153 3747 agere.et
1183 3678 1414 3731 maxime
1440 3676 1581 3731 circa
1616 3675 1832 3739 religio-

259 3788 365 3826 nem
390 3783 638 3827 nostram
664 3790 677 3826 :
710 3781 766 3825 ut
789 3772 949 3825 etiam
976 3771 1064 3824 ubi
1098 3779 1252 3823 antea
1278 3769 1378 3823 sub
1407 3783 1533 3837 rege
1558 3767 1831 3822 Geiserico

256 3862 338 3933 [ιιι.
370 3860 751 3932 prtedicatum]
781 3860 1183 3929 prajudicatum
1233 3858 1405 3914 fuerat
1448 3874 1516 3912 ne
1562 3856 1831 3927 spiritales

256 3952 427 4007 tierent
453 3964 781 4015 conventus,
831 3952 1203 4007 conventicula
1238 3959 1623 4007 concurrerent
1658 3965 1830 4020 popu-

253 4045 435 4101 lorum.
470 4047 541 4101 Et
572 4057 629 4099 ut
654 4060 715 4100 se
744 4045 1053 4115 religiosum
1098 4044 1430 4108 ostenderet,
1457 4042 1485 4081 δ
1514 4045 1698 4097 statuit
1726 4043 1833 4095 sol-

254 4136 434 4192 iicitius
458 4138 819 4207 requirendos
851 4136 1138 4190 haereticos
1159 4133 1520 4197 Manicbmos;
1550 4149 1614 4188 ex
1643 4132 1833 4202 quibus

253 4230 434 4284 multos
484 4214 753 4290 incendit,
803 4227 1061 4296 plurimos
1103 4237 1280 4280 autem
1321 4225 1570 4279 distraxit
1610 4224 1833 4277 navbus

256 4322 619 4375 transmarinis
645 4336 660 4372 :
692 4334 827 4389 quos
856 4335 991 4387 pene
1023 4333 1211 4373 omnes
1240 4318 1562 4370 Manichaeos
1606 4330 1719 4370 sua:
1749 4332 1831 4369 re-

252 4412 447 4481 ligionis
474 4410 709 4479 invenit,
733 4420 784 4464 et
809 4411 1073 4477 prmcipue
1097 4409 1438 4479 presbyteros
1471 4417 1523 4461 et
1551 4407 1825 4471 diaconos,

255 4508 451 4559 Ariauze
478 4505 778 4558 haereseos.
807 4500 962 4557 Unde
986 4501 1156 4570 magis
1206 4500 1550 4562 erubescens,
1598 4498 1829 4567 amplius

254 4596 298 4649 iu
328 4598 446 4650 illos
476 4597 704 4650 exarsit.
732 4593 807 4647 De
835 4593 1027 4662 quibus
1048 4602 1294 4659 repertus
1320 4600 1401 4645 est
1421 4604 1578 4657 unus,
1612 4590 1828 4644 nomine

253 4686 332 4756 iul.
366 4682 780 4743 Dementianusi
807 4684 1233 4752 Clementianus,
1261 4683 1556 4739 monachus
1587 4683 1825 4747 illorum,

315 4894 339 4919 ι
377 4884 603 4937 Codices
648 4896 781 4935 mss.
826 4880 1008 4935 Sancti
1052 4877 1304 4932 Germani
1346 4893 1374 4930 a
1426 4879 1615 4942 Pratis,
1648 4879 1827 4933 Sancti
1862 4883 1907 4939 ι)

250 4952 467 5008 Cornelii
521 4951 976 5020 compendiensis,
1022 4962 1075 5003 et
1122 4949 1426 5002 monasterii
1469 4950 1649 5003 Sancti
1696 4950 1827 5003 Ber-

250 5026 391 5078 nardi
433 5026 497 5077 R.
556 5024 621 5077 li.
658 5022 717 5074 Ρ.
750 5023 812 5076 Ρ.
846 5021 1176 5076 Fttlieusiutu
1222 5020 1599 5072 Parisiensium
1632 5021 1830 5073 habent

249 5093 569 5216 fundimus.
604 5092 905 5148 Orthodox.
938 5099 992 5146 et
1019 5090 1318 5156 Loricltius,
1357 5088 1641 5143 Hunericus
1670 5088 1723 5142 Ν
1730 5107 1828 5142 un-

283 5183 403 5216 mis.

283 5183 609 5289 nbusérthod.
641 5242 695 5287 et
732 5231 1035 5297 Lorichius,
1064 5230 1335 5283 sollicitius
1359 5230 1503 5298 jubet
1534 5246 1640 5283 esse
1660 5230 1828 5297 requi-

246 5309 441 5359 rendos.
490 5305 651 5359 MarL
691 5312 746 5357 et
788 5302 999 5370 C0mp.,
1042 5301 1310 5354 sollicitius
1348 5300 1653 5368 requirebat.
1686 5301 1824 5353 Infra

245 5390 338 5498 Στὲ
366 5375 612 5454 distraxit
630 5418 644 5440 ,
668 5374 829 5443 aliqui
860 5373 1058 5427 habent
1079 5372 1349 5424 destruxit.
1382 5370 1663 5424 Lorichius
1697 5385 1827 5424 vero

281 5463 303 5497 ιτ
339 5455 472 5498 sint.

281 5462 472 5499 eduxit.

313 5526 335 5554 ε
379 5519 507 5570 llaec
526 5531 627 5568 vox
652 5515 804 5569 deest
836 5513 889 5567 in
913 5514 1089 5577 Mart.,
1109 5511 1291 5566 Germ.
1312 5521 1360 5563 et
1398 5510 1543 5573 Ful..
1573 5510 1659 5579 qui
1687 5510 1825 5563 infra

247 5585 437 5641 habent
482 5586 802 5639 Videbat....
830 5600 933 5653 qua
960 5584 1258 5653 cupi/litate.
1290 5581 1571 5634 Loricltius
1597 5595 1725 5653 vero
1747 5581 1825 5653 sic

246 5656 434 5727 habet,
462 5666 670 5727 propter
697 5656 835 5727 quod
846 5652 1032 5727 magis
1064 5663 1371 5706 memoratus
1401 5662 1648 5721 tyrannus
1680 5652 1825 5705 lude-

244 5725 324 5780 bat
386 5730 439 5781 in
464 5725 581 5779 uno
608 5726 876 5794 displicens
904 5725 1042 5791 quia,
1074 5734 1176 5778 etc.

538 5822 807 5881 Pavnou.
854 5819 1065 5881 [νηί.

1931 3488 2119 3542 Citriin
2152 3485 2299 3541 Jesu.
2330 3488 2557 3556 Propter
2595 3488 2734 3557 quod
2782 3490 2949 3558 magis
2989 3502 3011 3528 ο
3040 3492 3357 3547 laudabilior
3404 3509 3519 3548 me.

1932 3587 2169 3631 moratus
2197 3587 2454 3647 tyrannus
2484 3577 2807 3632 videbatur:
2834 3580 2889 3632 in
2919 3596 3025 3635 uno
3054 3582 3367 3651 displicens,
3395 3586 3518 3653 quia

1936 3668 2215 3736 cupiditati
2265 3668 2549 3722 insatiabili
2597 3669 2971 3725 vehementius
3022 3671 3279 3738 inhiabat,
3310 3685 3365 3728 et
3394 3688 3521 3744 pro-

1933 3762 2136 3817 vincias
2167 3762 2316 3832 regni
2347 3761 2429 3816 sui
2457 3761 2620 3815 variis
2648 3762 2932 3819 calumniis
2957 3773 3117 3835 atque
3140 3765 3520 3822 indictiouihus

1934 3856 2229 3920 onerabat;
2260 3865 2317 3908 ut
2341 3854 2410 3909 de
2443 3854 2533 3907 illo
2558 3857 2828 3924 prarcipue
2850 3855 3144 3912 diceretur:
3169 3855 3195 3894 ἀ
3219 3858 3333 3913 Rex
3357 3874 3522 3928 egens

1937 3962 2161 4017 magnus
2190 3955 2273 4003 est
2302 3948 2679 4003 calumniator.
2707 3949 2859 4003 Dedit
2880 3959 3060 4005 autem
3092 3951 3384 4017 licentiam,
3417 3953 3519 4009 Ze-

1938 4056 2079 4097 none
2128 4042 2485 4111 imperatore,
2537 4052 2696 4110 atque
2730 4053 2752 4079 θ
2785 4042 3017 4097 Placidia
3078 4045 3261 4099 relicta
3315 4046 3517 4116 Olybrii

1945 4137 2282 4207 rogantibus,
2332 4147 2388 4191 ut
2433 4136 2869 4205 Carthaginensis
2922 4136 3162 4191 Ecclesia
3212 4138 3312 4191 sibi
3360 4154 3518 4207 quem

1938 4232 2099 4286 vellet
2126 4231 2435 4301 episcopum
2458 4230 2752 4295 ordinaret,
2782 4245 2901 4298 qua:
2923 4229 3032 4296 jam
3060 4245 3153 4295 per
3175 4230 3361 4298 viginti
3387 4246 3520 4299 quas

1937 4332 2058 4375 tuor
2086 4322 2186 4392 13
2218 4336 2387 4376 annos
2419 4320 2510 4374 tali
2537 4329 2857 4373 ornamento
2895 4319 3067 4373 fuerat
3096 4317 3371 4373 destituta.

2005 4413 2069 4470 ll.
2112 4412 2371 4467 Permittit
2416 4412 2643 4479 episcopi
2684 4410 3077 4463 ordinationem.
3112 4438 3184 4448 ——
3209 4409 3368 4463 Mittit
3393 4425 3521 4476 ergo

1934 4516 2059 4560 tunc
2085 4505 2149 4558 ad
2181 4504 2463 4560 ecclesiam
2497 4503 2859 4558 Alexandrum
2892 4503 3178 4569 illustrem,
3213 4501 3519 4573 hujusmodi

1934 4597 2251 4667 legationem
2285 4596 2564 4660 ferentem,
2591 4604 2648 4647 ut
2680 4594 2730 4647 in
2764 4593 3051 4662 prmsentia
3078 4593 3196 4664 ejus
3228 4595 3520 4650 catholicus

1933 4688 2160 4757 p0pulus
2195 4688 2412 4756 dignum
2451 4686 2550 4740 sibi
2582 4693 2789 4755 peteret
2828 4685 3193 4753 sacerdotem,
3240 4688 3518 4743 destinatis

2005 4880 2029 4917 ἀ
2072 4882 2223 4937 Cuib.
2253 4883 2305 4948 "2,
2340 4882 2549 4956 Ge_rin.,
2594 4882 2795 4956 FrtiLet
2842 4880 3195 4956 Cain_p._rcutn
3250 4884 3518 4956 Lorichio,

1944 4951 2054 5005 Rea:
2080 4969 2226 5022 egens
2256 4953 2521 5016 reditibus,
2558 4966 2662 5024 etc.
2700 4954 2853 5024 Mart.
2880 4963 2929 5006 et
2953 4952 3103 5006 Colb.
3130 4956 3177 5014 1.
3213 4970 3425 5024 magnos
3449 4951 3522 5013 est

1938 5024 2301 5077 calumniatus.
2333 5024 2487 5078 Orlh.
2521 5036 2567 5076 et
2605 5023 2903 5084 [.oricliius,
2935 5040 3120 5089 magna
3144 5023 3410 5080 calamitas
3428 5047 3518 5083 es'.

1941 5094 2106 5147 Porro
2128 5096 2264 5160 apud
2311 5094 2499 5147 mediae
2529 5095 2704 5146 aetatis
2730 5103 2976 5147 auctores
3005 5094 3120 5148 itazc
3147 5110 3244 5149 vox
3263 5137 3279 5161 ,
3326 5100 3521 5151 calum-

1940 5166 2102 5228 niare,
2124 5179 2217 5217 seu
2248 5165 2571 5236 calumniari,
2608 5164 2749 5218 idem
2782 5165 3042 5236 significat
3062 5166 3165 5236 73
3181 5182 3242 5219 ac
3273 5168 3416 5221 litem
3443 5171 3521 5221 iu-

1940 5241 2165 5304 teutare,
2196 5250 2288 5287 seu
2322 5250 2416 5300 pro
2445 5235 2621 5304 aliqua
2656 5236 2944 5302 repetenda
2976 5235 3027 5289 iu
3056 5235 3146 5304 jus
3185 5252 3396 5292 vocare.
3425 5238 3514 5292 Vi-

1938 5303 2082 5357 desis
2110 5303 2439 5358 Glossarium
2472 5303 2819 5372 Cnugianum.

2011 5383 2035 5411 ο
2075 5374 2201 5428 litae
2243 5383 2358 5428 erat
2400 5374 2657 5428 Eudoxi-.e
2690 5376 2940 5431 ilunerici
2972 5378 3153 5445 uxoris
3182 5389 3365 5441 soror,
3397 5393 3518 5445 quae

1936 5446 2094 5499 simul
2125 5460 2243 5499 cum
2281 5445 2391 5512 ipsa
2415 5460 2705 5510 earumque
2737 5459 2906 5500 matre
2935 5462 2963 5499 a
3008 5444 3321 5510 Genserico,
3351 5444 3518 5503 iiutua

1934 5527 2109 5586 capta,
2169 5515 2220 5569 iu
2274 5514 2505 5569 Africam
2550 5516 2774 5570 abducta
2830 5516 3021 5586 fuerat.
3054 5515 3128 5586 De
3160 5516 3240 5571 his
3283 5520 3433 5586 plura
3466 5522 3520 5576 iu

1933 5584 2331 5639 Commentario
2375 5586 2628 5640 historico
2658 5586 2830 5652 capite
2855 5583 2907 5638 6.
2954 5584 3057 5639 Pro
3086 5582 3325 5642 Placidia
3373 5591 3519 5647 Lori-

1933 5657 2086 5712 cbius
2115 5670 2328 5725 semper
2358 5656 2517 5710 habet
2562 5656 2788 5710 Placido.

3170 5819 3209 5879 7
