3944 6176
414 307 516 361 W5

1729 291 2033 352 VICTORIS
2075 291 2373 348 VlTENS’IS

3543 285 3649 349 201

417 431 620 487 quoque
654 431 747 486 per
781 416 1043 470 notarium
1084 426 1260 477 suum,
1292 409 1506 464 nomine
1533 405 1704 478 [edit.,
1736 401 1975 473 Vitarcd]
2005 407 2054 464 Α
2082 402 2362 458 Pecuniam
2403 403 2540 470 apud
2587 419 2706 458 eum
2756 418 3021 472 nunquam
3073 402 3333 458 mansisse
3375 403 3650 472 probatur,

418 508 623 573 Vitarit,
655 506 885 560 edictum
913 506 1052 574 quod
1086 503 1293 573 publice
1323 502 1609 571 legeretur,
1639 497 1777 550 hunc
1807 496 1974 549 conti-

416 614 547 654 nens
577 599 788 653 modum
821 615 834 651 :
872 617 890 648 ι
927 598 1090 653 Jnssit
1112 596 1260 650 vobis
1288 594 1536 649 dominus
1564 601 1747 645 noster
1777 588 1868 659 [aL
1901 589 1978 640 di-

418 689 559 758 cere]
587 688 711 751 dici,
738 690 858 757 quia
889 688 1174 755 imperator
1197 685 1398 748 Zenon,
1429 691 1481 735 et
1507 679 1830 734 nobilissima
1856 679 1974 732 Pla-

419 780 576 844 cidia,
605 796 698 848 per
727 779 1083 834 Alexandrum
1124 777 1294 830 virum
1333 775 1595 828 illustrem
1631 772 1976 840 scripserunt,

421 878 660 937 petentes
706 881 761 922 ut
807 869 1040 923 Ecclesia
1081 863 1415 932 Carthaginis
1466 861 1738 930 religionis
1785 869 1980 913 vestrae

421 961 691 1029 proprium
733 960 1039 1029 episcopum
1090 957 1300 1010 haheat.
1382 955 1494 1008 l-loc
1536 952 1648 1006 fieri
1701 950 1978 1020 prtecepit;

421 1058 584 1118 atque
623 1049 701 1103 eis
742 1049 1033 1118 rescripsit,
1066 1047 1146 1101 vel
1194 1045 1378 1114 legatis
1413 1045 1478 1097 ab
1515 1044 1594 1097 eis
1616 1042 1833 1098 directis
1877 1039 1982 1094 dici

421 1141 596 1209 jussit,
624 1149 681 1192 ut
707 1139 843 1192 sicut
870 1137 1134 1204 petierunt
1169 1137 1317 1188 vobis
1357 1134 1670 1202 episcopum
1700 1145 1859 1198 quem
1892 1143 1984 1182 vo-

422 1230 625 1288 lueritis
653 1228 938 1293 ordinelis;
961 1229 1060 1281 sub
1088 1241 1153 1278 eo
1186 1234 1388 1286 tenore,
1415 1233 1471 1276 ut
1494 1232 1686 1276 nostrw
1716 1220 1986 1289 religionis

420 1320 652 1388 episcopi
681 1321 768 1387 qui
795 1316 934 1386 apud
962 1314 1470 1382 Constantinopolim
1503 1322 1626 1366 sunt
1653 1321 1705 1365 et
1729 1326 1820 1378 per
1853 1308 1986 1362 alias

423 1408 718 1477 provincias
746 1405 999 1470 Oiientis,
1029 1422 1093 1458 ex
1120 1404 1234 1472 ejus
1280 1416 1542 1472 praecepto
1585 1401 1807 1454 liberum
1837 1397 1984 1452 arbi-

422 1497 578 1552 trium
633 1495 859 1550 babeant
901 1495 954 1548 in
1004 1494 1256 1548 Ecclesiis
1309 1492 1451 1554 suis,
1493 1490 1681 1559 quibus
1723 1488 1988 1542 voluerint

423 1585 614 1655 linguis
669 1585 864 1652 populo
918 1593 942 1619 ει
989 1591 1243 1645 tractare,
1308 1589 1361 1634 et
1423 1581 1588 1648 legem
1637 1576 1986 1632 Christianam

421 1677 597 1732 colere
621 1693 634 1728 :
661 1673 1106 1745 quemadmodum
1141 1688 1232 1725 vos
1256 1670 1361 1735 hic,
1391 1671 1472 1726 vel
1500 1675 1548 1723 in
1579 1669 1698 1722 aliis
1724 1666 1984 1729 ecclesiis,

2079 495 2177 548 nisi
2214 494 2350 548 forte
2390 496 2478 548 tali
2523 496 2652 547 liora
2688 494 2991 560 offerretur,
3026 494 3239 564 quando
3271 494 3378 562 jam
3421 501 3500 550 sol
3542 495 3652 550 diei

2077 586 2348 654 explicatis
2377 599 2614 648 cursum,
2651 583 2924 637 nocturnis
2965 584 3198 638 tenebris
3224 585 3469 639 ordinem
3498 585 3654 640 daret

2077 687 2134 731 et
2162 678 2353 730 locum.
2387 677 2610 730 Tantum
2644 675 2738 748 [αι.
2757 676 2971 728 additur
2994 675 3119 747 sibi]
3149 677 3458 731 reservabat
3484 693 3654 743 quan-

2081 776 2190 820 tum
2243 767 2345 820 diei
2392 766 2682 831 sufficeret,
2729 782 2835 819 non
2888 777 3142 835 quantum
3189 766 3450 836 cupiditas
3493 782 3658 832 expe-

2082 861 2250 916 tisset.
2279 859 2388 912 Deo
2415 865 2598 912 nostro
2621 858 2846 912 Subinde
2869 857 3105 926 quotidie
3127 858 3357 927 ingentia
3380 867 3434 911 et
3455 857 3657 926 majora

2081 951 2331 1003 donante.
2380 950 2485 1003 Sed
2525 963 2644 1003 cum
2682 949 2818 1002 fama
2857 948 2974 1017 ejus
3012 958 3156 1003 esset
3191 947 3386 1015 ubique
3423 944 3657 1002 Celebris

2082 1049 2240 1108 atque
2281 1038 2584 1101 manifesta,
2632 1048 2912 1108 cmperunt
2953 1039 3154 1093 exinde
3181 1038 3498 1092 Arianorum
3539 1041 3657 1108 epi-

2083 1133 2230 1199 scopi
2253 1131 2448 1186 invidia
2479 1131 2626 1200 gravi
2658 1132 2914 1199 torqueri,
2940 1132 3285 1199 quotidianis,
3308 1139 3364 1185 et
3391 1130 3660 1198 praecipue

2087 1222 2112 1259 ι»
2136 1222 2335 1292 Cyrila,
2363 1237 2482 1276 eum
2512 1222 2790 1276 calumniis
2819 1224 3160 1275 insectantes.
3178 1221 3314 1288 Quid
3343 1222 3661 1290 plurimum?

2086 1312 2386 1381 Suggerunt
2428 1314 2532 1380 regi
2564 1314 2630 1367 de
2667 1312 2758 1366 illo
2801 1321 2857 1365 ut
2896 1327 3052 1365 suum
3087 1326 3418 1380 nequaquam
3448 1311 3664 1366 sederet

2088 1405 2358 1466 thronum,
2389 1419 2561 1471 neque
2583 1402 2648 1456 ad
2679 1403 2768 1456 Dei
2804 1404 3056 1471 populum
3091 1403 3309 1456 verbum
3331 1402 3527 1456 faceret
3559 1401 3665 1472 ιι

2088 1502 2424 1546 consuetum.
2469 1492 2668 1545 Deinde
2698 1493 2800 1561 (ut)
2826 1505 3166 1560 quoscunque
3195 1506 3370 1546 mares
3397 1492 3481 1546 vel
3511 1492 3665 1546 femi-

2091 1599 2184 1638 nas
2215 1586 2265 1638 in
2293 1586 2469 1638 habitu
2503 1586 2725 1638 barbaro
2765 1584 3071 1639 incedentes
3109 1585 3160 1638 in
3203 1584 3427 1638 ecclesia
3450 1583 3660 1652 conspi-

2089 1687 2255 1743 ceret,
2301 1677 2626 1746 prohiberet.
2671 1677 2760 1732 llle
2802 1677 3078 1744 respondit
3121 1686 3178 1729 ut
3215 1677 3414 1731 decuit.
3463 1677 3666 1730 Domus

421 1781 538 1836 quae
566 1766 619 1820 in
648 1763 940 1835 provinciis
965 1763 1228 1817 Africanis
1255 1761 1554 1815 constitutae
1583 1768 1726 1822 sunt,
1760 1757 1982 1811 liberum

2097 1771 2178 1823 Dei
2207 1769 2453 1822 omnibus
2481 1779 2646 1837 patet,
2675 1769 2934 1822 intrantes
2965 1768 3138 1820 nullus
3163 1769 3353 1834 poterit
3381 1767 3659 1833 repellere.

422 1849 817 1927 arbitriumjal.
851 1854 1131 1925 habebitis]
1162 1855 1388 1917 habetis,
1423 1853 1473 1906 in
1516 1852 1758 1905 ccclesiis
1798 1849 1988 1902 vestris

424 1949 613 2016 missas
638 1964 817 2019 agere,
849 1949 929 2002 vel
963 1957 1210 2013 tractare,
1241 1961 1293 2000 et
1321 1961 1436 2014 ψιίε
1467 1946 1597 2013 legis
1627 1954 1819 1999 vestrm
1845 1951 1985 2002 sunt,

423 2039 866 2110 quemadmodum
893 2039 1070 2104 vultis,
1104 2038 1300 2094 facere.
1353 2037 1483 2090 Nam
1515 2038 1559 2090 si
1592 2037 1690 2090 hoc
1717 2036 1858 2089 circa
1898 2049 1991 2088 eos

425 2147 528 2186 non
552 2132 708 2187 fuerit
728 2133 734 2140 '
755 2128 847 2200 [αι.
875 2125 1224 2198 reservatum]
1255 2129 1614 2189 observatum,
1647 2136 1750 2180 tam
1779 2126 1989 2194 episco-

428 2237 525 2291 pus
569 2221 656 2290 qui
699 2221 975 2276 ordinatus
1021 2218 1183 2272 fuerit
1222 2234 1379 2286 quam
1422 2217 1623 2275 clerici.
1669 2217 1761 2269 scd
1806 2224 1860 2268 et
1901 2213 1990 2266 alii

425 2313 656 2383 episcOpi
683 2327 802 2366 cuin
828 2310 1036 2364 clericis
1063 2309 1191 2371 suis,
1217 2313 1307 2378 qui
1336 2309 1387 2362 iu
1416 2308 1680 2362 Africanis
1705 2306 1990 2374 provinciis

425 2413 568 2469 sunt,
597 2402 921 2470 jubebuutur
950 2403 1086 2454 inter
1104 2399 1312 2453 Mauros
1341 2398 1498 2452 mitti.
1534 2419 1551 2448 ι
1585 2397 1735 2463 Quod
1758 2396 1991 2450 edictum

342 2559 348 2565 ε
427 2497 550 2548 dum
590 2494 744 2548 nobis
776 2491 1142 2558 pratsentibus,
1175 2498 1366 2559 quarto
1401 2489 1612 2544 decimo
1651 2489 1988 2542 calendaruni

426 2586 568 2659 [θείη.
588 2599 646 2648 ιι,
665 2580 1228 2650 ,Ιιιιιὶειι-υιιιμιιιίιιιιιιη
1253 2581 1514 2634 universa:
1531 2577 1782 2632 Ecclesiae
1799 2577 1994 2645 legere-

426 2690 528 2742 tur,
546 2690 760 2745 gemere
779 2674 1036 2742 cmpiinus
1060 2673 1418 2735 mussitantes,
1446 2687 1509 2723 co
1529 2669 1668 2740 quod
1693 2669 1994 2724 meditanti-

428 2771 524 2821 bus
543 2767 694 2822 dolos
715 2766 973 2819 malorum
997 2773 1137 2819 esset
1157 2763 1331 2817 futura
1352 2761 1652 2832 persecutio
1671 2769 1986 2830 prmparata.

429 2859 494 2912 Et
522 2860 590 2913 ita
623 2858 794 2927 legato
820 2856 1025 2911 dixisse
1069 2855 1358 2922 probamur
1387 2873 1398 2905 :
1437 2873 1454 2905 ι
1493 2855 1545 2908 Si
1579 2855 1646 2907 ita
1687 2863 1790 2920 Cal,
1827 2853 1991 2906 inter-

429 2947 609 3015 positis
653 2948 736 3001 his
779 2946 1171 3002 conditionibus
1221 2945 1553 3013 periculosis,
1602 2943 1714 2996 haec
1751 2943 1990 2996 Ecclesia

426 3041 731 3109 episcopum
781 3053 885 3092 non
933 3037 1226 3091 delectatur
1277 3035 1492 3090 habere.
1559 3034 1660 3106 [aL
1697 3029 1990 3100 Gubernetl

2093 1862 2318 1915 Maxime
2343 1861 2464 1928 quia
2503 1859 2688 1927 ingens
2723 1859 2893 1913 fuerat
2927 1860 3211 1914 multitudo
3240 1868 3544 1912 nostrorum
3574 1873 3666 1912 ea-

2093 1951 2434 2016 tholicornm,
2478 1952 2530 2005 in
2562 1951 2745 2005 habitu
2787 1950 2995 2004 illorum
3039 1949 3421 2014 incedentium,
3453 1949 3523 2002 ob
3563 1949 3666 2002 hoc

2091 2060 2159 2113 qtt
2197 2044 2228 2094 d
2260 2043 2436 2096 domui
2477 2042 2636 2109 regia:
2673 2041 2997 2094 serviebant.

2162 2132 2247 2186 ιν.
2290 2132 2664 2185 Persautimris
2693 2132 2858 2184 initia.
2890 2159 2960 2170 —
3006 2131 3074 2184 At
3101 2130 3190 2183 ubi
3227 2129 3294 2183 ab
3330 2128 3545 2183 homine
3572 2128 3668 2182 Dei

2093 2225 2198 2278 tale
2245 2238 2561 2291 responsum
2606 2223 2847 2288 accepit,
2888 2223 3070 2274 statuit
3115 2221 3170 2274 in
3216 2220 3383 2288 portis
3425 2221 3670 2274 CCClCSi'.B

2093 2313 2336 2368 collocari
2371 2323 2598 2372 tortores
2628 2329 2639 2364 :
2673 2314 2760 2380 qui
2797 2311 3037 2366 videntes
3067 2312 3313 2368 feminam
3345 2313 3427 2366 vel
3456 2325 3669 2366 mascn~

2094 2406 2202 2457 lum
2237 2405 2294 2476 in
2343 2404 2526 2472 specie
2570 2418 2681 2456 suae
2729 2403 2903 2471 gentis
2949 2402 3305 2467 ambulantes,
3348 2402 3488 2456 illico
3533 2402 3670 2470 palis

2095 2494 2387 2548 minoribus
2429 2493 2658 2547 dentatis
2689 2493 2846 2562 jactis
2894 2494 2944 2545 in
2989 2493 3184 2558 capite,
3227 2492 3569 2559 crinibusque
3615 2493 3669 2546 in

2092 2589 2293 2643 eisdem
2324 2587 2605 2656 colligatis,
2637 2601 2701 2640 ac
2730 2586 3096 2640 vehementius
3135 2585 3476 2654 stringentes,
3508 2585 3671 2638 simul

2094 2693 2211 2732 cuni
2242 2678 2445 2746 capillis
2486 2692 2696 2730 omnem
2740 2676 3040 2744 pelliculam
3087 2675 3273 2743 capitis
3329 2676 3667 2729 auferebam.

2097 2769 2343 2823 Noun-illi
2373 2779 2572 2832 autem,
2599 2769 2720 2820 dum
2754 2768 2853 2821 hoc
2886 2767 3060 2832 fieret,
3097 2767 3276 2826 statim
3317 2767 3502 2821 oculos
3531 2767 3669 2822 ami-

2095 2865 2297 2923 serunt,
2338 2856 2425 2910 alii
2472 2861 2586 2924 ipso
2613 2856 2796 2910 dolore
2825 2855 3056 2910 defuncti
3088 2863 3232 2908 sunt.
3259 2853 3509 2910 Mulieres
3535 2870 3671 2909 vero

2098 2959 2216 3016 post
2254 2947 2388 3001 hanc
2436 2962 2666 3014 poenam,
2699 2946 2959 3011 cipitibus
2992 2945 3128 3014 pelle
3168 2945 3380 2999 nudatis
3417 2959 3672 3014 praecone

2099 3046 2362 3106 prteeimte
2391 3051 2484 3106 per
2513 3037 2729 3103 plateas,
2762 3037 2825 3089 ad
2858 3038 3218 3090 ostensionem
3250 3035 3412 3090 totius
3438 3034 3671 3089 civitatis

426 3131 697 3186 Gubernat
741 3143 856 3184 eam
902 3129 1174 3194 Christus,
1219 3128 1309 3196 qui
1363 3143 1574 3195 semper
1618 3126 1863 3196 dignatus
1910 3131 1994 3179 est
2021 3125 2064 3186 C
2095 3129 2441 3184 ducebantur.
2483 3128 2632 3195 Quod
2676 3128 2775 3182 sibi
2824 3130 2988 3196 magis
3029 3142 3146 3196 quae
3194 3127 3550 3196 patiebantur,
3589 3128 3672 3182 lu-

427 3223 740 3292 guhernare.
778 3239 795 3271 ι
845 3220 1012 3286 Quam
1063 3219 1454 3288 suggestionem
1503 3219 1706 3286 legatus
1749 3217 1990 3285 accipere

429 3311 678 3381 neglexit.
724 3309 891 3366 Simul
921 3319 974 3365 et
1015 3312 1262 3380 peptilus,
1302 3318 1356 3362 ut
1400 3321 1522 3362 tunc
1565 3309 1732 3372 ﬁeret,
1760 3318 1816 3361 ut
1860 3309 1992 3375 ignis

426 3406 646 3471 exarsit,
689 3405 841 3474 cujus
887 3414 1001 3457 erat
1047 3405 1248 3458 clamor
1298 3403 1668 3469 intolerabilis,
1712 3406 1798 3472 qui
1850 3403 1989 3457 nulla

428 3505 604 3566 posset
631 3497 838 3552 ratione
869 3495 1062 3550 sedari.

497 3589 585 3644 111.
627 3587 842 3660 Eugenii
881 3589 1106 3641 virtutes.
1140 3617 1206 3626 —
1244 3587 1499 3641 Oi'dinato
1535 3588 1711 3656 itaque
1741 3587 1993 3656 episcoiio

427 3681 692 3751 Eugenio,
723 3681 838 3735 viro
867 3688 1049 3734 sancto
1083 3679 1297 3748 Deoque
1331 3688 1570 3749 accepto,
1601 3681 1841 3732 sublimis
1872 3689 1991 3734 nata

426 3781 509 3828 est
537 3773 736 3840 laetitia,
768 3779 822 3826 et
848 3771 1094 3839 gaudium
1125 3771 1451 3824 cumulatum
1483 3780 1566 3825 est
1597 3771 1847 3825 Ecclesirc
1879 3772 1989 3825 Dei.

433 3863 674 3916 Exsultat
718 3859 1002 3914 multitudo
1043 3859 1437 3916 catholicasub
1478 3860 1703 3914 barbara
1745 3861 1990 3914 dominu-

430 3954 591 4018 tione,
623 3951 692 4006 de
712 3950 1044 4005 ordinatioiie
1082 3950 1344 4019 pontilicis
1380 3953 1628 4020 reparati.
1661 3953 1793 4005 Nam
1828 3953 1993 4005 maxi-

434 4057 551 4100 mus
608 4056 862 4097 numerus
912 4040 1164 4110 juveuum
1215 4051 1373 4108 atque
1445 4042 1992 4104 adolescentularum,

427 4135 638 4190 sibimet
667 4135 719 4189 in
754 4149 1036 4189 commune
1077 4133 1436 4203 congaudens,
1477 4132 1826 4186 attestabatur
1855 4135 1992 4201 quod

431 4241 697 4296 nunquam
742 4226 962 4280 vidisset
1006 4227 1312 4293 episcopum
1364 4225 1416 4277 in
1465 4224 1657 4277 throno
1697 4225 1991 4278 sedentem.

431 4314 594 4371 Porro
645 4315 736 4370 ille
789 4315 868 4369 vir
908 4313 1029 4379 Dei,
1078 4313 1328 4368 sacerdos
1379 4313 1647 4381 Etigenius
1693 4315 1856 4383 cmpit
1903 4330 1996 4382 per

425 4407 881 4459 conversationem
913 4419 1130 4472 Operum
1172 4403 1433 4457 bonorum
1463 4403 1784 4457 venerabilis
1817 4415 1872 4458 et
1904 4421 1991 4459 re-

2096 3237 2245 3276 cruin
2273 3220 2560 3284 maximum
2587 3220 2986 3288 computabant.
3019 3220 3255 3286 Quorum
3285 3233 3381 3271 nos
3411 3217 3672 3286 plurimos

2095 3313 2366 3376 novimus,
2416 3326 2515 3366 nec
2563 3311 2760 3364 scimus
2801 3311 3030 3376 aliquem
3081 3325 3264 3363 θοι-ιη]
3311 3319 3455 3374 tunc,
3501 3311 3669 3363 etiam

2098 3403 2267 3472 poenis
2307 3402 2640 3469 urgentibus,
2681 3415 2709 3452 a
2741 3408 2888 3454 recto
2921 3401 3109 3452 itinere
3150 3399 3437 3452 destitisse.
3485 3401 3552 3451 At
3581 3401 3672 3452 tibi

2097 3494 2199 3546 isto
2247 3492 2405 3548 modo
2451 3491 2570 3545 fidei
2619 3491 2905 3558 infringere
2949 3505 3052 3542 non
3106 3489 3272 3543 valuit
3332 3489 3426 3559 [αι.
3478 3488 3672 3558 ullum}

2096 3601 2326 3648 murum,
2357 3583 2556 3652 Cogitat
2581 3594 2636 3635 ut
2661 3590 2854 3635 nostra:
2887 3579 3162 3650 religionis
3193 3580 3435 3635 homines
3465 3581 3516 3634 in
3544 3582 3669 3634 aula

2097 3679 2210 3745 ejus
2235 3675 2527 3739 constituti,
2563 3689 2734 3742 neque
2758 3673 3001 3735 annonis,
3034 3687 3204 3740 neque
3233 3671 3512 3738 stipendiis
3541 3673 3667 3725 soli-

2098 3773 2161 3824 tis
2189 3771 2508 3840 potirentur.
2545 3768 2759 3823 Addidit
2791 3783 3000 3837 quoque
3026 3777 3080 3822 et
3111 3767 3378 3822 laboribus
3407 3782 3501 3821 eos
3539 3783 3669 3820 con-

2099 3872 2272 3916 terere
2299 3860 2600 3915 rusticanis.
2634 3859 2822 3928 Dirigit
2852 3859 2993 3912 viros
3022 3859 3276 3926 ingenuos
3302 3867 3354 3911 et
3381 3857 3670 3911 admodum

2097 3953 2352 4006 delicatos
2404 3948 2469 4001 ad
2521 3963 2766 4016 campum
2815 3947 3148 4009 Uticensem,
3194 3956 3250 3999 ιιι
3296 3946 3396 4000 sub
3433 3948 3674 4000 ardentis

2098 4044 2225 4098 solis
2274 4043 2540 4106 incendio,
2591 4040 2820 4109 cespites
2868 4041 3118 4094 messium
3168 4037 3507 4092 desecarent.
3568 4038 3672 4093 Ubi

2099 4149 2284 4187 omnes
2310 4147 2427 4186 cuin
2454 4131 2645 4200 gaudio
2673 4138 2973 4199 pergentes,
2995 4129 3057 4182 in
3081 4128 3306 4182 Domino
3330 4128 3672 4184 lmtabantu".

2103 4227 2154 4278 ln
2190 4237 2412 4294 quorum
2443 4223 2790 4277 contubernio
2833 4223 3048 4291 quidam
3090 4221 3188 4276 ftiit
3224 4221 3429 4275 aridam
3468 4220 3676 4277 habens

2099 4331 2345 4379 manum,
2389 4328 2507 4384 qua:
2551 4330 2644 4383 per
2682 4327 2851 4367 annos
2899 4313 3317 4382 quamplurimos
3369 4313 3572 4366 nullum
3623 4315 3674 4367 ei

2101 4407 2417 4476 praestiterat
2446 4399 2777 4473 obsequium.
2807 4406 3064 4471 Qui’cum
3109 4406 3369 4459 veraciter
3392 4415 3673 4458 excusaret

430 4495 690 4550 verendus
737 4483 936 4562 haberi,
970 4499 1130 4550 etiam
1168 4495 1236 4549 ab
1264 4498 1340 4549 eis
1370 4497 1457 4565 qui
1492 4493 1620 4548 foris
1647 4505 1802 4561 sunt;
1834 4506 1887 4550 et
1925 4497 1994 4550 ita
2025 4491 2074 4548 D
2099 4513 2157 4551 se
2205 4497 2411 4564 operari
2459 4511 2565 4549 non
2613 4509 2800 4564 posse,
2855 4495 3019 4564 magis
3062 4495 3324 4548 violenter
3363 4495 3544 4562 jussus
3589 4506 3672 4548 est

427 4599 549 4640 esse
577 4586 820 4639 omnibus
846 4599 1050 4655 gratus,
1080 4596 1158 4650 ut,
1189 4587 1234 4640 si
1271 4591 1349 4640 fas
1386 4598 1549 4649 esset,
1586 4587 1815 4640 animam
1845 4602 1993 4642 suam

431 4690 525 4744 pro
550 4675 736 4731 eodem
759 4678 1036 4732 universos
1061 4693 1258 4745 ponere
1278 4680 1589 4733 delectaret.
1618 4678 1996 4748 Eleemosynas

427 4780 637 4836 quoque
667 4767 802 4821 tales
833 4781 927 4836 per
964 4781 1083 4821 eum
1119 4767 1375 4823 Dominus
1406 4771 1650 4838 dignatus
1690 4781 1772 4823 cst
1801 4770 1993 4832 facere,

428 4871 484 4912 at
531 4858 840 4914 incredibile
890 4859 1130 4915 videatur
1172 4869 1317 4913 tanta
1362 4877 1482 4914 eum
1534 4862 1865 4931 impendere,
1906 4865 1996 4918 ubi

432 4949 702 5013 Ecclesia,
764 4957 930 5004 totum
985 4951 1222 5007 barbaris
1292 4955 1628 5019 tenentibus,
1689 4970 1786 5009 nec
1841 4955 1996 5009 unius

427 5037 627 5090 nummi
656 5037 850 5093 habere
879 5043 1220 5109 cognoscitur
1263 5041 1589 5098 facultatem.
1637 5045 1996 5100 Humilitatem

428 5130 478 5181 in
508 5127 619 5189 illo,
652 5127 946 5194 caritatem,
979 5132 1230 5198 pietatem
1261 5133 1512 5187 divinitus
1543 5136 1917 5198 condonatam,
1948 5138 1995 5190 si

429 5220 702 5287 quisquam
751 5217 964 5287 incipiat
1013 5220 1246 5285 laudare,
1307 5237 1412 5275 non
1466 5223 1657 5290 poterit
1705 5225 1994 5292 explicare.

494 5346 520 5374 ⁸
563 5337 670 5392 llac
694 5352 822 5392 voce
858 5349 1065 5393 veteres
1090 5341 1453 5407 exprimcliant
1480 5343 1854 5398 instructiones
1892 5359 1984 5399 seu

425 5406 823 5480 adhortationes
851 5409 915 5459 ad
945 5406 1190 5476 populum
1211 5450 1224 5472 ,
1261 5427 1389 5479 quas
1423 5412 1592 5466 Graeci
1626 5413 1780 5480 vulgo
1810 5415 1987 5468 homi-

429 5479 522 5547 lias
550 5477 794 5532 dicebant
818 5523 832 5541 ,
864 5489 920 5530 ut
964 5481 1186 5544 ipsemet
1221 5477 1394 5534 Victor
1437 5497 1592 5545 supra
1642 5477 1887 5547 exposuit.
1926 5485 1985 5536 li-

430 5545 598 5608 hroi,
630 5564 772 5602 num.
806 5549 870 5620 5,
905 5549 991 5600 tibi
1026 5549 1162 5602 inter
1182 5551 1288 5620 alia
1321 5554 1487 5603 sancti
1524 5545 1800 5605 Augustini
1825 5568 1982 5620 opera

428 5623 664 5669 tractatus
703 5618 969 5686 populares
1002 5636 1123 5687 quas
1163 5619 1329 5674 Graici
1367 5622 1601 5672 humilius
1631 5633 1838 5685 vocant,
1865 5618 1984 5676 inc-

430 5695 617 5738 morat.

2103 4602 2342 4656 pergere.
2375 4587 2479 4642 Sed
2510 4586 2598 4640 ubi
2628 4585 2690 4639 ad
2715 4587 2888 4639 locum
2917 4594 3131 4640 ventum
3163 4595 3267 4651 est,
3294 4593 3349 4640 et
3371 4585 3672 4654 priesertini

2101 4693 2196 4746 pro
2231 4695 2296 4733 eo
2333 4679 2538 4734 orando
2585 4679 2956 4746 ingemuerunt
3004 4693 3223 4742 omnes,
3260 4680 3455 4750 pietate
3493 4679 3673 4731 divina

2101 4773 2185 4822 illa
2227 4769 2370 4824 arida
2412 4771 2692 4824 incolumis
2727 4769 3019 4824 confessori
3058 4771 3302 4824 restituta
3341 4779 3420 4822 est
3458 4783 3674 4822 manus.

2102 4861 2234 4914 Hinc
2262 4859 2371 4928 jam
2390 4859 2638 4912 Hunerici
2678 4859 2980 4927 persecutio
3015 4858 3212 4912 doloris
3251 4867 3408 4928 atque
3439 4862 3674 4928 parturi-

2101 4952 2257 5004 tionis
2285 4957 2480 5003 nostra:
2505 4951 2729 5016 sumpsit
2766 4949 2994 5003 initium.

2173 5042 2236 5095 V.
2282 5038 2565 5092 Hunericus
2595 5040 2647 5091 in
2669 5056 2783 5093 suos
2809 5040 2970 5095 sevit.
2992 5069 3060 5079 —
3085 5038 3200 5109 Ipse
3226 5049 3403 5095 autem
3433 5038 3522 5108 qui
3552 5053 3676 5094 sese

2100 5135 2206 5201 jam
2250 5129 2452 5184 dudum
2493 5131 2736 5184 omnibus
2783 5133 2957 5187 lenem
3002 5131 3329 5194 ostenderat,
3361 5130 3676 5186 desideratis

2105 5234 2222 5293 post
2259 5222 2460 5278 obitum
2487 5237 2640 5276 suum
2669 5222 2810 5289 filiis,
2841 5224 2981 5293 quod
3008 5235 3029 5262 ο
3055 5239 3158 5277 non
3186 5224 3426 5294 contigit,
3451 5240 3674 5294 regnum

2173 5343 2198 5382 ιι
2237 5342 2326 5397 Sic
2350 5351 2412 5414 _ut
2448 5341 2742 5414 plurimum
2764 5343 3035 5414 scribitur.
3065 5343 3169 5414 Alii
3210 5341 3426 5413 Gyrila,
3459 5354 3549 5397 aut
3575 5345 3679 5414 Cy-

2095 5415 2246 5467 rileas
2272 5453 2287 5477 ,
2313 5412 2474 5479 aliqui
2516 5415 2672 5466 etiam
2704 5411 2962 5481 Cyrillus;
2995 5423 3046 5466 et
3072 5413 3149 5466 sic
3173 5411 3304 5466 intra
3328 5411 3677 5481 quatiescun-

2095 5500 2197 5603 ιιιιᾶ
2228 5496 2420 5536 nomen
2465 5481 2603 5536 istud
2643 5494 2893 5536 occurrit.
2940 5486 3013 5537 De
3052 5483 3153 5536 hoc
3191 5485 3354 5537 semel
3399 5485 3678 5538 monuisse

2095 5572 2152 5603 sit
2199 5553 2342 5603 iciat.

2094 5567 2342 5607 suiuciat.

2171 5633 2192 5658 ο
2235 5620 2477 5674 Nondum
2508 5635 2688 5674 revera
2718 5622 3030 5687 contigerat,
3060 5637 3179 5674 cuin
3205 5621 3340 5675 hanc
3371 5621 3672 5676 Historians

2097 5693 2355 5746 scriberet
2385 5691 2583 5754 \‘ictm,
2613 5704 2752 5743 anno
2773 5691 2975 5745 scilicet
3001 5692 3134 5758 487;
3165 5691 3258 5747 sed
3281 5702 3462 5754 postea
3497 5701 3680 5747 tamen
