3944 6176
244 351 331 403 205
1175 342 1260 395 DE
1298 334 1818 394 PERSECUTIONE
1861 331 2239 388 VANDALICA
2282 331 2406 384 LIB.
2453 332 2491 384 ll

3360 330 3469 387 206

245 467 468 518 statuere,
492 453 884 507 Ther-doricum
914 454 1128 507 fratrem
1163 453 1400 520 filiosque
1428 451 1563 518 ejus,
1595 458 1619 485 α
1650 451 1789 502 Gen-
1821 456 1864 510 Α
1897 455 2049 514 pater
2079 445 2312 499 moriens
2347 454 2683 498 sacramento
2717 448 3030 516 interposito
3059 451 3463 504 commendave-

247 549 460 615 touisque
500 547 680 598 fratris
724 544 1066 597 nihilominus
1111 544 1243 595 filios
1284 541 1574 596 crudeliter
1620 541 1786 607 cmpit

248 641 444 710 insequi.
487 638 724 706 Quorum
778 637 978 689 nulltnu
1025 636 1346 697 dimitteret,
1397 633 1497 687 nisi
1542 635 1590 686 ei
1640 647 1788 686 mors

247 731 461 787 desiderii
527 731 611 782 sui
676 731 999 782 voluntatem
1066 731 1314 780 au’erret.
1376 724 1550 778 Primo
1611 725 1789 778 sciens

249 839 434 879 uxorem
458 822 776 876 Theudorici
820 821 994 872 fratris
1037 828 1284 876 astutam,
1312 818 1498 877 credo,
1543 831 1608 868 ne
1653 818 1788 870 forte

249 914 459 968 maritum
493 921 584 965 aut
614 911 868 979 majorem
899 909 1083 970 lilium,
1118 907 1212 979 [aL
1244 906 1356 977 qui]
1398 909 1519 976 quia
1553 907 1787 975 prudens

249 1016 290 1059 et
317 1006 513 1072 sapiens
555 1004 854 1064 vili-batur,
907 1000 1144 1054 coiisiliis
1188 999 1483 1052 acrioribus
1528 997 1787 1051 adversus

251 1109 490 1166 tyrannum
547 1105 812 1159 armaret,
864 1093 1090 1148 crimine
1138 1091 1408 1157 imposito,
1455 1088 1628 1158 gladio
1666 1103 1783 1143 eam

251 1189 440 1242 interfici
464 1186 636 1255 jubet.
704 1185 983 1253 Postquam
1011 1182 1270 1236 occiditur
1307 1190 1357 1234 et
1399 1181 1484 1235 ille
1525 1179 1660 1232 filius
1691 1177 1782 1249 [ul.

251 1279 438 1348 magnis]
490 1291 716 1346 magnus
769 1275 961 1328 litteris
999 1275 1305 1336 institutus,
1357 1270 1442 1324 cui
1493 1269 1783 1323 secundum

249 1371 648 1424 constitutionem
678 1366 705 1405 δ
729 1363 1011 1427 Geiserici,
1055 1379 1121 1417 eo
1149 1362 1286 1430 quod
1332 1360 1501 1430 major
1539 1361 1784 1414 omnibus

247 1469 381 1523 esset,
419 1475 634 1528 regnum
679 1459 817 1511 inter
854 1466 1075 1523 nepotes
1111 1456 1443 1523 potissimum
1473 1452 1781 1506 debebitur.

247 1551 533 1607 Accenditur
609 1550 784 1604 adhuc
844 1547 1114 1600 crudelius
1182 1544 1377 1614 aliquid
1455 1556 1781 1610 perpetrare.

244 1645 431 1693 Astante
469 1639 626 1706 vulgo
665 1639 716 1690 in
749 1635 921 1689 media
951 1634 1165 1688 civitate
1194 1649 1288 1701 pro
1319 1632 1566 1700 gradibus
1599 1632 1783 1697 platea:

243 1743 386 1793 uerte,
415 1731 724 1796 episcopum
756 1741 866 1779 sua:
898 1726 1204 1793 religionis,
1226 1724 1439 1776 nomine
1458 1721 1780 1781 Jocundum,

1891 548 1971 590 rat
1996 555 2006 588 :
2029 552 2163 605 quos
2194 534 2283 588 ille
2309 535 2588 588 immemor
2615 535 2757 601 fidei,
2787 546 2837 591 et
2865 540 3182 593 sacramenti
3212 540 3462 604 violator,

1888 628 2114 682 diversis
2151 626 2323 695 pinnis
2352 633 2407 679 et.
2451 624 2706 679 incendiis
2751 629 3051 683 trucidavit.
3095 629 3228 683 Nam
3279 629 3462 699 lleldi-

1888 733 2008 772 cum
2054 718 2361 786 quemdam,
2406 731 2564 786 quem
2608 726 2758 785 pater
2792 719 2907 784 ejus
2945 721 3289 789 praepositum
3319 719 3462 774 fece-

1890 820 1972 862 rat
2006 810 2174 878 regni,
2216 812 2324 871 jam
2362 816 2667 861 veteranum
2709 817 2868 874 atque
2897 823 3182 877 annosum,
3211 825 3330 862 cum
3357 810 3457 863 dc-

1889 901 2085 954 decore
2112 900 2283 968 capite
2320 899 2616 962 truncavit;
2663 897 2885 967 ejusque
2923 915 3144 954 uxorem
3185 917 3304 954 cum
3333 901 3459 963 alia,

1889 993 2106 1046 nomine
2150 1001 2172 1027 ε
2223 991 2549 1055 Theucaria,
2600 991 2650 1044 in
2702 991 2879 1045 medio
2926 992 3159 1047 civitatis
3206 993 3459 1048 incendit.

1889 1087 2120 1150 Quarum
2150 1098 2375 1152 corpora
2401 1099 2494 1151 per
2519 1084 2660 1137 vicos
2688 1093 2742 1137 et
2773 1087 2971 1152 plateas
3004 1087 3142 1139 trahi
3169 1086 3456 1144 mandavit,

1888 1192 2006 1243 ilum
2049 1185 2154 1228 tota
2198 1175 2283 1230 die
2317 1174 2569 1243 jaeeutia,
2601 1185 2815 1244 rogatus
2849 1190 2878 1229 a
2923 1177 3034 1231 suis
3073 1176 3338 1246 episcopis
3375 1178 3459 1230 vix

1892 1281 2112 1333 vespere
2161 1266 2372 1334 sepeliri
2421 1247 2705 1319 concessit.
2752 1265 2943 1319 Camut
2984 1281 3214 1335 namque
3258 1265 3460 1320 lleldici

1892 1359 2127 1421 fratrem,
2158 1357 2283 1426 quia
2319 1357 2385 1410 ad
2415 1357 2696 1411 ecclesiam
2736 1372 2920 1412 eormn
2963 1357 3291 1428 confugerat,
3321 1359 3463 1414 occi-

1889 1449 2014 1501 dere
2065 1463 2170 1501 non
2221 1447 2418 1515 potuit;
2465 1461 2623 1517 quem
2673 1456 2847 1502 tamen
2896 1448 2946 1501 iii
2989 1448 3105 1500 loco
3146 1448 3457 1501 latrinarum

1887 1539 2057 1612 [Lor.,
2080 1539 2326 1610 obscuro]
2355 1540 2587 1594 obsceno
2621 1538 2904 1604 conclusit,
2931 1539 3204 1606 multoque
3231 1555 3352 1594 eum
3385 1542 3454 1592 ibi

1888 1639 2127 1698 tempore
2173 1630 2370 1699 degere
2409 1630 2611 1684 statuit.
2673 1630 2860 1684 POStea
2903 1646 3021 1683 cum
3061 1631 3302 1698 caprario
3332 1643 3461 1698 quo-

1888 1721 2005 1771 dam
2034 1730 2088 1771 et
2120 1721 2336 1785 rustico,
2375 1720 2439 1772 ad
2470 1717 2735 1775 faciendas
2774 1721 2995 1774 scrobes
3021 1719 3190 1774 vineis
3217 1722 3460 1790 profutu-

241 1834 370 1886 queni
402 1829 422 1855 ε
456 1816 812 1886 patriurcbam
862 1832 974 1870 VUCI
1003 1817 1159 1869 abant
1180 1855 1194 1879 ,
1243 1815 1495 1881 prtecepit
1536 1813 1781 1867 incendio
1818 1816 1858 1873 Β
1889 1827 1970 1861 ras
1997 1811 2370 1863 condemnavit
2404 1829 2416 1864 :
2446 1824 2581 1879 quos
2605 1811 2763 1864 etiam
2795 1811 3085 1878 duodecies
3116 1827 3208 1881 per
3235 1827 3455 1878 annum,

241 1912 569 1975 concremari,
603 1910 674 1968 ob
715 1910 818 1963 hoc
856 1910 996 1976 quod
1037 1911 1088 1962 in
1129 1909 1290 1961 domo
1315 1907 1627 1961 Theudorici
1657 1921 1779 1974 ger-

242 2004 356 2054 ntaui
401 2004 539 2070 regis
593 2002 997 2069 acceptissimus
1053 2000 1378 2062 habebatur;
1441 1997 1594 2066 cujus
1647 1998 1782 2049 forte

241 2093 456 2160 suffragio
484 2103 776 2146 memorata
816 2093 1006 2145 domus
1034 2106 1252 2159 regnum
1286 2098 1492 2156 poterat
1517 2089 1778 2142 obtinere.

243 2189 285 2240 In
336 2203 432 2256 quo
484 2186 774 2253 impietatis
832 2186 1037 2240 scelere
1089 2186 1323 2238 futurum
1380 2184 1534 2237 nobis
1595 2183 1783 2236 adesse

245 2280 581 2344 prospeximus
621 2277 838 2338 malum,
869 2280 1071 2328 aientes
1104 2275 1326 2328 invicem
1365 2273 1562 2341 singuli
1592 2273 1778 2324 nobis:

242 2369 321 2433 Qui
346 2369 391 2420 in
421 2384 515 2421 Sno
546 2370 614 2420 ita
639 2368 870 2422 erud-lis
895 2368 1113 2421 effectus
1143 2380 1222 2421 εει
1249 2367 1547 2427 sacerdote,
1572 2368 1781 2432 quando

243 2470 406 2510 iiosme
434 2461 699 2527 religigni,
727 2460 806 2511 vel
843 2460 994 2510 nobis
1026 2459 1323 2525 parciturus
1348 2466 1429 2509 est
1461 2457 1595 2509 isle?
1635 2457 1784 2510 'l'unc

241 2562 284 2602 et
305 2549 542 2602 Gentonis
574 2550 831 2618 majorem
879 2549 1067 2610 filutm,
1114 2549 1328 2601 nomine
1369 2546 1621 2615 Godagis,
1659 2561 1778 2601 cum

243 2656 399 2702 uxore,
421 2641 614 2709 ab~quu
637 2641 829 2694 solatio
851 2641 997 2693 servi
1022 2649 1110 2692 aut
1133 2639 1337 2692 ancillm
1363 2638 1564 2692 crudeli
1594 2638 1784 2690 exsilio

242 2732 483 2801 delegavit.
516 2732 760 2787 Fratrem
790 2747 918 2784 Vt‘l'u
945 2732 1360 2795 Theodericum,
1395 2740 1513 2799 post
1558 2731 1785 2784 occisio-

243 2838 342 2876 nem
371 2825 546 2878 uxoris
575 2833 630 2877 et
662 2822 778 2886 filii,
801 2823 995 2875 nttdum
1023 2830 1179 2890 atque
1204 2822 1514 2876 destitutum
1543 2823 1784 2876 similiter

243 2914 482 2984 relegavit.
526 2917 656 2968 Post
691 2914 844 2981 cujus
883 2922 1107 2967 mortem
1153 2913 1316 2966 filium
1356 2913 1448 2981 qui
1486 2927 1783 2981 supererat,

243 3005 546 3070 infantulum,
571 3007 814 3072 duasque
839 3004 970 3055 filias
999 3005 1098 3074 15
1123 3005 1237 3068 ejus
1255 3005 1484 3069 adultas,
1510 3004 1784 3071 impositas

241 3095 397 3157 asinis,
449 3097 656 3165 longius
705 3096 987 3163 affligendo
1033 3095 1272 3163 projccil.
1321 3094 1425 3148 Sed
1469 3105 1524 3148 et
1564 3094 1787 3147 comites

1891 1903 1938 1953 id
1979 1914 2080 1965 est,
2117 1919 2210 1970 per
2240 1902 2478 1970 singulos
2505 1917 2735 1962 menses.
2779 1901 3000 1972 flagellis
3027 1903 3327 1958 crudelibus
3351 1905 3459 1959 dis-

1885 1994 2038 2059 sipah
2058 2005 2120 2057 it;
2153 2010 2237 2046 v-x
2261 1994 2470 2048 modico
2494 2009 2665 2063 aqua},
2689 1995 2979 2063 cibariique
3002 1995 3153 2063 panis
3177 2011 3453 2052 concesso.

1890 2087 1996 2139 lloc
2039 2102 2129 2154 per
2158 2087 2392 2155 quinque
2431 2087 2513 2140 vel
2549 2087 2774 2154 amplius
2820 2089 3058 2156 perpessi
3096 2099 3220 2143 sunt
3256 2103 3457 2151 annos;

1885 2187 2074 2254 quibus
2103 2185 2215 2239 hare
2247 2186 2503 2254 supplicia
2537 2187 2794 2254 proficere
2827 2197 3069 2256 poterant
3101 2187 3166 2240 ad
3201 2199 3456 2242 mternam

1887 2279 2208 2343 mercedem,
2245 2279 2288 2332 si
2319 2278 2565 2331 catholici
2612 2278 2856 2342 fuissent,
2893 2288 2947 2332 et
2974 2277 3096 2332 ﬁdei
3129 2294 3239 2332 sum
3271 2282 3460 2333 merito
3507 2338 3510 2341 _

1888 2371 1986 2422 ista
2019 2374 2334 2437 perferrent.
2382 2372 2482 2423 Sed
2517 2371 2637 2423 ideo
2665 2370 2800 2423 istud
2835 2371 2992 2424 silere
3023 2371 3374 2437 nequivimus,
3405 2381 3462 2423 ut

1887 2464 2132 2530 impietas
2177 2464 2317 2529 regis
2359 2461 2515 2515 etiam
2561 2462 2611 2514 in
2651 2463 2763 2514 suis
2801 2461 3019 2515 minime
3064 2461 3339 2525 sileretur;
3370 2464 3457 2530 qui

1887 2571 1990 2607 non
2025 2557 2194 2608 Solum
2227 2556 2536 2621 episcomim
2575 2571 2726 2607 suum
2763 2555 3090 2619 .locundum,
3121 2563 3179 2606 ut
3217 2555 3459 2622 superius

1886 2646 2390 2711 demonstravimus,
2417 2647 2644 2699 ﬂammis
2671 2646 2897 2711 adussit,
2924 2646 3015 2700 sed
3043 2655 3096 2700 ct
3121 2648 3458 2717 presbyteros

1886 2747 1939 2792 et
1981 2738 2234 2790 diaconos
2280 2752 2436 2802 suos,
2489 2738 2537 2789 id
2595 2737 2940 2790 cstArianos
2970 2777 2984 2799 ,
3040 2740 3459 2806 quamplurimos

1888 2829 2140 2893 incendit,
2192 2844 2290 2883 nec
2335 2844 2437 2882 non
2485 2839 2539 2882 et
2589 2829 2773 2883 bestiis
2817 2829 3159 2899 mancipavit.

1961 2922 2046 2974 Vl.
2094 2921 2325 2974 Visiones
2347 2932 2464 2972 ante
2493 2921 2905 2990 persecutionem.
2939 2949 3007 2960 —
3036 2922 3334 2988 Amputatis
3365 2922 3460 2985 igi-

1891 3023 1974 3065 tur
2005 3013 2057 3064 in
2085 3011 2234 3064 brevi
2280 3012 2526 3062 omnibus
2557 3025 2690 3079 quos
2721 3010 2959 3075 timebat,
2994 3020 3048 3064 et
3077 3010 3310 3065 solidans
3333 3029 3356 3063 s
3379 3012 3455 3078 bi,

1891 3112 1948 3156 ut
1972 3103 2210 3169 putabat,
2240 3117 2482 3169 regnum,
2515 3101 2653 3169 qttod
2692 3101 2852 3155 breve
2882 3099 3116 3154 futurum
3146 3112 3260 3156 crat
3291 3113 3339 3155 et
3371 3119 3431 3156 ca

240 3186 626 3254 quamplurimos
671 3196 724 3239 et
772 3186 975 3239 nobiles
1021 3186 1193 3253 gentis
1239 3199 1348 3238 SlliB
1393 3184 1783 3252 objectionibus
1815 3177 1858 3236 C
1890 3196 2103 3257 ducum,
2137 3193 2280 3245 omni
2312 3209 2376 3245 ex
2411 3203 2557 3259 μευ-ιθ
2594 3190 2609 3228 ἲ
2644 3194 2847 3244 otiosus
2883 3201 3042 3260 atque
3071 3206 3311 3252 securus.
3345 3193 3460 3246 “"j-

242 3276 365 3330 falsis
391 3278 680 3340 insectans,
713 3277 782 3330 ob
809 3278 910 3328 hoc
937 3277 1074 3344 quod
1109 3291 1365 3346 germano
1394 3291 1489 3330 suo
1517 3277 1778 3342 faverent,

241 3369 352 3423 alios
381 3370 635 3433 incendit,
678 3370 814 3422 alios
853 3370 1028 3438 gladio
1065 3369 1355 3437 jugulavit;
1391 3370 1628 3426 imitator
1671 3372 1784 3426 exi-

241 3471 361 3514 stens
385 3460 638 3516 Geiserici
675 3464 858 3528 patris,
889 3465 977 3529 qui
1013 3461 1093 3513 sui
1137 3461 1312 3515 fratris
1357 3476 1575 3516 uxorem
1621 3463 1784 3532 ligato

242 3555 444 3619 pondere
473 3552 730 3621 lapidum,
764 3552 814 3605 in
844 3550 868 3587 (ί
894 3555 1210 3622 Ampsagam
1244 3553 1459 3606 fluvium
1485 3556 1780 3609 Cirtensem

243 3642 491 3710 famosum,
518 3645 775 3714 jactando
804 3643 1082 3708 demersit,
1114 3655 1168 3696 et
1204 3652 1325 3711 post
1355 3660 1538 3700 necem
1572 3649 1776 3711 matris,

244 3734 373 3787 etiam
402 3735 536 3788 ﬁlios
586 3734 873 3788 interfecit.
921 3733 1024 3787 Sed
1067 3744 1120 3786 et
1157 3735 1352 3788 multos
1393 3737 1441 3788 ei
1484 3734 1785 3791 Geisericus

242 3916 449 3983 contigit,
499 3914 715 3982 quando
753 3916 1018 3968 defunctis
1067 3914 1442 3969 Guntamunilo
1489 3927 1543 3969 et
1594 3919 1784 3972 'l'rasa-

244 3988 437 4050 mundo,
466 3986 784 4047 llilderietts,
819 3985 1060 4038 llunerici
1093 4002 1156 4038 ex
1194 3987 1426 4038 Eudoxia
1475 3989 1612 4042 filius
1635 4032 1648 4055 ,
1691 4007 1747 4042 re
1781 4017 1785 4020 -

241 4071 374 4122 gnum
402 4058 672 4121 obtinuit,
729 4070 1018 4123 pacemque
1072 4056 1300 4108 reddidit
1351 4057 1598 4110 Ecclesiae
1643 4061 1782 4113 Afri-

241 4141 384 4187 cana,
430 4138 486 4179 ut
526 4126 695 4180 fusius
735 4124 976 4179 dicemus
1005 4127 1054 4178 in
1090 4125 1781 4194 Commentario_historico

241 4196 388 4262 capite
411 4196 489 4249 12.

300 4273 322 4300 ι
339 4266 432 4319 Alii
453 4265 690 4319 scribunt
709 4263 972 4319 Gentunis.
991 4262 1237 4328 Ortltod.,
1264 4264 1530 4319 Genzonis.
1552 4265 1642 4322 Sic
1659 4282 1777 4321 eum

240 4349 424 4403 quoque
450 4338 680 4404 appellat
702 4337 990 4403 Proc0pius
1013 4336 1146 4388 libro
1167 4352 1182 4389 1
1207 4339 1274 4390 de
1298 4337 1443 4389 Bello
1474 4336 1778 4397 Vandalico,

242 4408 314 4458 ubi
344 4409 498 4458 semel
537 4418 590 4458 et
621 4405 811 4459 iterum
844 4414 1170 4459 memoratur
1192 4447 1208 4469 ,
1249 4416 1468 4474 eratque
1516 4409 1781 4461 secundus

242 4476 488 4529 Genserici
520 4476 675 4527 filius.
709 4480 778 4528 At
806 4475 1005 4527 fallitur
1034 4475 1133 4528 iste
1167 4486 1372 4535 auctor.
1397 4477 1482 4541 qui
1520 4481 1634 4528 loco
1664 4477 1778 4528 lau-

243 4545 349 4597 dato
371 4545 683 4597 Theodorum
706 4586 722 4608 ,
756 4546 831 4597 sic
865 4547 1060 4611 quippe
1090 4546 1473 4600 Theodericum
1517 4548 1777 4613 appellat,

241 4627 520 4679 postremum
560 4625 685 4667 natu
710 4631 777 4666 ex
815 4615 1072 4668 Geizerici
1107 4618 1228 4669 filiis
1245 4657 1261 4681 ,
1287 4618 1517 4669 neutrius
1543 4633 1690 4669 sexus
1717 4618 1779 4668 li-

241 4687 354 4736 beris
398 4687 603 4745 relictis,
658 4695 780 4736 ante
826 4697 1050 4736 mortem
1099 4687 1261 4753 patris
1308 4689 1461 4738 vitam
1511 4688 1782 4752 explevisse

1891 3298 2041 3337 versa
2070 3284 2170 3336 tela
2196 3283 2388 3335 furoris
2419 3283 2467 3334 iu
2518 3282 2915 3350 persiicutiones
2947 3281 3195 3335 Ecclesize
3235 3283 3463 3337 catholi-

1890 3392 1988 3441 cze,
2020 3378 2234 3443 rugiens
2278 3375 2416 3427 sicut
2446 3373 2549 3436 leo,
2583 3375 2865 3427 convertit.
2899 3377 3036 3427 Ante
3077 3375 3460 3442 persecotionis

1893 3477 2064 3520 tamen
2098 3475 2488 3533 tempestatem,
2533 3463 2712 3516 multis
2755 3462 3113 3530 prateuntilius
3166 3465 3458 3522 visionibus

1890 3567 1946 3612 et
1990 3558 2178 3623 signis,
2228 3557 2512 3608 imminens
2555 3555 2978 3609 demonswatum
3016 3554 3188 3608 fuerat
3235 3557 3451 3610 malum.

1891 3649 2021 3703 Nam
2054 3648 2219 3702 ferme
2248 3657 2369 3699 ante
2401 3646 2670 3699 biennium
2695 3661 2850 3714 quam
2883 3645 3054 3710 fieret,
3087 3645 3218 3700 vidit
3243 3647 3455 3715 quidam

1894 3749 1919 3787 ε
1946 3738 2123 3792 Fausti
2153 3737 2431 3791 ecclesiam
2457 3736 2618 3788 solito
2646 3737 2697 3788 in
2729 3745 2917 3790 ornatu
2950 3736 3257 3805 fulgentem,
3286 3739 3459 3793 cereis

1894 3935 2037 3986 pare.
2073 3919 2203 3990 llinc
2241 3931 2420 3990 natum
2453 3919 2503 3970 in
2550 3919 2816 3990 nonnullis
2844 3919 3167 3986 regionibus,
3197 3936 3329 3990 quas
3353 3925 3454 3978 ali-

1889 3990 2101 4060 quando
2131 3988 2205 4060 iilli
2232 3989 2480 4060 coluere,
2528 3989 2839 4060 patriarcha:
2874 4006 3064 4044 nomen
3083 4034 3097 4058 ,
3129 3988 3268 4056 quod
3295 3994 3454 4048 etiam

1890 4058 2090 4125 posteri
2134 4059 2386 4112 Ecclesia:
2414 4058 2692 4110 catholica:
2737 4061 3060 4112 reconciliati
3101 4065 3456 4118 retinuerunt.

1894 4131 2022 4183 Vide
2055 4130 2152 4181 hac
2177 4129 2240 4180 de
2271 4143 2327 4180 re
2367 4129 2479 4180 fuse
2522 4138 2574 4180 et
2600 4127 2807 4180 erudite
2843 4131 3194 4181 disserentem
3227 4131 3455 4186 Ludovi-

1887 4214 2006 4252 cum
2043 4197 2453 4252 Tlioiuassinum
2484 4196 2714 4250 Oratorii
2759 4197 3017 4250 Gallicani
3049 4200 3415 4266 presbyterum
3439 4243 3454 4264 ,

1888 4270 1977 4323 lib.
2007 4285 2022 4322 1
2055 4283 2204 4321 novae
2233 4277 2287 4320 et
2323 4267 2554 4333 antiquze
2584 4267 2835 4338 Ecclesia:
2862 4267 3184 4337 Disciplinre,
3217 4281 3366 4338 parte
3413 4287 3451 4338 t,

1882 4354 1999 4406 cap.
2028 4339 2120 4401 21,
2150 4339 2352 4391 Latina:
2378 4337 2644 4391 editionis.

1955 4408 1980 4444 ά
2022 4409 2111 4462 Sic
2141 4407 2443 4468 legendum.
2478 4407 2600 4470 Ali,
2641 4406 2916 4475 Ausagam.
2953 4406 3166 4460 Flavius
3196 4408 3282 4461 ille
3311 4425 3453 4464 nunc

1886 4481 2050 4546 patria
2083 4479 2254 4543 lingua
2283 4477 2800 4546 dicitttrSiiiiegiiiar.
2822 4477 2908 4544 qtti
2929 4475 3159 4530 Africam
3189 4481 3453 4546 pr0priam

1883 4545 1910 4600 a
1946 4547 2250 4600 Mauritania
2271 4554 2500 4612 separat.
2531 4547 2608 4597 ()h
2629 4547 2742 4612 ejus
2768 4545 3006 4598 fortassis
3033 4545 3449 4614 magnitudinem

1885 4621 1936 4671 in
1969 4618 2121 4670 Colb.
2171 4615 2206 4667 2
2244 4624 2299 4668 et.
2325 4617 2382 4685 itt
2407 4615 2536 4668 edit.
2573 4614 2808 4667 Rhenani
2851 4616 3077 4684 famosus
3115 4619 3458 4685 cognomina-

1887 4698 1992 4752 tur,
2015 4687 2134 4739 aliis
2157 4697 2331 4739 tamen
2357 4684 2548 4737 dicitur
2567 4685 2811 4753 fetu/osus
2837 4698 2924 4737 aut
2943 4684 3202 4752 feciloaus.
3230 4689 3451 4750 Plinius,

241 4755 419 4809 scribit.
449 4756 520 4808 Ex
557 4755 659 4807 hoc
686 4757 880 4820 quippe
909 4745 1134 4807 Vicuoris
1168 4757 1282 4810 loco
1314 4766 1456 4825 patet
1484 4745 1782 4810 'l‘heodori-
1813 4745 1858 4802 ί)
1886 4745 2207 4824 Pomponius
2237 4755 2365 4808 lllela
2398 4745 2589 4822 aliique
2619 4765 2892 4817 auctores,
2936 4745 3022 4818 qui
3057 4761 3195 4810 hunc
3233 4745 3450 4813 fluvium

241 4837 348 4875 cum
374 4826 584 4893 ejusque
614 4827 752 4877 filios
781 4838 892 4891 pOSl
929 4825 1197 4879 Geuserici
1230 4839 1450 4878 mortem
1483 4827 1645 4878 fuisse
1686 4841 1777 4878 su-

241 4895 483 4963 perstites,
511 4911 647 4963 quos
673 4894 970 4947 lluuirrieus
1000 4894 1132 4948 adeo
1161 4899 1445 4950 crudeliter
1472 4896 1680 4948 afflixit.

305 4961 329 4999 δ
366 4964 447 5016 Ille
491 4961 812 5021 testamento
861 4977 1190 5032 pro'ceperat
1217 5008 1232 5029 ,
1279 4969 1449 5034 inquit
1497 4967 1781 5032 Prociipius

240 5031 550 5106 librOtllist.
585 5035 834 5094 \i’andal.,
867 5043 924 5086 ut
951 5031 1164 5100 semper
1200 5043 1286 5106 qui
1322 5031 1381 5090 ei;
1414 5037 1523 5089 suis
1558 5031 1783 5104 posteris

240 5105 624 5178 priorotnnium
658 5119 800 5178 esset
821 5112 1008 5166 relate,
1039 5105 1252 5172 regnum
1280 5108 1575 5178 obtineret,
1607 5106 1785 5158 exelu-

238 5172 306 5225 sis
329 5177 478 5227 etiam
515 5178 631 5241 ejus
667 5177 756 5243 qui
787 5183 942 5227 antea
987 5178 1312 5240 regnavisset
1340 5177 1484 5234 filiis,
1509 5172 1557 5227 si
1583 5177 1786 5241 aliquos

239 5243 474 5297 traherent
495 5255 716 5314 agnatos
743 5247 1000 5314 Seniores.
1028 5245 1160 5297 Hinc
1179 5248 1498 5308 llunuerieo,
1535 5262 1638 5298 non
1668 5245 1784 5298 1111-

237 5314 432 5366 dericus
456 5312 571 5382 ejus
602 5317 764 5379 filius,
789 5316 879 5368 sed
913 5312 1340 5377 Guntamundus,
1369 5314 1562 5368 deinde
1591 5317 1782 5368 Trasu-

235 5385 450 5437 mundus
478 5387 651 5452 primo
673 5400 1000 5448 successere,
1022 5395 1201 5448 postea
1225 5386 1543 5439 llildericus.
1563 5383 1781 5438 Gilimer

232 5454 426 5518 primus
451 5456 582 5508 hanc
605 5458 775 5523 legem
803 5457 999 5508 violare
1015 5469 1293 5524 aggressus
1313 5465 1414 5518 est,
1447 5470 1543 5508 suo
1565 5457 1781 5519 damno,

233 5524 301 5576 uti
329 5524 560 5579 dicemus
590 5528 640 5577 in
664 5527 1060 5579 Commentario
1086 5525 1357 5586 historico,
1392 5525 1660 5592 fusiusque
1687 5539 1785 5578 ex~

233 5592 379 5656 ponit
411 5596 688 5662 Procopius
721 5598 771 5649 in
805 5597 951 5649 libris
978 5596 1181 5648 duobus
1210 5597 1276 5648 de
1309 5595 1453 5648 Bello
1481 5594 1782 5647 Vandalico.

299 5672 324 5700 ⁸
368 5665 648 5719 Familiare
670 5665 768 5719 fuit
795 5667 934 5734 apud
957 5665 1087 5718 istos
1107 5669 1345 5733 aliosque
1374 5665 1627 5719 barbaros
1656 5680 1781 5730 pra:-

230 5737 438 5805 ripuuin
471 5735 641 5806 gentis
675 5753 786 5792 sua:
825 5739 1130 5805 episcopum
1183 5735 1536 5804 patriarcliam
1588 5750 1787 5787 nuncu-

1888 4839 2211 4889 metnorant,
2250 4841 2509 4890 nnsuuam
2541 4826 2616 4878 sic
2644 4840 2764 4877 eum
2799 4827 3153 4894 appellavere.

1962 4908 1984 4932 ε
2027 4898 2149 4949 Haec
2189 4898 2240 4948 in
2271 4910 2399 4946 mss.
2435 4895 2622 4955 Mart.,
2655 4895 2836 4948 Germ.
2867 4905 2918 4946 ut
2950 4895 3064 4948 Ful.
3105 4897 3300 4950 dicitur
3325 4897 3457 4951 Tlte-

1889 4983 2057 5019 vartca
2081 5005 2096 5030 ,
2145 4965 2282 5032 apud
2324 4964 2545 5017 Orthod.
2579 4975 2628 5018 ct
2677 4965 3011 5026 μοι-1011111111,
3045 4964 3338 5022 Themaria.
3370 4970 3458 5023 Sir

1895 5035 2185 5100 Hefdicum,
2237 5035 2322 5087 alii
2358 5033 2625 5087 Iler'dicam
2682 5037 2947 5102 appellant
2973 5078 2988 5102 ,
3041 5045 3092 5088 ct
3133 5036 3313 5090 Comm
3344 5058 3459 5102 ejus

1895 5105 2374 5174 fratrem,quidam
2421 5104 2606 5157 dicunt
2655 5102 2900 5166 Gamntli.
2945 5107 3242 5172 Loricliius,
3275 5108 3458 5162 Caniut

1898 5176 2084 5228 Eildici
2115 5178 2353 5245 fratrem,
2387 5183 2491 5226 etc.

1971 5246 1989 5282 τ
2035 5244 2211 5306 nm,
2241 5246 2353 5297 Ful.
2387 5253 2440 5296 ct
2478 5244 2658 5298 Germ.
2683 5286 2696 5305 ,
2730 5246 2942 5298 otiosus.
2978 5245 3100 5305 Alii,
3128 5249 3267 5300 [ποτε
3293 5249 3456 5314 fuerat

1895 5328 1938 5370 et
1969 5319 2236 5380 reducunt,
2261 5316 2396 5384 omni
2423 5330 2483 5366 ex
2505 5325 2644 5384 parte
2665 5316 2878 5379 otium-2,
2907 5327 3009 5369 etc.

1961 5387 2068 5454 7.7;,
2094 5395 2116 5429 8
2158 5386 2294 5437 Tres
2319 5383 2706 5450 Colb.,7M:trl.,
2735 5385 2980 5445 0t'lltud.,
3013 5386 3180 5446 BaliL,
3219 5386 3362 5446 l.or.,
3407 5398 3454 5434 ot

1891 5457 2098 5517 Sttrius,
2132 5457 2206 5508 sic
2235 5455 2445 5526 habent,
2480 5456 2787 5526 fulgentem;
2818 5466 2860 5508 et
2883 5458 2997 5526 dum
3019 5456 3301 5526 iglmturetur
3331 5460 3461 5526 tanti

1893 5526 2111 5596 fulgoris
2134 5525 2382 5590 candore,
2407 5524 2796 5596 cercis'quoquer
2816 5524 3156 5596 fulgentibus,
3193 5524 3463 5594 palliisan

1894 5595 2214 5658 velaminum,
2244 5611 2304 5647 ac
2335 5595 2654 5660 (unm/idibus
2678 5595 2996 5653 rutilantem,
3026 5595 3187 5646 subito
3211 5635 3226 5658 ,
3260 5605 3360 5649 cte.
3400 5599 3463 5650 lit

1901 5668 2054 5732 paulo
2081 5666 2214 5718 infra
2247 5683 2258 5716 :
2294 5665 2566 5732 firmusque
2600 5663 2690 5716 illa
2712 5663 2996 5714 atbatornm
3033 5665 3206 5729 turba,
3234 5675 3341 5719 etc.
3370 5668 3464 5721 l’o-

1898 5739 2100 5791 suitnus
2126 5750 2190 5791 es
2227 5737 2257 5790 1
2291 5751 2419 5789 mss.
2452 5735 2626 5801 Marb,
2649 5733 2854 5799 Gerun,
2875 5733 3019 5801 Ful.,
3049 5743 3101 5790 et
3125 5734 3278 5790 Colli.
3318 5737 3364 5789 Ι.
3391 5738 3459 5788 At
