3944 6176
456 328 560 381 ἮΠ

1754 320 2060 376 VICTORIS
2101 320 2409 377 VITENSIS

3597 316 3705 372 208

458 455 668 509 quoque
694 438 1031 509 fulgentibus,
1066 437 1453 505 palliorumque
1496 435 1758 489 velamine
1803 451 1865 490 ac
1896 436 2029 489 lam-
2058 439 2102 496 Α
2135 452 2294 501 xxvi,
2322 438 2435 505 20).
2475 435 2613 488 Vidit
2642 444 2691 488 ct
2725 434 3044 489 venerabilis
3072 432 3266 486 Paulus
3307 431 3585 501 episcopus
3613 446 3705 484 aro

464 534 683 597 padibus
714 534 1035 585 rutilantem.
1070 530 1134 582 Et
1163 529 1284 581 dmn
1315 531 1586 582 laetaretur
1615 527 1748 582 cand
1774 544 1847 581 ire
1900 528 2029 581 tanti

464 624 706 693 fulgoris,
753 623 950 683 subito,
996 621 1088 683 ait,
1140 620 1355 673 luminis
1408 618 1552 671 illius
1598 617 2031 681 concupiscibilis

462 716 752 768 exstinctus
781 722 861 766 est
889 712 1078 780 fulgor,
1122 725 1183 763 ac
1210 709 1444 763 tenebris
1493 707 1899 762 succedentibus
1940 706 2032 758 ad-

462 809 729 863 versarius
757 805 972 861 naribus
996 813 1148 857 natus
1174 812 1254 857 est
1275 802 1413 857 fetor
1437 820 1447 854 :
1475 801 1754 870 onmisque
1776 800 1861 854 illa
1889 799 2033 853 alba-

464 912 638 954 torum
677 897 850 955 turba,
880 894 1269 964 expellentibus
1317 891 1634 960 quibusdam
1687 889 2034 958 Etltiopibus

463 990 659 1043 minata
691 997 775 1043 est
821 986 961 1040 foras
992 1002 1003 1036 :
1037 985 1107 1038 ob
1138 984 1235 1038 hoc
1262 983 1459 1051 jugiter
1504 983 1803 1037 lamentans
1829 1023 1843 1045 ,
1892 980 2032 1048 quod

458 1095 578 1134 eam
608 1080 660 1132 in
702 1077 945 1131 claritate
975 1075 1191 1144 pristina
1239 1087 1571 1142 nequaquam
1617 1074 1808 1125 viderit
1840 1071 2033 1125 iterum

464 1171 786 1224 restitutam.
833 1165 962 1218 Nam
996 1164 1252 1218 visionem
1285 1166 1440 1216 istam
1486 1161 1640 1215 nobis
1686 1161 2036 1230 przrsentibus

463 1271 649 1313 sancto
694 1258 874 1311 retulit
923 1254 1177 1324 Eugenio.
1219 1254 1359 1308 Vidit
1400 1264 1451 1308 et
1498 1252 1709 1322 quidam
1761 1253 2037 1321 presbyter

467 1355 632 1421 ipsam
665 1349 840 1403 Fausti
872 1348 1141 1401 basilicam
1170 1346 1422 1401 refertam
1469 1346 1641 1400 turbis
1672 1345 2035 1399 innumerabi-

466 1446 593 1497 lium
623 1442 959 1510 po,:ulorum,
993 1449 1044 1493 et
1074 1447 1193 1505 post
1221 1437 1489 1506 paululum
1518 1448 1849 1501 evacuatam,
1882 1446 1933 1488 et
1957 1450 2041 1488 re-

468 1535 662 1605 pletam
697 1545 979 1600 porcorum
1023 1527 1362 1582 multitudine
1389 1538 1549 1596 atque
1577 1542 1878 1595 caprarum.
1911 1525 2038 1579 Item

467 1625 602 1679 alius
626 1622 756 1676 vidit
784 1636 961 1675 aream
991 1620 1250 1673 triticeam
1279 1619 1608 1673 ventilationi
1639 1628 1898 1686 paratam,
1924 1632 2041 1684 grao

468 1715 550 1768 nis
577 1713 749 1768 adhuc
778 1710 1112 1765 ventilatoris
1139 1709 1339 1777 judicio
1386 1709 1612 1762 necdum
1643 1725 1670 1761 a
1704 1709 1853 1778 palea
1882 1722 2038 1775 sepa-

2133 530 2314 583 bnrem
2366 543 2535 596 usque
2563 527 2625 580 ad
2672 526 2839 580 cmlos
2877 525 3039 577 ramis
3071 522 3381 576 florentibus
3408 530 3703 583 extensam,

2130 633 2249 687 qua;
2279 619 2435 670 etiam
2464 618 2715 670 dilatione
2737 630 2829 669 sua
2862 630 3075 668 omnem
3108 612 3201 684 [αι.
3226 616 3363 665 deest
3391 610 3544 681 pene]
3571 627 3708 679 pene

2133 709 2364 762 Africam
2395 708 2671 776 opacabat.
2701 710 2765 759 lit
2794 722 2912 760 cum
2943 705 3177 760 universi
3208 704 3323 768 ejus
3344 702 3711 772 magnitudine

2134 812 2187 855 et
2211 800 2551 869 speciositate
2589 800 2919 869 gauderent:
2946 812 3071 851 ecce
3101 796 3301 861 subito,
3345 794 3535 862 inquit,
3567 795 3713 848 venit

2133 893 2316 946 asinus
2345 892 2629 954 violentus,
2662 891 2750 960 qui
2781 890 3049 944 defricans
3074 888 3337 943 cervicem
3369 901 3518 941 suam
3546 899 3712 953 super

2134 984 2297 1037 robur
2328 982 2563 1035 radicum
2594 983 2731 1047 ejus,
2764 983 2996 1041 impulsu
3026 994 3125 1034 suo
3154 993 3275 1032 cum
3305 977 3505 1047 ingenti
3534 976 3712 1029 sonitu

2138 1074 2279 1125 illam
2329 1072 2627 1126 mirabilem
2675 1072 2921 1126 arborem
2964 1071 3107 1125 elisit
3153 1070 3218 1122 ad
3267 1077 3482 1123 terram.
3529 1066 3715 1123 Sedet

2137 1165 2457 1231 Quintianus
2498 1162 2523 1199 ἀ
2580 1164 2904 1217 honorabilis
2945 1164 3227 1231 episcopus
3269 1161 3398 1214 vidit
3448 1173 3508 1215 se
3554 1174 3713 1228 super

2137 1254 2418 1323 quemdam
2450 1267 2683 1308 montem
2715 1266 2876 1319 Stare,
2899 1254 2965 1308 de
2987 1268 3091 1320 quo
3116 1252 3475 1319 consiticiebat
3497 1266 3713 1320 gregem

2140 1344 2605 1397 innumerabilium
2656 1345 2832 1396 ovium
2883 1342 2975 1413 [aL
3020 1343 3227 1395 additur
3269 1341 3528 1412 suarum],
3563 1350 3617 1395 et
3662 1342 3716 1395 in

2142 1436 2317 1488 medio
2345 1436 2521 1503 gregis
2542 1434 2662 1488 date
2688 1446 2840 1488 erant
2862 1436 2980 1487 olla:
3006 1434 3223 1487 nimium
3247 1432 3551 1487 bullientes.
3576 1432 3718 1485 Ade-

2143 1534 2259 1578 rant
2286 1535 2461 1579 autem
2484 1526 2659 1578 ovium
2686 1526 2972 1586 occisores,
3008 1525 3093 1593 qtti
3125 1538 3310 1577 earnm
3354 1538 3547 1577 carnes
3588 1522 3717 1575 ollis

2146 1619 2491 1672 bnllientibus
2519 1618 2917 1683 demergebant.
2975 1618 3037 1669 I~It
3075 1632 3193 1670 cum
3226 1617 3296 1670 ita
3337 1617 3509 1681 ﬁeret,
3540 1616 3719 1669 omnis

2145 1712 2230 1764 illa
2263 1710 2568 1779 magnitudo
2590 1710 2764 1779 gregis
2807 1717 3121 1776 consumpta
3151 1716 3250 1761 est.
3302 1707 3444 1762 Renr
3470 1721 3568 1774 ego
3599 1706 3721 1760 illas

469 1805 598 1860 ratis
624 1822 637 1859 :
666 1813 721 1859 et
750 1803 873 1861 dum
908 1797 1137 1872 ingentis
1168 1816 1377 1865 "185533.
1409 1802 1529 1855 Ιίεει
1557 1800 1813 1863 οοηῖυὲεθ.
1837 1799 2040 1867 magni-
2073 1791 2114 1849 Β
2143 1802 2277 1855 duas
2307 1802 2462 1865 ollas,
2499 1811 2521 1837 °
2554 1800 2859 1855 Siccensem
2886 1810 2939 1854 et
2972 1801 3256 1854 Laren~em
3284 1800 3416 1852 duas
3438 1814 3558 1854 esse
3591 1800 3721 1853 civi-

469 1896 705 1951 tudinem
752 1896 1057 1959 miraretur,
1090 1893 1269 1947 subito
1314 1908 1438 1946 ecce
1488 1891 1643 1946 turbo
1666 1894 1882 1946 veniens
1910 1901 2043 1945 tem-

470 1986 727 2055 pestatis,
788 1984 1042 2053 sonivago
1107 1982 1231 2036 ﬂatu
1307 1985 1467 2051 cmpit
1536 1984 1820 2035 adventum
1888 1996 2040 2035 suum

469 2086 721 2147 surgente
764 2076 985 2145 pulvere
1030 2074 1421 2127 demonstrare.
1470 2073 1633 2140 Cujus
1662 2076 1860 2143 impetu
1894 2075 2039 2141 palea

471 2170 560 2224 illa
590 2168 764 2223 omnis
789 2169 1008 2222 Omnino
1038 2168 1251 2229 volavit,
1276 2167 1675 2221 remanentibus
1694 2168 1894 2235 granis.
1918 2165 2045 2220 Post

472 2262 583 2313 bzec
610 2258 753 2312 venit
777 2257 988 2326 quidam
1022 2272 1297 2326 procerus,
1326 2256 1606 2325 splendido
1638 2260 1805 2322 vultu,
1835 2257 2043 2310 babitn-

468 2372 570 2425 que
597 2356 765 2421 nitido
798 2355 1023 2423 fulgens,
1068 2353 1154 2423 qui
1183 2354 1341 2422 coepit
1373 2368 1534 2421 grana
1566 2367 1731 2406 vacua
1764 2355 2040 2405 IIlaCIIt‘IIM

469 2458 626 2517 atque
653 2449 936 2517 similagini
959 2447 1181 2515 reproba
1210 2446 1483 2516 purgando
1506 2447 1785 2514 projicere.
1809 2448 1935 2512 Quze
1953 2447 2042 2498 diu

474 2540 576 2609 16
601 2540 934 2597 examinans.
962 2538 1047 2590 vix
1071 2537 1487 2604 magnitudinem
1512 2538 1653 2590 illius
1681 2552 1893 2602 massae,
1922 2537 2045 2590 licet

468 2631 724 2697 probate,
759 2629 823 2683 ad
855 2644 1102 2683 acervum
1136 2640 1310 2682 tamen
1340 2628 1582 2697 perduxit
1611 2628 1883 2695 exiguum.
1914 2629 2042 2681 Item

465 2720 603 2775 alius
630 2723 703 2773 ait
732 2739 743 2771 :
776 2719 959 2772 Stabat
1003 2719 1217 2787 quidam
1270 2718 1555 2786 prtecelsus
1591 2733 1750 2786 super
1782 2728 2041 2781 montem,

465 2813 554 2881 qui
580 2820 605 2848 ⁸
634 2810 1153 2881 Ziquensisdicitur,
1178 2820 1231 2863 et
1257 2810 1519 2863 clamabat
1542 2810 1759 2864 dextera
1784 2811 2005 2877 levaque
2030 2830 2041 2863 :

467 2877 723 2972 ἀίει-διε(
751 2877 994 2969 migrare.
1030 2901 1181 2954 Alius
1211 2901 1489 2969 cuttSpexit
1520 2900 1761 2969 rugiente
1791 2902 1926 2955 cmlo
1966 2911 2046 2955 at-

466 3008 568 3062 que
596 2994 806 3046 turbato
837 2991 1153 3059 sulphureas
1186 2990 1209 3027 ι’
1244 2993 1434 3057 nubes,
1460 2991 1703 3059 ingentes
1733 2992 1936 3061 lapides
1960 2991 2044 3059 ja-

466 3086 628 3139 culari
662 3102 674 3136 :
710 3084 799 3152 qui
831 3082 1033 3150 lapides
1076 3082 1200 3135 dum
1232 3081 1553 3136 cecidissent
1593 3083 1645 3135 in
1676 3091 1892 3142 terram,
1928 3084 2043 3150 plus

2148 1903 2300 1956 tates,
2329 1893 2379 1946 in
2407 1893 2600 1961 quibus
2632 1892 2917 1945 multitudo
2949 1892 3120 1961 prima
3160 1890 3330 1945 fuerat
3375 1901 3721 1960 congregata,

2146 1994 2199 2039 et
2224 2003 2250 2038 a
2280 1986 2473 2055 quibus
2504 1984 2805 2039 incendium
2841 1983 3048 2037 initium
3079 1984 3342 2050 sumpsit;
3373 1992 3465 2035 ant
3496 1982 3723 2037 Huneri-

2146 2094 2264 2133 cum
2299 2093 2497 2147 regem,
2526 2086 2579 2131 et
2606 2076 2838 2145 Cyrilam
2881 2075 3186 2144 episcopum
3209 2073 3343 2143 ejus.
3371 2074 3473 2129 Sed
3501 2074 3568 2127 de
3594 2074 3724 2128 mul-

2147 2169 2213 2222 tis
2244 2168 2551 2232 visionibus,
2580 2166 2699 2236 quia
2746 2164 2993 2221 brevitati
3044 2163 3427 2218 consulendum
3455 2164 3575 2230 fuit,
3608 2162 3726 2217 haec

2145 2258 2341 2312 dixisse
2374 2258 2622 2310 sufficiat.

2216 2352 2327 2404 VII.
2375 2350 2663 2402 Persecutio
2687 2350 2873 2417 gravis.
2900 2377 2969 2387 ι-
2997 2347 3133 2413 Quid
3170 2347 3303 2399 ultra
3328 2348 3351 2399 ?
3378 2346 3573 2399 Censet
3616 2346 3727 2413 pri-

2148 2458 2236 2496 mo
2264 2451 2518 2511 tyrannus
2542 2441 2785 2510 jussioue
2807 2440 3051 2501 terribili,
3086 2447 3140 2491 ut
3167 2454 3323 2492 nemo
3355 2440 3404 2490 in
3433 2440 3548 2506 ejus
3579 2439 3728 2506 pala-

2147 2538 2218 2590 tio
2265 2536 2540 2600 militaret,
2596 2550 2765 2601 neque
2817 2534 3051 2603 publicas
3099 2543 3276 2602 ageret
3327 2532 3589 2595 actiones,
3623 2531 3729 2585 nisi

2147 2642 2264 2682 sese
2296 2627 2549 2680 Arianum
2583 2625 2816 2679 fecisset.
2848 2626 3085 2689 Quorum
3136 2624 3322 2691 iugem
3354 2637 3608 2675 numerus
3638 2624 3727 2672 vi-

2146 2732 2273 2785 gore
2304 2717 2522 2781 invicto,
2571 2732 2637 2769 ne
2688 2715 2843 2768 fidem
2878 2714 3147 2779 perderet,
3177 2714 3419 2767 militiam
3457 2723 3729 2781 tempora-

2148 2809 2248 2863 lem
2280 2809 2491 2875 abjecit.
2533 2807 2677 2873 Quos
2705 2815 2883 2874 postea
2915 2805 3160 2859 domibus
3205 2805 3494 2873 projecms,
3542 2805 3726 2859 omni-

2149 2918 2252 2971 que
2292 2903 2584 2956 substantia
2636 2901 2982 2965 exspofiatos,
3036 2899 3089 2953 in
3144 2900 3343 2954 insulas
3387 2899 3624 2953 Siciliam
3672 2907 3730 2953 et

2148 2994 2445 3048 Sardiniam
2479 2995 2748 3060 relegavit.
2783 2992 2799 3029 τ
2826 2994 2960 3060 Quin
2989 2994 3146 3047 etiam
3178 3003 3411 3047 statuere
3442 3009 3536 3062 per
3558 3002 3729 3047 totam

2150 3086 2380 3140 Africam
2429 3087 2715 3151 festinavit,
2767 3095 2821 3138 ut
2868 3095 3170 3140 nostrorum
3217 3086 3586 3153 episc0pornm
3632 3084 3732 3140 de-

466 3176 911 3236 accendebantur,
941 3184 995 3228 et
1016 3173 1307 3242 majoribus
1330 3174 1560 3228 flammis
1583 3174 1861 3240 ardebant,
1886 3185 2045 3243 atque
2073 3152 2118 3215 (ἶ
2151 3177 2447 3231 functormn
2479 3177 2637 3231 fiscos
2659 3178 2757 3231 sibi
2791 3178 3140 3231 substantiam
3168 3152 3481 3231 vindicaret.
3504 3177 3602 3241 Qui
3628 3192 3730 3230 au-

466 3273 727 3325 intrantes
758 3270 808 3322 in
863 3269 1149 3338 penetralia
1200 3270 1501 3330 domorum,
1549 3283 1682 3337 quos
1731 3268 2044 3322 invenerat

466 3362 837 3417 incendebant.
891 3360 988 3425 Qui
1041 3368 1216 3412 autem
1260 3358 1410 3427 vid.t,
1444 3360 1535 3425 ait,
1569 3360 1690 3428 quia
1736 3374 1856 3413 cum
1904 3373 1960 3412 se
1988 3359 2041 3413 in

467 3455 692 3526 quodam
723 3454 967 3507 cubiculo
992 3451 1381 3514 abscondisset,
1407 3452 1749 3506 miseratione
1775 3450 1951 3503 divina
1978 3451 2043 3505 ad

466 3564 589 3601 eum
622 3547 832 3599 flamma
859 3560 964 3599 non
996 3544 1165 3613 putuit
1196 3545 1474 3611 pervenire
1505 3562 1515 3594 :
1551 3558 1668 3597 reor
1688 3554 1748 3597 ut
1774 3543 1901 3597 illud
1925 3559 2046 3612 pro-

466 3638 733 3706 pheticum
758 3638 1117 3705 compleretur
1143 3652 1155 3686 :
1182 3634 1375 3687 Claude
1406 3635 1593 3688 ostium
1623 3644 1786 3697 tuum,
1811 3644 1859 3687 et
1882 3646 1902 3673 ο
1933 3636 2048 3689 αἰη-

464 3731 679 3785 condere
723 3730 1127 3799 aliquantulum,
1175 3730 1332 3780 donec
1376 3737 1596 3781 transeat
1628 3728 1705 3780 ira
1752 3727 1846 3782 Dei
1888 3727 2042 3797 (Iani.

464 3908 614 3962 Colb.
664 3908 796 3961 alter
834 3923 929 3976 pro
969 3908 1253 3959 albatorum
1292 3906 1449 3960 habet
1483 3906 1789 3962 oblatarum.
1829 3908 2035 3971 Ch?fﬂ.,

467 3980 635 4034 Bald..
665 3978 807 4041 Sur.,
838 3989 890 4031 et
930 3978 1166 4029 Itltenan.
1194 4016 1208 4037 ,
1235 3992 1353 4028 cum
1385 3976 1535 4031 Colb.
1568 3979 1742 4039 tertio,
1778 3979 2037 4031 beatorum

467 4049 746 4103 Loricbius
784 4048 1037 4100 abbatum.
1072 4047 1144 4099 De
1179 4046 1357 4099 Fausti
1388 4048 1612 4101 ecclesia
1644 4062 1801 4115 supra
1833 4049 2038 4116 egimus

465 4129 588 4172 nota
613 4118 682 4173 25
704 4118 837 4188 (Col.
869 4119 988 4181 I91,
1012 4134 1064 4170 η.
1095 4116 1166 4185 b).

535 4199 561 4226 λ
600 4186 919 4243 Memoratur
966 4188 1151 4241 civitas
1214 4186 1554 4253 Ziquensium
1607 4188 1656 4239 in
1708 4186 1928 4253 Africa,
1986 4188 2036 4241 in

464 4259 687 4326 epistola
714 4258 1047 4312 Constantini
1072 4257 1242 4326 Magni
1273 4256 1335 4307 ad
1368 4255 1708 4326 Probianum,
1740 4257 1872 4309 sicut
1903 4268 1955 4312 et
1984 4259 2034 4311 in

465 4324 781 4398 Purgationc
802 4327 1092 4381 Caeciliani.
1116 4325 1380 4398 Caeterum
1424 4324 1698 4380 Lorichius
1728 4328 1885 4381 habet
1907 4368 1921 4391 ,
1955 4346 2038 4381 su-

466 4412 559 4468 pra
580 4396 801 4468 montem
829 4398 1065 4468 Domini,
1095 4398 1182 4464 qni
1205 4396 1492 4468 Ziquensis,
1508 4404 1612 4468 etc.

534 4465 563 4504 δ
599 4467 754 4521 Colb.
782 4468 837 4533 2,
866 4467 1008 4527 Ful..
1037 4469 1240 4529 θεῖαι,
1274 4467 1448 4524 Mart..
1482 4467 1746 4531 lthenan.,
1776 4468 1955 4531 Orth.,
1982 4477 2037 4522 et

469 4535 611 4603 Sur.,
631 4535 827 4606 habent
848 4538 998 4590 nubes
1022 4553 1135 4606 qua:
1161 4538 1383 4605 ingentes
1411 4546 1664 4606 carperunl
1688 4536 1902 4606 lapides.
1927 4547 2035 4592 etc.

469 4555 611 4603 aura,
632 4555 827 4590 nauent
848 4555 998 4590 nubes
1022 4555 1135 4606 qua:
1161 4555 1383 4605 ingentes
1411 4555 1664 4606 creperum
1688 4555 1738 4588 ta

466 4607 642 4669 Colb.,
663 4606 718 4671 l,
736 4604 1050 4673 Sulphureas
1073 4609 1390 4675 ingentesque
1402 4608 1574 4671 nubes,
1600 4615 1705 4661 etc.
1737 4555 1775 4660 ζ

468 4679 691 4729 turbatas
718 4676 1018 4743 sulphureas
1045 4682 1349 4742 nubes,qute
1376 4676 1606 4741 ingentes
1630 4689 1904 4743 cmperunt,
1934 4691 2039 4733 etc.

542 4694 691 4729 'oatas
718 4694 795 4729 sat
836 4694 1018 4729 aureas
1045 4694 1349 4742 nuoes,qute
1376 4694 1606 4741 ingentes
1630 4694 1904 4743 eruperunt,
1934 4694 1962 4732 e

542 4758 564 4787 ο
604 4745 753 4801 Colb.
781 4694 901 4801 {et
931 4747 1194 4809 Rhenum,
1226 4749 1474 4815 absconde
1499 4757 1545 4800 te
1569 4747 1830 4815 pusillum,
1856 4759 1962 4803 etc.

540 4818 567 4856 ά
609 4818 760 4873 Hunc
797 4815 946 4871 Colb.
980 4820 1000 4870 ί
1029 4824 1083 4868 et
1103 4817 1229 4869 editi
1259 4818 1293 4867 2
1325 4814 1709 4878 Quintinianum
1741 4820 2037 4885 appellant;

470 4904 627 4959 quem
651 4887 952 4959 Siccensem
980 4885 1284 4959 episcopum
1307 4885 1467 4939 fuisse
1490 4897 1673 4959 t-enset
1692 4889 1957 4959 parnnius
1988 4890 2039 4941 in

476 4956 616 5014 notis
643 4957 708 5011 ad
745 4956 1177 5025 Martyrol0gium
1214 4956 1506 5009 Romanum
1538 4957 1624 5010 die
1652 4957 1723 5009 25
1769 4959 1911 5022 Maii,
1955 4961 2039 5012 ubi

471 5045 594 5083 cum
620 5029 816 5082 sanctis
846 5026 999 5079 Lucio
1021 5036 1073 5079 et
1111 5026 1321 5079 Juliano
1353 5030 1400 5078 in
1435 5030 1802 5089 persecutione
1837 5029 2041 5081 Vanda-

473 5102 568 5153 lica
594 5112 780 5165 passus
805 5097 1014 5150 dicitur.
1048 5096 1151 5150 Sed
1179 5097 1245 5150 de
1271 5096 1350 5149 bis
1375 5097 1590 5150 inferius
1612 5099 1755 5167 plura
1778 5098 2037 5161 dicemus,

472 5169 558 5224 ubi
602 5168 669 5221 de
720 5168 1085 5234 persecutione
1120 5167 1491 5231 Guntabundi,
1542 5168 1596 5221 in
1638 5170 2040 5223 Commentario

473 5238 728 5293 historico
748 5238 919 5303 capite
950 5237 1036 5290 I0.
1380 5280 1385 5281 κ

544 5318 568 5345 ε
609 5308 698 5361 Sic
723 5306 874 5361 Colb.
907 5309 962 5369 2,
992 5306 1170 5359 Germ.
1196 5349 1209 5369 ,
1244 5307 1385 5359 I‘ort.
1410 5349 1423 5369 ,
1452 5306 1603 5359 Mart.
1625 5350 1637 5372 ,
1668 5322 1787 5360 cum
1817 5307 2041 5362 Ozthod.

478 5390 529 5433 et
558 5378 823 5432 Loricltio.
858 5378 959 5430 Sed
993 5378 1139 5430 Colb.
1178 5381 1199 5430 t
1232 5387 1285 5430 et
1331 5377 1468 5443 Ful.,
1501 5388 1616 5443 post
1648 5376 1921 5431 Larensem
1952 5379 2043 5432 ad-

478 5452 605 5501 dunt
653 5446 887 5502 Laribus.
940 5448 1005 5500 At
1052 5446 1200 5500 Colb.
1251 5447 1600 5517 Lillltcnan"
1630 5446 1829 5517 Cbil'll.,
1868 5448 2041 5517 Bign.,

480 5518 625 5570 Bald.
656 5529 709 5572 et
736 5520 881 5584 Sur.,
921 5518 1071 5585 ollas,
1104 5520 1237 5571 sicca
1276 5516 1506 5580 Veneria,
1538 5527 1586 5569 et
1618 5515 1849 5582 Laribus,
1888 5515 2039 5580 duas,

479 5596 583 5640 etc.
607 5586 741 5640 Sunt
762 5598 936 5641 autem
962 5587 1113 5643 Sicca
1135 5587 1358 5642 Veneria
1388 5596 1439 5641 et
1466 5586 1629 5641 Lares
1653 5588 1894 5641 civitates
1924 5589 2041 5641 dure

479 5657 607 5710 olim
637 5657 963 5726 episcopales
1006 5659 1056 5711 in
1086 5657 1257 5712 Africa
1290 5657 1672 5726 proconsulari.
1707 5657 1905 5711 Prioris
1933 5659 2043 5727 epi-

478 5739 675 5785 scopus
692 5727 1000 5795 subscripsit
1028 5729 1261 5794 epistola:
1279 5728 1545 5796 synodica:
1568 5728 1779 5781 Patrum
1803 5728 2040 5794 ejusdem

1779 4609 2035 4671 oricltins,
2068 4595 2116 4652 Ῑ)

2148 3279 2251 3322 tem
2284 3269 2532 3323 defuncto
2563 3286 2720 3325 succe
2742 3273 2851 3324 lere
2888 3278 3115 3337 poterat,
3150 3285 3252 3324 non
3288 3280 3411 3324 ante
3449 3269 3730 3322 ordinare-

2151 3371 2255 3426 tur,
2302 3363 2400 3415 nisi
2432 3364 2559 3416 fisco
2599 3363 2760 3431 regali
2812 3364 3130 3433 quingentos
3176 3363 3374 3417 solidos
3417 3363 3727 3418 obtulisset.

2153 3456 2257 3508 Sed
2288 3455 2387 3508 hoc
2414 3456 2719 3518 tediftcium,
2748 3457 2831 3509 ubi
2864 3465 3176 3511 construere
3198 3454 3366 3527 [Lor.,
3393 3452 3558 3525 visus]
3580 3456 3731 3509 nisus

2151 3558 2232 3601 est
2253 3546 2517 3613 diabolus,
2543 3549 2721 3601 statim
2752 3547 2879 3601 illud
2904 3546 3179 3602 destruere
3206 3548 3451 3616 dignatus
3473 3562 3548 3601 est
3573 3546 3730 3601 Chri-

2152 3648 2285 3692 stus.
2326 3640 2628 3707 Suggerunt
2673 3640 2720 3691 ei
2751 3638 3030 3693 domestici
3063 3639 3167 3705 sui,
3193 3638 3468 3694 dicentes:
3498 3637 3553 3691 Si
3585 3637 3725 3691 istud

2155 3731 2445 3785 lirmaverit
2475 3730 2763 3800 prmceptio
2785 3739 2982 3794 vestra,
3012 3729 3179 3783 nostri
3206 3727 3463 3799 episcopi,
3488 3728 3576 3797 qui
3601 3737 3729 3781 sunt

2147 3910 2430 3975 provincia:
2457 3910 2520 3963 ad
2561 3909 2779 3964 Paulum
2825 3907 3468 3976 Constantinopolitanum
3513 3903 3729 3974 episco-

2146 3996 2423 4047 pum,qu:u
2450 3981 2583 4035 lecta
2611 3990 2692 4033 est
2711 3984 2758 4031 in
2782 3978 3008 4033 concilio
3038 3978 3381 4032 Lateranensi
3410 3980 3510 4032 sub
3532 3988 3726 4031 sancto

2146 4051 2389 4106 Martino.
2420 4060 2524 4103 act.
2568 4050 2631 4113 2,
2670 4051 2756 4102 ubi
2800 4050 3069 4103 Candidus
3111 4048 3397 4104 Siccensis.
3440 4047 3504 4101 Et
3550 4047 3726 4101 adfuit

2144 4134 2296 4174 conc.
2350 4118 2601 4190 Cartbag.
2655 4135 2795 4172 anno
2844 4119 2948 4174 525
2983 4118 3191 4190 Vitulus
3232 4120 3512 4190 episcopus
3544 4118 3723 4185 plebis

2146 4190 2414 4244 Larensis.
2450 4193 2524 4243 Ex
2556 4189 2777 4255 utraque
2809 4191 2930 4242 item
2954 4191 3082 4242 urbe
3110 4189 3363 4255 episcopi.
3396 4198 3505 4242 tum
3530 4190 3725 4242 catho-

2150 4261 2197 4312 lic
2221 4260 2266 4325 i,
2300 4269 2407 4313 tum
2443 4261 2729 4313 Donatista:
2757 4300 2771 4323 ,
2802 4259 3066 4314 Collationi
3114 4258 3366 4323 Cartbag.
3407 4258 3723 4312 interfuere.

2147 4330 2199 4382 In
2229 4346 2289 4383 ea
2326 4331 2521 4399 quippe
2557 4328 2963 4383 Fortunatianns
2992 4330 3254 4397 episc0pus
3280 4327 3523 4382 Ecclesia
3544 4328 3729 4399 catho-

2145 4401 2255 4453 licae
2272 4398 2523 4454 Siccensis
2545 4416 2687 4468 saepe
2716 4402 3062 4453 interlocutus
3088 4410 3191 4460 est,
3211 4408 3266 4451 et
3284 4401 3441 4463 cap't.
3466 4398 3567 4451 159
3594 4399 3727 4451 sub-

2142 4472 2377 4541 scripsit.
2412 4472 2608 4524 l’aulus
2634 4486 2763 4525 vero
2794 4471 2908 4537 ejus
2947 4470 3290 4541 adversari":
3305 4484 3423 4541 cap.
3475 4468 3575 4522 198
3598 4509 3613 4533 ,
3641 4469 3729 4522 in-

2144 4552 2223 4593 ter
2255 4537 2403 4597 'alios
2448 4542 2748 4595 Donatistas
2780 4542 3073 4593 recensitus
3105 4548 3208 4593 est.
3250 4537 3507 4592 Victorius
3536 4548 3721 4593 autem

2147 4612 2379 4666 Larenst
2434 4614 2702 4682 episcopus
2756 4627 2874 4665 cum
2923 4609 3195 4682 [lanarum
3231 4608 3357 4682 ejus
3411 4609 3727 4682 adversario

2147 4698 2264 4747 cap.
2316 4682 2409 4735 I3l
2448 4679 2743 4747 comparuit
2768 4723 2781 4742 ,
2826 4692 2879 4734 et
2913 4679 3200 4733 Honoratus
3230 4679 3418 4733 iterum
3449 4694 3569 4743 cap.
3595 4680 3725 4734 197.

2148 4752 2325 4805 Adfuit
2365 4762 2418 4804 et
2468 4752 2761 4805 Restitutus
2801 4751 3081 4815 episc0pus
3116 4749 3407 4803 Laritensis
3447 4748 3725 4802 Donatista

2145 4837 2263 4890 cap.
2296 4822 2423 4874 208.
2450 4822 2525 4875 De
2553 4820 2734 4874 harum
2758 4821 2965 4874 urbium
2989 4820 3091 4873 situ
3118 4819 3324 4890 erudite
3342 4819 3559 4890 disserit
3589 4819 3730 4873 Ilen-

2149 4888 2291 4944 rictts
2319 4891 2554 4945 Norisius
2589 4893 2638 4944 in
2670 4890 3140 4946 Observationibus
3170 4888 3426 4943 adversus
3459 4888 3726 4943 Joannem

2147 4961 2459 5015 Garnerinm
2494 5002 2506 5024 ,
2548 4976 2679 5027 quas
2721 4962 2958 5014 consule.
3006 4960 3240 5027 Denique
3267 4959 3320 5013 in
3342 4959 3572 5014 concilio
3596 4956 3729 5012 Car—

2153 5034 2293 5097 tbag.
2335 5034 2433 5083 sub
2463 5042 2645 5084 sancto
2679 5031 2947 5098 Cypriano
2976 5031 3291 5085 sententiam
3325 5044 3419 5098 pro
3460 5030 3729 5083 lueretic’s

2153 5101 2538 5168 rebaptizandis
2564 5102 2680 5154 tulit
2710 5100 2890 5154 Castus
2922 5118 2952 5151 a
2989 5100 3136 5154 Sicca
3166 5117 3311 5152 num.
3339 5100 3427 5153 28.
3463 5100 3596 5153 Eam
3636 5114 3729 5151 ur-

2155 5171 2270 5223 bem
2320 5181 2497 5224 notam
2530 5171 2759 5225 reddidit
2787 5172 2987 5224 famosa
3010 5170 3280 5225 Urbanum
3313 5170 3451 5224 inter
3476 5180 3530 5223 et
3560 5170 3728 5237 Apia-

2155 5242 2289 5293 rinm
2320 5242 2707 5294 controversia.
2759 5241 3034 5295 llilarense
3073 5240 3323 5308 Oppidum
3346 5282 3360 5305 ,
3393 5248 3447 5293 et
3472 5238 3729 5293 Siccense

2158 5321 2414 5365 memorat
2445 5312 2771 5378 Augustinus
2811 5311 3035 5379 epismla
3082 5311 3207 5366 229.
3258 5314 3337 5365 An
3370 5325 3497 5363 vero
3531 5310 3728 5362 Paulus

2156 5390 2209 5433 et
2246 5382 2593 5447 Quintianus,
2636 5381 2721 5435 hic
2761 5397 2790 5435 a
2822 5380 3035 5443 Victore
3067 5381 3379 5444 memorati,
3414 5380 3600 5434 barum
3631 5394 3730 5432 ur-

2158 5450 2296 5504 bium
2351 5453 2581 5519 episc-ipi
2632 5452 2844 5511 iuerint,
2876 5454 3134 5504 incertum
3166 5463 3243 5503 est
3268 5491 3281 5514 ,
3311 5466 3432 5505 cum
3463 5451 3511 5503 id
3541 5448 3731 5503 Victor

2152 5522 2404 5586 reticeat,
2452 5536 2549 5576 nec
2587 5524 2665 5576 lia:
2703 5521 2820 5575 dum
2858 5521 3014 5576 sedes
3066 5522 3119 5575 in
3171 5520 3361 5575 Africae
3401 5519 3600 5573 Notitia
3634 5521 3735 5572 ba-

2153 5594 2392 5645 licanlttr.

2226 5659 2242 5696 ί
2285 5662 2371 5715 Sic
2394 5660 2543 5715 Orth.
2584 5669 2636 5713 ct
2666 5660 2960 5715 Lorichius.
2990 5660 3057 5714 At
3079 5660 3254 5716 Mart..
3286 5660 3466 5713 Germ.
3495 5667 3550 5712 et
3576 5656 3733 5725 Ful..

2153 5730 2297 5794 Quod
2321 5734 2488 5786 etiam.
2516 5732 2726 5792 Cancri,
2749 5733 2967 5792 quodam
2996 5743 3217 5795 temporc
3243 5740 3485 5793 statuere,
3513 5740 3613 5783 etc.
