3944 6176
274 313 371 369 209

1220 306 1305 360 DE
1345 303 1856 362 PERSECUTIONE
1897 304 2280 361 VANDALICA
2324 306 2451 361 LIB.
2493 307 2552 361 ll.

3396 310 3509 374 ΞΝ)

276 429 321 476 in
368 420 602 489 partibus
647 419 889 473 Thracia:
929 426 983 471 et
1021 418 1140 470 aliis
1195 416 1498 484 regionibus
1542 418 1833 481 constituti,
1866 419 1910 476 Α
1940 419 2077 471 versi
2126 421 2174 469 in
2207 419 2507 471 Siccensem
2552 429 2603 472 et
2647 418 2930 475 Larensetn
2982 423 3251 493 civitates,
3294 438 3348 481 ut
3380 428 3505 487 illttc

274 512 441 580 pejora
472 509 731 577 incipient
777 508 901 576 pati.
937 507 1194 575 Praecepit
1236 507 1427 561 deinde
1456 522 1635 561 sacras
1666 507 1829 576 virgi-

272 618 359 657 nes
403 600 735 669 congregari,
783 599 1016 665 dirigens
1065 597 1333 651 Vandalos
1361 613 1479 651 cum
1508 612 1617 651 sua:
1662 598 1833 665 gentis

269 691 634 746 obstetricibus
662 690 727 742 ad
755 698 780 725 ει
812 688 1142 757 inspicienda
1180 698 1233 743 et
1280 690 1658 743 contrectanda
1704 704 1832 742 con-

270 797 341 837 tra
388 782 508 851 jura
559 780 893 835 verecundia:
946 780 1243 833 verecunda
1295 780 1551 848 pudoris,
1600 780 1686 833 ulti
1734 796 1830 834 nec

268 883 456 926 matres
502 873 745 935 aderant,
778 885 874 924 nec
916 870 1091 938 aliqua
1132 871 1516 924 catholicarum
1565 880 1833 922 matrona-

268 978 393 1017 rum.
428 963 573 1027 Quas
600 960 693 1030 [aL
727 958 1047 1029 cruciantes]
1078 969 1388 1026 torquentes
1415 960 1560 1027 gravi
1599 974 1825 1027 suspen-

265 1057 367 1117 dio,
396 1064 559 1122 atque
585 1053 814 1122 ingentia
858 1052 1091 1121 pondera
1125 1052 1350 1119 pedibus
1378 1050 1715 1119 colligantes,
1750 1052 1828 1104 la-

266 1144 536 1213 minasque
586 1144 710 1197 ferri
765 1143 956 1212 ignitas
1005 1144 1187 1209 dorso,
1245 1143 1437 1205 ventri,
1480 1142 1727 1194 mamillis
1776 1152 1829 1195 et

267 1236 510 1289 lateribus
540 1234 901 1304 apponebant.
922 1233 1127 1299 Quibus
1171 1235 1310 1286 inter
1336 1232 1590 1300 supplicia
1622 1231 1831 1285 diceba-

266 1340 375 1382 tur:
406 1328 580 1381 Dicite
610 1327 861 1395 quoniam
891 1327 1124 1394 episc0pi
1152 1326 1422 1378 vobiscum
1445 1325 1827 1391 concumbunt,

264 1428 315 1473 et
347 1419 530 1472 clerici
560 1417 753 1481 vestri;
785 1431 1007 1486 quarunt
1032 1417 1319 1469 acerbitate
1359 1428 1636 1482 poenarum
1667 1414 1828 1482 pluri-

264 1522 368 1562 mas
396 1516 526 1561 tunc
553 1507 756 1560 scimus
780 1508 1093 1560 exstinctus.
1131 1506 1256 1558 Alite
1282 1519 1399 1573 qua:
1432 1513 1825 1569 remanserunt,

260 1601 464 1653 cutibus
506 1596 877 1651 arescentibus
927 1596 1076 1651 factas
1121 1606 1247 1649 sunt
1286 1610 1481 1649 curvas.
1514 1594 1829 1650 Nitebamur

260 1693 392 1748 enim
422 1692 675 1745 semitam
703 1689 944 1744 invenire
970 1704 1063 1757 per
1086 1690 1237 1755 cujus
1282 1687 1510 1757 aditum,
1543 1687 1823 1755 publicam,

1932 519 2276 561 occurrentes
2307 508 2469 562 Mauri
2495 549 2508 569 ,
2540 508 2638 561 sibi
2690 510 2903 564 tradttos
2933 512 2997 564 ad
3042 529 3280 569 eremttm
3314 520 3505 585 perdtt-

1932 607 2134 651 cerent.
2164 598 2613 665 Sttpervenietttes
2647 599 2799 666 igitur
2828 602 3050 656 comites
3076 604 3182 659 duo
3212 608 3503 663 subtilitate

1931 689 2218 743 damnabili
2242 732 2256 756 ,
2307 690 2516 743 blandis
2543 692 2877 744 sermonibus
2919 709 3038 747 cum
3067 695 3156 749 Dei
3185 697 3503 754 confessori-

1934 779 2027 832 bus
2056 794 2213 847 agere
2233 790 2511 847 coeperunt
2550 795 2564 833 :
2604 779 2739 844 Quid
2764 780 2930 847 vobis,
2976 783 3243 851 inquiunt,
3274 787 3498 854 videtur,

1932 882 1986 921 ut
2020 871 2086 921 ita
2136 871 2431 937 pertinaces
2472 870 2589 922 sitis
2618 910 2631 932 ,
2680 879 2735 923 et
2764 870 2961 925 domini
3010 875 3174 928 nostri
3224 882 3503 947 prazceptis

1932 959 2150 1013 minime
2178 960 2578 1029 obtemperetis,
2610 963 2696 1028 qui
2724 977 2841 1016 esse
2871 964 3108 1030 poteritis
3135 966 3189 1019 in
3218 980 3501 1037 conspectu

1932 1052 2072 1120 regis
2118 1051 2461 1107 honorabiles
2482 1094 2495 1115 ,
2547 1054 2589 1106 si
2622 1054 2739 1121 ejus
2766 1053 3028 1110 festinetis
3054 1056 3230 1113 facere
3258 1060 3500 1115 volunta-

1933 1147 2077 1198 tem?
2117 1147 2309 1199 Statim
2356 1146 2459 1200 illis
2491 1147 2692 1216 ingenti
2715 1148 3098 1204 vociferatione
3128 1151 3498 1217 clamantibus,

1931 1246 1985 1291 et
2012 1238 2312 1293 dicentibus
2346 1257 2358 1291 :
2394 1239 2681 1295 Christiani
2727 1255 2930 1307 sumus,
2978 1244 3229 1299 catholici
3271 1261 3454 1301 sumus
3486 1264 3498 1300 :

1931 1327 2245 1383 Trinitatem
2293 1345 2453 1383 unum
2518 1331 2681 1384 Deum
2747 1332 3121 1388 inviolabiliter
3162 1336 3497 1404 confitemur,

1930 1418 2272 1472 includuntur
2318 1421 2544 1488 graviori
2576 1421 2820 1488 quidem,
2871 1423 2962 1475 sed
3009 1423 3182 1478 adhuc
3211 1424 3383 1479 latiori
3411 1441 3499 1480 cu-

1929 1512 2135 1573 stodia;
2178 1512 2267 1565 ubi
2295 1512 2445 1565 nobis
2476 1513 2627 1577 copia
2658 1513 2886 1567 dabatur
2914 1515 3163 1581 introire;
3204 1526 3257 1571 et
3282 1519 3499 1573 verbum

1929 1601 2307 1655 admonitionis
2358 1602 2607 1657 fratribus
2657 1603 2871 1668 facere,
2924 1616 2976 1657 ct
3024 1605 3202 1659 divina
3250 1611 3500 1678 mysteria

1930 1691 2227 1745 celebrare.
2259 1692 2334 1745 lbi
2363 1701 2415 1746 et
2448 1692 2691 1746 infantuli
2720 1693 2868 1748 fuere
2898 1696 3301 1764 quamplurimi,
3330 1698 3498 1769 [Lor.,

260 1786 387 1839 sicut
434 1784 583 1850 fecit,
638 1781 838 1836 laceret
886 1780 1328 1849 persecutionem.
1377 1781 1441 1834 Et
1481 1783 1548 1833 ita
1600 1781 1816 1842 faciens,
1851 1765 2051 1851 Bqui]
2099 1797 2232 1850 quos
2274 1783 2558 1851 genitrices
2607 1794 2846 1839 materno
2891 1788 3250 1855 sequebantur
3287 1765 3499 1856 alie-ctu,

261 1874 395 1928 nullo
445 1872 605 1927 modo
647 1871 968 1941 investigare
998 1871 1167 1940 potuit
1194 1870 1460 1939 quomodo
1499 1869 1692 1925 Christi
1728 1873 1821 1925 Et:-

260 1966 469 2021 clesiarn
503 1964 817 2018 macularet.

327 2059 422 2130 17
456 2056 588 2111 Vlll.
616 2056 820 2110 Fideles
839 2058 890 2109 in
916 2054 1150 2109 exsilium
1171 2056 1321 2121 pulsi.
1337 2085 1407 2094 —
1423 2055 1623 2122 Quibus
1645 2065 1819 2109 autem

259 2164 545 2219 prosequar
571 2148 879 2203 ﬂuminibus
896 2147 1270 2218 lacrymarum,
1289 2147 1501 2216 quando
1516 2148 1818 2216 episcopos.

260 2241 594 2309 presbyteros
618 2278 633 2302 ,
664 2238 917 2293 diaconos
946 2247 998 2291 et
1026 2238 1124 2290 alia
1161 2238 1411 2291 Ecclesia:
1457 2239 1694 2293 membra
1722 2278 1737 2299 .
1770 2239 1821 2292 id

257 2339 350 2393 est,
377 2338 613 2398 quatuor
664 2326 826 2380 millia
872 2336 1164 2395 nongentos
1199 2326 1225 2365 δ
1250 2327 1581 2397 septuaginta
1612 2344 1726 2392 sex,
1756 2328 1820 2382 ad

256 2421 493 2473 exsilium
522 2419 692 2471 eremi
718 2417 1031 2470 destinavit?
1067 2418 1116 2470 in
1144 2418 1334 2485 quibus
1371 2428 1525 2472 erant
1556 2419 1823 2488 podagrici

251 2526 400 2576 quam
434 2510 650 2578 plurimi
676 2549 688 2569 .
720 2509 805 2561 alii
855 2518 1069 2577 propter
1095 2518 1302 2563 :etatem
1335 2525 1589 2564 annos:ttn
1625 2511 1823 2564 lumine

258 2600 528 2667 temporali
582 2598 791 2666 privati.
842 2596 897 2651 ltt
947 2612 1170 2667 quorum
1216 2608 1331 2653 erat
1378 2614 1601 2652 numero
1636 2601 1823 2654 beatus

258 2691 393 2745 Felix
426 2704 447 2728 ε
473 2691 821 2744 Αιδιήιείιεηυε
851 2692 1156 2758 episcopus,
1181 2690 1383 2743 habens
1404 2691 1511 2758 jam
1538 2692 1587 2745 in
1612 2693 1821 2760 episco-

256 2794 367 2851 patu
397 2783 752 2853 quadraginta
778 2793 1005 2850 quatuor
1024 2796 1211 2848 annos,
1230 2782 1319 2851 qui
1350 2784 1606 2852 paralysis
1636 2785 1824 2839 morbo

255 2891 533 2944 percussus
556 2916 575 2942 ,
626 2890 725 2929 nec
753 2875 1014 2928 sentiebat
1038 2876 1344 2944 quidquam.
1375 2890 1473 2928 nec
1512 2878 1720 2942 penitus
1749 2878 1823 2931 lo-

254 2968 527 3036 quebatur.
563 2966 637 3020 De
678 2982 783 3033 quo
832 2982 930 3019 nos
959 2968 1187 3019 maxime
1216 2967 1510 3036 cogitantes
1536 2968 1675 3037 quod
1718 2984 1824 3023 non

253 3068 428 3124 posset
459 3058 709 3126 jumento
753 3056 994 3124 portari,
1045 3059 1403 3125 suggessimus
1447 3068 1560 3112 uta
1590 3059 1699 3113 suis
1730 3074 1822 3114 rex

1924 1872 1949 1910 ἀ
2001 1875 2121 1929 alia:
2172 1876 2500 1943 gaudentes,
2549 1877 2664 1930 alia:
2715 1879 2924 1942 tristes,
2965 1879 3081 1933 aliae
3134 1882 3498 1947 retrahentes;

1925 1968 2043 2021 alite
2065 1968 2367 2036 gaudebant
2393 1984 2450 2023 se
2474 1977 2734 2039 martyres
2760 1971 3051 2039 peperisse,
3068 1972 3187 2026 alia:
3211 1974 3499 2041 moliendo,

1924 2060 2121 2113 diluvio
2164 2061 2597 2129 rebaptizationis
2628 2062 2928 2117 nitebantur
2955 2079 2983 2117 a
3015 2064 3354 2120 confessione
3380 2066 3498 2120 fidei

1926 2166 2199 2206 revocare.
2234 2152 2442 2205 Nullum
2472 2161 2647 2206 tamen
2682 2163 2805 2208 tunc
2850 2170 2947 2209 nec
2978 2154 3336 2211 blandimenta
3364 2158 3499 2212 vice-

1925 2255 2050 2297 runt
2076 2285 2090 2305 ,
2126 2259 2223 2297 nec
2269 2244 2499 2298 carnalis
2532 2245 2700 2310 pietas
2726 2246 2954 2314 aliquem
2987 2248 3261 2303 inclinavit
3288 2249 3354 2302 ad
3398 2260 3500 2303 ter-

1927 2350 2059 2388 ram.
2092 2335 2219 2389 Nam
2248 2336 2488 2403 qutedam
2531 2345 2654 2389 tunc
2698 2338 2821 2404 quid
2854 2339 3037 2392 fecerit
3076 2354 3239 2403 anus,
3272 2342 3499 2395 breviter

1926 2427 2125 2482 referre
2154 2428 2405 2481 delectat.
2436 2428 2568 2482 Dum
2602 2430 2703 2483 iter
2731 2444 3012 2499 ageremus
3053 2447 3172 2486 cum
3208 2434 3299 2487 Dei
3338 2449 3497 2488 exer-

1926 2516 2031 2570 citu
2062 2516 2381 2570 comitantes
2406 2557 2420 2580 ,
2452 2527 2503 2571 et
2531 2518 2668 2573 forte
2696 2520 2862 2587 magis
2890 2521 3132 2574 noctibus
3164 2537 3495 2588 promovere-

1927 2620 2044 2659 mus
2069 2616 2286 2675 propter
2310 2606 2439 2660 solis
2464 2607 2733 2671 ardorem,
2750 2610 3108 2677 conspicimus
3131 2612 3494 2667 mulierculam

1927 2698 2195 2751 sacculum
2220 2738 2235 2760 ,
2268 2706 2321 2750 ct
2360 2698 2459 2750 alia
2490 2698 2804 2751 vestimenta
2853 2709 3150 2766 portantem
3180 2743 3194 2766 ,
3224 2717 3381 2756 manu
3414 2704 3496 2756 itt-

1929 2787 2188 2840 fantulutn
2238 2802 2403 2840 unum
2461 2797 2768 2852 tenentem,
2812 2798 2968 2855 atque
3018 2789 3101 2843 his
3161 2793 3497 2848 sermonibus

1927 2878 2295 2933 consolantem
2326 2876 2551 2939 :Curre,
2585 2877 2801 2931 domine
2832 2892 2999 2932 meus.
3035 2879 3192 2935 Vides
3222 2881 3496 2937 universos

1928 2977 2141 3024 sanctos
2187 2968 2453 3037 quomodo
2499 2977 2765 3038 pergunt,
2812 2980 2865 3023 et
2914 2970 3167 3027 festinant
3197 2973 3396 3029 hilares
3425 2977 3490 3027 att

1928 3062 2218 3117 coronam?
2256 3061 2424 3127 Quam
2456 3076 2552 3114 nos
2577 3076 2697 3115 cum
2742 3063 3137 3130 increparemus
3163 3106 3177 3128 ,
3223 3069 3368 3135 quod
3404 3049 3505 3127 iiu-

254 3160 539 3216 peteretur,
569 3158 626 3202 ut
673 3147 859 3201 saltem
909 3164 1029 3202 eum
1080 3163 1305 3217 propere
1335 3150 1647 3203 moriturum
1689 3149 1819 3204 Car-
1849 3128 1895 3191 ο
1928 3161 2149 3222 portuna
2175 3152 2467 3217 videretur,
2494 3162 2584 3205 aut
2611 3152 2740 3206 viris
2762 3168 2858 3221 pro
2887 3128 3015 3210 sexu
3044 3156 3210 3226 juttgi,
3241 3128 3329 3211 aut
3353 3174 3500 3214 exer-

252 3241 446 3309 thagini
494 3254 618 3295 csse
660 3240 896 3308 juberet,
944 3241 1065 3309 quia
1097 3241 1162 3294 ad
1193 3242 1435 3295 exsilium
1469 3242 1610 3295 nulla
1642 3254 1821 3311 posset

251 3334 451 3386 ratione
493 3332 732 3401 perduci.
778 3333 979 3398 Quibus
1013 3333 1082 3385 ita
1116 3332 1281 3385 fertur
1310 3334 1567 3402 tyrannus
1591 3348 1710 3387 cum
1744 3336 1821 3386 fu-

252 3437 363 3477 rore
385 3423 627 3477 dixisse:
653 3424 707 3475 si
736 3422 949 3476 animali
979 3426 1166 3476 sedere
1189 3438 1292 3475 non
1321 3432 1513 3490 potest,
1535 3424 1823 3492 junguntur

252 3513 404 3569 boves
439 3513 705 3579 indomiti,
729 3515 815 3581 qui
843 3529 962 3567 eum
995 3513 1297 3581 colligatum
1330 3513 1542 3567 funibus
1566 3517 1823 3570 trahendo

253 3608 539 3675 perducant
588 3623 693 3677 quo
742 3622 841 3677 ego
890 3607 1138 3677 prterepi.
1184 3608 1351 3671 Quem
1401 3623 1462 3661 ex
1514 3618 1822 3661 transverso

252 3714 403 3766 super
473 3700 766 3752 burdonetn
819 3698 1095 3761 vinctum,
1146 3700 1293 3766 quasi
1355 3698 1637 3766 quemdam
1693 3699 1820 3769 ligni

253 3803 516 3851 truncum,
550 3800 663 3844 toto
694 3790 885 3844 itinere
918 3790 1274 3852 portabantus.

315 3884 406 3939 ΙΧ.
453 3882 591 3936 Mira
640 3882 765 3951 ﬁdes
795 3880 1128 3934 mulierculaz.
1171 3910 1239 3920 —
1274 3880 1676 3951 Congregantur
1704 3882 1820 3936 uni-

314 4046 342 4073 ι
378 4035 536 4090 Colb.
572 4034 623 4096 ι,
653 4034 806 4088 Mart.
853 4041 907 4086 et
936 4030 1085 4085 Orth.
1117 4046 1235 4086 cum
1271 4033 1536 4098 Loricltio,
1569 4036 1637 4087 ad
1659 4036 1821 4103 inspi-

252 4107 485 4159 ciendum
508 4149 523 4171 ,
571 4114 620 4157 et
654 4104 1069 4156 contrectandum
1106 4115 1286 4155 contra
1303 4107 1394 4170 jus
1438 4106 1750 4158 verecundiae
1778 4117 1823 4157 et

252 4179 479 4243 pudoris,
509 4175 616 4242 ubi,
636 4183 738 4227 etc.
770 4172 962 4226 Harum
993 4173 1250 4243 virginum
1283 4175 1592 4227 memoriam
1638 4176 1823 4229 recolit

254 4242 680 4316 Martyrologium
706 4243 1001 4316 Romanum
1023 4243 1129 4314 75
1148 4242 1673 4316 die16_Decembris.

320 4319 346 4353 δ
368 4310 460 4371 Sic
487 4310 605 4370 Col.
630 4315 685 4378 2,
719 4313 894 4379 Marb,
916 4310 1122 4377 Germf,
1149 4312 1287 4377 Ful.,
1324 4313 1488 4376 Purt.,
1522 4313 1819 4378 Lorichius,

255 4397 306 4441 et
326 4386 579 4444 Orthod..
614 4400 733 4437 cum
767 4383 1153 4451 Martyrologiis
1177 4382 1400 4447 Adonis,
1428 4382 1679 4447 Usuardi,
1699 4384 1816 4437 Not-

1924 3244 2051 3298 citui
2077 3243 2271 3297 Christi
2314 3243 2527 3309 sociari,
2562 3246 2838 3315 respondit
2873 3264 2887 3300 :
2927 3248 3253 3313 Benedicite,
3285 3250 3499 3304 benedi-

1924 3334 2029 3390 cite
2053 3376 2067 3400 ,
2100 3346 2154 3388 et
2198 3344 2348 3386 orate
2379 3347 2477 3399 pro
2521 3350 2612 3388 me
2634 3380 2647 3401 ,
2695 3346 2746 3389 et
2794 3351 2888 3403 pro
2929 3339 3030 3391 isto
3062 3340 3280 3406 parvulo
3310 3353 3502 3409 nepote

1927 3441 2077 3489 meo;
2118 3426 2260 3493 quia,
2296 3424 2396 3477 etsi
2430 3425 2719 3491 peccatrix.
2761 3427 2865 3477 tilia
2898 3441 3013 3479 sum
3040 3428 3308 3495 quondam
3340 3438 3363 3466 ο
3398 3430 3501 3483 Zu-

1928 3517 2112 3568 ritana:
2142 3513 2373 3569 civitatis
2401 3515 2653 3582 episcopi.
2687 3515 2781 3566 Ctti
2813 3530 2909 3569 nos
2953 3533 2964 3567 :
3012 3516 3079 3569 Et
3107 3533 3270 3585 quare
3310 3519 3378 3571 ita
3408 3522 3499 3573 alio

1927 3609 2067 3674 jecte
2095 3606 2354 3669 ambulas,
2391 3605 2471 3657 vel
2500 3620 2603 3673 qua
2650 3606 2852 3658 rati0ne
2893 3605 2959 3659 de
2996 3615 3098 3659 tam
3127 3607 3283 3676 longo
3312 3610 3500 3664 itinere

1932 3700 2034 3752 huc
2064 3711 2281 3766 pergere
2306 3695 2726 3769 demonstreris?
2764 3696 2891 3760 Quae
2919 3698 3187 3764 respondit
3212 3697 3377 3753 :Cum
3402 3700 3500 3755 hoc

1933 3788 2150 3856 parvulo
2178 3800 2333 3840 servo
2374 3796 2550 3838 vestro
2576 3784 2639 3837 ad
2672 3784 2911 3839 exsilium
2961 3800 3140 3853 pergo,
3173 3803 3239 3841 ne
3270 3787 3502 3843 inveniat

1932 3896 2055 3936 eum
2103 3880 2273 3933 solum
2321 3878 2567 3932 inimicus
2595 3920 2610 3943 ,
2651 3886 2703 3931 et
2732 3892 2759 3929 a
2788 3877 2869 3929 via
2902 3877 3135 3929 veritatis
3175 3886 3385 3931 revocet
3435 3877 3499 3929 atl

1930 4049 2053 4103 cap.
2080 4032 2201 4087 ηδ.
2234 4032 2398 4087 Porro
2430 4030 2579 4103 Felix
2610 4032 2745 4103 hica
2781 4032 2991 4103 Victore
3021 4033 3282 4096 laudatus,
3316 4035 3360 4085 is
3389 4036 3500 4102 ipse

1930 4102 2053 4159 esSe
2084 4103 2311 4167 videtur,
2342 4104 2428 4170 qui
2460 4102 2509 4155 in
2539 4102 2733 4157 Notitia
2764 4102 3012 4155 Africana
3050 4103 3187 4154 inter
3213 4117 3500 4170 proconsu-

1931 4174 2068 4229 lares
2099 4172 2545 4243 episcoposnum.
2577 4174 2611 4225 2
2638 4171 2944 4243 ᾼιιανίιοηιιδ
2971 4171 3183 4235 dicitur,
3217 4186 3330 4243 qua
3352 4172 3417 4225 de
3442 4189 3499 4226 re

1930 4245 2050 4298 vtde
2081 4242 2231 4297 nutas
2260 4243 2315 4296 ln
2342 4242 2614 4296 Notitiam.
2645 4242 2770 4309 Ejus
2791 4253 2838 4294 et
2861 4251 3173 4295 cteterorum
3206 4244 3291 4295 hic
3320 4242 3499 4296 lauda-

1934 4324 2109 4368 torum
2140 4314 2448 4367 memoriam
2481 4312 2723 4366 recolunt
2751 4313 2956 4381 vulgata
2990 4310 3361 4381 martyrologia
3411 4312 3499 4367 die

1934 4385 2002 4437 12
2022 4384 2290 4444 Octobris,
2317 4381 2488 4435 Graeci
2516 4398 2640 4437 vero
2664 4383 2693 4434 7
2722 4380 3068 4447 Septembris.

257 4456 386 4521 krri,
418 4467 519 4510 etc.
550 4460 619 4509 At
645 4454 801 4507 Colb.
836 4453 860 4504 1
890 4447 917 4517 ,ν
938 4447 1203 4521 Rhenum,
1235 4452 1443 4515 Surius,
1471 4453 1824 4507 Bald.Be|for.
1856 4447 1910 4507 D
2003 4453 2028 4490 ἀ
2059 4453 2331 4507 Lorichius
2353 4462 2406 4505 et
2438 4452 2681 4505 Rhenan.
2708 4466 2809 4503 non
2836 4451 3030 4502 habent
3052 4451 3172 4521 alia:
3212 4452 3398 4507 tristes.
3432 4451 3498 4507 Et

260 4520 377 4579 cum,
400 4526 627 4580 Baronio
654 4524 705 4577 in
737 4520 1106 4592 Martyrolttgio
1136 4521 1397 4590 Romano,
1419 4522 1693 4591 Sexaginta
1716 4540 1824 4577 sex.

260 4595 431 4649 Cbiffl.
462 4605 518 4649 et
552 4596 704 4662 Bigtt.
739 4592 1021 4660 Sexaginta
1049 4601 1288 4659 quatuor.

332 4676 353 4703 ε
381 4667 468 4721 Sic
496 4661 649 4718 Colb.
684 4666 738 4725 5.
765 4662 989 4715 Orthod.
1021 4674 1068 4712 et
1097 4662 1329 4726 l.orictt.,
1356 4661 1547 4730 quibus
1569 4662 1830 4718 accedunt

262 4733 436 4801 Mart.,
465 4734 581 4788 Fttl.
608 4744 663 4787 et
687 4733 898 4795 Germ.,
933 4731 1391 4801 ubi,Abiritattus.
1436 4733 1605 4798 l'ort.,
1638 4732 1829 4787 Harbio

263 4800 472 4858 ritanus.
507 4807 574 4857 At
601 4801 778 4857 Cltifll.
811 4802 966 4864 edit.,
1000 4800 1360 4854 Abderitunus.
1390 4802 1655 4868 thettan.,
1699 4803 1820 4857 Sur.

264 4882 317 4927 et
342 4876 427 4928 alii
456 4874 602 4936 editi,
627 4872 972 4925 Abdiritanus.
1002 4870 1166 4923 P0rro
1193 4872 1243 4923 in
1277 4871 1449 4925 Africa
1481 4874 1607 4925 urbs
1631 4873 1825 4940 duplex

267 4943 361 4997 fuit
390 4944 537 4997 Abbir
560 4944 738 5006 dicta;
769 4956 992 5011 quarum
1022 4942 1194 5011 altera
1224 4942 1376 4992 Abbir
1406 4942 1575 5010 Majas
1612 4942 1826 4996 diceba-

267 5022 373 5083 tur.
404 5008 996 5083 litriusqueiepiscOptts
1023 5008 1289 5083 collationi
1319 5008 1827 5083 carthaginensiatl-

269 5082 386 5152 fuit,
424 5081 569 5139 Felix
599 5078 817 5137 scilicet
849 5082 1112 5152 episcopus
1147 5080 1301 5152 Abltitj
1344 5078 1519 5152 Hujus
1549 5095 1667 5149 cap.
1703 5083 1821 5152 155,

266 5151 353 5205 ubi
385 5156 551 5208 nullus
594 5154 665 5207 ibi
708 5153 872 5205 fuisse
904 5149 1173 5203 Donatista
1199 5149 1506 5212 dicituriet
1534 5164 1652 5218 cap.
1700 5150 1823 5217 215,

268 5223 574 5276 Annibonius
596 5221 874 5275 catholicus
898 5220 1161 5286 episcopus
1192 5219 1541 5273 Abbiritensis.
1585 5220 1825 5274 Concilio

265 5301 436 5346 autem
464 5290 871 5359 Cartltaginettsi
908 5302 1048 5359 anno
1073 5288 1178 5359 M9
1209 5288 1525 5359 subscripsit
1559 5288 1821 5345 Candidus

262 5363 521 5427 episcopus
542 5357 850 5422 Germanic,
881 5360 969 5426 qui
992 5358 1123 5411 alias
1153 5357 1351 5411 ibidem
1383 5359 1695 5427 simpliciter
1722 5360 1822 5412 Ab-

264 5430 503 5486 biritanus
532 5432 747 5489 dicitur.
800 5430 914 5496 ejus
943 5428 1147 5482 scilicet
1173 5427 1338 5489 urbis,
1371 5429 1424 5480 ni
1469 5428 1640 5492 fallor,
1672 5431 1823 5494 cujus

260 5516 513 5555 successus
562 5503 626 5554 ab
657 5497 1231 5558 Abbjr-Germaniciana
1265 5498 1488 5552 habetur
1514 5500 1565 5551 in
1598 5500 1823 5554 Concilio

260 5568 503 5639 tiartltag.
536 5571 637 5626 sub
669 5581 854 5625 sancto
873 5569 1158 5639 Cypriane,
1185 5582 1308 5620 num
1338 5569 1426 5622 i6.
1456 5568 1535 5639 Ab
1564 5568 1644 5622 bis
1676 5568 1820 5639 urbi-

264 5640 361 5693 bus
401 5638 599 5697 diversa
639 5641 859 5695 omnino
902 5647 1016 5692 erat
1062 5638 1259 5690 Abdera
1299 5652 1390 5690 seu
1431 5638 1640 5701 Abzera,
1675 5638 1825 5704 cujus

262 5711 538 5777 episcopus
569 5709 885 5765 Fructuosus
930 5718 1253 5764 memoratur
1284 5707 1335 5761 in
1363 5708 1542 5763 collat.
1573 5708 1819 5774 Cartltag.

1934 4522 2089 4586 infra,
2116 4523 2387 4575 moliendo.
2424 4522 2575 4575 Colb.
2610 4523 2661 4582 l,
2713 4522 3017 4574 moriendos.
3050 4519 3318 4586 Rhenan.,
3349 4524 3496 4588 Sur..,

1934 4596 2081 4660 llign.
2113 4604 2166 4645 et
2191 4592 2363 4651 Bald.,
2395 4591 2687 4660 morituros.

2005 4658 2028 4700 δ
2052 4664 2258 4725 Germ.,
2306 4660 2447 4723 Ful.,
2488 4670 2542 4714 et
2570 4659 2791 4713 Orthod.
2824 4674 2943 4713 cum
2976 4658 3243 4725 Loriehio,
3275 4662 3498 4715 Zurina-

1932 4749 2028 4785 nat.
2060 4732 2215 4785 Mart.
2244 4728 2543 4783 Zurinaliaz.
2575 4730 2727 4783 Colb.
2755 4730 2804 4792 l,
2828 4728 3121 4793 Tttritame;
3147 4731 3295 4795 Sur.,
3326 4732 3497 4796 Quiri-

1933 4812 2081 4854 tame.
2119 4801 2170 4853 In
2203 4799 2381 4853 Indice
2407 4799 2695 4853 Oxoniensi
2722 4800 2830 4867 jam
2860 4800 3073 4853 laudato
3112 4800 3252 4854 Zura
3280 4803 3497 4855 incerta:

1934 4870 2220 4940 provinciae
2246 4870 2462 4923 dicitur.
2487 4871 2555 4923 At
2584 4885 2651 4923 ex
2676 4870 2957 4922 collatione
2983 4868 3388 4940 Cartltaginensi
3416 4872 3496 4925 di-

1931 4941 2130 4994 scimus
2160 4955 2277 4993 eam
2292 4955 2355 4993 ex
2379 4940 2739 5007 proconsulari
2765 4940 2945 4992 fuisse.
2969 4940 3176 4994 Etenim
3192 4956 3311 4993 cum
3335 4942 3493 5006 Quin-

1930 5019 2031 5077 tus,
2065 5019 2114 5064 ut
2149 5011 2370 5077 vulgata:
2400 5010 2661 5063 editiones
2693 5009 2907 5072 habent,
2942 5024 3060 5062 nam
3092 5028 3140 5062 γ.
3173 5024 3221 5063 c.
3250 5010 3496 5064 Baluzius

1932 5080 2089 5135 habet
2115 5080 2214 5144 Qui
2243 5096 2419 5144 supra,
2444 5093 2538 5146 pro
2569 5077 2789 5131 Paulino
2818 5078 3029 5133 Zurensi
3054 5079 3247 5134 litteras
3274 5084 3497 5134 nescim-

1930 5159 1997 5215 te,
2030 5151 2117 5217 qui
2151 5164 2384 5216 prmsens
2404 5150 2606 5217 aderat,
2629 5163 2687 5203 se
2715 5150 3093 5217 subscripsisse
3121 5150 3305 5205 fuisset
3330 5160 3491 5203 testa-

1930 5229 2015 5273 tus
2036 5216 2086 5273 in
2118 5219 2399 5274 collatione
2425 5216 2672 5287 Carthag.
2694 5232 2812 5287 cap.
2835 5220 2956 5282 135,
2982 5219 3334 5288 l’attlinttsque
3360 5220 3492 5287 ipse.

1928 5290 2223 5343 catholicus
2252 5289 2554 5356 episcopus,
2601 5302 2660 5342 se
2705 5289 2901 5343 habere
2930 5291 3184 5342 unitatem
3228 5288 3495 5356 professus

1923 5358 2137 5424 fuisset,
2166 5358 2445 5412 flabetdeus
2472 5360 2719 5412 diaconus
2751 5358 3000 5411 Primiani
3027 5359 3248 5427 episcopi
3268 5357 3495 5427 Cartha-

1925 5431 2164 5497 ginensis
2192 5430 2353 5497 partis
2394 5429 2603 5494 Donati,
2637 5430 2767 5481 dixit
2805 5444 2823 5481 :
2856 5425 3119 5495 Presbyter
3150 5435 3223 5497 est
3260 5425 3367 5478 illic
3404 5444 3495 5480 tto-

1929 5494 2053 5553 ster.
2084 5494 2324 5552 Diwresis
2350 5508 2521 5552 nostra
2548 5510 2639 5553 est.
2676 5494 3078 5552 Recensetur’et
3107 5494 3293 5548 eodem
3325 5498 3503 5563 capite

1927 5569 2246 5632 collationis,
2276 5579 2330 5621 ut
2355 5569 2464 5636 jatn
2492 5569 2723 5625 diximus
2752 5584 2805 5622 n.
2834 5567 2923 5630 39,
2974 5566 3209 5620 Donatus
3234 5568 3505 5637 ερίδςυριει

1928 5640 2086 5708 plebis
2118 5639 2399 5693 Buritana'.
