3944 6176
453 303 550 355 2H

1752 295 2060 348 VICTUl‘iiS
2102 294 2197 348 \'l'l
2215 298 2403 352 ENS‘S

3610 296 3711 348 212

455 421 701 465 mortem.
733 409 813 464 Ad
845 410 957 462 haec
998 407 1157 461 verba
1189 407 1377 476 repleti
1406 407 1651 477 lacryrnis
1685 406 1820 461 nihil
1851 405 2030 460 dicere
2062 415 2107 468 Α
2138 411 2382 465 manibus
2410 420 2703 479 gestantes,
2736 426 2967 480 suosque
2996 412 3283 466 infantulos
3311 411 3545 480 vestigiis
3571 428 3711 465 Illa!"

442 503 732 563 valuimus,
767 500 866 552 nisi
896 508 951 551 ut
981 499 1223 552 voluntas
1248 497 1346 550 Dei
1376 496 1552 552 fieret.

526 591 590 644 .\'.
632 588 859 642 Carceris
898 588 1235 641 incommoda.
1273 616 1343 626 ——-
1378 587 1485 642 Sed
1538 587 1626 640 ubi
1671 587 2030 653 adversarius,

453 686 539 751 qui
565 684 674 752 jam
705 682 841 737 forte
870 682 1081 736 dicebat
1119 700 1130 735 :
1172 679 1412 733 Partibor
1446 679 1644 749 spolia,
1688 681 1892 748 replebo
1922 683 2035 732 ani-

453 792 585 829 mum
616 789 778 826 meum
802 812 817 836 ,
858 772 1157 836 interﬁciant
1186 772 1358 837 gladio
1393 787 1521 835 meo,
1551 771 1892 822 dominabitur
1931 787 2037 821 ma-

454 884 547 923 nus
588 883 697 919 mea
725 864 929 936 (Exod.
970 879 1056 927 xv,
1090 864 1168 932 9),
1210 863 1411 915 nullum
1442 865 1614 931 potuit
1641 861 1733 933 [aL
1769 860 2039 932 aucupari]

456 972 745 1025 occupare;
786 954 1007 1022 inquirit
1037 964 1258 1022 augusta
1290 962 1345 1006 et
1368 953 1633 1007 teterritni
1664 952 1799 1012 loca,
1824 952 1878 1006 in
1909 969 2039 1019 quo-

458 1064 576 1104 rum
621 1047 959 1102 Conclavibus
991 1046 1079 1099 Dei
1114 1046 1405 1099 exercitum
1437 1056 1750 1097 coam-taret.
1785 1045 1935 1099 Tunc
1964 1045 2041 1098 cis

459 1145 616 1197 etiam
646 1142 961 1199 visitationis
993 1142 1238 1191 humana:
1261 1149 1444 1206 negata
1475 1150 1557 1191 est
1595 1140 1697 1208 18
1726 1140 2038 1192 consolatio.

462 1234 761 1288 Puniuntur
777 1243 829 1286 et
846 1232 1094 1285 custodes
1120 1231 1364 1295 fustibus,
1385 1240 1439 1282 et
1460 1232 1691 1298 graviter
1709 1230 2040 1297 alﬂiguntur;

454 1328 731 1395 iactantur
766 1322 1099 1375 confessores
1126 1320 1321 1374 Christi
1348 1335 1507 1387 super
1536 1321 1779 1382 invicem,
1804 1334 1848 1370 a:
1874 1319 2044 1387 gustia

462 1425 787 1476 coarctante,
814 1426 950 1468 unus
978 1427 1139 1481 super
1168 1411 1349 1473 alium,
1375 1423 1430 1462 ut
1456 1413 1663 1479 agmina
1699 1412 2043 1472 locustarum,

460 1516 537 1571 et,
562 1514 618 1559 ut
648 1505 861 1574 proprie
890 1504 1188 1566 dicatur,ut
1213 1518 1377 1571 grana
1402 1502 1783 1571 pretiosissima
1811 1502 2047 1555 frumenv

464 1607 657 1653 torum.
709 1598 762 1649 lu
794 1612 893 1664 qua
939 1596 1349 1673 constipatione,
1393 1596 1675 1649 secedendi
1712 1596 1773 1647 ad
1809 1595 2048 1648 naturale

463 1690 698 1745 cilicium
748 1690 890 1743 nulla
940 1689 1076 1739 ratio
1125 1688 1360 1750 sinebat;
1405 1695 1430 1721 ἰ
1464 1687 1555 1740 scd
1590 1687 1762 1741 locum
1794 1687 2047 1739 stercoris

2143 513 2315 573 tyrum
2347 504 2705 571 projicientes.
2738 505 2836 557 ista
2866 519 2993 557 voce
3021 504 3324 556 clamabant
3355 503 3589 569 :Quibus
3616 518 3711 555 nos

2142 597 2363 649 miseros
2408 596 2745 664 relinquitis,
2796 596 2920 648 dum
2955 597 3171 663 pergitis
3215 594 3278 648 ad
3320 594 3580 648 coronas?
3622 598 3708 659 qui

2142 688 2239 740 hos
2268 686 2578 752 baptizaturi
2602 697 2722 739 sunt
2743 687 2991 753 parvulos
3010 688 3240 738 fontibus
3261 701 3410 753 aqua:
3434 684 3714 753 perennis?

2141 779 2229 846 qui
2264 777 2413 832 nobis
2443 778 2766 845 poenitentize
2813 776 2922 846 [αι.
2967 776 3197 845 manus]
3246 790 3435 828 tnunus
3476 775 3713 829 collaturi

2143 880 2287 933 sunt,
2321 878 2375 922 et.
2419 869 2866 922 reconciliationis
2893 866 3249 933 indulgentia,
3281 866 3569 918 obstrictos
3598 880 3715 931 pec-

2144 970 2383 1013 catorum
2432 959 2654 1011 vinculis
2678 998 2692 1021 ,
2739 957 3000 1011 SiliUiUl'i?
3038 959 3159 1024 quia
3192 957 3341 1008 Vobis
3371 955 3569 1009 dictum
3599 964 3713 1008 est:

2149 1053 2475 1115 Quareuuquc
2502 1050 2749 1102 solreritis
2774 1066 2926 1112 super
2963 1059 3149 1101 terram
3169 1090 3183 1107 .
3214 1056 3359 1100 erunt
3390 1051 3553 1100 soluta
3596 1056 3642 1101 et
3668 1048 3717 1100 in

2146 1142 2281 1193 caelis
2310 1141 2327 1210 (
2353 1140 2540 1194 Matt/t.
2572 1156 2715 1203 xvtu,
2751 1142 2814 1193 I8
2841 1142 2876 1204 ).
2912 1140 3010 1204 Qui
3044 1154 3140 1193 nos
3168 1139 3497 1192 solemnibus
3525 1140 3716 1193 oratio-

2150 1232 2304 1284 nibus
2334 1232 2588 1298 St-ptllturi
2634 1242 2760 1282 sunt
2791 1231 3118 1284 morientes?
3157 1237 3247 1282 aut
3274 1245 3302 1280 a
3328 1229 3521 1297 quibus
3554 1230 3716 1281 divini

2148 1322 2392 1376 sacrilicii
2427 1322 2558 1374 ritus
2602 1321 2935 1374 exhibendas
2970 1332 3050 1374 est
3090 1319 3409 1374 cmisuetus?
3448 1320 3719 1372 vobiscum

2149 1428 2201 1468 et
2229 1431 2322 1468 nos
2351 1415 2508 1467 libeat
2533 1429 2755 1483 pergere
2775 1454 2788 1477 ,
2821 1413 2863 1465 si
2890 1414 3089 1479 liceret,
3124 1423 3180 1465 ut
3208 1412 3299 1466 tali
3330 1412 3488 1464 modo
3528 1413 3665 1464 lilios
3693 1429 3719 1462 ει

2152 1507 2389 1576 patribus
2442 1506 2585 1559 nulla
2636 1506 2927 1561 necessitas
2973 1514 3270 1573 separaret.
3301 1505 3355 1557 In
3398 1504 3480 1557 bis
3504 1506 3723 1556 vocibus

2154 1608 2176 1637 ο
2212 1599 2292 1650 vel
2324 1596 2574 1665 lacrytnis
2600 1638 2613 1660 ,
2661 1605 2715 1649 et
2744 1594 2985 1649 laudibus
3029 1596 3204 1648 nullus
3239 1595 3345 1660 jam
3381 1610 3604 1661 pergere
3633 1594 3722 1644 ad-

2154 1688 2350 1740 missus
2387 1697 2470 1740 est
2510 1686 2843 1748 consolator;
2886 1686 2978 1738 sed
3012 1687 3321 1739 arctabatur
3351 1685 3632 1738 multitudo
3660 1685 3723 1736 ad

464 1792 516 1834 et
548 1783 716 1837 urina:
761 1788 983 1848 urgente
1036 1780 1372 1838 necessitate,
1423 1778 1617 1831 ibidem
1670 1779 1951 1840 faciebant,
1985 1790 2039 1831 ut
2070 1775 2115 1834 B
2142 1784 2462 1831 currendum
2489 1817 2502 1839 ,
2546 1790 2601 1829 ut
2642 1777 2726 1829 ubi
2757 1772 2783 1811 ά
2824 1791 3059 1829 cannava
3108 1786 3222 1829 erat
3273 1786 3606 1843 praeparata,
3656 1776 3724 1826 la-

465 1872 557 1928 ille
584 1882 707 1925 tunc
736 1870 874 1925 l‘etor
917 1880 969 1923 et
1014 1871 1199 1923 horror
1228 1870 1473 1921 universa
1526 1883 1801 1935 ιιῶιιῖιΐυιιι
1848 1884 2040 1935 genera

466 1973 743 2031 superaret
785 1979 795 2015 :
841 1964 907 2015 ad
940 1978 1074 2030 quos
1102 1962 1385 2030 aliquando
1431 1963 1555 2015 dato
1586 1962 1782 2029 ingenti
1821 1977 2043 2014 munere

472 2054 666 2108 Mauris
693 2097 704 2111 .
745 2053 1136 2107 dormientibus
1171 2051 1456 2115 Vandalis,
1504 2068 1591 2104 vix
1640 2053 1776 2104 clam
1827 2050 2041 2102 admissi

463 2160 651 2199 sumus
680 2144 897 2197 intrare.
922 2142 1021 2208 Qui
1047 2145 1397 2206 ititroeuntes,
1422 2141 1581 2194 veluti
1611 2123 1893 2209 irrigui-gite
1925 2140 2039 2205 luti,

472 2253 638 2305 usque
686 2237 752 2289 ad
794 2252 966 2305 genua
998 2237 1261 2303 cwpimns
1311 2233 1505 2301 nergi;
1549 2234 1674 2287 illud
1708 2245 1828 2285 tunc
1863 2231 2043 2285 liiere-

472 2328 591 2381 mia:
626 2326 863 2381 videntes
896 2328 1055 2380 luisse
1084 2328 1407 2392 completum
1449 2344 1462 2378 :
1505 2326 1605 2390 Qui
1635 2324 1808 2375 nutriti
1838 2334 1952 2374 sunt
1990 2322 2043 2374 in

469 2418 657 2471 croceis
680 2457 697 2482 ,
746 2418 1029 2485 amplexati
1048 2427 1162 2469 sunt
1190 2426 1411 2469 stercora
1446 2432 1537 2467 sua
1568 2415 1584 2483 (
1611 2413 1797 2465 Tltreu.
1840 2428 1910 2477 tv,
1941 2412 1973 2463 5
2002 2413 2043 2478 ).

470 2508 605 2575 Quid
636 2506 839 2561 multa?
877 2505 1131 2576 praecepti
1172 2518 1298 2558 sunt
1332 2504 1562 2570 undique
1591 2502 2045 2571 persto-pentibus

469 2601 684 2660 Mauris,
717 2598 781 2651 ad
815 2598 915 2651 iter
945 2598 1030 2650 ubi
1060 2596 1306 2650 destinati
1339 2596 1543 2649 lue-ant
1576 2594 1885 2662 prtcparari.

542 2692 631 2744 λι.
672 2689 880 2742 Itineris
900 2690 1237 2741 incommodo.
1255 2687 1600 2739 --Eseuutes
1627 2687 1802 2754 itaque
1825 2684 1913 2737 die
1945 2684 2045 2737 do-

473 2785 663 2837 minica
690 2824 705 2847 ,
759 2784 907 2835 linita
942 2783 1196 2835 habentes
1228 2779 1555 2833 stercoribus
1584 2779 1896 2831 vesnmenta
1922 2816 1937 2841 ,
1973 2776 2047 2828 fa-

472 2877 582 2931 cies
621 2875 775 2928 simul
821 2885 874 2927 et
918 2874 1132 2939 capiti,
1181 2885 1210 2921 a
1257 2871 1450 2924 Mauris
1521 2880 1694 2922 tamen
1759 2867 2046 2920 crudeliter

479 2967 838 3027 minabantur,
875 2966 1129 3034 bynnmin
1160 2979 1281 3015 cum
1313 2962 1667 3015 eXSuItatiane
1703 2960 1927 3013 Domino
1953 2958 2046 3011 de-

475 3066 752 3112 cantantes
779 3073 792 3108 :
817 3054 943 3107 Ilwc
970 3063 1041 3105 est
1066 3054 1228 3121 gloria
1265 3052 1497 3105 omnibus
1528 3051 1713 3103 sanctis
1742 3052 1849 3119 ejus
1872 3048 2043 3117 (Psal.

2147 1870 2411 1924 buriosam
2451 1878 2668 1936 caperet
2714 1869 3069 1922 mansionem.
3101 1868 3202 1932 Qui
3228 1883 3350 1921 cum
3395 1883 3554 1921 senes
3598 1867 3724 1921 deli-

2145 1969 2359 2022 cerent,
2387 1969 2441 2012 et
2466 1959 2556 2012 alii
2603 1960 2770 2023 forte,
2812 1960 3185 2025 etsijuvenes,
3214 1958 3426 2011 delicati
3469 1972 3721 2025 corpore,

2144 2061 2421 2118 creperum
2468 2050 2733 2104 hastiliutn
2783 2050 3092 2117 cuspidibus
3153 2049 3217 2102 ad
3267 2048 3630 2111 currendum,
3673 2058 3725 2100 et

2148 2145 2411 2213 lapidibus
2461 2144 2609 2196 tuudi
2654 2160 2668 2201 ;
2710 2143 2850 2196 unde
2904 2143 3072 2210 magis
3100 2142 3444 2209 deficientes,
3497 2140 3725 2208 amplius

2147 2236 2501 2291 lassabantttr.
3712 2292 3713 2295 η

2219 2328 2285 2382 XI
2302 2358 2329 2379 ι.
2374 2327 2583 2380 Servitia
2609 2326 2661 2377 in
2694 2324 3230 2394 confessores.—Posl
3255 2340 3380 2377 vero
3406 2326 3724 2389 imperatum

2147 2432 2231 2475 est
2258 2422 2451 2473 Maurs
2478 2430 2533 2470 ut
2562 2433 2655 2471 eos
2684 2419 2771 2485 qui
2804 2417 3079 2470 ambulare
3112 2432 3215 2469 non
3250 2424 3517 2483 poterant,
3553 2414 3729 2481 ligatis

2150 2514 2395 2581 pedibus,
2430 2512 2573 2564 velut
2603 2510 2858 2562 cadavera
2884 2508 3195 2561 animalium
3228 2517 3579 2569 mortuorum,
3616 2517 3729 2558 tra-

2152 2604 2342 2656 herent
2374 2618 2465 2669 per
2494 2601 2627 2653 dura
2675 2609 2727 2653 et
2757 2615 2943 2666 aspera
2976 2599 3208 2666 lapidum
3254 2600 3365 2650 Ioca
3394 2637 3409 2660 ,
3442 2597 3528 2649 ubi
3558 2599 3727 2664 primo

2149 2698 2466 2749 vestimenta
2500 2733 2513 2753 ,
2566 2705 2747 2759 postea
2803 2693 3038 2745 tuetnbra
3094 2692 3298 2759 singula
3345 2692 3724 2757 carpebantur.

2150 2786 2353 2849 Quibus
2381 2800 2474 2850 per
2503 2783 2710 2851 gladios
2755 2791 2937 2836 aeutos
2970 2790 3240 2848 petrarum
3270 2779 3363 2849 [αι.
3400 2779 3549 2847 hic...
3579 2776 3727 2847 alibl]

2151 2879 2272 2930 huic
2320 2884 2477 2943 caput
2514 2875 2909 2936 conterebatur,
2938 2874 3026 2925 alii
3074 2874 3236 2925 latera
3288 2872 3646 2934 ﬁndebantur,
3678 2882 3731 2923 et

2150 2968 2219 3021 ita
2276 2968 2413 3019 inter
2468 2966 2789 3018 trahentium
2844 2978 3029 3015 manus
3083 2963 3329 3030 spiritum
3384 2962 3729 3016 erltalabant.

2150 3063 2384 3125 Quorum
2431 3073 2708 3111 numerum
2752 3072 3082 3124 nequaquam
3130 3056 3394 3109 valuimus
3442 3054 3727 3122 colligere,

476 3162 657 3206 oms.
689 3145 767 3213 9).
801 3146 998 3198 Aderat
1028 3146 1167 3196 enim
1194 3144 1262 3194 ibi
1304 3152 1429 3195 tunc
1458 3144 1639 3194 beatus
1671 3143 1904 3207 pontifex
1938 3141 2043 3208 Cy-

2157 3153 2490 3205 muliitudine
2527 3166 2844 3215 eoercenze;
2887 3152 3150 3203 exaltazur
3197 3160 3374 3201 tamen
3418 3164 3510 3215 per
3556 3156 3730 3199 totum

480 3238 696 3303 prianus
727 3234 751 3272 ι’
792 3234 1176 3289 Uuizihircttsis
1217 3232 1497 3299 cpiscopus
1518 3274 1532 3296 ,
1564 3232 1867 3283 CtilISUiaitlt‘
1896 3246 2046 3296 egre-

478 3328 629 3394 gius,
680 3326 767 3393 qui
814 3326 1047 3392 singulos
1074 3328 1161 3391 pio
1188 3335 1235 3376 et
1292 3333 1511 3389 paterno
1560 3324 1774 3375 fovebat
1814 3324 2042 3388 allecru,

478 3436 582 3474 non
610 3418 725 3472 sine
754 3418 1057 3471 ﬂuminibus
1088 3418 1412 3469 currentium
1439 3416 1790 3485 Iacrymarotn
1810 3432 1821 3467 :
1840 3425 2049 3481 paratus

481 3524 576 3578 pro
623 3507 870 3562 fratribus
916 3508 1147 3560 animant
1198 3522 1423 3573 ponere,
1467 3516 1520 3559 et
1549 3520 1606 3559 se
1637 3507 1972 3569 ultroneum,
2006 3505 2050 3559 si

478 3602 873 3663 dimitteretur,
919 3590 1112 3652 talibus
1163 3599 1493 3667 passionibus
1537 3598 1696 3661 dare;
1749 3598 1836 3665 qui
1885 3609 2047 3652 totum

478 3694 601 3761 quid
625 3694 826 3755 habuit,
847 3692 1121 3761 egentibus
1145 3691 1390 3743 fratribus
1416 3690 1465 3742 in
1487 3689 1574 3742 illa
1592 3699 1715 3742 tunc
1734 3690 2051 3743 necessiiatc

480 3786 731 3853 expendit
750 3802 761 3835 :
781 3784 1048 3849 qttzrrebat
1078 3785 1217 3834 enim
1241 3783 1571 3835 occasionem
1598 3780 1822 3849 qualiter
1843 3780 2050 3833 confes-

481 3878 691 3930 soribus
734 3875 1049 3934 sociaretur,
1085 3874 1196 3937 ipse
1236 3875 1417 3924 animo
1444 3880 1499 3925 et
1531 3874 1723 3925 virtute
1752 3872 2046 3925 confessor.

480 3968 580 4033 Qui
618 3974 800 4034 postea
835 3981 928 4033 per
957 3964 1152 4016 multos
1182 3978 1379 4029 agones
1407 3972 1463 4016 et
1490 3964 1764 4031 squalores
1794 3966 2049 4025 carceris,

481 4058 546 4112 ad
578 4058 819 4112 exsilium
848 4055 986 4125 quod
1014 4055 1370 4117 desiderabat,
1395 4069 1513 4108 cum
1545 4054 1903 4107 exsultatione
1935 4068 2053 4119 per-

482 4151 637 4207 rexit.
663 4149 886 4213 Quaqu
908 4157 961 4201 ct
993 4159 1117 4201 tunc
1146 4147 1509 4200 multitudines
1536 4146 1602 4198 de
1626 4146 1850 4199 diversis
1883 4145 2053 4213 regio-

484 4243 661 4304 nibus,
692 4252 745 4294 et
788 4239 1108 4296 civitatibus,
1143 4238 1206 4289 ad
1248 4235 1497 4288 visendos
1547 4234 1637 4287 Dei
1671 4247 1932 4301 martyres
1963 4250 2052 4289 oc-

482 4330 745 4384 currerint
774 4329 1086 4396 populorum
1110 4370 1123 4391 ,
1160 4334 1421 4377 testantur
1452 4323 1549 4377 via:
1576 4323 1658 4376 vel
1684 4324 2053 4394 semitamque

484 4435 603 4474 eum
648 4420 855 4485 agmina
882 4416 1203 4470 venietitiuiu
1252 4430 1581 4483 nequaquam
1625 4425 1913 4482 caperent,
1960 4433 2054 4484 per

2162 3246 2262 3315 ιθ
2291 3258 2534 3307 aggeretur
2561 3244 2827 3309 publicqu
2853 3243 2971 3294 vilis
2995 3244 3263 3309 sopultura
3285 3250 3614 3297 sanctorum,
3648 3238 3734 3289 Io-

2150 3337 2433 3404 quentibus
2464 3334 2697 3386 tuniulis.
2733 3332 2941 3400 Reliqui
2976 3333 3263 3385 habiliores
3309 3329 3375 3381 ad
3422 3327 3730 3381 solitudinis

2150 3428 2262 3482 loca
2295 3428 2627 3493 perveniunt,
2652 3426 2703 3479 in
2735 3426 2923 3493 quibus
2954 3423 3137 3496 {Coll}.
3178 3426 3227 3489 l,
3263 3420 3535 3492 colligati]
3561 3420 3732 3475 collo-

2149 3520 2250 3572 cati
2277 3558 2290 3579 ,
2326 3518 2578 3569 hordeum
2611 3519 2674 3568 ad
2706 3516 3027 3569 vescendum
3075 3526 3125 3565 ut
3151 3514 3391 3582 jumenta
3438 3512 3729 3579 accipiunt.

2154 3608 2250 3663 Ubi
2279 3609 2436 3662 etiam
2461 3618 2842 3661 venenatorum
2868 3607 3173 3661 animalium
3198 3616 3356 3672 atque
3386 3606 3728 3672 scorpionum

2160 3710 2300 3753 tanta
2332 3714 2450 3753 esse
2476 3700 2669 3752 dicitur
2693 3700 2971 3751 multitudo
2999 3738 3011 3755 .
3046 3709 3101 3749 ut
3147 3697 3511 3765 ignorantibus
3553 3696 3733 3748 incre-

2152 3791 2328 3844 dibilis
2354 3792 2595 3843 videatur
2621 3834 2634 3856 ,
2666 3806 2783 3856 qua:
2812 3790 2925 3841 solo
2953 3788 3075 3841 Ilatu
3119 3789 3277 3841 etiam
3332 3788 3509 3853 procul
3542 3787 3734 3855 positis

2152 3881 2341 3934 veneni
2374 3880 2517 3932 virus
2540 3880 2786 3933 infundit.
2809 3881 2887 3933 Ah
2908 3881 3191 3947 scorpione
3218 3879 3360 3932 enim
3391 3892 3729 3945 percossum,

2155 3974 2354 4026 nullum
2401 3974 2581 4025 dicunt
2628 3974 2911 4040 aliquando
2960 3975 3211 4027 evasisse.
3258 3974 3495 4039 Quorum
3544 3972 3734 4025 feritas

2153 4062 2417 4113 virulenta
2467 4078 2633 4125 usrgue
2664 4064 2726 4115 ad
2758 4079 2995 4131 pra'sens
3029 4074 3254 4131 tempus,
3284 4064 3497 4117 Christo
3536 4062 3733 4116 defeti-

2154 4152 2335 4212 dente,
2381 4152 2580 4205 nullum
2612 4168 2884 4206 SchOrum
2911 4170 3028 4219 eius
3073 4156 3319 4209 nocuisse
3348 4154 3587 4207 docetur.
3620 4154 3733 4208 Sed

2154 4256 2275 4294 cum
2309 4242 2416 4295 illic
2458 4242 2673 4295 aluntur
2702 4244 3013 4298 bordeaceis
3052 4246 3232 4313 granis
3257 4284 3275 4311 ,
3308 4253 3491 4313 postea
3526 4253 3583 4296 et
3628 4244 3737 4298 hoc

2155 4330 2391 4383 ablatum
2418 4344 2497 4384 est
2534 4350 2546 4383 :
2589 4333 2736 4401 quasi
2773 4350 2876 4385 non
2909 4342 3090 4402 posset
3117 4335 3257 4388 Deus
3279 4336 3366 4405 qui
3400 4335 3605 4401 pluerat
3631 4350 3738 4401 pa-

2159 4422 2326 4474 tribus
2371 4439 2586 4505 marina,
2620 4434 2643 4459 ε
2687 4440 2903 4492 pascere
2927 4436 2981 4480 et
3011 4440 3155 4480 nunc
3184 4426 3273 4479 tali
3308 4425 3499 4480 exsilio
3527 4426 3739 4481 manci-

485 4510 715 4562 vertices
761 4511 1018 4561 montium
1066 4517 1120 4561 et
1159 4520 1394 4558 cuneava
1428 4508 1638 4560 vallium
1671 4518 2049 4563 Concurrenles
2077 4495 2130 4554 D
2156 4522 2325 4579 patos.

486 4599 654 4651 turba:
700 4597 931 4649 fidelium
960 4598 1359 4651 inaestimabiles
1385 4598 1814 4663 descendebant,
1864 4614 2049 4653 cereos

559 4850 585 4877 ι
613 4839 791 4893 Chiill.
824 4853 944 4890 cum
971 4837 1172 4906 aliquot
1202 4842 1359 4895 editis
1388 4854 1439 4895 et
1470 4860 1597 4895 mss.
1632 4846 1762 4897 ratio
1790 4862 1887 4897 non
1919 4849 2048 4899 sine-

488 4913 566 4965 bat
590 4910 834 4981 loci;sed
856 4910 1110 4972 stercoris,
1135 4918 1237 4961 ctc.
1270 4910 1421 4963 Colb.
1447 4913 1498 4973 2,
1532 4914 1770 4966 Ilhenan.
1796 4926 1850 4968 et
1879 4916 2051 4981 liaId.,

489 4983 633 5045 Loci,
654 4980 1047 5052 sedrslercm'aet
1075 4982 1296 5052 urinam.
1333 4981 1394 5032 Et
1424 4982 1575 5046 intra,
1602 4986 1776 5035 dantes
1808 4988 2048 5052 ingentia,

490 5065 594 5106 etc.
644 5048 820 5102 Cltil'll.
848 5056 908 5120 et
959 5046 1069 5107 alii,
1118 5048 1239 5100 dato
1271 5051 1460 5120 ingenti
1490 5068 1712 5106 munere.
1748 5046 2052 5119 Lorichius,

490 5120 661 5177 dando
693 5117 914 5185 ingentia
931 5132 1159 5177 munera,
1182 5134 1285 5172 etc,
1326 5117 1340 5120 '
1988 5136 1997 5140 ά

560 5190 588 5230 δ
623 5189 834 5258 Aliquot
863 5199 1016 5258 mss_.,
1054 5188 1479 5258 tlnizibilineusis.
1513 5190 1812 5254 Lorichius,
1842 5192 2051 5247 (31ιεὶὁί-

493 5255 737 5333 (meum;
752 5261 913 5333 P9P."
945 5255 1231 5333 βυηνὲαηιιδ
1266 5260 1350 5333 hic
1375 5270 1717 5333 "mllloratus,
1758 5263 1899 5316 idem
1937 5265 2051 5333 ipse

493 5346 573 5388 est
608 5332 695 5401 qui
722 5332 773 5383 in
804 5325 995 5401 Nomia
1029 5326 1440 5401 AI'rrcanainter
1465 5330 1751 5398 Byzacenae
1772 5325 2052 5401 episcopos

495 5396 818 5458 recensetnr.
847 5398 918 5450 De
940 5411 1039 5462 qua
1072 5396 1203 5448 urbe
1222 5398 1337 5449 vute
1369 5396 1520 5449 notas
1549 5401 1598 5450 in
1635 5396 1930 5465 ltyzacenas
1956 5396 2049 5457 ur-

494 5474 588 5527 bes
634 5489 690 5526 n.
715 5471 803 5524 LI.
854 5468 999 5535 Ljus,
1030 5467 1166 5520 sicut
1192 5476 1245 5519 et
1288 5468 1513 5521 aliorum
1544 5485 1703 5535 supra
1737 5485 2056 5525 tuamor-ato-

496 5559 631 5605 rum,
663 5542 854 5595 festum
902 5536 1146 5591 recolunt
1188 5536 1397 5605 vulgata
1451 5539 1827 5607 martyrologia
1857 5541 1944 5594 die
1991 5542 2054 5595 12

493 5612 755 5667 Octobris.

570 5692 589 5719 ε
621 5682 742 5734 ηις
790 5676 895 5732 duo
951 5677 1106 5731 verba
1160 5676 1237 5730 rei
1282 5676 1518 5744 lucrymis
1550 5674 1742 5729 desunt
1777 5679 1826 5731 in
1878 5677 2054 5746 illam,

2230 4604 2363 4658 XIII.
2405 4606 2553 4677 Regis
2602 4608 2820 4660 edictum
2869 4636 2938 4647 -—
2966 4607 3171 4675 Cogitat
3216 4609 3423 4663 acriora
3476 4608 3741 4663 adverSus

2156 4852 2371 4972 (liqricb.
2406 4854 2703 4907 etUrtIiod.
2736 4855 2788 4907 In
2826 4856 2947 4907 aliis
2984 4874 3109 4911 vrro
3142 4862 3239 4912 isra
3280 4860 3495 4926 desunt,
3544 4872 3593 4913 et
3620 4863 3741 4915 lau-

2193 4938 2324 4972 ιηιδ.

2193 4938 2324 4973 ιυιιδ.

2228 4988 2253 5067 ξ¹
2288 4992 2464 5044 Cbifil.
2496 4995 2743 5067 cannabo.
2774 4994 2949 5059 Mart,
2980 4998 3148 5067 Iloib.
3197 5002 3247 5061 1,
3280 4999 3400 5053 Ful.
3431 5009 3486 5055 et
3521 5000 3738 5067 Gerttt.,

2158 5060 2239 5135 ubi
2280 5072 2399 5135 tunc
2429 5064 2563 5112 καεὶς
2585 5073 2713 5122 erat,
2745 5074 2845 5116 etc.
2881 5066 3032 5117 Urtli.
3065 5078 3119 5119 et
3151 5060 3455 5135 Lorichius,
3484 5071 3583 5125 Ubi
3617 5060 3740 5125 tunc

2162 5129 2356 5208 Mauris
2397 5140 2505 5181 erat
2534 5149 2818 5208 purpuram
2850 5135 3154 5189 laboriosam
3185 5129 3480 5208 caperenuis
3508 5146 3742 5196 mansio-

2158 5215 2290 5250 mm.
2319 5200 2581 5277 Caeterum
2613 5205 2721 5255 haec
2757 5220 2857 5277 vox
2888 5222 3134 5277 cannam,
3160 5200 3297 5277 apud
3335 5212 3527 5265 media:
3559 5213 3743 5266 :etatis

2158 5285 2238 5319 aut
2262 5278 2402 5322 tores
2450 5272 2693 5337 designat
2734 5274 2919 5325 cellam
2964 5272 3243 5340 vinariam,
3276 5289 3368 5333 aut
3397 5282 3630 5335 similem
3660 5282 3743 5337 lo-

2158 5356 2276 5391 eum
2301 5343 2723 5415 subterranruiu,
2751 5343 2857 5411 76
2874 5360 3033 5410 quem
3057 5346 3260 5403 Gallice
3285 5352 3621 5415 appellamus
3642 5369 3745 5405 una

2159 5412 2461 5531 iuvesquod
2500 5409 2618 5463 huic
2642 5409 2983 5479 loco—optime
3022 5422 3288 5485 congruit.
3322 5409 3462 5475 Vide
3496 5420 3742 5476 Glossar.

2204 5493 2505 5531 aumatium.
3652 5508 3659 5512 ’

2204 5493 2505 5543 anguinum.
3652 5508 3659 5512 -

2236 5556 2259 5583 ε’
2291 5548 2395 5630 Pro,
2422 5560 2469 5602 et
2497 5567 2642 5630 nunc.
2676 5552 2951 5630 Loricliius
2979 5554 3335 5630 babet__etiam.
3368 5560 3522 5613 Colb.
3562 5562 3609 5623 Ι,
3651 5580 3751 5630 pa-

2164 5629 2397 5695 scere_et
2430 5636 2577 5699 nunc
2617 5622 2867 5699 familiam
2912 5640 3075 5680 suum.
3122 5626 3219 5680 His
3252 5629 3521 5699 igiturtah
3560 5622 3753 5686 exsilio

2168 5699 2486 5757 ntancrpatts,
2515 5700 2725 5757 cogitat,
2749 5702 2853 5746 etc.
