3944 6176
312 306 414 358 215

1273 302 1354 355 DE
1397 302 1913 359 PERSECUTIONE
1956 304 2334 360 VANDALICA
2379 308 2504 362 LIB.
2551 308 2609 360 ll.

3454 312 3551 368 YM

312 424 599 477 l-ch'csiam
655 422 776 486 Dei,
807 430 862 473 ιιι
905 420 993 489 qui
1051 423 1287 475 membra
1337 424 1511 490 aliqua
1559 424 1880 486 absciderat,
1913 431 1961 486 Α
1992 427 2220 481 medium
2249 430 2533 484 imminens
2555 432 2845 495 calamitas,
2880 433 2976 486 nisi
3008 442 3120 486 uta
3166 445 3353 488 sancto
3383 436 3553 503 Euge-

308 525 472 566 tntum
516 513 765 566 laniando
795 512 1043 580 perderet
1070 526 1285 579 corpus.
1318 512 1445 565 Nam
1473 514 1559 567 die
1603 516 1885 568 Ascensiu-

307 605 385 658 nis
437 602 666 663 Domini,
714 602 889 669 legato
944 602 1171 654 Zenonis
1226 603 1565 669 imperatoris
1622 612 1648 639 ⁸
1681 605 1888 669 Regino

308 704 598 756 irzesente,
628 693 911 763 legendum
948 694 999 745 in
1037 694 1207 751 media
1237 694 1467 747 ecclesia
1496 696 1749 761 episcOpo
1784 697 1886 749 Eu-

304 790 461 853 genio
491 782 672 852 dirigit
724 794 1071 852 praeceptum,
1122 784 1210 835 tali
1265 792 1453 837 tenore
1485 787 1883 853 conscriptum:

306 874 443 941 quod
483 873 644 926 etiam
684 873 945 925 universa:
976 872 1167 926 Africa:
1221 872 1309 943 [al.
1337 873 1565 943 veredis]
1598 876 1885 929 veredariis

304 964 643 1018 currentibus
674 962 990 1017 deStinavit.

685 1088 929 1127 ﬂUNERlCl
971 1086 1119 1124 REGIS
1159 1087 1477 1124 Ρηιεςιῑιιτωι
1492 1112 1503 1123 .

316 1186 537 1255 Eugenio
566 1185 960 1255 Cartltaginensi
978 1227 991 1248 ,
1022 1188 1311 1255 (tuterisque
1338 1187 1588 1256 episcopis
1615 1188 1880 1241 catholicis

372 1275 457 1325 per
503 1257 792 1309 universam
824 1257 1049 1323 Africam
1078 1257 1383 1316 constitutis,
1411 1258 1678 1321 directum,
1710 1270 1761 1311 ut
1813 1262 1879 1311 ad

371 1327 488 1405 ﬁdei
540 1342 649 1380 sua:
708 1326 1017 1379 reddendam
1073 1328 1317 1378 rationem
1376 1326 1735 1396 Carthaginem
1793 1345 1878 1381 t'e-

371 1407 530 1451 munt.

376 1528 391 1559 ι
434 1508 543 1562 ltex
569 1507 806 1561 llunerix
839 1507 1189 1563 Vandalornm
1208 1519 1259 1562 et
1282 1510 1593 1575 Alanorum,
1616 1511 1877 1567 universis

303 1600 559 1667 episcOpis
585 1599 932 1653 omousianis.

372 1712 389 1741 ι
424 1693 538 1746 Non
569 1707 699 1746 semt
719 1692 763 1754 Ι,
791 1693 883 1746 sed
912 1692 1106 1761 saepius
1134 1702 1343 1747 constat
1370 1710 1489 1749 esse
1512 1696 1836 1762 prohibitum
1859 1738 1872 1761 ,

1993 520 2079 571 nio
2121 520 2462 587 rationabilis,
2498 524 2539 574 si
2572 537 2664 577 cor
2692 525 2975 578 barbarum
3010 526 3322 589 molliretur,
3366 541 3553 596 sugge-

1992 611 2153 662 renda
2190 611 2424 675 daretur,
2455 614 2543 666 tali
2587 623 2730 668 textu
2759 618 3075 681 conscripta.

2376 718 2557 758 SANCTI
2601 720 2809 759 EUGRNII
2849 722 3146 761 RESPOSSIO.

1988 817 2092 883 29
2107 815 2435 887 Sugqcrcuda
2459 816 2507 868 11
2514 819 2713 869 unerico
2735 818 2838 883 regi
2855 818 2975 869 data
2986 820 3045 871 ab
3073 818 3298 887 Eugenio
3319 820 3550 884 episcopo

2059 886 2461 951 t.’artlm_qinettsi,
2508 898 2561 939 ut
2593 888 2660 941 ad
2688 888 3007 940 collationem
3036 890 3098 941 de
3125 886 3402 940 communis
3432 888 3550 955 ﬁdei

2057 972 2205 1008 causa
2230 955 2505 1009 habendam
2525 958 2675 1009 etiam
2699 959 3023 1011 transmarini
3050 959 3273 1027 episcopi
3293 967 3545 1011 vocentur.

2054 1084 2070 1113 ‹
2105 1066 2322 1129 Quoties
2352 1069 2543 1120 anima:
2585 1069 2669 1122 vel
2722 1070 2843 1122 vita:
2881 1078 3093 1123 ωιεηιιε
3150 1083 3211 1123 ac
3245 1069 3367 1123 ﬁdei
3392 1068 3547 1123 Chri-

1983 1158 2169 1209 stiame
2208 1172 2362 1212 causa
2397 1168 2671 1225 tractatur,
2708 1160 2971 1228 intrepide
3002 1159 3161 1229 (sicut
3201 1160 3391 1229 regalis
3422 1175 3545 1229 pro-

1981 1247 2210 1299 videntia
2258 1250 2643 1317 compromisit)
2693 1264 2911 1303 necesse
2940 1259 3021 1304 est
3048 1250 3266 1314 utquod
3295 1251 3546 1318 competit

1980 1352 2311 1406 suggeratur.
2339 1339 2516 1403 Nuper
2540 1351 2772 1407 potestas
2799 1342 2940 1409 regia
2966 1356 3058 1407 per
3079 1340 3170 1409 [al.
3190 1336 3542 1406 Witaredum]

1980 1430 2193 1484 Witarit
2248 1432 2512 1484 notarium
2545 1434 2856 1497 parvitatem
2910 1446 3079 1485 meam
3130 1430 3421 1483 admonere
3465 1430 3544 1483 di-

1976 1529 2130 1588 gnata
2177 1531 2285 1583 est;
2335 1522 2423 1589 qui
2447 1518 2472 1556 ἀ
2501 1521 2655 1574 nobis
2683 1522 2748 1574 de
2778 1522 2964 1575 merito
3014 1535 3077 1575 ac
3116 1520 3369 1587 religione
3399 1519 3540 1581 ﬁdei,

1977 1621 2300 1682 prteceptum
2334 1611 2448 1678 ejus
2479 1613 2531 1664 in
2562 1612 2791 1666 ecclesia
2822 1620 3083 1679 priesente
3111 1611 3258 1664 clero
3304 1617 3361 1664 et
3390 1610 3542 1677 plebe

1978 1706 2259 1759 recensuit.
2311 1704 2383 1757 Ex
2436 1703 2585 1771 cujus
2630 1714 2811 1755 tenore
2847 1702 3191 1771 cognovimus
3245 1701 3309 1754 ad
3357 1715 3542 1754 omnes

299 1794 353 1837 ut
380 1786 432 1838 in
458 1785 696 1839 sortibus
731 1785 1084 1838 Vandalorum
1118 1787 1424 1841 sacerdotes
1453 1790 1612 1843 vestri
1640 1806 1875 1843 conven-
1904 1787 1949 1844 Β
1979 1796 2324 1863 coepiscopos
2356 1809 2502 1848 meos
2544 1804 2864 1860 praeceptum
2895 1795 3099 1859 regium
3127 1792 3371 1845 similiter
3399 1806 3539 1845 emao

299 1884 379 1929 tas
423 1876 644 1930 minime
688 1875 1045 1940 celebrarent,
1075 1893 1143 1930 ne
1190 1893 1283 1931 sua
1333 1879 1641 1933 seductione
1668 1884 1869 1934 auiims

298 1964 666 2019 subverterent
686 1965 1036 2019 Christianas.
1069 1967 1236 2032 Quam
1270 1984 1379 2021 rem
1409 1981 1723 2037 spernentes
1759 1974 1871 2039 plu-

297 2058 431 2123 rimi,
465 2074 611 2114 nunc
641 2061 835 2125 reperti
862 2071 986 2113 sunt
1021 2070 1204 2114 contra
1232 2054 1569 2116 interdictum
1604 2066 1795 2117 missas
1818 2065 1867 2116 in

296 2151 523 2204 sortibus
551 2150 907 2204 Vandalorum
939 2153 1143 2220 egisse;
1195 2166 1497 2207 asserentes
1521 2170 1579 2207 se
1610 2156 1867 2223 integram

296 2246 529 2314 regulam
562 2245 876 2299 Christianae
907 2264 968 2300 ac
1012 2263 1150 2301 vera:
1183 2249 1302 2303 lidei
1333 2259 1534 2306 tenere.
1571 2252 1637 2305 Et
1664 2254 1786 2321 quia
1816 2254 1867 2307 in

298 2337 583 2403 provinciis
612 2352 641 2390 a
678 2338 785 2390 Deo
814 2340 968 2391 nobis
995 2344 1268 2395 concessis
1291 2343 1600 2396 scandalum
1633 2359 1752 2399 esse
1775 2359 1871 2399 no-

300 2428 485 2493 lumus,
524 2430 646 2483 ideo
689 2430 779 2483 Dei
814 2430 1166 2498 providentia,
1214 2448 1333 2486 cum
1363 2448 1626 2489 consensu
1657 2446 1867 2491 sancto-

296 2534 407 2572 rum
436 2520 814 2587 epismporum
872 2533 1175 2575 nostrorum
1222 2523 1321 2576 hoc
1364 2539 1460 2577 nos
1499 2526 1747 2581 statuisse
1788 2543 1871 2579 co-

293 2610 558 2678 gnoscite.
613 2621 672 2665 ut
700 2612 764 2663 ad
810 2611 948 2664 diem
995 2612 1336 2667 calentlarum
1382 2614 1408 2652 ιι
1455 2614 1866 2670 Februariarum

299 2702 536 2764 proxime
568 2700 899 2765 futurarum,
927 2703 1121 2754 omissa
1148 2703 1292 2755 omni
1322 2706 1663 2760 excusatione
1687 2704 1869 2759 formi-

294 2790 453 2855 dinis,
476 2806 665 2845 omnes
689 2790 1061 2860 Carthaginem
1086 2796 1329 2858 veniatis,
1351 2805 1406 2848 nt
1425 2796 1491 2850 de
1521 2798 1725 2852 ratione
1747 2798 1866 2851 ﬁdei

294 2895 409 2934 cum
462 2883 660 2936 nostris
716 2883 1109 2937 venerabihbus
1162 2886 1429 2953 episcopis
1474 2889 1685 2955 possitis
1731 2889 1867 2941 inite

294 2972 628 3039 conﬂictum;
671 2983 726 3027 et
758 2975 839 3027 tidi
863 2991 911 3027 m
940 2978 1395 3041 omousianorum,
1428 2994 1585 3046 quam
1629 2979 1867 3033 delendi-

295 3067 378 3129 tis,
411 3065 482 3119 de
512 3064 607 3136 [al.
637 3065 885 3137 diversis]
913 3066 1100 3120 divinis
1132 3068 1419 3133 Scripturis
1442 3071 1653 3139 proprie
1674 3087 1866 3140 appro-

1978 1901 2151 1947 nasse,
2186 1895 2241 1939 nt
2292 1886 2379 1937 die
2410 1890 2695 1939 constituta
2752 1898 2847 1951 pro
2886 1883 3241 1951 disputatione
3272 1882 3409 1950 fidei
3449 1898 3539 1936 ve-

1974 1982 2167 2041 utatur,
2192 1976 2329 2045 quod
2349 1991 2444 2031 nos
2470 1977 2843 2031 venerabiliter
2866 1977 3135 2042 accepisse
3156 1975 3537 2042 suggessimus.

1974 2070 2067 2122 Cui
2095 2067 2315 2135 pra'falo
2344 2069 2548 2121 notario
2579 2068 2848 2121 humilitas
2876 2081 2990 2120 mea
3035 2067 3316 2136 suggessit,
3343 2064 3538 2119 debere

1972 2162 2129 2213 etiam
2164 2160 2631 2213 transmarinarum
2682 2159 2917 2211 omnium
2966 2156 3211 2224 partium,
3244 2156 3330 2222 qui
3362 2153 3539 2207 nobis-

1975 2270 2093 2307 cum
2120 2261 2244 2306 sunt
2268 2256 2319 2305 in
2347 2268 2444 2305 una
2473 2252 2726 2321 rclig‘one
2748 2252 2827 2304 vel
2851 2252 3221 2305 communiooe
3242 2258 3535 2310 consortes,

1973 2359 2287 2413 agnoscere;
2316 2346 2435 2410 quia
2463 2342 2655 2409 ubique
2685 2358 2847 2411 regno
2876 2341 2990 2410 ejus
3018 2342 3387 2409 obtemperant
3417 2340 3537 2393 uni-

1971 2436 2107 2488 versi
2144 2452 2154 2485 :
2197 2434 2420 2487 maxime
2450 2431 2589 2501 quod
2638 2434 2800 2487 totius
2850 2432 3028 2486 mundi
3060 2432 3130 2485 sit
3180 2445 3378 2492 causa,
3432 2445 3535 2483 non

1972 2526 2214 2587 sizccialis
2282 2524 2671 2591 provinciarum
2741 2522 3106 2577 Africanarum
3174 2522 3536 2574 tantummodo

1940 2654 1941 2657 η
1974 2618 2038 2671 Ει
2063 2619 2181 2685 quia
2212 2616 2445 2669 secundo
2478 2630 2733 2684 responsn
2764 2615 3146 2683 suggerendam
3188 2630 3274 2668 me
3321 2613 3533 2681 promisi

1971 2710 2294 2772 oblaturum,
2342 2709 2534 2762 merito
2564 2710 2873 2777 suppliciter
2903 2708 2993 2778 [al.
3026 2706 3234 2776 prcCor'J
3268 2720 3389 2772 peto
3419 2723 3533 2760 ma-

1970 2801 2323 2869 gnificentiam
2380 2797 2545 2860 uiam,
2577 2808 2632 2852 ttt
2674 2800 2739 2852 ad
2785 2798 2983 2850 domini
3035 2808 3090 2851 et
3136 2797 3531 2853 clementissimi

1971 2894 2110 2960 regis
2136 2906 2291 2945 aures
2314 2899 2658 2945 memoratam
2686 2890 3073 2956 suggestionem
3104 2903 3274 2942 meam
3304 2890 3533 2955 perferre

1971 2983 2236 3051 digneris;
2260 2997 2364 3052 quo
2392 2982 2506 3048 ejus
2526 2981 2803 3035 clementia
2827 2982 3108 3049 dignanter
3135 2988 3408 3048 agnoscat,
3440 2994 3534 3032 nos

1971 3076 2381 3140 disiintationem
2434 3074 2583 3142 legis,
2616 3087 2733 3126 cum
2783 3072 2875 3126 Dei
2924 3072 3187 3140 adiutorio
3241 3073 3534 3126 nullatenus

296 3155 458 3219 betis,
483 3171 592 3224 quo
620 3158 785 3223 possit
808 3160 1022 3223 agnosci
1052 3158 1096 3211 si
1142 3159 1400 3228 integram
1430 3162 1581 3215 Iidem
1617 3163 1860 3217 tenealis.
1891 3150 1935 3209 Ο
1969 3168 2235 3222 declinare
2274 3166 2355 3219 vel
2388 3165 2601 3233 lugere;
2633 3167 2725 3217 sed
2760 3164 2875 3218 sine
2904 3164 3263 3217 universitatis
3292 3179 3532 3229 assensu,

296 3246 461 3314 llujus
488 3260 667 3301 autem
708 3248 866 3302 edicti
894 3260 1133 3303 tenorem
1166 3253 1425 3307 universis
1469 3254 1561 3327 [al.
1591 3257 1863 3324 coepisco-

297 3335 393 3404 pis]
422 3337 688 3405 episcopis
721 3339 822 3391 tuis
849 3354 943 3407 per
974 3341 1271 3393 universam
1304 3341 1535 3397 Africam
1565 3347 1864 3400 constitutis

294 3426 601 3482 direximus.
640 3427 764 3480 Data
795 3428 895 3482 sub
938 3429 1023 3483 die
1064 3430 1271 3485 decimo
1295 3432 1455 3486 tertio
1498 3435 1749 3489 calendas
1773 3437 1867 3491 Ju-

296 3522 425 3582 nias,
449 3534 589 3573 anno
608 3522 834 3587 septimo
862 3524 1007 3590 regni
1036 3522 1307 3575 lluuerici.
1349 3543 1364 3572 I

364 3612 500 3666 XIV.
532 3611 928 3679 Cugnoscentes
958 3614 1113 3682 igitur
1142 3614 1229 3682 qui
1260 3614 1565 3683 aderamus,
1600 3618 1863 3685 simulque

294 3706 531 3774 legentes
555 3745 570 3769 ,
627 3706 912 3759 contritum
958 3715 1040 3759 est
1068 3708 1335 3774 extemplo
1386 3722 1479 3761 cor
1517 3716 1778 3773 no~trum,
1808 3721 1861 3763 et

294 3798 656 3852 contenebrati
680 3808 801 3850 sunt
830 3798 969 3851 oculi
1000 3799 1199 3863 nostri;
1231 3807 1285 3852 et
1310 3814 1436 3853 vere
1460 3810 1579 3853 tunc
1602 3801 1715 3854 dics
1743 3800 1861 3854 festi

292 3892 459 3943 nostri
489 3890 733 3943 conversi
764 3889 959 3942 suntin
1001 3889 1228 3952 luctum,
1257 3898 1311 3943 et
1335 3894 1538 3945 cantica
1570 3890 1623 3943 in
1662 3892 1863 3974 lamen-

292 3984 579 4048 tationem,
626 3982 750 4035 dum
788 3982 945 4036 edicti
974 3992 1128 4036 tenor
1159 3982 1418 4037 indicaret
1453 3982 1644 4037 totum
1684 3998 1862 4052 perse-

290 4075 516 4129 cutionis
535 4074 795 4138 furorem;
823 4083 877 4126 et
901 4075 1193 4141 prmsertim
1221 4075 1305 4128 ubi
1324 4075 1460 4128 dixit
1481 4093 1491 4126 :
1510 4073 1573 4127 In
1589 4076 1861 4145 provinciis

290 4183 319 4217 ιι
348 4165 452 4218 Deo
481 4165 623 4217 nobis
643 4167 891 4216 concessis
918 4164 1217 4217 scandalum
1245 4182 1348 4218 esse
1377 4167 1645 4220 nolumus:
1670 4178 1691 4205 ο
1709 4169 1860 4235 quasi

289 4258 493 4310 diceret
531 4272 547 4310 :
589 4256 644 4308 In
670 4255 954 4321 provinciis
986 4255 1180 4308 nostris
1230 4254 1519 4309 catholicos
1544 4270 1662 4310 esse
1707 4257 1859 4311 nolu-

289 4365 429 4403 mus.
460 4347 767 4402 Tractatum
799 4356 882 4401 est
919 4346 1044 4416 quid
1087 4346 1255 4400 ﬁeret.
1298 4347 1509 4401 Nullum
1547 4347 1748 4402 invenit
1775 4363 1860 4401 re-

1970 3273 2064 3313 nos
2096 3274 2200 3312 non
2228 3258 2426 3311 debere
2456 3256 2760 3310 asserenda:
2809 3255 2931 3310 ﬁdei
2959 3263 3155 3310 nostra:
3184 3269 3368 3308 causas
3389 3268 3533 3308 assu-

1970 3366 2135 3405 mere.
2159 3350 2307 3415 Quod
2342 3349 2565 3414 petimus
2593 3356 2648 3399 ut
2672 3344 3022 3413 benignitate,
3042 3359 3142 3415 qua
3166 3354 3345 3397 tantus
3362 3354 3461 3407 est,
3485 3356 3535 3397 ct

1964 3440 2168 3506 jttstitia
2218 3440 2495 3506 sapientia:
2544 3452 2655 3490 sua!
2702 3436 2951 3503 dignetur
2999 3449 3257 3489 annuere.
3291 3434 3417 3486 Data
3470 3436 3535 3485 ah

1970 3530 2204 3597 liugenio
2233 3534 2481 3596 episcopo
2520 3528 2769 3581 Ecclesia:
2815 3526 3093 3581 catholica:
3124 3526 3477 3594 Carthaginis.
3513 3547 3529 3576 ι

2040 3621 2153 3674 XV.
2195 3620 2461 3691 Rejicitur.
2488 3647 2557 3659 —-
2587 3619 2691 3671 Sed
2720 3634 2841 3671 cum
2873 3616 2989 3671 haec
3017 3618 3284 3685 suggestio
3316 3632 3345 3669 a
3382 3618 3534 3669 beato

1967 3702 2203 3780 Eugenio
2232 3710 2532 3768 oﬂ‘erretur.
2561 3708 2650 3763 ille
2678 3708 2765 3777 qui
2791 3707 2898 3776 jam
2927 3717 3249 3776 conceperat
3274 3709 3533 3769 tlo‘orem,

1967 3803 2251 3872 urgebatur
2280 3802 2615 3869 iniquitatem
2646 3801 2859 3869 gravius
2886 3802 3187 3870 parturire;
3226 3810 3276 3853 et
3318 3801 3390 3854 ita
3415 3813 3534 3854 san~

1964 3905 2050 3948 cto
2076 3894 2189 3947 viro
2220 3894 2457 3962 Eugenio
2499 3893 2749 3961 episc0po
2792 3909 2885 3960 per
2918 3903 2940 3930 ε
2972 3891 3243 3947 Cubadum
3281 3894 3534 3961 przeposi-

1968 3997 2077 4037 tutn
2124 3984 2273 4052 regni
2319 3986 2398 4037 sui
2433 3984 2715 4037 mandasse
2758 3982 2974 4037 videtur
3004 4002 3014 4034 :
3047 3983 3226 4037 Subde
3265 3982 3391 4035 mihi
3422 3985 3533 4035 uni-

1968 4089 2178 4129 versum
2205 4074 2386 4128 orbem
2422 4085 2702 4136 terrarum,
2736 4084 2791 4126 ut
2824 4074 2921 4126 sub
2951 4081 3211 4140 potestate
3250 4088 3364 4125 mea
3398 4080 3533 4125 totus

1967 4166 2195 4221 mundus
2224 4166 2516 4234 redigatur,
2544 4174 2597 4219 et
2624 4164 2776 4223 facio.
2801 4181 2833 4217 ο
2865 4164 3088 4232 Eugeni,
3107 4166 3243 4233 quod
3269 4165 3421 4216 dicis.
3456 4164 3531 4217 Ad

1965 4256 2102 4324 quod
2151 4255 2335 4310 beatus
2365 4255 2632 4325 Eugenius
2680 4253 2953 4321 respondit
2986 4263 3040 4306 ut
3085 4253 3178 4324 [al.
3210 4253 3405 4321 decuit]
3438 4268 3533 4320 po-

1967 4348 2064 4400 tuit
2093 4364 2105 4399 :
2139 4345 2292 4411 Quod
2320 4346 2603 4413 rationem,
2634 4346 2825 4414 inquit,
2857 4361 2959 4398 non
2986 4344 3162 4409 habet,
3185 4344 3286 4398 dici
3312 4358 3415 4398 non
3438 4345 3532 4399 de-

360 4542 383 4566 ·
418 4531 589 4595 MarL,
626 4530 801 4599 Fttlg.,
837 4528 1043 4591 Germ.,
1072 4542 1191 4599 c_um
1224 4527 1475 4590 Ottltod.,
1519 4528 1665 4589 Sur.,
1718 4528 1859 4582 Lorio
1890 4532 1938 4589 D
1961 4527 2487 4599 Januariorum;_qui
2512 4535 2684 4599 tamen
2719 4524 3075 4599 inlra_habent
3112 4523 3529 4599 febr-uariarum.

288 4605 432 4665 chio,
454 4610 510 4655 et
536 4596 759 4665 Beliorf,
788 4615 903 4668 rege
930 4616 1051 4651 non.
1075 4596 1225 4651 Colb.
1257 4600 1310 4660 1,
1342 4614 1455 4668 rege
1483 4611 1673 4650 nostro.
1706 4598 1854 4666 Bign.

288 4617 432 4665 cuto,
454 4617 510 4655 et
537 4617 759 4665 uettor.,
788 4617 842 4652 re
877 4617 903 4650 e
930 4617 1051 4651 non.
1075 4617 1225 4651 υοιι).
1257 4617 1310 4660 ι,
1342 4617 1455 4668 rege
1483 4617 1673 4650 nostro.
1706 4617 1854 4666 utgn.

287 4682 341 4726 et
371 4673 544 4748 Baith,
573 4672 765 4748 regina.
798 4617 1569 4748 ligenﬁnr,legaprsru-regina
1591 4679 1854 4734 prasente,

285 4751 391 4795 etc.
436 4741 592 4796 Certe
629 4736 893 4801 Eudoxia,
943 4736 1297 4791 Valentiniani
1343 4736 1666 4790 tilia’ltomae
1706 4749 1855 4804 capta

289 4812 594 4865 Ilunnerico
624 4818 905 4877 nupserat;
938 4807 1154 4875 sedjam
1180 4806 1457 4874 aufugerat
1480 4808 1855 4861 Constantino-

288 4881 472 4947 polim,
502 4890 559 4934 ut
582 4880 749 4934 refert
770 4877 1024 4947 Zonaras.
1052 4878 1179 4929 Eam
1205 4891 1325 4947 cum
1351 4878 1541 4930 marito
1566 4881 1718 4931 annis
1738 4894 1860 4932 ses-

286 4945 459 5004 decim
484 4951 683 5004 vixisse
712 4948 872 5002 tradit
900 4946 1229 5013 Nicephorns
1256 4945 1343 5000 lib.
1380 4963 1449 4999 xv
1482 4948 1701 5011 llistor.,
1734 4962 1851 5015 cap.

290 5020 360 5073 12
393 5038 406 5072 :
440 5022 579 5074 unde
606 5018 934 5073 retinendam
966 5032 1087 5070 esse
1114 5016 1397 5070 lectionem
1429 5018 1691 5085 vulgatam
1725 5033 1852 5069 cen-

286 5105 487 5143 semus.
523 5090 730 5143 Etenim
757 5088 986 5155 Reginus
1015 5101 1197 5141 comes
1222 5089 1392 5154 potuit
1428 5095 1552 5141 tunc
1579 5087 1631 5140 in
1672 5086 1852 5139 Alrica

288 5158 453 5213 fuisse
485 5159 709 5228 legatus.
741 5158 870 5210 Eum
887 5171 1087 5228 nempe
1115 5156 1257 5209 Afris
1287 5156 1451 5228 probe
1480 5166 1661 5209 notum
1691 5156 1855 5209 fuisse

286 5239 455 5297 patet,
482 5226 623 5294 quod
653 5236 835 5293 postea
870 5227 932 5297 in
973 5226 1205 5297 Orientis
1252 5226 1487 5297 partibus
1516 5228 1855 5287 constitutus,

283 5294 611 5365 quaestiones
631 5298 838 5365 aliquot
866 5296 1020 5351 beato
1044 5294 1323 5365 Fulgentio
1348 5296 1629 5349 solvendas
1662 5312 1853 5363 propo-

284 5364 415 5434 suit,
438 5370 631 5437 quibus
650 5364 744 5422 ille
767 5366 1210 5437 responditepist.
1244 5364 1339 5428 18;
1366 5373 1424 5437 et
1453 5375 1571 5437 post
1596 5366 1852 5437 fulgentii

272 5433 515 5492 mortem
568 5433 873 5493 Ferrandus
919 5433 1194 5500 diaconus,
1247 5442 1301 5486 ut
1330 5433 1566 5501 ejusdem
1600 5433 1851 5489 Fert-andi

280 5508 597 5572 opusculum
638 5508 709 5561 de
738 5506 839 5559 ltoc
871 5516 1183 5573 argumento
1212 5513 1455 5558 testatur.
1498 5504 1625 5557 lllttd
1655 5506 1850 5558 editum

281 5588 369 5633 est
394 5595 423 5630 a
456 5576 729 5631 Chimetio
759 5591 878 5630 cum
922 5577 1130 5631 eteteris
1156 5575 1399 5644 ejusdem
1427 5576 1658 5629 auctoris
1686 5577 1852 5643 operi.

282 5653 406 5706 bus,
439 5648 678 5714 Diviune,
702 5661 843 5700 anno
865 5646 1022 5699 1649.

355 5718 381 5756 b
406 5718 559 5774 Colb.
591 5718 646 5782 ‘2,
678 5715 1041 5783 Ful.,(}crm.,
1070 5715 1241 5782 Mart.,
1277 5713 1573 5779 Lorichius,
1602 5714 1846 5777 etUrth.,

1968 4599 2027 4649 Et
2061 4599 2192 4649 intra
2240 4612 2336 4664 pro
2365 4596 2550 4648 .lunias
2592 4597 2799 4657 Gerun,
2844 4594 2981 4657 Fu|.,
3030 4603 3086 4648 et
3114 4594 3295 4659 Orth.,
3336 4596 3530 4649 habent

1964 4666 2152 4720 Iulias.
2190 4668 2366 4729 Mart.,
2401 4682 2456 4718 ιιι
2488 4666 2588 4718 σαι.
2611 4664 2798 4718 Julius.

2038 4747 2058 4774 ε
2088 4738 2242 4799 Quasi
2268 4736 2452 4788 diceret
2475 4751 2491 4786 :
2515 4733 2577 4787 In
2602 4736 2868 4803 provinciis
2898 4734 3102 4799 nostris,
3128 4733 3404 4803 catholicos
3427 4750 3531 4787 esse

1968 4807 2222 4859 nolumus.
2276 4807 2399 4858 Haec
2442 4801 2634 4859 desunt
2681 4806 2730 4858 in
2773 4804 3008 4859 Colbert.
3040 4804 3292 4867 I,Mart.,
3322 4801 3529 4867 Gertn.,

1966 4876 2234 4937 L0ticliio,
2264 4885 2319 4929 et
2343 4874 2566 4930 Orthod.
2606 4875 2671 4929 Et
2694 4873 2958 4937 inira,nbi
2978 4890 3040 4927 ex
3076 4872 3227 4927 Colh.
3283 4875 3305 4927 1
3356 4875 3529 4939 posui—

1964 4960 2103 5012 mus,
2132 4947 2229 4999 nisi
2255 4956 2307 4997 ut
2338 4962 2368 4996 a
2396 4956 2586 5006 sancto,
2620 4958 2723 4998 etc.
2760 4945 3002 5012 Plerique
3028 4944 3154 4997 editi
3194 4944 3387 4996 Itahent
3430 4945 3527 4995 nisi

1964 5033 1994 5064 a
2019 5026 2214 5079 sancto,
2252 5025 2357 5069 etc.
2390 5014 2577 5068 Cazteri
2613 5015 2724 5067 fere
2756 5029 2885 5066 mss.
2919 5028 3039 5067 cum
3080 5012 3229 5067 Orth.
3288 5023 3341 5066 et
3382 5014 3528 5067 Lori-

1962 5086 2106 5149 chio,
2148 5084 2291 5137 Tunc
2331 5095 2504 5135 sancto
2538 5084 2763 5153 Eugenio
2791 5084 3110 5137 rationabilis
3141 5100 3297 5137 causa
3328 5086 3429 5137 t'isa
3460 5089 3529 5135 cst

1962 5156 2006 5206 si
2036 5172 2123 5207 cor
2149 5155 2417 5207 barbarum
2442 5153 2720 5225 moliretur,
2751 5154 3091 5222 suggerendo,
3125 5156 3168 5208 si
3199 5156 3406 5225 legenda
3436 5156 3527 5205 da-

1963 5233 2100 5277 retur
2120 5226 2212 5276 tali
2238 5234 2373 5277 textu
2393 5224 2601 5291 epistola
2626 5226 2930 5289 conscripta.

2033 5292 2060 5331 ά
2086 5294 2239 5348 Colb.
2278 5294 2335 5355 2,
2375 5293 2517 5355 Ful.,
2546 5292 2749 5357 Germ.,
2790 5294 2963 5355 Mart.,
3006 5293 3171 5355 Port.,
3212 5302 3262 5344 et
3305 5290 3523 5342 Ol'liltlti.

1958 5377 2079 5417 eum
2130 5363 2397 5428 Loricltio,
2451 5364 2589 5415 nobis
2620 5368 2797 5416 merito
2836 5363 3095 5431 religionis
3119 5379 3177 5411 ut:
3205 5362 3342 5426 ﬁdei.
3376 5359 3521 5413 Colb.

1964 5434 2167 5495 tertius,
2200 5435 2264 5485 de
2290 5434 2472 5486 merito
2500 5435 2757 5501 religionis
2784 5434 2902 5497 ﬁdei
2930 5433 3037 5492 eius
3055 5446 3176 5498 prtL‘t
3194 5440 3383 5501 cptuttt.

2035 5516 2057 5539 ε
2079 5503 2231 5556 Colh.
2260 5503 2309 5565 l,
2331 5517 2450 5557 cum
2474 5498 2675 5568 aliquot
2703 5503 2878 5561 editis,
2903 5500 3165 5559 Ubudum;
3196 5498 3345 5551 Colb.
3371 5499 3517 5565 alter,

1964 5574 2249 5635 Uubadttm,
2302 5584 2354 5625 et
2383 5574 2461 5625 sic
2512 5572 2666 5624 infra.
2700 5571 2857 5623 l‘attlo
2896 5579 3038 5631 ante,
3065 5568 3381 5634 iniquitatem
3410 5588 3509 5636 invt-

1959 5645 2067 5695 rius
2101 5644 2372 5707 parturire.
2400 5641 2699 5705 Lorichius,
2745 5649 2795 5690 ut
2828 5637 3141 5706 iniquitatem
3170 5640 3372 5709 gravius
3400 5657 3515 5706 pur-

1960 5714 2159 5769 turit'ct.
3016 5728 3027 5734 ‘
