3944 6176
446 297 550 354 215

1748 289 2053 346 VICTORIS
2094 289 2398 347 VITENSIS

3589 290 3693 347 Sic

445 410 573 465 buit.
612 407 698 463 Sic
723 416 805 461 est
832 405 930 460 hoc
956 403 1219 473 quomodo
1247 402 1292 459 si
1321 402 1530 457 dicatur
1566 402 1791 469 homini,
1824 413 1881 457 ut
1917 418 2008 472 per
2042 409 2092 466 Α
2120 412 2317 471 quanto
2361 404 2526 472 magis
2554 403 2852 457 communis
2897 417 3077 458 mensa
3106 404 3343 457 ciborum
3393 404 3583 471 poterit
3612 405 3693 458 in-

441 516 566 554 aera
595 499 795 553 feratur
819 506 873 551 et
900 496 1107 561 volitet,
1136 493 1277 565 quod
1325 496 1489 547 moris
1518 508 1623 548 non
1651 503 1734 548 est
1765 497 2010 548 humana:

442 600 667 643 naturae.
712 586 829 640 Dixi
856 586 1024 651 enim,
1073 586 1117 640 si
1162 593 1396 640 nostram
1431 584 1611 649 fidem,
1641 601 1759 654 qua:
1803 602 1907 640 una
1959 594 2014 640 et

441 694 565 733 vera
593 678 726 733 fides
769 686 884 741 est,
933 686 1168 745 potestas
1216 676 1359 745 regis
1383 691 1677 744 agnoscere
1717 676 2010 744 desiderat,

440 770 613 822 mittat
659 768 727 822 ad
779 770 980 821 amicos
1027 783 1153 821 suos
1186 782 1199 814 τ
1231 766 1460 820 scribam
1519 776 1573 819 et
1618 782 1716 835 ego
1766 767 2014 820 fratribus

440 860 591 924 meis,
624 869 683 913 ut
708 860 921 913 veniant
947 858 1249 926 coepiscopi
1280 858 1407 921 mei,
1436 857 1525 926 qui
1560 858 1711 910 vobis
1736 858 2011 911 nobiscum

437 968 773 1006 communem
806 952 963 1005 fidem
996 961 1229 1004 nostram
1272 950 1485 1002 valeant
1527 953 1916 1013 demonstrare,
1960 961 2013 1002 et

440 1046 703 1112 prmcipue
732 1044 969 1098 Ecclesia
997 1043 1256 1105 Romana,
1280 1056 1397 1108 qme
1426 1049 1450 1076 ι
1477 1052 1635 1107 caput
1660 1049 1743 1093 est
1775 1042 2010 1093 omnium

440 1136 821 1191 Ecclesiarum.
855 1136 934 1187 Ad
969 1134 1082 1187 haec
1106 1132 1355 1186 Cubadus
1387 1152 1398 1183 :
1432 1133 1569 1201 Ergo
1591 1142 1666 1196 tu,
1691 1143 1744 1186 et
1764 1134 2013 1187 duuinus

440 1242 591 1281 meus
618 1243 733 1290 rex,
764 1226 970 1279 similes
1001 1224 1164 1277 estis?
1196 1224 1464 1291 Eugenius
1509 1222 1795 1291 episcopus
1833 1226 1971 1277 dixit
1998 1243 2007 1276 :

441 1319 549 1387 Ego
575 1316 763 1371 similis
792 1316 900 1384 regi
949 1330 1053 1367 non
1103 1329 1250 1378 sum;
1281 1315 1373 1367 sed
1404 1313 1511 1367 dixi
1548 1333 1559 1367 :
1592 1314 1649 1367 Si
1695 1330 1873 1367 veram
1924 1331 2016 1368 co-

436 1424 692 1479 gnoscere
719 1407 986 1462 desiderat
1016 1406 1172 1459 fidem
1192 1446 1206 1470 ,
1234 1406 1433 1458 scribat
1474 1406 1661 1458 amicis
1682 1406 1813 1469 suis,
1846 1415 1903 1458 ut
1928 1406 2013 1459 di-

437 1502 609 1571 rigant
653 1510 863 1555 nostros
906 1499 1203 1553 catholicos
1243 1499 1557 1565 episcopos;
1608 1510 1660 1551 et
1710 1513 1809 1565 ego
1839 1498 2015 1550 scribo

436 1592 768 1662 coepiscopis
796 1592 951 1655 meis,
981 1590 1103 1657 quia
1150 1590 1426 1643 catholica:
1460 1588 1582 1642 fidei
1616 1590 1878 1641 universa:
1911 1604 2010 1641 una

436 1696 517 1740 est
545 1700 725 1739 causa.
751 1684 863 1738 Hoc
906 1685 1095 1751 agebat
1120 1683 1413 1751 Eugenius,
1460 1696 1566 1734 non
1592 1684 1730 1749 qnol
1763 1683 2012 1735 deessent

2119 494 2372 562 quinare,
2419 508 2539 547 cum
2587 494 2727 547 dicat
2777 494 2916 548 idem
2953 492 3237 561 Apostolus
3271 512 3283 546 :
3315 508 3433 548 cum
3475 494 3692 550 nefariis

2120 599 2218 639 nec
2238 585 2412 638 cibum
2447 584 2644 638 habere
2667 599 3005 638 communem
3039 582 3091 647 (I
3119 583 3237 637 Cor.
3270 600 3322 648 v,
3355 585 3480 649 il)?

2190 675 2352 729 XVII.
2397 674 2584 744 Ingens
2632 676 2959 728 miraculum.
2991 705 3061 714 —
3095 675 3198 729 Sed
3241 690 3360 729 cum
3409 675 3545 744 ignis
3578 675 3688 743 jam

2120 766 2508 835 persecutionis
2554 764 2969 830 accenderetur,
3022 772 3077 817 et
3128 764 3340 818 flamma
3392 763 3688 818 infestantis

2119 857 2312 923 ubique
2339 856 2477 925 regis
2504 856 2749 919 arderet,
2786 855 3021 910 ostendit
3043 857 3184 910 Deus
3212 865 3395 909 noster
3422 856 3686 924 quoddam

2118 948 2429 1002 miraculum
2489 963 2584 1013 per
2627 962 2839 1001 servum
2888 961 3042 1001 suum
3109 947 3319 1000 fidelem
3372 946 3685 1013 Eugenium,

2116 1039 2256 1107 quod
2308 1040 2581 1106 praeterire
2626 1054 2729 1090 non
2761 1038 2950 1091 debeo.
2986 1037 3105 1091 Fuit
3134 1039 3185 1089 in
3231 1037 3417 1091 eadem
3446 1038 3686 1102 civitate,

2118 1131 2168 1182 id
2203 1140 2282 1183 est
2311 1130 2648 1198 Carthagine,
2681 1129 2895 1199 quidam
2922 1145 3094 1184 caicus
3133 1131 3336 1183 civibus
3381 1131 3687 1199 civitatique

2119 1220 2445 1282 notissimus,
2475 1221 2689 1274 nomine
2720 1222 2887 1275 Felix.
2924 1222 3018 1275 Hic
3071 1222 3316 1274 visitatur
3361 1236 3389 1273 a
3443 1222 3686 1284 lion‘iino.

2117 1312 2416 1379 diciturque
2443 1312 2491 1365 ei
2524 1322 2679 1367 nocte
2709 1328 2804 1381 per
2849 1312 3017 1364 visum
3042 1353 3056 1376 ,
3090 1322 3111 1348 ο
3144 1313 3258 1366 dies
3286 1313 3686 1385 enitnEpipha-

2118 1403 2326 1457 nierum
2355 1405 2698 1459 illucescebat
2730 1422 2742 1457 :
2776 1404 2976 1474 Surge,
3009 1403 3141 1456 vade
3163 1404 3228 1457 ad
3259 1419 3469 1457 servum
3514 1422 3685 1457 meum

2120 1495 2417 1563 Eugenium
2448 1497 2779 1565 episcopum,
2808 1505 2861 1548 et
2886 1496 3031 1548 dices
3057 1495 3128 1558 ei,
3169 1496 3291 1563 quia
3322 1511 3419 1561 ego
3449 1505 3500 1547 te
3528 1495 3594 1547 ad
3627 1498 3685 1547 il-

2118 1586 2223 1638 lum
2266 1587 2455 1639 direxi.
2490 1586 2555 1639 Et
2595 1586 2685 1639 illa
2718 1585 2847 1639 hora
2901 1601 3000 1654 qua
3051 1586 3323 1638 benedicet
3366 1586 3585 1647 fontem,
3635 1598 3685 1638 ut

2120 1678 2451 1745 baptizentur
2506 1677 2822 1732 accedentes
2872 1678 2935 1730 ad
2984 1676 3162 1739 fidem,
3192 1681 3461 1746 continget
3508 1680 3690 1735 oculos

436 1778 488 1831 in
522 1776 694 1830 Africa
729 1776 817 1844 qui
848 1774 1277 1827 adversariorum
1309 1774 1516 1841 objecta
1548 1775 1885 1836 refellerent,
1919 1775 2007 1827 sed

2121 1777 2271 1832 tuet,
2300 1779 2353 1821 et
2392 1770 2719 1837 aperientur,
2773 1777 2828 1822 et
2871 1768 3076 1822 videbis
3122 1770 3322 1823 lumen.
3350 1770 3447 1835 Qui
3497 1770 3588 1822 tuli
3618 1772 3687 1824 vi.-

436 1876 494 1921 ttt
522 1868 596 1920 illi
622 1868 914 1932 venissent,
946 1865 1037 1933 qui
1081 1865 1241 1918 alieni
1273 1867 1338 1917 ab
1364 1880 1547 1918 eorum
1575 1866 1873 1926 dominatu,
1901 1882 2013 1918 ma-

437 1957 602 2024 iorem
654 1954 899 2007 liduciam
943 1954 1203 2007 libertatis
1238 1952 1515 2016 baberent,
1567 1956 1872 2021 pariterque
1918 1969 2013 2020 np-

438 2046 727 2115 pressionis
757 2053 953 2099 nostra?
999 2045 1295 2099 calumnias
1326 2044 1594 2098 universis
1642 2046 1797 2097 terris
1826 2054 1879 2098 et
1920 2058 2011 2112 po-

438 2139 575 2208 pulis
605 2140 927 2190 nuntiarent.
1138 2198 1143 2203 η

511 2228 644 2281 XVI.
667 2226 731 2279 In
757 2228 1014 2295 episcopos
1042 2224 1433 2279 stultitim—Ille
1456 2235 1632 2279 autem
1656 2227 1745 2295 qui
1765 2228 2012 2281 nectebat

436 2318 587 2370 dolos
609 2358 625 2382 ,
656 2316 841 2369 audire
877 2317 1047 2368 noluit
1077 2315 1336 2368 rationem
1364 2358 1378 2380 ,
1411 2329 1573 2381 agens
1600 2318 2011 2383 argumentatio-

438 2408 593 2461 nibus
624 2408 848 2470 crebris,
882 2416 941 2459 ut
968 2420 1317 2473 quoscunque
1357 2404 1727 2473 episcoporum
1774 2407 2012 2459 audierat

434 2498 693 2565 eruditos,
714 2498 877 2551 variis
905 2498 1341 2552 insectationibus
1361 2498 1601 2565 agitaret.
1627 2497 1742 2551 Jam
1775 2501 1837 2549 ad
1869 2498 2010 2551 exsi-

437 2594 561 2647 liunt
613 2592 640 2630 ι)
688 2591 1009 2646 Vibiancne
1053 2592 1289 2645 secundo
1347 2592 1697 2645 Domitianum
1751 2592 2011 2658 impositis

436 2694 650 2738 centum
698 2684 1076 2752 quinquaginta
1131 2682 1360 2736 fustibus
1411 2683 1626 2735 tuiserat
1677 2684 2004 2749 episCOpum,

441 2780 542 2847 21
574 2792 779 2830 necnon
810 2786 861 2829 et
891 2776 1284 2830 Sufetulensem
1315 2774 1651 2839 Prwsidium,
1689 2776 1857 2826 virum
1881 2774 2009 2827 satis

439 2884 671 2923 acutum.
691 2870 838 2923 Tunc
858 2880 911 2924 et
936 2870 1265 2923 venerabiles
1287 2872 1638 2933 Mansuetum,
1664 2871 2006 2935 Germanum,

439 2961 743 3025 Fusculum,
775 2968 829 3011 et
875 2960 1069 3011 multos
1112 2960 1245 3011 alios
1278 2958 1562 3026 fustigavit.
1600 2960 1731 3012 Dutn
1764 2959 1875 3011 bzec
1920 2974 2011 3026 ge-

438 3057 646 3113 runtur,
675 3049 902 3116 imperat
923 3059 980 3101 ut
999 3064 1117 3101 cum
1139 3061 1332 3101 nostr-a-
1354 3050 1623 3116 religionis
1644 3052 1771 3103 viris
1797 3051 2007 3103 illorum

2117 1860 2269 1913 sione
2312 1862 2691 1925 commonitus,
2723 1867 2914 1928 putans
2936 1874 3014 1922 se,
3059 1859 3327 1928 quomodo
3350 1860 3566 1925 asSolet,
3597 1861 3681 1914 de-

2116 1951 2224 2004 ludi
2258 1967 2349 2018 per
2393 1953 2657 2003 somnium
2680 1992 2696 2015 ,
2730 1966 2949 2019 surgere
2999 1951 3166 2004 noluit
3194 1966 3387 2006 ctecus.
3417 1952 3520 2006 Sed
3568 1967 3686 2006 cum

2116 2043 2306 2095 iterum
2339 2052 2618 2109 urgeretur
2645 2043 2696 2095 in
2726 2057 3006 2107 somnum,
3048 2042 3294 2097 similiter
3325 2054 3379 2096 ut
3420 2044 3486 2097 ad
3516 2044 3683 2113 Euge-

2115 2138 2258 2189 nium
2292 2147 2554 2205 pergeret,
2584 2136 2942 2204 compellitur.
2977 2136 3182 2189 Rursus
3212 2137 3460 2205 negligit,
3505 2139 3684 2191 tertio-

2113 2243 2216 2294 que
2262 2228 2572 2282 festinanter
2598 2238 2651 2281 et
2680 2228 2913 2294 graviter
2959 2228 3286 2295 increpatur.
3319 2228 3523 2281 Excitat
3564 2244 3683 2296 pue-

2115 2335 2231 2372 rum
2273 2320 2361 2387 qui
2412 2320 2459 2372 ei
2508 2320 2697 2371 Solitos
2750 2328 2866 2372 erat
2916 2333 3130 2372 manum
3181 2321 3469 2387 purigere.
3518 2319 3689 2385 Pergit

2114 2412 2280 2465 Vt'lOCi
2314 2411 2547 2481 agilitate
2574 2412 2637 2464 ad
2675 2412 2853 2465 Fausti
2882 2412 3183 2474 basilicam;
3212 2423 3348 2473 orat,
3374 2420 3428 2466 et
3469 2412 3694 2466 veniens

2113 2519 2232 2557 cum
2266 2504 2566 2571 ingentibus
2599 2504 2869 2573 lacrymis,
2922 2504 3155 2573 suggerit
3185 2504 3394 2556 cuidam
3422 2502 3446 2539 ά
3475 2502 3688 2556 subdia-

2114 2611 2248 2649 cono
2282 2596 2490 2649 nomine
2524 2594 2811 2664 Peregrino
2840 2606 2897 2647 tit
2943 2612 3061 2649 eum
3101 2596 3351 2663 episcopo
3400 2599 3690 2661 nuntiaret,

2115 2688 2354 2740 indicans
2400 2702 2459 2740 se
2509 2688 2703 2741 habere
2750 2686 2963 2754 aliquod
3010 2687 3204 2741 Secreti
3236 2701 3403 2754 genus
3439 2686 3690 2740 intiman-

2112 2779 2261 2831 dum.
2313 2777 2547 2831 Audiens
2595 2778 2878 2844 episcOpus
2926 2777 3087 2845 jussit
3135 2777 3402 2830 Lominem
3451 2777 3686 2832 introire.

2112 2868 2225 2922 Jam
2249 2867 2390 2921 enim
2415 2870 2482 2921 ob
2504 2868 2864 2921 celebritatem
2891 2867 3215 2928 festivitatis,
3238 2867 3419 2938 hymni
3445 2868 3692 2923 nocturni

2112 2975 2208 3029 per
2261 2969 2421 3012 totam
2452 2960 2730 3012 ecclesiam
2762 2967 2993 3011 ‘canente
3031 2960 3222 3026 populo
3273 2958 3690 3026 concrepabant.

2114 3049 2315 3103 Iudicat
2343 3064 2516 3103 caecus
2546 3050 2762 3103 antistiti
2796 3050 3043 3103 ordinem
3065 3050 3280 3103 visioois
3302 3065 3433 3114 suze,
3457 3050 3693 3119 dicitque

439 3152 673 3191 meusmn
704 3138 880 3191 nullus
919 3154 1254 3192 communem
1289 3138 1541 3205 haberet,
1572 3155 1741 3207 neque
1768 3156 1887 3193 cum
1918 3158 2008 3197 ca-
2034 3129 2080 3189 C
2115 3141 2185 3194 illi
2212 3160 2224 3193 ε
2254 3140 2364 3193 Non
2389 3151 2440 3194 te
2462 3140 2723 3193 dimittam
2750 3141 2848 3194 nisi
2875 3142 3026 3203 mihi,
3058 3142 3193 3194 sicut
3212 3155 3241 3193 a
3265 3139 3491 3194 Domino
3512 3140 3701 3210 jussus

440 3231 649 3283 tltoiicis
676 3230 893 3282 omnino
930 3239 1295 3283 vescerentur.
1328 3232 1455 3296 Quae
1488 3247 1572 3284 res
1618 3247 1723 3285 non
1750 3232 1879 3301 ipsis
1910 3236 2009 3288 ali-

441 3323 580 3386 quod
606 3323 851 3391 praestitit
873 3323 1214 3384 beneficimn,
1250 3325 1344 3376 sed
1391 3324 1544 3377 nobis
1569 3328 1855 3381 maximum
1878 3344 2010 3383 con-

442 3411 559 3465 tulit
578 3412 804 3465 lucrum.
833 3411 960 3464 Nam
985 3412 1028 3463 si
1056 3426 1234 3464 sermo
1257 3428 1463 3476 eorum,
1494 3414 1706 3469 dicente
1729 3420 2008 3483 Apostolo,

440 3503 573 3557 sicut
620 3517 814 3557 cancer
862 3502 1144 3556 consuevit
1188 3519 1403 3572 serpere
1453 3503 1541 3575 (II
1588 3505 1724 3561 Tim.
1783 3524 1841 3575 ιι,
1898 3511 2012 3579 i7),

512 3627 536 3692 τι
565 3616 655 3671 Sic
682 3617 808 3692 olim
835 3616 1473 3692 _Cypria_nttsn_f_iomaoam
1508 3618 1787 3673 Ecclesium
1816 3624 2008 3692 primi-

438 3690 603 3769 paiem
618 3688 943 3769 appellabat,
967 3688 1213 3769 epistb‘d
1229 3688 1356 3769 edit.
1376 3692 1572 3769 uitem,
1591 3692 1723 3769 alias
1742 3688 1830 3755 55,
1850 3692 2006 3769 quem

440 3758 629 3811 imitati
656 3768 776 3808 sunt
803 3758 888 3809 a'ii
919 3758 1148 3809 Africani
1179 3758 1379 3810 Patres.
1399 3761 1621 3826 Optatos
1645 3763 1731 3814 lib.
1764 3780 1796 3816 ιι
1821 3758 2010 3818 adver-

437 3842 530 3879 sus
568 3826 1004 3887 f‘armeniannm,
1042 3828 1367 3891 Augustinus
1398 3831 1613 3896 passim,
1643 3841 1697 3885 et
1732 3834 1840 3887 alii.
1881 3835 2008 3889 Vide

440 3896 725 3968 Mabillouii
770 3896 935 3968 nostri
973 3898 1343 3968 prtefationetn
1377 3898 1427 3949 in
1461 3900 1749 3968 Liturgiam
1781 3903 2008 3957 Gallica-

439 3980 581 4017 nam.
615 3965 873 4018 Cacteruui
906 3964 1071 4017 Julius
1108 3980 1238 4032 papa
1268 3965 1322 4018 in
1353 3970 1575 4033 epistola
1608 3964 1671 4022 ad
1704 3975 2005 4027 Orientales

436 4037 715 4103 episcopos
742 4041 1085 4103 conqueritur
1106 4050 1164 4088 se
1193 4037 1261 4088 ab
1288 4037 1349 4089 iis
1371 4038 1435 4089 ad
1469 4041 1756 4092 concilium
1776 4045 2004 4095 advoca-

440 4118 547 4159 tum
577 4121 679 4178 non
704 4106 892 4178 fuisse.
923 4105 1050 4178 Vide
1084 4105 1491 4178 Sozomen.lib.
1527 4125 1580 4161 ιιι
1624 4111 1755 4162 Hist.
1784 4113 2000 4178 ct-cles.,

435 4193 553 4243 cap.
588 4176 667 4230 I0.
703 4176 1007 4241 Fulgentius
1026 4185 1079 4228 et
1109 4177 1287 4228 caeteri
1310 4177 1541 4244 episcopi
1568 4179 1779 4231 exsules
1807 4182 1855 4232 in
1883 4176 2007 4233 Sar-

435 4247 602 4312 dinia,
631 4247 856 4314 epistola
887 4246 952 4298 15
984 4247 1049 4299 ad
1077 4245 1360 4297 Venerium
1391 4256 1445 4298 et
1480 4251 1758 4313 Joannem,
1789 4250 2009 4305 laudant

435 4316 733 4371 llormisda:
757 4317 1018 4383 pontificis
1065 4315 1285 4366 ltornaoi
1318 4317 1498 4374 verba.
1535 4328 1588 4370 ut
1618 4321 1900 4375 ostendant
1941 4324 2007 4375 de

435 4386 600 4457 gratia
652 4387 897 4457 omnibus
951 4400 1070 4457 esse
1128 4384 1437 4448 tenendum,
1483 4389 1607 4454 quid
1646 4388 1897 4457 Romana,
1929 4393 2004 4446 in.

434 4456 644 4516 quiunt.
676 4456 729 4506 id
760 4466 852 4518 est,
880 4456 1134 4508 catholica
1159 4458 1307 4509 sentit
1328 4464 1373 4508 et
1392 4468 1553 4509 servat
1584 4458 1829 4513 Ecclesia.

506 4524 533 4560 δ
564 4523 654 4593 Sic
682 4524 809 4577 editi
835 4526 946 4593 fere
964 4541 1170 4589 omnes,
1197 4527 1295 4580 nisi
1328 4528 1467 4593 quod
1500 4528 1695 4582 habent
1734 4530 2006 4583 Vibiam’n-

433 4608 557 4664 s_em.
595 4592 746 4664 Colb.
786 4596 806 4646 i
853 4592 1150 4649 Vibianense
1196 4592 1493 4663 secundum.
1548 4599 1697 4654 Sicut
1741 4611 1795 4655 et
1827 4602 2003 4664 Mart.,

436 4661 553 4736 Fui.
590 4672 644 4716 et
688 4661 911 4736 Germ._:
944 4666 1035 4716 sed
1068 4669 1153 4732 qui
1208 4661 1340 4719 infra
1376 4685 1469 4733 pro
1491 4674 1783 4736 episcopum
1812 4661 2007 4725 habent

434 4734 718 4810 episcopos,
747 4733 898 4810 quasi
936 4736 1149 4810 secundi
1186 4740 1420 4810 nomine.
1455 4733 1735 4805 epist-opus
1769 4742 1852 4795 hic
1891 4746 2006 4810 qui-

433 4804 553 4854 dam
582 4818 611 4855 a
636 4803 846 4855 Victore
868 4802 1238 4869 designaretur
1258 4802 1546 4861 Ilouatiauo
1569 4802 1821 4863 sociatus.
1848 4802 2005 4866 Siini-

435 4873 569 4945 liter
600 4872 824 4945 Ortliod.
877 4884 928 4925 et
968 4873 1244 4927 Lorichius
1276 4875 1468 4928 habent
1502 4896 1511 4927 :
1558 4880 1880 4945 Viuianense,
1929 4900 2007 4934 se-

435 4942 675 5019 cundum,
718 4942 1065 5019 Donatianum
1093 4944 1337 5006 impositis
1375 4959 1662 5003 centum....
1704 4942 2004 5019 cpiscopus;

435 5023 479 5063 et
507 5015 598 5083 sub
636 5013 883 5080 fetulmse
914 5016 1202 5079 pra'sidium
1249 5031 1437 5079 rerum,
1463 5030 1685 5083 acutum,
1733 5013 1839 5075 etc.
1870 5013 2003 5076 'Scd

438 5085 519 5134 hic
548 5082 803 5159 lectiones
832 5084 1255 5159 mendosissiuue
1281 5099 1419 5159 sunt.
1452 5082 1677 5141 Unicum
1694 5094 1889 5159 quippe
1921 5093 2005 5145 hic

436 5152 801 5205 tantuunuodo
826 5153 1088 5220 designari
1116 5156 1459 5227 Donatiunutn
1479 5152 1809 5227 episclipum',
1828 5152 2005 5223 'liquet

436 5240 498 5277 ex
531 5232 749 5276 vetustis
778 5224 1168 5292 martyrologiis
1188 5225 1429 5286 Usuardi,
1475 5224 1696 5286 Adonis.
1731 5244 1784 5283 et
1813 5232 2004 5287 Notke-

437 5297 502 5358 ri,
538 5295 586 5347 itt
613 5294 802 5363 quibus
834 5293 919 5345 die
946 5294 977 5347 Ο
1008 5294 1337 5358 Septembris
1368 5298 1514 5349 Solus
1545 5299 1998 5355 Donatianuscum

437 5365 571 5437 infra
596 5364 870 5437 recensitis
891 5364 1190 5437 celebratur
1216 5366 1295 5416 his
1322 5368 1497 5437 verbis
1524 5386 1535 5417 :
1567 5372 1669 5437 77
1694 5370 2002 5424 δηρισιοηηη

436 5434 734 5497 Donatiani,
781 5434 1040 5506 Prmsidii,
1098 5434 1374 5506 Mansueti,
1418 5434 1654 5490 Germani
1685 5451 1731 5490 ct
1769 5441 1999 5506 Fusvuli,

435 5506 544 5570 qui,
571 5515 700 5569 etc.,
732 5521 837 5573 quo
866 5511 988 5559 item
1009 5504 1097 5576 die
1126 5506 1175 5557 in
1211 5505 1449 5576 lioznano
1479 5509 1853 5576 Martyrologio
1890 5504 2003 5565 mee

438 5586 730 5629 morantur.
750 5577 914 5629 Porro
935 5577 983 5629 in
1003 5575 1192 5628 Notitia
1224 5574 1470 5628 Africana
1494 5574 1721 5645 quatuor
1748 5581 1995 5634 Donatia-

438 5660 537 5696 nos
560 5646 839 5719 episcopos
869 5645 1490 5719 invenio;Veselitauum
1512 5648 1711 5701 scilicet
1739 5661 1792 5703 et
1817 5650 1999 5719 Τισία-

440 5730 643 5769 murem
669 5718 721 5771 in
761 5716 1025 5779 Numidia,
1076 5715 1329 5772 Eliensem
1365 5717 1420 5775 in
1467 5717 1762 5787 Byzacena,
1793 5730 1847 5776 ct
1879 5715 1999 5776 Usi-

2036 4438 2086 4495 D

2116 3248 2205 3292 es.
2254 3232 2548 3285 reddideris
2578 3231 2763 3285 oculos
2805 3246 2975 3285 meos.
3007 3231 3101 3286 Cui
3130 3242 3347 3287 sanctus
3378 3234 3645 3302 Eugenius
3675 3250 3691 3286 :

2118 3325 2325 3379 Recede
2353 3340 2382 3377 a
2413 3340 2533 3389 me,
2569 3323 2758 3388 frater;
2802 3335 3051 3393 peccator
3089 3340 3207 3379 som
3239 3336 3293 3380 et
3336 3326 3604 3393 indignus,
3637 3333 3693 3379 ct

2116 3433 2276 3485 super
2303 3431 2490 3471 omnes
2520 3416 2759 3470 homines
2787 3416 3128 3482 delinquens,
3159 3426 3217 3469 ut
3255 3425 3397 3483 pote,
3422 3425 3476 3469 et
3504 3419 3589 3485 qui
3638 3416 3691 3470 in

2121 3512 2233 3564 haec
2260 3523 2500 3577 tempora
2532 3520 2775 3563 servatus
2800 3522 2939 3561 sum.
2972 3509 3066 3562 Iile
3097 3520 3275 3561 autem
3310 3520 3499 3563 tenens
3519 3526 3691 3577 genua

2112 3626 2384 3679 nadensem
2416 3624 2469 3677 in
2499 3623 2807 3677 Mauritania
2838 3621 3170 3675 Cmsariensi.
3203 3623 3486 3675 Prtesidins
3514 3634 3691 3677 autem

2117 3696 2201 3749 hic
2241 3697 2514 3753 laudatus,
2550 3694 2594 3746 is
2644 3695 2756 3760 ipse
2783 3703 2866 3746 est
2893 3694 2980 3761 qui
3010 3693 3204 3745 dicitur
3240 3693 3603 3756 Sit/[etuianda
3636 3697 3686 3747 in

2113 3766 2307 3819 Notitia
2342 3765 2588 3817 Africana
2635 3764 2774 3817 inter
2803 3765 3081 3829 episcopos
3116 3764 3427 3830 Byzacenm.
3470 3766 3608 3819 sicut
3638 3778 3690 3819 et

2115 3836 2408 3888 Mansuetus
2448 3834 2789 3901 Afufcnicnsis
2831 3842 2885 3885 et
2935 3831 3217 3885 Germanus
3255 3833 3693 3898 Peradamieusis,

2114 3906 2163 3957 in
2188 3906 2373 3958 eadem
2400 3905 2688 3965 provincia.
2714 3906 2780 3957 At
2811 3902 3091 3956 Fusculum
3124 3906 3358 3970 reperire
3390 3921 3491 3957 non
3521 3906 3690 3969 licuit,

2113 3975 2213 4026 nisi
2241 3974 2375 4026 ferte
2393 3974 2553 4045 fuerit
2576 3971 2824 4025 Filtiosus
2852 3973 3218 4045 Aggarjtanus,
3243 3974 3292 4027 in
3311 3976 3494 4045 eadem
3527 3976 3692 4045 Byza-

2114 4060 2243 4096 cena
2291 4044 2560 4107 provincia
2611 4052 2956 4095 memoratus.
3002 4042 3161 4096 Certe
3206 4061 3301 4110 pro
3336 4042 3589 4099 Fusrulua
3636 4047 3691 4100 in

2117 4113 2339 4168 USuardi
2372 4116 2701 4180 autographo
2739 4114 2963 4166 habetur
2994 4112 3262 4167 Fulmina.

2189 4196 2207 4219 ε
2235 4184 2288 4236 lu
2320 4183 2469 4236 Coll».
2508 4185 2556 4241 f.
2590 4198 2847 4235 annorum
2883 4184 3097 4237 circiter
3124 4184 3249 4246 8tl0,
3284 4184 3469 4237 eadem
3516 4201 3675 4238 manu

2114 4269 2219 4319 quo
2251 4262 2423 4307 textus
2453 4254 2564 4322 ipse
2595 4254 2849 4319 scriptum
2873 4262 2954 4307 est
2984 4253 3036 4306 in
3069 4257 3309 4322 margine
3335 4272 3347 4307 :
3383 4254 3521 4307 Nata
3552 4261 3689 4323 quod

2112 4326 2164 4378 in
2188 4324 2270 4377 die
2299 4338 2446 4375 sacra
2496 4324 2905 4391 Epiphaniorum
2946 4327 3085 4385 apud
3134 4328 3370 4392 antiquos
3409 4325 3693 4391 baptisma!

2116 4398 2271 4459 ﬁeret.
2302 4393 2443 4447 Idem
2480 4394 2637 4447 habet
2666 4398 2717 4447 in
2762 4395 2980 4462 capituli
3031 4394 3186 4446 titulo
3216 4395 3377 4448 editio
3427 4396 3687 4458 Lorichii,

2112 4474 2333 4533 excepta
2386 4464 2483 4517 hac
2531 4464 2739 4529 vocula,
2785 4474 2926 4517 nota.
2980 4464 3125 4518 Hanc
3172 4482 3300 4519 vero
3346 4467 3691 4519 consuetudi-

2115 4552 2233 4589 nem
2269 4535 2572 4603 improbant
2603 4534 2824 4587 Siricius
2871 4549 3005 4603 papa
3038 4534 3089 4586 in
3136 4536 3361 4600 epistola
3410 4536 3474 4588 ad
3508 4536 3691 4591 Ilime-

2113 4606 2250 4657 rium
2274 4605 2729 4658 Tarraconensem
2770 4605 3099 4672 episcopum,
3140 4615 3195 4658 et
3240 4617 3458 4660 sanctus
3491 4608 3596 4659 Leo
3636 4611 3692 4662 in

2111 4678 2269 4741 epist.
2298 4676 2362 4727 16
2394 4674 2519 4727 edit.
2570 4675 2981 4739 Quesnellianzr,
3017 4674 3080 4726 ad
3132 4675 3328 4730 Sicilia:
3378 4677 3687 4743 episcopos,

2111 4746 2303 4813 quibus
2334 4752 2516 4813 postea
2546 4745 2634 4797 alii
2669 4745 2967 4811 pontifices,
3007 4755 3057 4797 et
3090 4744 3141 4797 in
3186 4747 3348 4798 variis
3399 4748 3692 4812 provinciis

2109 4815 2297 4884 synodi
2352 4815 2710 4866 adlrcsurnnt.
2762 4814 2875 4867 Alii
2935 4824 3109 4867 tunen
3144 4816 3195 4867 in
3242 4818 3358 4867 a'iis
3399 4818 3690 4884 provinciis

2111 4885 2793 4947 servabaturconsuetndo,
2840 4886 2979 4950 quod
3014 4886 3076 4937 de
3126 4886 3300 4938 Africa
3332 4899 3534 4940 certum
3582 4899 3686 4941 est.

2114 4955 2255 5007 Idem
2307 4954 2358 5007 in
2390 4954 2750 5007 Orientalibus
2796 4955 3083 5021 previociis
3130 4957 3467 5008 ultserVatum
3521 4958 3693 5011 fuisse

2112 5026 2279 5091 liquet
2306 5033 2415 5077 tum
2447 5039 2508 5076 ex
2545 5024 2849 5077 Grmcoruut
2887 5025 3230 5093 Euchologio,
3267 5038 3374 5077 tum
3413 5043 3475 5080 ex
3526 5026 3688 5078 Prato

2109 5095 2363 5164 spirituali
2396 5093 2617 5147 Joatinis
2650 5094 2846 5148 Moschi
2881 5112 2999 5161 cap.
3037 5096 3151 5157 l7l,
3177 5097 3311 5161 apud
3362 5098 3689 5150 Coteleriunt

2111 5175 2253 5217 temo
2274 5165 2312 5218 II
2339 5165 2796 5217 Monutneutorum
2830 5166 3009 5218 I'lt'cli-s
3032 5182 3075 5217 at
3097 5166 3316 5229 Gnecte,
3344 5168 3428 5218 ubi
3458 5170 3691 5219 refertur

2109 5251 2318 5288 sacrum
2352 5236 2547 5287 fontem
2579 5235 2798 5303 singulis
2828 5236 2980 5286 annis
3026 5237 3074 5286 in
3126 5236 3251 5289 \‘ico
3300 5239 3549 5302 quodam,
3600 5239 3691 5291 die

2110 5306 2248 5357 festo
2278 5304 2744 5369 'f‘heopliauiorum
2776 5317 2966 5370 Sponte
3004 5305 3198 5359 sudare
3235 5307 3447 5359 solitum
3500 5306 3688 5371 fuisse,

2110 5386 2164 5427 tit
2194 5392 2255 5428 ex
2280 5392 2341 5426 ea
2371 5390 2503 5440 aqua
2531 5375 2820 5441 baptismus
2850 5375 3223 5428 conficeretur.

2179 5445 2204 5480 ά
2243 5446 2404 5503 Editi,
2435 5445 2680 5496 Diacono.
2726 5445 2962 5497 Priorem
2997 5445 3276 5497 lectionem
3327 5446 3687 5513 prmtulirnus,

2110 5529 2229 5582 qua:
2255 5515 2463 5567 videtur
2494 5515 2714 5567 istorum
2731 5522 3029 5577 temporum
3052 5514 3344 5583 disciplina:
3376 5518 3541 5579 magis
3564 5533 3693 5571 eSse

2108 5586 2416 5638 conformis.
2448 5584 2769 5640 Subdiaconi
2802 5584 2997 5650 quippe
3038 5595 3190 5640 extra
3236 5586 3530 5641 sacrarium
3576 5596 3689 5641 sta-

2106 5655 2251 5724 bant,
2285 5672 2348 5711 ex
2378 5656 2605 5711 concilio
2637 5654 2953 5710 Laodiceae.
