3944 6176
183 252 267 306 ἭΤ

1106 243 1192 300 DE
1233 240 1747 300 PERSECUTIONE
1793 240 2172 295 VANDAIJCA
2214 240 2335 295 LIB.
2383 242 2453 327 ll.‘

3290 243 3397 297 2l8

183 372 293 435 ejus,
320 362 455 416 aliud
488 376 594 415 non
617 362 847 424 dicebat,
880 360 979 413 nisi
1010 359 1135 411 illud
1168 358 1305 426 quod
1334 358 1442 424 jam
1470 356 1716 411 dixerat:
1748 361 1800 416 A
1824 360 1989 413 choro
2019 359 2143 413 doct
2164 375 2295 412 vrum
2346 359 2559 412 nomine
2594 368 2614 395 ε
2649 358 2848 412 Laetum
2875 401 2888 423 ,
2937 367 3209 413 strenmun
3239 369 3400 422 atque

183 454 521 520 Sicutjussinn
550 462 635 505 est
663 450 830 505 redde
858 447 988 503 mihi
1017 448 1201 502 oculos
1230 436 1397 500 nieos.
1433 447 1723 499 Attendens

181 558 362 613 quoque
384 541 651 610 Eugenins
674 539 1084 594 inverecundam
1109 539 1498 600 credulztatem,
1527 546 1581 591 et
1602 537 1723 603 quia

180 635 264 703 iam
290 642 490 700 tempus
522 632 762 701 urgebat,
799 631 968 699 pergit
1007 644 1129 683 cum
1170 644 1256 689 eo,
1287 629 1577 683 comitante
1605 628 1725 682 olli-

180 726 247 777 cio
264 722 571 776 clericorum
606 720 672 772 ad
694 719 917 774 fontem.
952 718 1049 773 Ubi
1084 718 1199 771 lixis
1252 718 1474 786 genibus
1500 733 1617 771 cum
1648 718 1728 771 in-

179 815 296 880 genti
322 814 544 882 gemitu,
576 812 792 881 pulsans
820 806 1139 878 singultibus
1165 808 1381 872 caelum,
1404 808 1725 875 crispantein

181 902 423 957 benedixit
445 902 657 955 alveum
682 900 866 964 fontis,
894 910 948 954 et
972 915 1091 953 cum
1113 898 1373 966 completa
1401 898 1729 951 surrexisset

181 992 420 1059 oratione,
481 996 553 1045 ita
577 1005 721 1046 caeco
767 991 1080 1059 respondit:
1115 990 1230 1044 .lam
1264 989 1355 1043 tibi
1388 988 1518 1054 dixi,
1569 989 1729 1042 frater

183 1086 325 1148 Felix,
356 1097 603 1151 peccator
649 1084 807 1134 homo
847 1096 946 1149 ego
976 1095 1127 1146 sum;
1162 1080 1255 1133 sed
1306 1081 1393 1148 qui
1436 1089 1485 1134 te
1514 1080 1729 1133 visitare

181 1174 395 1240 dignatus
420 1183 523 1235 est,
574 1180 790 1238 priestet
822 1170 915 1225 tibi
942 1170 1197 1224 Dominus
1236 1169 1525 1223 secundum
1571 1169 1728 1223 fidem

182 1272 322 1325 tuam,
352 1271 401 1315 et
426 1263 631 1325 aperiat
654 1262 833 1314 oculos
859 1271 999 1313 tuos.
1034 1260 1314 1329 Simulque
1341 1260 1532 1314 vexillo
1555 1259 1729 1313 crucis

184 1354 429 1421 consignat
459 1353 644 1406 oculos
672 1353 807 1420 ejus.
843 1354 1031 1408 Statim
1061 1368 1236 1407 caecus
1267 1354 1435 1406 visum
1455 1394 1470 1419 ,
1503 1353 1730 1407 Domino

184 1444 449 1510 r-ddt-nte,‘
472 1444 697 1511 recepit.
729 1445 897 1509 Quem
924 1459 1103 1497 secum
1126 1486 1141 1509 ,
1189 1460 1464 1512 quousque
1494 1444 1728 1497 universi

186 1536 566 1603 liaptizarentur,
598 1537 667 1589 ibi
701 1536 926 1589 detinuit
958 1544 983 1572 ι
1013 1537 1081 1588 ob
1122 1538 1242 1599 hoc,
1295 1552 1360 1590 ne
1388 1546 1534 1589 tanto
1563 1538 1724 1590 mira-

186 1630 285 1679 culo
309 1627 529 1695 populus
577 1629 860 1691 excitatus,
918 1625 1087 1680 virum
1127 1637 1426 1681 contereret
1453 1628 1540 1694 qui
1572 1642 1719 1681 rece-

1830 451 2196 506 doctissimmn
2232 450 2398 503 virum
2425 489 2440 513 ,
2473 458 2587 517 post
2614 449 2891 502 diuturnos
2932 443 3162 503 carceris
3190 450 3402 513 διμιδιο-

1833 556 1917 593 res
1966 538 2212 594 incendio
2259 539 2650 602 concremavit,
2706 542 2979 593 mstimans
3018 541 3110 594 tali
3154 540 3402 607 exemplo

1831 631 2076 684 timorem
2132 630 2434 693 incutiens,
2480 616 2715 697 reliquus
2758 643 2816 682 se
2858 630 3135 683 elisorum.
3164 630 3401 684 Tandem

1832 722 2040 774 venitur
2066 720 2131 773 ad
2154 718 2529 788 diSputationis
2555 719 2883 784 conflictum,
2913 719 2977 772 ad
3006 720 3177 774 locum
3198 721 3404 774 scilicet

1830 820 1985 880 quem
2018 811 2324 880 delegerant
2356 811 2667 865 adversarii.
2704 811 2975 865 Evitantes
3027 810 3185 879 igitur
3234 812 3402 865 nostri

1833 902 2230 957 vociferationis
2278 902 2563 965 tumultus,
2595 916 2662 955 ne
2693 903 2826 956 forte
2855 902 3193 969 postmodum
3223 900 3403 954 Ariani

1831 993 2098 1055 dicerent,
2131 993 2271 1063 quod
2297 1007 2389 1047 eos
2412 1002 2714 1046 nostrorum
2745 992 3073 1061 oppresserit
3099 994 3403 1057 multitudo,

1831 1086 2072 1153 deligunt
2097 1087 2162 1138 de
2207 1099 2266 1140 se
2304 1086 2468 1139 nostri
2501 1085 2590 1153 qui
2623 1101 2717 1152 pro
2746 1086 2990 1139 omnibus
3020 1087 3407 1154 responderent

1831 1174 2038 1227 decem.
2083 1172 2321 1227 Collorat
2373 1174 2473 1227 sibi
2505 1174 2682 1243 Cyrila
2711 1190 2831 1228 cum
2862 1176 2973 1228 suis
2997 1176 3313 1230 satellitibus
3353 1177 3404 1229 in

1833 1265 1951 1318 loco
1984 1266 2197 1319 excelso
2224 1266 2663 1334 superbissimum
2696 1267 2949 1320 thronum
2983 1267 3280 1321 astantibus
3309 1267 3403 1338 [al.

1834 1356 2007 1427 nobis]
2040 1356 2253 1411 nostris.
2308 1357 2672 1425 Dixeruutque
2725 1359 2890 1411 nostri
2939 1358 3211 1426 episcopi:
3243 1354 3269 1393 ά
3312 1357 3404 1411 Illa

1832 1462 2043 1515 semper
2063 1456 2145 1502 est
2162 1456 2309 1515 grata
2335 1447 2571 1510 collatio,
2604 1448 2691 1501 ubi
2723 1448 2953 1516 superba
2974 1464 3077 1501 non
3105 1448 3409 1501 dominatur

1836 1540 2113 1609 poteStatis
2139 1540 2333 1603 elatio;
2366 1541 2458 1593 sed
2489 1556 2554 1594 ex
2588 1555 2851 1594 consensu
2879 1539 3147 1593 communi
3175 1542 3407 1605 venitur,

1836 1642 1893 1686 ut
1938 1632 2301 1701 cognitoribus
2348 1632 2807 1694 discernentibus,
2842 1631 3079 1699 partibus
3108 1633 3404 1700 agentibus,

189 1692 533 1781 peratlumeu.
568 1716 653 1770 Fit
698 1727 880 1783 postea
928 1715 1266 1769 manifestum
1316 1692 1567 1771 Ecclesia:
1616 1716 1733 1770 uni-
1766 1692 1806 1749 Β
1838 1722 1976 1791 quod
2003 1692 2193 1776 verum
2243 1731 2325 1775 est
2356 1730 2695 1789 agnoscatur.
2729 1692 2880 1775 Nune
2929 1731 3102 1775 autem
3141 1692 3275 1791 “quis
3309 1692 3411 1777 erit

190 1824 347 1861 versa).
372 1809 619 1862 Procedit
646 1812 709 1861 ail
737 1809 905 1862 altare
935 1822 1055 1863 cum
1091 1810 1326 1877 Eugenio
1345 1849 1359 1873 ,
1401 1810 1538 1864 sicut
1569 1811 1731 1862 moris

190 1909 284 1963 est,
312 1902 392 1967 qui
422 1901 595 1953 fuerat
642 1914 835 1962 aecus,
872 1912 983 1953 sua:
1030 1900 1216 1953 salutis
1266 1900 1588 1954 oblationem
1633 1901 1733 1953 Ds-

190 1989 312 2043 mino
350 1989 674 2043 redditurus.
723 1990 891 2056 Quam
940 1989 1225 2057 episcopus
1268 1989 1532 2057 accipiens
1578 1989 1731 2045 altari

190 2079 427 2147 imposuit.
461 2080 545 2135 Fit
572 2081 847 2151 strepitus,
878 2080 1071 2149 gaudio
1102 2078 1129 2118 δ
1164 2091 1502 2148 provocante,
1535 2080 1734 2133 irrevo-

189 2177 349 2227 rabilis
374 2176 709 2244 populorum.
740 2174 930 2228 Statim
974 2176 1189 2227 nuntius
1232 2173 1398 2241 pergit
1440 2174 1504 2225 ad
1552 2182 1733 2242 tyran-

191 2284 315 2319 nmn.
341 2268 561 2335 Rapitur
581 2267 754 2330 Felix,
780 2267 1064 2334 inquiritur
1087 2268 1153 2320 ab
1177 2281 1241 2319 eo
1270 2267 1390 2334 quid
1424 2265 1618 2320 factum
1640 2269 1730 2331 sit,

189 2359 619 2429 22qualiterque
651 2362 912 2427 receperit
942 2361 1137 2412 lumen.
1165 2358 1300 2412 Dicit
1327 2358 1418 2412 ille
1451 2374 1515 2411 ex
1543 2358 1743 2411 ordine.

190 2458 355 2514 totum,
374 2448 658 2517 dicuntque
687 2450 1005 2502 Arianorum
1033 2449 1266 2515 epierpi
1292 2465 1303 2498 :
1331 2447 1441 2500 lloc
1466 2446 1735 2515 Eugenius

191 2557 272 2606 per
299 2544 546 2595 maleficia
577 2541 720 2595 fecit.
756 2541 818 2594 Et
861 2542 982 2610 quia
1024 2540 1262 2608 Oppressi
1293 2539 1606 2592 confusione
1652 2540 1732 2591 lu-

189 2648 297 2686 men
323 2649 417 2686 non
448 2643 692 2702 poterant
720 2634 985 2698 nubilare,
1024 2648 1089 2687 eo
1118 2633 1257 2702 quod
1287 2631 1438 2686 Felix
1475 2634 1737 2686 universa:

188 2728 363 2779 civitati
410 2727 720 2780 manifestus
750 2736 892 2781 esset
938 2737 991 2781 et
1039 2736 1233 2791 notus;
1267 2736 1442 2780 tamen
1483 2727 1739 2782 volebant

189 2834 297 2872 eum
318 2861 331 2881 ,
358 2822 398 2872 si
429 2821 507 2874 fas
542 2832 705 2885 esset,
750 2835 965 2885 necare,
996 2822 1259 2889 quomodo
1289 2821 1459 2876 Judaei
1510 2823 1758 2876 suscita--

191 2919 288 2962 tum
318 2910 567 2964 Lazarum
598 2911 887 2979 cupiebant
915 2912 1161 2966 occidere
1191 2910 1364 2980 (Joan.
1394 2929 1485 2975 xn,
1518 2913 1630 2979 10).

251 2999 419 3055 XVIII.
452 3001 623 3055 Lwtus
654 3012 865 3072 martyr.
896 3032 964 3042 -—
995 3004 1470 3072 Appropinquabat
1512 3003 1619 3071 jam
1662 3003 1741 3056 fu-

190 3099 323 3144 turus
366 3092 480 3146 dies
519 3093 611 3145 ille
652 3092 1011 3145 calumniosus
1057 3092 1399 3147 calendarum
1430 3093 1742 3147 Februaria-

192 3196 315 3245 rum,
362 3183 425 3236 ab
474 3181 666 3236 eodem
723 3190 973 3235 statutus.
1024 3183 1361 3237 Conveniunt
1410 3199 1515 3236 non
1571 3187 1743 3237 solum

190 3272 429 3325 universae
468 3271 691 3339 Africae,
739 3289 921 3327 verum
949 3275 1109 3329 etiam
1144 3276 1432 3330 insularum
1460 3276 1745 3330 multarum

188 3360 423 3429 episcopi,
446 3361 732 3415 afﬂictione
753 3371 804 3415 et
833 3378 1062 3417 mterore
1088 3366 1338 3418 confecti.
1374 3365 1457 3419 Fit
1476 3366 1741 3419 silentium

189 3449 362 3503 diebus
388 3452 565 3505 multis
584 3494 599 3516 ,
623 3468 900 3523 quousque
932 3457 1128 3523 peritos
1151 3472 1390 3525 quosque
1419 3466 1475 3511 et
1498 3457 1744 3512 doctissi-

191 3556 296 3595 tnos
322 3545 461 3598 vires
487 3545 579 3616 [al.
625 3547 817 3599 exinde
861 3548 1158 3616 superaret]
1192 3549 1402 3603 interim
1447 3562 1742 3617 separaret,

189 3633 452 3689 calumniis
488 3636 742 3706 appositis
784 3639 1106 3691 enecandos.
1144 3639 1272 3692 Nam
1321 3655 1482 3695 unum
1512 3654 1577 3694 ex
1630 3641 1745 3709 ipso

253 3846 278 3873 ³
318 3838 592 3892 Loricliius
617 3838 695 3893 sic
727 3839 884 3893 habet
923 3857 934 3891 :
980 3839 1055 3893 0b
1082 3840 1178 3891 hoc
1228 3847 1421 3893 tantum
1444 3840 1749 3894 miraculum

191 3909 394 3975 copulas
418 3911 686 3978 excitatus,
708 3910 1041 3974 comprimere
1071 3911 1232 3962 virum
1263 3912 1349 3978 qui
1394 3922 1647 3978 receperat
1668 3910 1749 3964 lu-

190 3994 293 4029 men
322 3989 595 4042 coeperunt.
628 3976 713 4031 Fit
754 3992 941 4045 poztea,
971 3990 1074 4033 etc.

252 4047 425 4109 l’Alii,
467 4058 683 4100 metune
720 4059 811 4102 aut
866 4050 1154 4101 comitante.
1194 4048 1345 4103 Colb.
1382 4051 1431 4111 i,
1474 4051 1745 4103 mediante.

188 4116 406 4170 Orthod.
437 4129 490 4172 et
515 4120 811 4181 Lorichius,
840 4131 1139 4186 provocante
1164 4121 1549 4183 inwstimabilis,
1567 4134 1669 4173 etc.

257 4198 279 4224 ε
311 4188 404 4240 Hic
435 4189 528 4241 luit
556 4191 834 4256 episcopus
866 4189 1173 4258 Neptitanus
1205 4191 1255 4243 in
1284 4190 1574 4257 Byzacena,
1605 4201 1662 4243 ut
1682 4205 1744 4243 ex

189 4257 381 4309 Notitia
406 4268 568 4325 patet.
622 4258 761 4311 Idem
790 4257 1010 4310 testatur
1063 4259 1239 4311 Victor
1267 4259 1639 4313 Tunnonensis
1695 4260 1744 4312 in

187 4328 472 4386 Chronico.
502 4338 555 4380 et
585 4328 813 4381 Isidorus
838 4331 884 4380 in
930 4330 1153 4382 Historia
1184 4330 1332 4382 brevi
1366 4328 1743 4393 Vandalorum,

187 4412 288 4448 aera
318 4397 447 4451 ὅθί.
478 4398 599 4465 Ejus
626 4414 928 4451 memoratu
966 4400 1120 4451 simul
1147 4415 1263 4452 cum
1291 4414 1447 4466 supra
1474 4400 1750 4452 recensitis

187 4467 583 4538 coiifessorihus
613 4468 886 4520 celebrant
916 4470 1123 4529 vulgata
1170 4469 1541 4538 Martyrologia
1590 4471 1675 4523 die
1720 4469 1751 4523 6

189 4537 534 4603 Septembris.
562 4538 745 4589 \"ictnr
769 4550 940 4590 tamen
973 4537 1344 4591 'l‘unnonensis
1388 4540 1441 4591 in
1467 4537 1753 4593 Chronico

190 4606 408 4658 laudato
433 4622 551 4660 eum
579 4607 667 4660 die
698 4622 767 4658 xn
797 4608 1045 4661 catenlas
1074 4610 1315 4661 Octobris
1340 4609 1575 4677 glorioso
1615 4625 1753 4662 mar-

191 4677 329 4741 tyrio
359 4687 671 4749 coronatum
730 4678 1226 4749 fuisseasseverat,
1269 4679 1481 4732 Zenone
1519 4681 1755 4749 Augusto

189 4747 435 4798 consule.
471 4748 717 4813 Ejusdem
746 4747 911 4798 sancti
944 4749 1040 4800 viri
1074 4750 1403 4814 apparitione
1430 4747 1625 4803 bellum
1656 4748 1753 4802 ad-

189 4831 384 4866 versus
416 4815 675 4869 Vandalus
706 4831 733 4867 a
760 4816 1060 4886 Justiniano
1104 4819 1421 4885 imperatore
1450 4829 1757 4886 susceptum

189 4886 360 4938 fuisse
398 4887 578 4939 scribit
607 4886 713 4954 jam
759 4888 1000 4941 laniatus
1048 4885 1300 4951 Isidorus,
1354 4904 1459 4941 mra
1511 4885 1633 4944 560’.
1679 4886 1759 4940 Ad

186 4956 328 5019 quod
353 4964 529 5008 tamen
554 4957 717 5009 fuisse
746 4958 1013 5008 incitatum
1044 4957 1499 5010 adhortationibus
1527 4957 1759 5025 episcOpi

186 5030 497 5089 mjnsdam,
526 5030 611 5094 qui
651 5028 739 5079 Dei
774 5028 973 5077 monitu
1011 5042 1074 5079 ex
1116 5026 1334 5081 Oriente
1381 5030 1759 5082 Constantino-

166 5097 358 5159 ~pulim
406 5105 640 5159 venerat,
698 5096 887 5147 asserit
934 5095 1219 5163 l’roc0pins
1265 5097 1399 5151 libro
1444 5113 1458 5149 ι
1508 5098 1575 5151 de
1616 5097 1762 5151 Bello

190 5164 505 5216 Vandalico.
542 5164 707 5217 Paulo
734 5166 862 5217 infra
893 5167 1147 5219 aestimans
1176 5166 1264 5217 tali
1287 5169 1511 5234 exemplo
1537 5168 1763 5219 timorem

183 5236 469 5296 incutiens,
497 5244 599 5287 etc.
634 5234 785 5304 Coll).
833 5237 904 5304 1,4
925 5236 1179 5288 wstimnns
1212 5238 1484 5304 quod......
1536 5240 1767 5290 timorem

182 5307 457 5357 excitaret.
492 5306 667 5366 Marh,
702 5303 843 5369 Fnl.,
877 5302 1081 5365 Gerun,
1115 5302 1263 5369 Sur.,
1312 5306 1532 5359 Ortliod.
1577 5318 1629 5359 et
1662 5308 1766 5359 Lo-

182 5376 425 5435 tichius,
446 5379 663 5439 quod...
692 5376 921 5426 timorem
947 5376 1187 5428 incuteret
1211 5376 1417 5442 reliquis
1437 5386 1485 5428 et
1508 5378 1762 5429 lwsurum.

248 5449 277 5481 ά
310 5446 429 5497 Alii
463 5446 675 5504 habent,
702 5443 803 5494 Illo
825 5454 896 5495 est
918 5461 1111 5511 semper
1135 5446 1400 5497 tractanda
1428 5445 1638 5508 locutio,
1659 5448 1764 5511 ubi,

178 5530 278 5568 e’c.
312 5516 385 5567 Et
414 5515 569 5577 infra,
589 5514 940 5580 Cognitoribus
961 5517 1370 5568 discernentibus.
1397 5517 1610 5582 Aliquot
1638 5530 1763 5569 mss.

179 5600 227 5638 et
255 5586 430 5647 editi,
465 5584 854 5636 decernentibus.
892 5587 1058 5638 I’orro
1100 5595 1402 5654 cognitores
1453 5586 1765 5639 dicebantur

176 5658 264 5723 qui
286 5654 753 5722 recognoscendis
778 5656 1148 5723 episcoporum
1170 5656 1448 5711 sententiis
1470 5654 1765 5710 committe-

1834 1813 2098 1881 Cognitor,
2122 1812 2241 1877 quis
2269 1813 2620 1875 examinator,
2653 1820 2707 1864 ut
2734 1812 2866 1865 libra
2906 1812 3123 1879 justitia:
3152 1820 3245 1865 aut
3272 1811 3410 1866 bene

1835 1906 2041 1973 prolata
2083 1906 2396 1966 confirmet,
2426 1912 2516 1957 aut
2564 1918 2726 1971 prave
2756 1914 3023 1972 assumpta
3068 1903 3311 1957 refellat?
3349 1904 3412 1957 Et

1833 2010 1952 2049 cum
1984 1996 2110 2048 talia
2141 2005 2195 2048 et
2221 1995 2322 2048 alia
2362 1995 2687 2059 dicerentur,
2726 1995 2968 2050 notarius
3014 1996 3155 2065 regis
3184 2010 3410 2063 respon-

1834 2089 1913 2141 dit
1946 2104 1959 2140 :
1994 2087 2299 2141 Patriarclia
2331 2096 2354 2123 ε
2385 2086 2562 2158 Cyl-ila
2604 2086 2756 2140 dixit.
2790 2087 2869 2140 Ad
2917 2086 3059 2155 quod
3104 2087 3332 2154 superbe
3359 2098 3413 2141 et

1835 2178 2020 2232 illicite
2046 2178 2146 2231 sibi
2180 2192 2371 2230 nomen
2412 2187 2718 2245 usurpatum
2761 2177 2927 2230 nostri
2973 2177 3220 2230 detestati
3263 2176 3412 2229 dixe-

1836 2279 1960 2323 runt
1993 2288 2004 2321 :
2040 2270 2270 2339 Legatur
2320 2270 2475 2322 nobis
2503 2284 2606 2338 quo
2635 2268 2965 2322 concedente
3005 2268 3143 2322 istud
3189 2268 3287 2322 sibi
3320 2284 3414 2321 no-

1837 2376 1960 2436 men
1983 2361 2155 2429 Cyrila
2184 2358 2489 2427 assumpsit.
2526 2359 2590 2412 Et
2612 2359 2805 2413 exinde
2827 2358 3109 2425 strepitum
3133 2358 3411 2411 concitau-

1840 2461 1955 2513 tes,
2004 2453 2318 2505 calumniari
2379 2451 2669 2506 adversarii
2719 2458 3021 2518 caeperunt.
3056 2451 3118 2503 Et
3145 2449 3266 2516 quia
3314 2451 3413 2503 line

1840 2543 2007 2595 nostri
2042 2546 2301 2608 petierant
2337 2550 2392 2592 ut
2413 2542 2624 2605 saltem,
2652 2544 2696 2595 si
2742 2541 3048 2595 examinare
3071 2554 3175 2593 non
3200 2540 3409 2604 licebat,

1841 2634 2085 2700 prudenti
2112 2632 2433 2686 multitudini
2466 2635 2549 2687 vel
2579 2644 2890 2702 exspectare
2920 2634 3138 2687 liceret:
3161 2632 3414 2700 jubentur

1842 2723 2071 2775 universi
2105 2722 2196 2776 lilii
2221 2722 2497 2776 catholica:
2518 2722 2775 2777 Ecclesiae
2795 2723 2883 2790 qui
2908 2722 3150 2787 aderant,
3176 2723 3413 2776 centenis

1842 2813 2070 2867 fustibus
2097 2813 2187 2883 [al.
2216 2812 2371 2883 caedi]
2406 2813 2574 2867 tundi.
2600 2814 2749 2867 Tunc
2772 2814 3004 2868 clamare
3032 2815 3193 2880 coepit
3230 2814 3415 2868 beatus

1843 2904 2012 2975 |_Lor.,
2051 2904 2333 2974 Eusebius]
2380 2905 2647 2973 Eugenius
2680 2923 2691 2957 :
2726 2904 2917 2958 Videat
2941 2904 3083 2960 Deus
3126 2908 3231 2959 vim
3257 2921 3414 2975 quam

1844 3002 2093 3068 patimur,
2154 3007 2445 3066 cognoscat
2500 2997 2843 3051 afflictionem
2896 3008 2950 3052 et
2994 2998 3415 3065 persecutionem

1844 3106 2000 3159 quam
2033 3105 2060 3143 a
2095 3089 2522 3156 persecutoribus
2566 3089 2911 3143 sustinemus.
2937 3089 3299 3159 Conversique
3322 3105 3413 3143 no-

1846 3184 1941 3238 stri
1964 3227 1978 3251 ,
2006 3182 2202 3252 Cyrila:
2241 3182 2490 3235 dixerunt
2517 3198 2532 3235 :
2564 3182 2810 3248 Propone
2861 3181 3000 3249 quod
3033 3181 3291 3248 diSponis.
3316 3180 3418 3251 Cy-

1847 3277 1943 3329 rila
1968 3276 2100 3327 dixit
2130 3291 2141 3325 :
2177 3273 2364 3327 Nescio
2390 3272 2576 3325 Latine
2600 3271 2762 3343 [Colb.
2798 3275 2819 3326 I
2856 3272 2999 3325 addit
3026 3272 3211 3345 loqui].
3236 3272 3416 3326 Nostri

1847 3368 2080 3435 episcopi
2128 3366 2420 3420 dixerunt:
2449 3366 2670 3431 Semper
2702 3377 2752 3417 te
2794 3365 2978 3417 Latine
3023 3379 3142 3419 esse
3188 3366 3415 3418 IOCttlttttl

1850 3462 2132 3515 manife~to
2163 3461 2434 3519 novimus;
2460 3458 2617 3511 modo
2647 3460 2886 3511 excusari
2917 3472 3022 3510 non
3052 3457 3215 3511 debes
3237 3500 3251 3526 ,
3285 3472 3419 3525 pra--

1850 3550 2035 3604 sertim
2059 3550 2179 3615 quia
2212 3558 2264 3602 tu
2298 3548 2453 3616 hujus
2492 3549 2567 3603 rei
2608 3548 2910 3602 incendium
2938 3549 3225 3601 suscitasti.
3256 3548 3321 3601 Et
3345 3549 3420 3601 vi-

1854 3640 1986 3693 dens
2007 3638 2302 3692 catholicos
2333 3640 2613 3707 episcopos
2642 3637 2707 3691 ad
2736 3638 3040 3691 cnnﬂictum
3068 3653 3185 3708 mag
3210 3655 3235 3694 s
3261 3640 3419 3692 fuis-c

1851 3839 2063 3893 bantur.
2096 3838 2170 3893 De
2198 3837 2280 3891 his
2313 3836 2640 3901 Augustinus
2678 3837 2731 3891 in
2780 3836 3051 3891 breviculo
3094 3836 3417 3892 collationis.

1850 3910 2004 3963 Plura
2029 3925 2155 3962 vero
2186 3907 2339 3961 habet
2364 3907 2598 3961 Morinns
2621 3907 2711 3960 lib.
2741 3923 2755 3961 l
2783 3907 3232 3962 Exercitationum
3257 3907 3422 3960 eccle-

1850 3982 1998 4033 siast.
2032 3994 2149 4046 cap.
2179 3978 2270 4031 20.
2306 3978 2500 4032 Eorum
2525 3979 2724 4031 mentio
2754 3978 2949 4045 passim
2978 3978 3032 4030 in
3071 3978 3417 4031 conciliorum

1850 4051 1982 4102 actis
2006 4050 2250 4107 habetur,
2280 4063 2341 4101 ex
2371 4048 2562 4115 quibus
2587 4047 2742 4100 facile
2767 4047 2940 4113 quivis
2968 4062 3153 4100 eorum
3184 4046 3418 4099 officium

1851 4121 2162 4183 dignoscere
2177 4119 2285 4187 78
2302 4127 2491 4183 potest.
2519 4118 2584 4171 Et
2602 4116 2758 4181 infra,
2785 4118 2984 4184 prolata
3008 4116 3290 4183 conﬁrmet,
3313 4125 3416 4187 etc.

1850 4190 1966 4242 Ful.
1994 4199 2043 4242 et
2078 4185 2269 4249 Mari;
2286 4188 2604 4254 conﬁrment,
2642 4198 2731 4240 aut
2760 4190 2943 4253 probra
2968 4196 3229 4254 assumpta
3264 4185 3421 4254 refel-

1858 4259 1983 4311 lant.
2019 4260 2512 4323 Germ.,conﬁrmet
2561 4268 2648 4311 aut
2691 4257 2893 4322 probra,
2942 4266 3046 4311 etc.
3091 4253 3327 4309 Ortliod.
3370 4262 3424 4309 et

1859 4329 2156 4392 Luricliins,
2185 4329 2344 4394 imprc
2355 4328 2411 4381 be
2431 4335 2690 4395 assumpta
2710 4327 2930 4393 refellat.

1930 4409 1952 4436 °
1988 4399 2137 4452 llune
2170 4397 2340 4449 locum
2373 4398 2697 4451 restituimus
2726 4412 2793 4448 ex
2826 4411 2953 4449 mss.
2968 4394 3166 4450 Colb.l
3204 4403 3257 4448 et
3281 4394 3424 4449 Port.

1858 4468 2264 4536 Interpellarunt
2293 4468 2487 4534 quippe
2514 4466 2783 4536 catholici,
2811 4479 2931 4518 cum
2964 4466 3077 4517 lucc
3106 4467 3304 4536 verba,
3318 4464 3422 4518 Pa-

1858 4534 2084 4590 triarclta
2115 4536 2289 4605 Cyrila
2336 4538 2484 4600 dixit,
2536 4535 2783 4605 Notarius
2825 4536 3208 4597 pronuntiaret.
3267 4534 3428 4590 Ferre

1858 4610 2001 4661 enim
2040 4602 2441 4674 non'pmerant,
2482 4616 2535 4657 ut
2576 4605 2664 4658 ille
2694 4602 2923 4674 Cyrilam
2966 4617 3296 4674 nuncuparet
3336 4621 3428 4672 pa-

1862 4678 2171 4739 triarcliam,
2207 4675 2345 4728 unde
2365 4677 2626 4728 sermonis
2668 4676 2836 4743 ipsius
2882 4674 3023 4726 filum
3074 4675 3427 4742 interrnpere.

1861 4747 2013 4802 Coll).
2045 4748 2201 4807 alter,
2224 4746 2490 4805 libertam,
2521 4745 2717 4807 (iliil‘ll.,
2741 4745 2912 4806 Bald.,
2945 4753 3000 4798 et
3027 4745 3200 4812 Bign.,
3232 4747 3427 4797 omissa

1863 4834 1965 4870 una
1998 4818 2155 4870 linea.
2191 4814 2362 4883 Cyrila
2387 4815 2549 4886 dixit:
2588 4815 2827 4886 Legatur,
2886 4825 2989 4886 etc.
3036 4817 3205 4869 Aliter
3234 4816 3431 4869 habent

1862 4889 2010 4953 Sur.,
2042 4886 2290 4947 0rthod.,
2326 4885 2622 4949 Loricliius,
2654 4884 2705 4939 et
2728 4900 2846 4937 cum
2879 4884 2955 4936 eis
2987 4886 3133 4938 Bald.
3168 4887 3219 4940 in
3253 4886 3399 4953 prole

1864 4960 2127 5025 gomenis,
2181 4956 2402 5018 scilicet,
2455 4954 2757 5007 Patriurchu
2811 4954 2983 5022 (ἱερήια
3045 4956 3198 5017 dixit,
3238 4957 3432 5023 aliquos

1867 5038 2086 5081 vestrum
2132 5026 2343 5096 superbe
2391 5034 2438 5078 et
2479 5026 2653 5077 illicite
2695 5025 2790 5077 sibi
2841 5041 3021 5096 nomen
3069 5026 3433 5077 cat/taurorum

1868 5112 2157 5165 usurpasse.
2192 5093 2371 5147 Nostri
2388 5096 2571 5165 testati
2600 5096 2874 5149 dixerunt:
2905 5093 3142 5160 Legatur,
3181 5106 3283 5148 etc.
3333 5096 3432 5148 Sed

1868 5168 1919 5220 ni
1954 5164 2127 5229 fallor,
2164 5179 2348 5218 vocem
2371 5164 2749 5219 Catholicorum
2775 5165 2972 5231 absque
2999 5180 3098 5217 ius.
3124 5174 3435 5230 posuerunt,

1868 5237 2011 5304 quod
2040 5237 2172 5292 alias
2205 5250 2396 5289 sensus
2443 5236 2713 5289 videretur
2762 5235 2839 5287 eis
2885 5248 3004 5304 esse
3052 5236 3248 5289 nullus.
3304 5233 3432 5285 Nam

1870 5302 1985 5359 Ful.
2016 5316 2069 5358 et
2106 5305 2312 5367 Germ.,
2344 5306 2430 5371 qui
2462 5306 2599 5357 hanc
2642 5304 2920 5357 lectionem
2953 5302 3167 5366 habent,
3213 5318 3309 5367 pro
3349 5317 3433 5351 ca-

1872 5376 2175 5428 tholicorum
2206 5374 2400 5428 habent
2447 5374 2772 5443 patriarchte,
2804 5386 2858 5427 et
2893 5373 3043 5427 Colb.
3088 5372 3271 5443 tertius
3312 5385 3432 5422 cuin

1871 5447 2057 5510 Comp.
2090 5451 2350 5498 neutram.
2390 5441 2552 5497 Porro
2584 5444 2844 5497 familiare
2874 5450 3008 5504 erat,
3040 5452 3093 5492 ut
3137 5441 3241 5508 jam
3273 5455 3434 5506 supra

1872 5516 2292 5575 observavinnis,
2324 5514 2460 5581 apud
2506 5514 2635 5566 istos
2654 5513 2890 5581 aliosque
2935 5511 3208 5571 barbaros,
3243 5510 3431 5575 pracci-

1876 5602 2034 5655 puuni
2061 5584 2232 5655 gentis
2255 5580 2367 5638 suae
2395 5583 2701 5653 episcopum
2734 5580 3078 5653 patriarcham
3107 5589 3432 5649 nuncupare.
