3944 6176
581 292 691 346 219

1862 289 2160 343 VICTORIS
2203 288 2504 343 VITENSIS

3719 290 3817 341 220

583 420 815 478 paratos,
837 409 1088 460 “omnino
1109 405 1321 460 volebat
1339 405 1662 460 audientiam
1684 403 1905 456 diversis
1929 402 2142 455 cavilla-
2172 406 2218 461 Α
2247 403 2557 470 cienterque
2583 403 2960 468 conscriptum,
2989 401 3225 455 dicentes
3255 417 3268 452 :
3300 401 3356 455 Si
3391 410 3628 455 nosttam
3661 404 3813 459 ﬁdem

590 500 825 556 tionibus
853 497 1137 554 declinare.
1180 497 1330 563 Quod
1379 507 1502 553 ante
1551 495 1721 550 nostri
1764 493 2136 563 prae-videntes,

589 589 814 642 libellum
836 588 903 642 dc
932 588 1032 642 ﬁde
1061 588 1509 656 conscripserant,
1552 589 1682 640 satis
1711 584 1962 640 decenter
1990 582 2139 670 sufﬁ-

2251 507 2571 561 cognoscere
2622 491 2957 554 desideratis,
3005 493 3119 547 inec
3159 502 3244 548 est
3293 495 3488 548 veritas
3531 508 3691 562 quam
3739 508 3814 553 te-

2247 599 2447 638 nemus.

653 732 682 761 ι
709 723 797 779 Sic
823 723 980 777 habet
1005 723 1296 776 Lorichius.
1333 728 1395 775 At
1423 722 1512 775 alii
1555 737 1681 774 mss.
1727 729 1779 773 et
1806 719 1890 773 ed.
1921 718 2124 771 omnino
2161 718 2589 777 audientiam”...
2622 718 2915 772 declinavit.

1536 943 2012 1048 LIBER
2106 944 2837 1052 TERTIUS.

985 1129 1317 1172 PBOI‘ESSIO
1363 1127 1531 1169 FIDE!
1573 1123 2058 1168 οΑΤΗοιιαοειυΜ
2105 1124 2130 1162 li

2243 1123 2534 1164 COPOBUM
2581 1124 2902 1167 EUNEBICD
2944 1128 3091 1169 REGI
3135 1130 3397 1173 οιςιλτι.

648 1236 752 1306 23
789 1236 829 1289 1.
876 1235 1058 1287 Unitas
1097 1232 1390 1284 substantia:
1427 1229 1539 1284 Dei.
1584 1258 1653 1268 —
1691 1226 1870 1296 [legali
1913 1227 2138 1295 imperio

579 1329 700 1383 ﬁdei
729 1327 1022 1391 catholicae,
1055 1341 1211 1394 quam
1250 1337 1512 1384 tenemus.
1545 1325 1886 1392 praecipimur
1914 1323 2138 1377 reddere

577 1421 854 1482 rationem,
888 1420 1112 1486 ideoque
1141 1416 1476 1485 aggredimur
1501 1431 1594 1483 pro
1621 1427 1920 1469 nOSIrarum
1946 1414 2136 1467 virium

575 1513 938 1568 mediocritate
957 1552 973 1576 ,
1007 1511 1188 1564 divino
1211 1511 1325 1564 lulti
1351 1519 1376 1546 τι
1406 1509 1692 1578 adiutorio,
1723 1523 1842 1574 quae
1867 1507 2137 1560 credimus

573 1605 655 1658 vel
683 1603 1030 1672 praedicamus
1057 1601 1288 1656 breviter
1316 1600 1583 1652 intimare.
1616 1597 1850 1651 Primum
1881 1596 2040 1658 igitur
2071 1595 2138 1648 de

574 1693 774 1747 unitate
815 1691 1122 1745 substantia:
1175 1690 1347 1743 Patris
1404 1699 1458 1743 et
1499 1688 1525 1724 δ
1572 1686 1732 1751 Filii,
1774 1685 1913 1764 quod
1967 1684 2138 1739 Grmci

571 1783 833 1855 ὁμοούσιον
853 1781 1056 1845 dicunt,
1103 1779 1472 1846 exponendum
1504 1779 1657 1851 nobis
1701 1792 1824 1831 esse
1863 1776 2140 1844 cngnosei-

568 1889 710 1927 mus.
757 1873 965 1925 Patrem
1007 1885 1154 1938 ergo,
1184 1877 1239 1923 et
1275 1869 1488 1933 Filium,
1519 1877 1574 1920 et
1601 1866 1854 1934 Spiritum
1896 1875 2136 1918 sanctum

572 1963 641 2015 ita
667 1963 718 2014 in
744 1962 941 2015 unitate
979 1959 1200 2013 Deitatis
1233 1959 1570 2026 proﬁtemur;
1599 1967 1656 2010 ut
1681 1965 1735 2010 et
1776 1956 1984 2010 Patrem
2029 1967 2050 1993 ο
2085 1956 2136 2008 in

2319 1224 2380 1278 ll.
2413 1224 2668 1278 Probatur
2686 1241 2749 1280 ea:
2775 1227 3079 1294 Scripturis.
3099 1261 3166 1270 —-
3189 1231 3264 1284 Ex
3297 1233 3449 1289 Patre
3473 1245 3654 1292 autem
3677 1253 3814 1297 esse.

2245 1317 2297 1371 id
2326 1326 2406 1371 est
2436 1318 2589 1372 unius
2617 1333 2736 1372 cum
2790 1320 2947 1373 Patre
2992 1323 3301 1378 substantia:
3323 1366 3335 1386 ,
3383 1327 3465 1381 his
3497 1331 3816 1385 testimoniis

2243 1407 2588 1473 approbatur,
2631 1411 2882 1478 Apostolo
2915 1411 3128 1466 dicente
3160 1430 3177 1467 :
3211 1415 3310 1478 Qui
3341 1433 3453 1470 cum
3479 1422 3546 1472 sit
3577 1422 3815 1491 splendor

2243 1501 2437 1570 glorite,
2467 1511 2510 1555 et
2535 1502 2702 1572 ﬁgura
2721 1504 3015 1558 substantia:
3043 1508 3176 1575 ejus,
3199 1522 3376 1576 gerens
3407 1525 3609 1579 quoque
3643 1515 3815 1567 omnia

2244 1593 2388 1646 verbo
2409 1593 2608 1647 virtutis
2647 1609 2754 1646 suta
2797 1593 2979 1665 (Hebr.
3017 1611 3056 1658 ι,
3081 1593 3157 1664 5).
3197 1597 3263 1650 Et
3305 1598 3497 1653 iterum
3530 1601 3644 1668 ipse
3679 1602 3815 1657 Dcus

2244 1683 2400 1736 Pater
2423 1685 2813 1738 incredulorum
2845 1685 3119 1754 perﬁdiam
3147 1687 3455 1758 ohjttrgztns,
3496 1692 3585 1761 qui
3619 1695 3813 1760 praadi-

2242 1763 2412 1828 cantis
2442 1790 2536 1842 per
2578 1778 2862 1843 prophetas
2898 1777 3014 1832 Filii
3049 1795 3234 1832 vocent
3284 1782 3333 1833 in
3383 1797 3475 1836 sua
3519 1785 3814 1840 substantia

2245 1874 2554 1919 manentem
2567 1867 2745 1920 audire
2768 1868 3072 1935 noluerunt,
3098 1869 3376 1940 2&dixit:
3398 1871 3519 1926 Non
3538 1877 3814 1929 audierunt

2242 1972 2406 2008 vocem
2430 1966 2453 1993 θ
2481 1960 2774 2012 substantia:
2813 1958 2942 2026 (Jer.
2975 1975 3055 2022 ts.
3093 1963 3212 2031 10),
3245 1975 3401 2032 quam
3448 1981 3634 2020 vocem
3681 1969 3811 2022 sub-

570 2073 682 2112 sute
710 2057 1032 2126 proprietate
1059 2069 1301 2124 persona:
1327 2052 1639 2116 subsistere,
1658 2060 1712 2105 et
1732 2050 1920 2104 Filium
1947 2050 2138 2103 nihiio-
2172 2036 2211 2092 Β
2241 2049 2448 2102 stant-ite
2499 2048 2644 2119 [edin
2676 2065 2796 2105 cum
2829 2051 2956 2124 tam]
2985 2064 3343 2131 contemptam
3377 2059 3597 2114 terribili
3628 2073 3815 2115 conte-

574 2152 746 2202 minus
794 2149 849 2203 in
889 2148 1106 2217 propria
1140 2157 1352 2202 exstare
1397 2160 1656 2214 persona,
1688 2155 1847 2213 atque
1883 2144 2137 2211 Spiritum

571 2252 811 2296 sanctum
847 2255 1088 2310 persona:
1126 2255 1237 2293 suae
1291 2239 1669 2306 proprietatem
1716 2237 1948 2291 retinere
1997 2237 2138 2289 ﬁdeli

566 2330 901 2386 confessione
946 2329 1221 2384 fateamur.
1268 2329 1384 2383 Non
1415 2330 1662 2384 eumdem
1695 2337 1998 2382 asserentes
2044 2328 2140 2380 Pa-

567 2426 700 2474 trem
717 2435 871 2488 quem
890 2419 1104 2484 Filium,
1129 2433 1302 2486 neque
1326 2418 1517 2473 Filium
1534 2418 1855 2473 conﬁtentes
1873 2417 1961 2484 qui
1982 2417 2139 2470 Pater

574 2511 658 2575 sit,
677 2521 768 2566 aut
786 2513 1010 2580 Spiritus
1039 2521 1285 2575 sanctus;
1315 2525 1486 2579 neque
1508 2510 1578 2563 ita
1602 2509 1858 2578 Spiritum
1896 2520 2136 2564 sanctum

569 2601 881 2666 accipimus,
915 2610 1083 2654 utaut
1105 2599 1262 2654 Pater
1291 2601 1362 2654 sit
1389 2608 1482 2653 aut
1503 2600 1700 2665 Filius;
1729 2599 1820 2653 sed
1846 2600 2136 2666 ingenitum

569 2690 800 2756 Patrem,
823 2700 879 2745 et
902 2691 969 2744 de
990 2692 1142 2745 Patre
1169 2691 1260 2763 [αι.
1277 2692 1479 2762 natum]
1508 2691 1740 2760 genitum
1767 2692 2047 2758 Filium,et
2071 2693 2138 2748 de

575 2785 726 2837 t’atre
755 2780 847 2836 etd
879 2783 1012 2838 Filio
1029 2784 1404 2851 procedentem
1424 2783 1679 2852 Spiritum
1701 2793 1966 2851 sanctum,
1983 2786 2137 2839 unius

565 2873 963 2927 credimusesse
983 2874 1293 2927 substantiae
1315 2873 1573 2944 [Lor.,etJ
1603 2875 1943 2929 velesscntia:
1971 2890 1985 2928 :
2015 2878 2134 2940 quia

566 2961 784 3029 ingeniti
817 2961 991 3016 Patris
1019 2971 1072 3015 et
1097 2963 1264 3030 geniti
1294 2962 1412 3014 Filii
1456 2971 1511 3015 et
1541 2964 1878 3029 procedentis
1909 2963 2137 3031 Spiritus

565 3051 733 3105 sancti
764 3066 864 3104 una
889 3060 973 3106 est
1010 3052 1201 3116 deitas,
1234 3061 1342 3106 tres
1369 3067 1496 3107 vero
1523 3068 1868 3122 personarum
1895 3057 2136 3123 proprie-

568 3150 726 3195 tates.
760 3142 824 3196 Et
852 3143 973 3212 quia
1017 3155 1202 3197 contra
1234 3144 1372 3198 hanc
1415 3145 1732 3198 catholicam
1762 3147 1844 3200 vel
1874 3148 2132 3214 apostoli-

564 3244 680 3284 cam
736 3231 894 3286 ﬁdem
925 3243 1114 3286 exorta
1155 3232 1376 3287 hmresis
1419 3233 1706 3288 novitatem
1749 3235 2030 3303 quamdam
2054 3237 2134 3291 in-

565 3320 813 3387 duxerat,
841 3337 1085 3378 asserens
1115 3323 1304 3377 Filium
1335 3339 1438 3378 nou
1467 3324 1558 3396 [at.
1586 3323 1676 3395 ex]
1707 3325 1774 3381 de
1808 3327 1980 3381 Patris
2007 3329 2132 3382 sub-

563 3415 754 3468 stantia
771 3411 864 3484 [at.
893 3412 1096 3485 natum]
1109 3415 1362 3484 genitum,
1391 3415 1486 3469 sed
1509 3431 1575 3468 ex
1599 3417 1758 3470 nullis
1775 3419 2126 3482 exatantibus,

565 3501 616 3555 id
642 3513 725 3556 est
751 3518 815 3556 ex
848 3503 1015 3557 nihilo
1059 3503 1360 3559 substitisse
1386 3525 1400 3560 :
1429 3505 1496 3558 ad
1530 3507 1665 3559 hanc
1694 3506 1980 3574 impietatis
2008 3525 2132 3577 pro-

568 3592 876 3659 fessionem,
906 3610 1024 3662 quae
1045 3604 1226 3647 contra
1253 3595 1409 3648 ﬁdem
1441 3605 1753 3661 emerserat,
1786 3599 2130 3653 refellendam

563 3693 619 3737 et
648 3684 854 3750 penitus
881 3682 1218 3748 abolendam,
1247 3684 1512 3753 ὀμοσύσιον
1538 3701 1715 3739 sermo
1745 3686 1964 3743 Graecus
1992 3693 2131 3758 posi-

567 3784 651 3826 tus
693 3784 807 3834 est,
850 3775 992 3841 quod
1049 3775 1423 3842 interpretatur
1470 3781 1626 3830 unius
1689 3780 1997 3834 substantia:
2048 3783 2129 3835 vel

563 3865 830 3927 essentite,
857 3863 1159 3930 signiﬁcans
1193 3863 1382 3917 Filium
1417 3880 1520 3919 non
1549 3882 1615 3920 ex
1662 3867 1754 3937 [αι.
1785 3870 1967 3941 nullis]
2009 3872 2128 3925 ullis

563 3953 914 4016 exstantibus,
955 3966 1056 4006 nec
1085 3968 1153 4006 ex
1197 3955 1298 4006 alia
1341 3955 1668 4022 substantia,
1716 3961 1808 4012 sed
1858 3959 1924 4014 de
1976 3960 2130 4014 Patre

564 4060 744 4099 natum
772 4059 912 4098 esse.
962 4044 1062 4110 Qui
1093 4060 1218 4099 vero
1261 4054 1412 4114 putat
1453 4047 1723 4118 ὁμοούσιον
1749 4049 2129 4117 auferendum,

562 4152 632 4192 ex
664 4135 828 4190 nihilo
857 4133 966 4188 vult
996 4151 1234 4190 asserere
1267 4137 1455 4190 Filium
1491 4137 1781 4191 exstitisse.
1817 4141 1919 4194 Sed
1948 4157 2013 4196 ex
2046 4143 2130 4196 ni-

567 4229 674 4282 hilo
705 4243 809 4282 non
839 4237 940 4293 est,
974 4243 1038 4282 ex
1069 4228 1224 4282 Patre
1248 4229 1364 4281 sine
1393 4226 1554 4280 dubio
1591 4236 1694 4293 est,
1735 4238 1790 4282 et
1833 4243 1978 4287 recte
2015 4235 2129 4305 ὁμο-

561 4323 754 4382 ούσιον,
782 4317 837 4373 id
865 4325 946 4372 est
973 4318 1124 4370 unius
1145 4332 1266 4371 cum
1299 4316 1457 4370 Patre
1480 4314 1812 4385 substantiae,
1841 4322 2004 4379 Filius
2027 4336 2129 4380 est.

638 4485 664 4512 ⁸
693 4475 1214 4550 Cod._Lauduuensis
1240 4484 1293 4530 et
1323 4475 1431 4536 alii,
1454 4477 1668 4550 auxilio.
1703 4478 1883 4544 Mart.,
1914 4479 2126 4550 Comp.,

568 4542 714 4616 Lo_r.,
737 4561 786 4602 et
819 4548 992 4610 0rth.,
1025 4549 1344 4616 ﬁdemquam
1363 4548 1634 4600 credimus.

638 4613 666 4651 δ
695 4616 846 4670 Colb.
877 4618 898 4669 1
927 4613 1072 4670 addit
1098 4613 1254 4670 manu
1287 4619 1484 4670 recenti
1515 4626 1560 4670 et
1588 4616 1814 4683 Spiritus
1842 4620 2021 4672 sancti.

639 4694 664 4721 ο
695 4684 784 4738 Sic
807 4685 981 4756 Mart”
1006 4686 1223 4756 AGerm.,
1251 4685 1409 4756 iFul.,
1455 4697 1508 4741 et
1553 4687 1728 4740 Chit‘ﬁ.
1780 4691 1848 4742 At
1887 4689 2039 4743 Colb.
2076 4691 2124 4756 1,

564 4755 775 4823 Comp.,
809 4753 1106 4816 Lorichius,
1149 4768 1202 4810 et
1241 4755 1490 4819 0rthod.,
1523 4772 1617 4823 pio
1645 4775 1752 4811 sua:
1781 4758 1975 4812 habent
2012 4753 2123 4812 sua.

565 4825 714 4881 Colb.
746 4824 900 4880 alter.
924 4835 978 4875 et
1008 4823 1173 4877 Laud.
1206 4838 1326 4897 cum
1355 4825 1816 4897 Bald.._lihenan.
1850 4839 1902 4881 et
1947 4828 2120 4897 Bign.,

563 4911 658 4950 sua
675 4897 996 4968 proprietatis
1019 4908 1254 4968 persona.
1282 4895 1368 4947 Sic
1388 4904 1438 4947 et
1461 4895 1611 4968 Colb.
1640 4900 1824 4952 tertius
1852 4897 1903 4950 in
1930 4895 2118 4968 margi-

567 4981 654 5026 ne,
684 4963 772 5030 qui
805 4964 856 5016 in
887 4968 1029 5042 testu
1063 4963 1239 5027 habet,
1270 4979 1363 5043 sua
1394 4967 1600 5033 prapria
1621 4968 1828 5019 Deitatis
1853 4963 2086 5037 persona.

635 5031 661 5070 ἀ
690 5032 812 5086 Haec
843 5032 1090 5098 particula
1125 5033 1274 5085 deest
1306 5049 1358 5084 in
1382 5033 1544 5086 Laud.
1571 5046 1623 5088 et
1655 5039 1703 5088 in
1735 5037 1964 5092 editione
1995 5038 2108 5094 Rite

565 5103 708 5156 nani.
741 5101 809 5154 At
840 5103 890 5154 in
918 5100 958 5153 C
999 5103 1110 5156 lb.I
1146 5103 1246 5154 alia
1271 5117 1427 5155 manu
1457 5107 1651 5171 scripta
1686 5115 1784 5160 est.
1817 5108 1881 5160 Et
1904 5109 1953 5160 in
1979 5125 2124 5161 reca-

565 5171 863 5241 pitulationc
889 5172 1018 5224 intra
1053 5186 1196 5224 num.
1227 5171 1293 5224 9.1
1327 5187 1433 5226 non
1465 5175 1708 5229 habetur.
1743 5179 1925 5231 Exstat
1951 5188 2124 5232 tamen

567 5245 620 5296 in
640 5244 846 5296 creteris
873 5255 997 5293 mss.
1027 5249 1082 5293 et
1109 5243 1287 5294 edit's.

637 5323 661 5348 υ
685 5311 849 5385 Laud.
878 5309 1042 5385 addit.
1064 5326 1207 5385 mete.
1240 5309 1375 5385 Intra
1406 5322 1582 5385 autem
1610 5313 1660 5366 in
1683 5315 1872 5382 Comp.
1905 5325 1957 5369 et
1982 5318 2123 5385 apud

564 5380 864 5456 Lorichium
893 5380 969 5456 sic
995 5378 1244 5456 habetur:
1272 5380 1370 5456 Qui
1393 5397 1504 5433 cum
1527 5383 1593 5456 sit
1618 5378 1855 5452 splendor
1884 5395 1928 5438 et
1956 5378 2122 5456 ﬁgura

561 5450 807 5505 substanti
827 5467 852 5500 υ
880 5451 987 5518 ejus
1008 5459 1055 5502 et
1078 5450 1411 5502 substantiam
1450 5450 1721 5505 notuerunt
1750 5456 1928 5509 audire
1956 5450 2122 5510 ldere-

564 5523 670 5573 tici.
704 5521 842 5574 Dixit
870 5521 999 5572 alius
1026 5519 1272 5589 propheta
1298 5533 1318 5572 :
1347 5518 1469 5573 Non
1496 5523 1770 5577 audierunt
1800 5541 1984 5589 vocem,
2016 5535 2120 5580 etc.

566 5590 676 5642 Vox
706 5590 926 5641 Ita'rett'ci
969 5591 1117 5644 deest
1146 5589 1196 5643 in
1237 5588 1422 5658 Comp.
1459 5590 1622 5658 Porro
1667 5594 1716 5646 itt
1769 5591 1920 5648 Colb.
1966 5588 2122 5649 unius

562 5661 797 5721 margine
827 5659 938 5713 tunc
973 5662 1131 5714 verba
1162 5657 1451 5716 habentur:
1484 5657 1550 5714 In
1587 5660 1808 5718 Ieremia
1840 5665 2119 5719 secundum

2226 2141 2472 2196 statione
2518 2143 2818 2209 increpans,
2850 2145 2915 2196 ad
2937 2146 3184 2199 eumdem
3213 2149 3526 2216 prophetam
3555 2150 3811 2220 loquitur,

2241 2229 2423 2282 dicens
2447 2246 2461 2283 :
2493 2229 2663 2302 Super
2695 2242 2886 2287 montes
2914 2236 3128 2302 accipite
3167 2237 3429 2303 planctum
3449 2279 3464 2304 ,
3489 2248 3533 2292 et
3563 2257 3716 2310 super
3735 2259 3813 2294 sc-

2242 2320 2389 2373 mitas
2411 2321 2596 2375 deserti
2613 2323 2822 2386 luctum,
2849 2325 2967 2391 quia
2997 2327 3317 2394 defecerunt,
3347 2340 3404 2382 eo
3431 2331 3565 2396 quod
3586 2349 3687 2384 non
3709 2335 3814 2385 sint

2240 2411 2494 2476 homines;
2525 2430 2626 2466 non
2652 2416 2924 2469 audierunt
2945 2433 3114 2470 vocem
3145 2420 3440 2472 substantia
3468 2437 3500 2472 a
3525 2422 3814 2475 volatilibus

2240 2503 2353 2554 caeli
2388 2519 2546 2573 usque
2587 2506 2655 2558 ad
2694 2522 2875 2575 pecora
2915 2505 3127 2574 (lbid.).
3172 2509 3239 2562 Et
3277 2524 3486 2562 rursum
3531 2521 3626 2565 eos
3663 2513 3751 2580 qui
3781 2528 3809 2563 a

2243 2594 2572 2658 professione
2612 2597 2768 2652 unius
2817 2599 3128 2654 substantia:
3154 2601 3500 2667 declinantes,
3539 2604 3589 2657 in
3617 2605 3808 2658 eadem

2243 2686 2360 2740 lidei
2389 2687 2684 2741 substantia
2712 2698 2853 2743 stare
2883 2691 3184 2755 noluerunt,
3218 2692 3459 2760 increpat
3489 2694 3673 2748 dicens
3702 2713 3716 2744 :
3746 2697 3809 2750 Si

2237 2781 2486 2831 stetissent
2505 2779 2558 2831 in
2578 2779 2854 2833 substantia
2883 2794 3013 2845 mea,
3032 2782 3323 2834 avertissem
3361 2784 3528 2852 utique
3556 2801 3638 2838 eos
3665 2801 3698 2836 ιι
3727 2789 3809 2838 ria

2237 2885 2333 2921 sua
2373 2869 2541 2933 mala,
2589 2879 2636 2921 et
2669 2886 2700 2921 a
2739 2871 2964 2936 pessimis
3009 2873 3398 2940 cogitationibus
3443 2875 3546 2928 suis
3590 2875 3806 2946 (lcrem.

2238 2976 2385 3026 xxiii,
2416 2960 2530 3029 ‘22).
2563 2961 2628 3014 Et
2682 2963 2870 3014 iterum
2920 2978 3025 3016 non
3053 2973 3204 3016 extra
3242 2965 3588 3020 substantiam
3635 2965 3810 3022 Patris

2240 3048 2428 3103 Filium
2455 3051 2833 3114 conti-tendum,
2861 3052 2952 3106 sed
2987 3053 3035 3104 in
3063 3053 3248 3108 eadem
3278 3051 3295 3090 ί
3333 3055 3468 3108 lideli
3497 3056 3652 3110 oculo
3677 3072 3810 3110 con-

2238 3143 2488 3197 tuendum
2533 3145 2871 3211 apertissime
2911 3145 3246 3210 declaratur,
3294 3146 3419 3199 dunt
3465 3146 3659 3201 dicitur
3711 3165 3811 3217 per

2236 3234 2546 3302 prophetam
2577 3251 2591 3288 :
2627 3236 2748 3298 Quis
2777 3237 2908 3288 stetit
2931 3237 2983 3289 in
3006 3238 3286 3291 substantia
3313 3237 3541 3307 Domini,
3573 3248 3624 3292 ct
3646 3242 3808 3305 vidit,

2235 3336 2280 3380 et
2317 3328 2506 3381 audivit
2531 3331 2733 3383 verbum
2762 3330 2872 3397 ejus
2904 3328 3091 3398 (lbit.,
3121 3329 3250 3396 l8)?
3295 3330 3468 3384 Patris
3511 3347 3639 3401 ergo
3678 3333 3811 3386 sub-

2233 3419 2481 3473 stantiam
2530 3418 2723 3473 Filium
2756 3433 2876 3473 esse
2920 3420 3243 3488 pr0pheticis
3264 3421 3371 3488 jam
3399 3423 3526 3476 olim
3554 3424 3809 3492 designa-

2233 3523 2342 3565 tttm
2382 3521 2464 3566 est
2505 3512 2762 3577 oraculis,
2795 3512 3003 3567 dicente
3043 3511 3329 3568 Salotnone
3377 3531 3390 3566 :
3441 3513 3802 3570 Substantiam

2231 3606 2365 3657 enim
2387 3617 2432 3656 et
2453 3605 2768 3657 dulcedinem
2793 3615 2953 3667 tuam,
2980 3619 3132 3673 quam
3165 3613 3187 3650 ϐ
3210 3605 3260 3656 in
3290 3605 3425 3669 ﬁlios
3456 3607 3606 3659 trabes
3634 3619 3807 3660 ostcu~

2233 3695 2385 3746 debas
2417 3693 2574 3761 (Sap.
2605 3710 2720 3759 rm,
2763 3693 2875 3756 Ἦ),
2910 3709 3063 3758 quam
3095 3695 3145 3746 in
3177 3693 3341 3762 ﬁgura
3370 3703 3425 3748 et
3454 3694 3683 3761 imagine
3709 3713 3804 3764 pa-

2233 3788 2314 3839 nis
2335 3788 2570 3840 cmlestis
2592 3786 2786 3853 populo
2811 3785 2966 3838 Israel
2994 3785 3204 3839 coalitus
3231 3796 3448 3854 apparet
3469 3786 3807 3852 proﬂuxisse.

2235 3875 2387 3938 Quod
2418 3875 2532 3943 ipse
2563 3876 2815 3928 Dominus
2841 3875 2892 3929 in
2943 3875 3228 3946 Evangelia
3271 3878 3536 3945 expo-uit,
3567 3879 3753 3932 dicens
3789 3898 3803 3933 :

2237 3964 2356 4017 Non
2407 3965 2607 4034 Moyses
2653 3967 2792 4018 dedit
2817 3966 2952 4019 vobis
2997 3983 3179 4033 partem
3220 3967 3285 4020 de
3331 3968 3487 4034 creto,
3517 3969 3605 4021 sed
3645 3967 3808 4023 Pa‘er

2235 4069 2374 4107 meus
2402 4055 2490 4106 dat
2521 4054 2656 4107 vobis
2685 4071 2860 4123 panem
2891 4056 2954 4109 de
2982 4057 3105 4110 caelo
3132 4054 3308 4125 (Joan.
3338 4073 3408 4124 γι,
3435 4045 3559 4124 ὅΞ);
3595 4072 3652 4114 se
3697 4062 3809 4112 uti-

2233 4161 2337 4213 que
2378 4161 2565 4212 panem
2614 4145 2727 4212 ipse
2772 4146 2946 4216 [Lor.,
2987 4147 3268 4217 deﬁniens]
3316 4149 3634 4218 designans,
3679 4165 3807 4204 cunt

2235 4235 2362 4288 dicit
2416 4254 2427 4286 :
2474 4234 2582 4305 Ego
2627 4253 2738 4290 sunt
2785 4238 2933 4307 panis
2985 4239 3123 4292 uiuus
3171 4241 3258 4307 qui
3301 4241 3364 4293 de
3412 4244 3536 4295 caelo
3565 4243 3808 4295 descendi

2237 4323 2398 4397 (Ibid.
2421 4326 2532 4395 Η).
2577 4327 2651 4380 De
2688 4343 2792 4396 quo
2833 4329 2990 4382 etiam
3025 4331 3277 4399 prepheta
3317 4331 3480 4386 David
3507 4332 3674 4386 dicit:
3699 4331 3809 4385 Pu-

2235 4484 2369 4539 LXX
2399 4485 2720 4558 Interpretes.
2744 4487 2890 4554 Quod
2913 4499 2994 4544 est
3014 4506 3218 4545 verum.
3245 4488 3506 4541 C:eterum
3522 4504 3620 4558 pro
3647 4507 3808 4557 super

2234 4566 2441 4627 montes,
2471 4570 2600 4627 etc..
2627 4556 2918 4623 Loriebitts,
2948 4570 3000 4612 et
3024 4562 3112 4612 alii
3144 4560 3358 4619 habent,
3385 4556 3536 4627 super
3576 4556 3799 4614 montem

2230 4626 2403 4694 accipe
2433 4626 2713 4693 planctum,
2739 4638 2791 4681 et
2821 4644 2915 4694 pro
2941 4631 3191 4693 semitam,
3217 4630 3396 4696 aliqui.
3429 4626 3651 4682 semitas.

2304 4693 2324 4731 ί
2361 4695 2523 4749 Laud.
2540 4706 2594 4749 et
2615 4697 2764 4750 Colb.
2785 4697 2838 4753 2.
2866 4693 3112 4753 Fideliter
3128 4703 3306 4752 mentis
3337 4699 3502 4752 oculo.
3527 4698 3651 4753 Rhet

2304 4714 2319 4731 -
2361 4714 2523 4749 Lauu.
2540 4714 2594 4749 et
2615 4714 2764 4750 ωιυ.
2785 4714 2838 4757 z,
2866 4714 2899 4748 r
2917 4714 3306 4754 metuet-mentis
3337 4714 3502 4752 oruto.
3527 4714 3803 4763 “uenam,

2229 4763 2444 4829 ﬁdeliter
2467 4767 2642 4818 mentis
2665 4767 2844 4820 oculis.
2881 4767 2996 4820 Ful.
3029 4770 3210 4823 Germ.
3271 4777 3326 4822 et
3361 4769 3612 4833 0rthod.,
3659 4770 3806 4834 fideli

2233 4845 2413 4888 mente.
2446 4834 2595 4889 Colb.
2631 4846 2841 4902 tertius,
2879 4837 3097 4905 ﬁdeliter
3124 4849 3305 4893 mente.
3339 4838 3649 4903 Lorichius,
3682 4840 3806 4906 ﬁdei

2231 4914 2410 4956 mente.

2269 5040 2280 5048 _
2307 4983 2332 5019 ε
2365 4973 2528 5048 ll‘ujus
2561 4974 2661 5028 loci
2689 4983 2743 5028 et
2770 4976 3018 5048 a'iurum,
3047 4974 3140 5048 qui
3193 4979 3280 5033 hic
3326 4977 3610 5042 habentur,
3643 4991 3806 5045 egre-

2232 5040 2344 5113 gias
2402 5043 2580 5113 habes
2609 5046 2976 5112 expositiones
3006 5040 3081 5102 ’ἱιὶ
3121 5048 3256 5101 libro
3281 5063 3374 5103 seu
3435 5040 3806 5113 lt—esponsione

2235 5112 2340 5182 79
2351 5113 2518 5166 sancti
2543 5111 2801 5181 Fulgentii
2819 5117 2882 5168 ad
2904 5117 3090 5171 decem
3111 5121 3424 5171 Arianorum
3443 5111 3800 5182 obiectiones,

2236 5180 2287 5256 in
2307 5180 2861 5256 responsionescilicet
2878 5187 2942 5240 ad
2960 5198 3197 5256 quartam
3213 5203 3397 5241 eorum
3417 5180 3802 5251 objectiouem.

2196 5263 2199 5266 ·
2231 5250 2492 5321 (Lucrum
2519 5250 2672 5307 Colb.
2707 5257 2756 5317 1,
2783 5257 2958 5320 Mart.,
2976 5250 3134 5321 ’Ful.,
3153 5258 3360 5319 Germ.,
3386 5266 3443 5310 ct
3466 5250 3644 5319 0rth.,
3677 5269 3802 5310 cum

2234 5320 2504 5395 Lorichio,
2526 5321 2719 5395 habent
2739 5327 2790 5377 in
2813 5323 2972 5379 Filio.
3005 5326 3067 5379 Et
3087 5320 3250 5395 infra,
3273 5342 3367 5395 pro
3394 5342 3547 5394 quam
3573 5327 3644 5388 in,
3666 5335 3801 5388 cun,

2229 5390 2380 5444 Orth.
2409 5402 2462 5444 et
2490 5393 2783 5466 Lorichius,
2809 5396 2926 5462 quia
2954 5394 3221 5466 in.VColb.
3241 5390 3305 5459 ’1,
3349 5390 3438 5466 qui
3483 5398 3554 5457 in,
3590 5407 3647 5448 ut
3678 5411 3803 5464 qua:

2227 5465 2604 5533 sequunturde
2629 5463 2761 5516 Filio
2793 5467 3000 5531 possint
3038 5465 3280 5528 intelligi.
3317 5463 3378 5520 Et
3416 5466 3630 5533 quidem
3678 5467 3804 5519 exi-

2225 5543 2365 5650 ἓξὲξ)
2391 5532 2597 5588 videtur
2644 5546 2832 5588 sensus
2881 5535 3091 5590 illorum
3141 5536 3354 5592 Patrum
3413 5532 3467 5590 ut
3507 5536 3720 5604 legatur
3747 5535 3803 5587 in

2279 5615 2386 5652 tuo.
