  <div class='ocr_page' id='page_1' title='image "/cluster/home/n/w/nwhite01/storage/ocr_20150623/58/hvd.32044073505109/116.png"; bbox 0 0 3944 6176; ppageno 0'>
   <div class='ocr_carea' id='block_1_1' title="bbox 202 303 1750 368">
    <p class='ocr_par' dir='ltr' id='par_1_1' title="bbox 202 306 1750 368">
     <span class='ocr_line' id='line_1_1' title="bbox 202 306 1750 368; baseline -0.005 -1"><span class='ocrx_word' id='word_1_1' title='bbox 202 317 281 368; x_wconf 65' lang='lat'><strong>‘29.!</strong></span> <span class='ocrx_word' id='word_1_2' title='bbox 1131 311 1214 363; x_wconf 86' lang='lat' dir='ltr'><strong>DE</strong></span> <span class='ocrx_word' id='word_1_3' title='bbox 1253 306 1750 364; x_wconf 74' lang='lat' dir='ltr'><strong>PERSECUTIOM</strong></span> 
     </span>
    </p>
   </div>
   <div class='ocr_carea' id='block_1_2' title="bbox 1861 303 2489 368">
    <p class='ocr_par' dir='ltr' id='par_1_2' title="bbox 1861 303 2489 359">
     <span class='ocr_line' id='line_1_2' title="bbox 1861 303 2489 359; baseline -0.003 -2"><span class='ocrx_word' id='word_1_4' title='bbox 1861 304 2193 359; x_wconf 74' lang='lat' dir='ltr'><strong>ANDALICA</strong></span> <span class='ocrx_word' id='word_1_5' title='bbox 2236 303 2361 356; x_wconf 79' lang='lat' dir='ltr'><strong>Llll.</strong></span> <span class='ocrx_word' id='word_1_6' title='bbox 2406 303 2489 355; x_wconf 85' lang='lat' dir='ltr'><strong>lll.</strong></span> 
     </span>
    </p>
   </div>
   <div class='ocr_carea' id='block_1_3' title="bbox 3312 292 3424 350">
    <p class='ocr_par' dir='ltr' id='par_1_3' title="bbox 3312 292 3424 350">
     <span class='ocr_line' id='line_1_3' title="bbox 3312 292 3424 350; baseline -0.009 0"><span class='ocrx_word' id='word_1_7' title='bbox 3312 292 3424 350; x_wconf 63' lang='lat'><strong>222</strong></span> 
     </span>
    </p>
   </div>
   <div class='ocr_carea' id='block_1_4' title="bbox 198 423 3422 503">
    <p class='ocr_par' dir='ltr' id='par_1_4' title="bbox 198 423 3422 503">
     <span class='ocr_line' id='line_1_4' title="bbox 198 423 3422 503; baseline -0.005 -14"><span class='ocrx_word' id='word_1_8' title='bbox 198 453 292 489; x_wconf 82' lang='lat' dir='ltr'><strong>nem</strong></span> <span class='ocrx_word' id='word_1_9' title='bbox 313 438 601 503; x_wconf 80' lang='lat' dir='ltr'><strong>angelorum</strong></span> <span class='ocrx_word' id='word_1_10' title='bbox 630 431 951 484; x_wconf 75' lang='lat' dir='ltr'><strong>manducavit</strong></span> <span class='ocrx_word' id='word_1_11' title='bbox 978 431 1133 483; x_wconf 90' lang='lat' dir='ltr'><strong>ltomo</strong></span> <span class='ocrx_word' id='word_1_12' title='bbox 1170 430 1339 497; x_wconf 84' lang='lat' dir='ltr'><strong>(Psal.</strong></span> <span class='ocrx_word' id='word_1_13' title='bbox 1374 446 1572 491; x_wconf 77' lang='lat' dir='ltr'><strong>Lxxvn,</strong></span> <span class='ocrx_word' id='word_1_14' title='bbox 1622 429 1736 498; x_wconf 67' lang='lat'><strong>25).</strong></span> <span class='ocrx_word' id='word_1_15' title='bbox 1772 434 1811 487; x_wconf 91' lang='lat' dir='ltr'><strong>A</strong></span> <span class='ocrx_word' id='word_1_16' title='bbox 1844 430 1917 482; x_wconf 84' lang='lat' dir='ltr'><strong>ait</strong></span> <span class='ocrx_word' id='word_1_17' title='bbox 1948 446 1961 483; x_wconf 90' lang='lat'>:</span> <span class='ocrx_word' id='word_1_18' title='bbox 2001 428 2109 497; x_wconf 82' lang='lat' dir='ltr'><strong>Ego</strong></span> <span class='ocrx_word' id='word_1_19' title='bbox 2130 440 2178 482; x_wconf 91' lang='lat' dir='ltr'><strong>et</strong></span> <span class='ocrx_word' id='word_1_20' title='bbox 2206 427 2363 480; x_wconf 85' lang='lat' dir='ltr'><strong>Pater</strong></span> <span class='ocrx_word' id='word_1_21' title='bbox 2385 442 2539 479; x_wconf 86' lang='lat' dir='ltr'><strong>unum</strong></span> <span class='ocrx_word' id='word_1_22' title='bbox 2562 442 2767 488; x_wconf 83' lang='lat' dir='ltr'><strong>sumus;</strong></span> <span class='ocrx_word' id='word_1_23' title='bbox 2793 436 2845 479; x_wconf 91' lang='lat' dir='ltr'><strong>ct</strong></span> <span class='ocrx_word' id='word_1_24' title='bbox 2873 425 3006 489; x_wconf 79' lang='lat' dir='ltr'><strong>:Qui</strong></span> <span class='ocrx_word' id='word_1_25' title='bbox 3033 426 3167 477; x_wconf 82' lang='lat' dir='ltr'><strong>videt</strong></span> <span class='ocrx_word' id='word_1_26' title='bbox 3190 438 3268 474; x_wconf 83' lang='lat' dir='ltr'><strong>me</strong></span> <span class='ocrx_word' id='word_1_27' title='bbox 3288 423 3422 475; x_wconf 85' lang='lat' dir='ltr'><strong>videt</strong></span> 
     </span>
    </p>
   </div>
   <div class='ocr_carea' id='block_1_5' title="bbox 258 520 1745 590">
    <p class='ocr_par' dir='ltr' id='par_1_5' title="bbox 258 520 1745 590">
     <span class='ocr_line' id='line_1_5' title="bbox 258 520 1745 590; baseline -0.003 -13"><span class='ocrx_word' id='word_1_28' title='bbox 258 527 332 578; x_wconf 89' lang='lat' dir='ltr'><strong>Ill.</strong></span> <span class='ocrx_word' id='word_1_29' title='bbox 361 523 513 575; x_wconf 85' lang='lat' dir='ltr'><strong>Pater</strong></span> <span class='ocrx_word' id='word_1_30' title='bbox 535 534 580 574; x_wconf 85' lang='lat' dir='ltr'><strong>et</strong></span> <span class='ocrx_word' id='word_1_31' title='bbox 598 521 762 574; x_wconf 81' lang='lat' dir='ltr'><strong>Filius</strong></span> <span class='ocrx_word' id='word_1_32' title='bbox 784 532 898 574; x_wconf 86' lang='lat' dir='ltr'><strong>sunt</strong></span> <span class='ocrx_word' id='word_1_33' title='bbox 921 520 1471 590; x_wconf 45' lang='lat' dir='ltr'><strong>aqualem—Namque</strong></span> <span class='ocrx_word' id='word_1_34' title='bbox 1500 532 1556 574; x_wconf 92' lang='lat' dir='ltr'><strong>ut</strong></span> <span class='ocrx_word' id='word_1_35' title='bbox 1574 520 1745 573; x_wconf 72' lang='lat' dir='ltr'><strong>adhuc</strong></span> 
     </span>
    </p>
   </div>
   <div class='ocr_carea' id='block_1_6' title="bbox 196 611 1747 676">
    <p class='ocr_par' dir='ltr' id='par_1_6' title="bbox 196 611 1747 676">
     <span class='ocr_line' id='line_1_6' title="bbox 196 611 1747 676; baseline -0.005 -6"><span class='ocrx_word' id='word_1_36' title='bbox 196 614 469 670; x_wconf 84' lang='lat' dir='ltr'><strong>evidentius</strong></span> <span class='ocrx_word' id='word_1_37' title='bbox 512 613 686 665; x_wconf 88' lang='lat' dir='ltr'><strong>Patris</strong></span> <span class='ocrx_word' id='word_1_38' title='bbox 732 619 787 665; x_wconf 87' lang='lat' dir='ltr'><strong>et</strong></span> <span class='ocrx_word' id='word_1_39' title='bbox 817 611 933 663; x_wconf 60' lang='lat' dir='ltr'><strong>Filii</strong></span> <span class='ocrx_word' id='word_1_40' title='bbox 960 611 1275 665; x_wconf 59' lang='lat' dir='ltr'><strong>substantiae</strong></span> <span class='ocrx_word' id='word_1_41' title='bbox 1301 613 1498 676; x_wconf 87' lang='lat' dir='ltr'><strong>unitas,</strong></span> <span class='ocrx_word' id='word_1_42' title='bbox 1528 621 1582 664; x_wconf 89' lang='lat' dir='ltr'><strong>et</strong></span> <span class='ocrx_word' id='word_1_43' title='bbox 1611 621 1635 648; x_wconf 75' lang='grc' dir='ltr'>ι</span> <span class='ocrx_word' id='word_1_44' title='bbox 1667 611 1747 663; x_wconf 91' lang='lat' dir='ltr'><strong>di-</strong></span> 
     </span>
    </p>
   </div>
   <div class='ocr_carea' id='block_1_7' title="bbox 197 700 1744 771">
    <p class='ocr_par' dir='ltr' id='par_1_7' title="bbox 197 700 1744 771">
     <span class='ocr_line' id='line_1_7' title="bbox 197 700 1744 771; baseline -0.003 -15"><span class='ocrx_word' id='word_1_45' title='bbox 197 706 404 758; x_wconf 84' lang='lat' dir='ltr'><strong>vinitatis</strong></span> <span class='ocrx_word' id='word_1_46' title='bbox 447 702 724 771; x_wconf 62' lang='lat' dir='ltr'><strong>aequalitas</strong></span> <span class='ocrx_word' id='word_1_47' title='bbox 766 701 1079 754; x_wconf 73' lang='lat' dir='ltr'><strong>ostendatur</strong></span> <span class='ocrx_word' id='word_1_48' title='bbox 1107 745 1121 767; x_wconf 92' lang='lat'><strong>,</strong></span> <span class='ocrx_word' id='word_1_49' title='bbox 1174 700 1288 769; x_wconf 85' lang='lat' dir='ltr'><strong>ipse</strong></span> <span class='ocrx_word' id='word_1_50' title='bbox 1343 702 1394 755; x_wconf 91' lang='lat' dir='ltr'><strong>in</strong></span> <span class='ocrx_word' id='word_1_51' title='bbox 1460 701 1744 769; x_wconf 79' lang='lat' dir='ltr'><strong>Evangeliu</strong></span> 
     </span>
    </p>
   </div>
   <div class='ocr_carea' id='block_1_8' title="bbox 197 790 1742 863">
    <p class='ocr_par' dir='ltr' id='par_1_8' title="bbox 197 790 1742 863">
     <span class='ocr_line' id='line_1_8' title="bbox 197 790 1742 863; baseline -0.003 -16"><span class='ocrx_word' id='word_1_52' title='bbox 197 798 301 851; x_wconf 87' lang='lat' dir='ltr'><strong>dicit</strong></span> <span class='ocrx_word' id='word_1_53' title='bbox 334 793 480 863; x_wconf 81' lang='lat' dir='ltr'><strong>:Ego</strong></span> <span class='ocrx_word' id='word_1_54' title='bbox 526 794 579 845; x_wconf 87' lang='lat' dir='ltr'><strong>in</strong></span> <span class='ocrx_word' id='word_1_55' title='bbox 617 791 795 854; x_wconf 89' lang='lat' dir='ltr'><strong>Patre,</strong></span> <span class='ocrx_word' id='word_1_56' title='bbox 832 801 878 843; x_wconf 90' lang='lat' dir='ltr'><strong>et</strong></span> <span class='ocrx_word' id='word_1_57' title='bbox 920 790 1075 843; x_wconf 87' lang='lat' dir='ltr'><strong>Pater</strong></span> <span class='ocrx_word' id='word_1_58' title='bbox 1100 791 1152 843; x_wconf 84' lang='lat' dir='ltr'><strong>in</strong></span> <span class='ocrx_word' id='word_1_59' title='bbox 1182 807 1259 844; x_wconf 87' lang='lat' dir='ltr'><strong>me</strong></span> <span class='ocrx_word' id='word_1_60' title='bbox 1285 800 1378 847; x_wconf 80' lang='lat' dir='ltr'><strong>est.</strong></span> <span class='ocrx_word' id='word_1_61' title='bbox 1418 792 1481 844; x_wconf 82' lang='lat' dir='ltr'><strong>Et</strong></span> <span class='ocrx_word' id='word_1_62' title='bbox 1514 809 1526 843; x_wconf 93' lang='lat'>:</span> <span class='ocrx_word' id='word_1_63' title='bbox 1562 790 1671 859; x_wconf 74' lang='lat' dir='ltr'><strong>Ego</strong></span> <span class='ocrx_word' id='word_1_64' title='bbox 1698 802 1742 842; x_wconf 86' lang='lat' dir='ltr'><strong>et</strong></span> 
     </span>
    </p>
   </div>
   <div class='ocr_carea' id='block_1_9' title="bbox 198 882 1744 952">
    <p class='ocr_par' dir='ltr' id='par_1_9' title="bbox 198 882 1744 952">
     <span class='ocr_line' id='line_1_9' title="bbox 198 882 1744 952; baseline -0.002 -12"><span class='ocrx_word' id='word_1_65' title='bbox 198 888 334 941; x_wconf 83' lang='lat' dir='ltr'><strong>Pater</strong></span> <span class='ocrx_word' id='word_1_66' title='bbox 372 902 525 938; x_wconf 84' lang='lat' dir='ltr'><strong>unum</strong></span> <span class='ocrx_word' id='word_1_67' title='bbox 568 899 739 936; x_wconf 83' lang='lat' dir='ltr'><strong>sumus</strong></span> <span class='ocrx_word' id='word_1_68' title='bbox 771 882 948 951; x_wconf 85' lang='lat' dir='ltr'><strong>(Joan.</strong></span> <span class='ocrx_word' id='word_1_69' title='bbox 981 899 1035 949; x_wconf 75' lang='grc' dir='ltr'>Χ,</span> <span class='ocrx_word' id='word_1_70' title='bbox 1065 886 1154 949; x_wconf 78' lang='lat'><strong>38,</strong></span> <span class='ocrx_word' id='word_1_71' title='bbox 1182 884 1295 952; x_wconf 78' lang='lat'><strong>&#39;50).</strong></span> <span class='ocrx_word' id='word_1_72' title='bbox 1344 885 1494 948; x_wconf 83' lang='lat' dir='ltr'><strong>Quod</strong></span> <span class='ocrx_word' id='word_1_73' title='bbox 1548 900 1648 937; x_wconf 88' lang='lat' dir='ltr'><strong>non</strong></span> <span class='ocrx_word' id='word_1_74' title='bbox 1678 885 1744 937; x_wconf 85' lang='lat' dir='ltr'><strong>ad</strong></span> 
     </span>
    </p>
   </div>
   <div class='ocr_carea' id='block_1_10' title="bbox 199 972 1743 1036">
    <p class='ocr_par' dir='ltr' id='par_1_10' title="bbox 199 972 1743 1036">
     <span class='ocr_line' id='line_1_10' title="bbox 199 972 1743 1036; baseline -0.001 -7"><span class='ocrx_word' id='word_1_75' title='bbox 199 975 423 1029; x_wconf 86' lang='lat' dir='ltr'><strong>unitatem</strong></span> <span class='ocrx_word' id='word_1_76' title='bbox 450 973 818 1026; x_wconf 89' lang='lat' dir='ltr'><strong>tantummodo</strong></span> <span class='ocrx_word' id='word_1_77' title='bbox 848 972 1156 1036; x_wconf 78' lang='lat' dir='ltr'><strong>Vulntttatis,</strong></span> <span class='ocrx_word' id='word_1_78' title='bbox 1181 975 1274 1027; x_wconf 88' lang='lat' dir='ltr'><strong>sed</strong></span> <span class='ocrx_word' id='word_1_79' title='bbox 1303 974 1367 1026; x_wconf 87' lang='lat' dir='ltr'><strong>ad</strong></span> <span class='ocrx_word' id='word_1_80' title='bbox 1400 988 1556 1027; x_wconf 88' lang='lat' dir='ltr'><strong>uuam</strong></span> <span class='ocrx_word' id='word_1_81' title='bbox 1583 974 1743 1027; x_wconf 79' lang='lat' dir='ltr'><strong>reler-</strong></span> 
     </span>
    </p>
   </div>
   <div class='ocr_carea' id='block_1_11' title="bbox 201 1064 1745 1133">
    <p class='ocr_par' dir='ltr' id='par_1_11' title="bbox 201 1064 1745 1133">
     <span class='ocr_line' id='line_1_11' title="bbox 201 1064 1745 1133; baseline -0.001 -14"><span class='ocrx_word' id='word_1_82' title='bbox 201 1080 268 1120; x_wconf 88' lang='lat' dir='ltr'><strong>tur</strong></span> <span class='ocrx_word' id='word_1_83' title='bbox 289 1066 629 1130; x_wconf 59' lang='lat' dir='ltr'><strong>eundemque</strong></span> <span class='ocrx_word' id='word_1_84' title='bbox 657 1065 1030 1126; x_wconf 76' lang='lat' dir='ltr'><strong>subetantiam,</strong></span> <span class='ocrx_word' id='word_1_85' title='bbox 1059 1065 1180 1131; x_wconf 87' lang='lat' dir='ltr'><strong>quia</strong></span> <span class='ocrx_word' id='word_1_86' title='bbox 1208 1079 1310 1117; x_wconf 87' lang='lat' dir='ltr'><strong>non</strong></span> <span class='ocrx_word' id='word_1_87' title='bbox 1338 1064 1473 1117; x_wconf 81' lang='lat' dir='ltr'><strong>dixit</strong></span> <span class='ocrx_word' id='word_1_88' title='bbox 1503 1083 1516 1116; x_wconf 91' lang='lat'>:</span> <span class='ocrx_word' id='word_1_89' title='bbox 1560 1066 1667 1133; x_wconf 79' lang='lat' dir='ltr'><strong>Ego</strong></span> <span class='ocrx_word' id='word_1_90' title='bbox 1693 1075 1745 1117; x_wconf 90' lang='lat' dir='ltr'><strong>et</strong></span> 
     </span>
    </p>
   </div>
   <div class='ocr_carea' id='block_1_12' title="bbox 201 1156 1740 1220">
    <p class='ocr_par' dir='ltr' id='par_1_12' title="bbox 201 1156 1740 1220">
     <span class='ocr_line' id='line_1_12' title="bbox 201 1156 1740 1220; baseline -0.003 -9"><span class='ocrx_word' id='word_1_91' title='bbox 201 1159 333 1211; x_wconf 84' lang='lat' dir='ltr'><strong>Pater</strong></span> <span class='ocrx_word' id='word_1_92' title='bbox 358 1172 513 1208; x_wconf 88' lang='lat' dir='ltr'><strong>unum</strong></span> <span class='ocrx_word' id='word_1_93' title='bbox 541 1157 812 1220; x_wconf 86' lang='lat' dir='ltr'><strong>volumus;</strong></span> <span class='ocrx_word' id='word_1_94' title='bbox 845 1156 960 1215; x_wconf 82' lang='lat' dir='ltr'><strong>sed,</strong></span> <span class='ocrx_word' id='word_1_95' title='bbox 982 1171 1141 1206; x_wconf 87' lang='lat' dir='ltr'><strong>unum</strong></span> <span class='ocrx_word' id='word_1_96' title='bbox 1162 1171 1359 1210; x_wconf 86' lang='lat' dir='ltr'><strong>sumus.</strong></span> <span class='ocrx_word' id='word_1_97' title='bbox 1403 1156 1480 1207; x_wconf 82' lang='lat' dir='ltr'><strong>Ex</strong></span> <span class='ocrx_word' id='word_1_98' title='bbox 1505 1172 1570 1208; x_wconf 90' lang='lat' dir='ltr'><strong>eo</strong></span> <span class='ocrx_word' id='word_1_99' title='bbox 1597 1157 1740 1209; x_wconf 91' lang='lat' dir='ltr'><strong>enim</strong></span> 
     </span>
    </p>
   </div>
   <div class='ocr_carea' id='block_1_13' title="bbox 200 1245 1746 1316">
    <p class='ocr_par' dir='ltr' id='par_1_13' title="bbox 200 1245 1746 1316">
     <span class='ocr_line' id='line_1_13' title="bbox 200 1245 1746 1316; baseline 0.001 -19"><span class='ocrx_word' id='word_1_100' title='bbox 200 1248 318 1316; x_wconf 89' lang='lat' dir='ltr'><strong>quod</strong></span> <span class='ocrx_word' id='word_1_101' title='bbox 347 1257 487 1309; x_wconf 88' lang='lat' dir='ltr'><strong>sunt,</strong></span> <span class='ocrx_word' id='word_1_102' title='bbox 521 1260 627 1299; x_wconf 89' lang='lat' dir='ltr'><strong>non</strong></span> <span class='ocrx_word' id='word_1_103' title='bbox 656 1260 722 1299; x_wconf 76' lang='lat' dir='ltr'><strong>es</strong></span> <span class='ocrx_word' id='word_1_104' title='bbox 752 1260 819 1297; x_wconf 89' lang='lat' dir='ltr'><strong>eo</strong></span> <span class='ocrx_word' id='word_1_105' title='bbox 866 1256 1067 1297; x_wconf 90' lang='lat' dir='ltr'><strong>tantum</strong></span> <span class='ocrx_word' id='word_1_106' title='bbox 1099 1245 1236 1312; x_wconf 89' lang='lat' dir='ltr'><strong>quod</strong></span> <span class='ocrx_word' id='word_1_107' title='bbox 1271 1246 1474 1309; x_wconf 89' lang='lat' dir='ltr'><strong>volunt,</strong></span> <span class='ocrx_word' id='word_1_108' title='bbox 1511 1257 1746 1313; x_wconf 77' lang='lat' dir='ltr'><strong>paternte</strong></span> 
     </span>
    </p>
   </div>
   <div class='ocr_carea' id='block_1_14' title="bbox 203 1335 1744 1405">
    <p class='ocr_par' dir='ltr' id='par_1_14' title="bbox 203 1335 1744 1405">
     <span class='ocr_line' id='line_1_14' title="bbox 203 1335 1744 1405; baseline 0.001 -17"><span class='ocrx_word' id='word_1_109' title='bbox 203 1340 391 1390; x_wconf 81' lang='lat' dir='ltr'><strong>unitatis</strong></span> <span class='ocrx_word' id='word_1_110' title='bbox 415 1336 718 1390; x_wconf 79' lang='lat' dir='ltr'><strong>declaratur</strong></span> <span class='ocrx_word' id='word_1_111' title='bbox 739 1336 985 1388; x_wconf 75' lang='lat' dir='ltr'><strong>assertio.</strong></span> <span class='ocrx_word' id='word_1_112' title='bbox 1018 1338 1143 1388; x_wconf 90' lang='lat' dir='ltr'><strong>ltem</strong></span> <span class='ocrx_word' id='word_1_113' title='bbox 1168 1335 1401 1389; x_wconf 83' lang='lat' dir='ltr'><strong>Joannes</strong></span> <span class='ocrx_word' id='word_1_114' title='bbox 1423 1337 1744 1405; x_wconf 86' lang='lat' dir='ltr'><strong>evangelista</strong></span> 
     </span>
    </p>
   </div>
   <div class='ocr_carea' id='block_1_15' title="bbox 199 1427 1743 1498">
    <p class='ocr_par' dir='ltr' id='par_1_15' title="bbox 199 1427 1743 1498">
     <span class='ocr_line' id='line_1_15' title="bbox 199 1427 1743 1498; baseline -0.001 -15"><span class='ocrx_word' id='word_1_115' title='bbox 199 1431 308 1483; x_wconf 84' lang='lat' dir='ltr'><strong>dicit</strong></span> <span class='ocrx_word' id='word_1_116' title='bbox 334 1446 348 1481; x_wconf 91' lang='lat'><strong>:</strong></span> <span class='ocrx_word' id='word_1_117' title='bbox 372 1427 644 1498; x_wconf 77' lang='lat' dir='ltr'><strong>Pmpterea</strong></span> <span class='ocrx_word' id='word_1_118' title='bbox 667 1443 786 1495; x_wconf 84' lang='lat' dir='ltr'><strong>ergo</strong></span> <span class='ocrx_word' id='word_1_119' title='bbox 803 1429 1091 1495; x_wconf 76' lang='lat' dir='ltr'><strong>quarebant</strong></span> <span class='ocrx_word' id='word_1_120' title='bbox 1115 1444 1228 1479; x_wconf 87' lang='lat' dir='ltr'><strong>eum</strong></span> <span class='ocrx_word' id='word_1_121' title='bbox 1245 1427 1417 1481; x_wconf 57' lang='lat' dir='ltr'><strong>Judaei</strong></span> <span class='ocrx_word' id='word_1_122' title='bbox 1443 1430 1743 1497; x_wconf 78' lang='lat' dir='ltr'><strong>interﬁcere,</strong></span> 
     </span>
    </p>
   </div>
   <div class='ocr_carea' id='block_1_16' title="bbox 200 1516 1745 1588">
    <p class='ocr_par' dir='ltr' id='par_1_16' title="bbox 200 1516 1745 1588">
     <span class='ocr_line' id='line_1_16' title="bbox 200 1516 1745 1588; baseline 0.001 -17"><span class='ocrx_word' id='word_1_123' title='bbox 200 1522 299 1588; x_wconf 77' lang='lat' dir='ltr'><strong>quia</strong></span> <span class='ocrx_word' id='word_1_124' title='bbox 317 1535 409 1571; x_wconf 79' lang='lat' dir='ltr'><strong>non</strong></span> <span class='ocrx_word' id='word_1_125' title='bbox 437 1517 604 1571; x_wconf 84' lang='lat' dir='ltr'><strong>solum</strong></span> <span class='ocrx_word' id='word_1_126' title='bbox 624 1520 843 1570; x_wconf 76' lang='lat' dir='ltr'><strong>solvebat</strong></span> <span class='ocrx_word' id='word_1_127' title='bbox 867 1516 1149 1583; x_wconf 84' lang='lat' dir='ltr'><strong>sabbatum,</strong></span> <span class='ocrx_word' id='word_1_128' title='bbox 1173 1520 1261 1571; x_wconf 81' lang='lat' dir='ltr'><strong>sed</strong></span> <span class='ocrx_word' id='word_1_129' title='bbox 1287 1528 1332 1571; x_wconf 92' lang='lat' dir='ltr'><strong>et</strong></span> <span class='ocrx_word' id='word_1_130' title='bbox 1366 1518 1570 1572; x_wconf 80' lang='lat' dir='ltr'><strong>Patrem</strong></span> <span class='ocrx_word' id='word_1_131' title='bbox 1598 1537 1745 1573; x_wconf 88' lang='lat' dir='ltr'><strong>suum</strong></span> 
     </span>
    </p>
   </div>
   <div class='ocr_carea' id='block_1_17' title="bbox 201 1606 1742 1679">
    <p class='ocr_par' dir='ltr' id='par_1_17' title="bbox 201 1606 1742 1679">
     <span class='ocr_line' id='line_1_17' title="bbox 201 1606 1742 1679; baseline 0.001 -18"><span class='ocrx_word' id='word_1_132' title='bbox 201 1611 367 1661; x_wconf 83' lang='lat' dir='ltr'><strong>dicebat</strong></span> <span class='ocrx_word' id='word_1_133' title='bbox 394 1607 579 1670; x_wconf 83' lang='lat' dir='ltr'><strong>Deum,</strong></span> <span class='ocrx_word' id='word_1_134' title='bbox 611 1606 854 1675; x_wconf 75' lang='lat' dir='ltr'><strong>cqualem</strong></span> <span class='ocrx_word' id='word_1_135' title='bbox 881 1622 935 1660; x_wconf 88' lang='lat' dir='ltr'><strong>se</strong></span> <span class='ocrx_word' id='word_1_136' title='bbox 954 1608 1146 1676; x_wconf 75' lang='lat' dir='ltr'><strong>faciens</strong></span> <span class='ocrx_word' id='word_1_137' title='bbox 1182 1607 1290 1661; x_wconf 88' lang='lat' dir='ltr'><strong>Deo</strong></span> <span class='ocrx_word' id='word_1_138' title='bbox 1315 1607 1494 1679; x_wconf 87' lang='lat' dir='ltr'><strong>(Jaan.</strong></span> <span class='ocrx_word' id='word_1_139' title='bbox 1528 1624 1586 1674; x_wconf 90' lang='lat' dir='ltr'><strong>v,</strong></span> <span class='ocrx_word' id='word_1_140' title='bbox 1630 1609 1742 1676; x_wconf 85' lang='grc'><strong>18).</strong></span> 
     </span>
    </p>
   </div>
   <div class='ocr_carea' id='block_1_18' title="bbox 201 1696 1745 1770">
    <p class='ocr_par' dir='ltr' id='par_1_18' title="bbox 201 1696 1745 1770">
     <span class='ocr_line' id='line_1_18' title="bbox 201 1696 1745 1770; baseline 0.001 -17"><span class='ocrx_word' id='word_1_141' title='bbox 201 1702 326 1765; x_wconf 80' lang='lat' dir='ltr'><strong>Quod</strong></span> <span class='ocrx_word' id='word_1_142' title='bbox 368 1698 546 1767; x_wconf 85' lang='lat' dir='ltr'><strong>utique</strong></span> <span class='ocrx_word' id='word_1_143' title='bbox 574 1714 680 1751; x_wconf 91' lang='lat' dir='ltr'><strong>non</strong></span> <span class='ocrx_word' id='word_1_144' title='bbox 721 1697 788 1751; x_wconf 89' lang='lat' dir='ltr'><strong>ad</strong></span> <span class='ocrx_word' id='word_1_145' title='bbox 826 1698 1038 1751; x_wconf 62' lang='lat' dir='ltr'><strong>indutos</strong></span> <span class='ocrx_word' id='word_1_146' title='bbox 1064 1708 1144 1751; x_wconf 89' lang='lat' dir='ltr'><strong>est</strong></span> <span class='ocrx_word' id='word_1_147' title='bbox 1177 1696 1268 1770; x_wconf 90' lang='lat' dir='ltr'><strong>[at.</strong></span> <span class='ocrx_word' id='word_1_148' title='bbox 1315 1698 1510 1769; x_wconf 89' lang='lat' dir='ltr'><strong>potius]</strong></span> <span class='ocrx_word' id='word_1_149' title='bbox 1536 1701 1745 1767; x_wconf 85' lang='lat' dir='ltr'><strong>penitus</strong></span> 
     </span>
    </p>
   </div>
   <div class='ocr_carea' id='block_1_19' title="bbox 1847 514 3420 585">
    <p class='ocr_par' dir='ltr' id='par_1_19' title="bbox 1847 514 3420 585">
     <span class='ocr_line' id='line_1_19' title="bbox 1847 514 3420 585; baseline -0.003 -13"><span class='ocrx_word' id='word_1_150' title='bbox 1847 530 1893 573; x_wconf 87' lang='lat' dir='ltr'><strong>et</strong></span> <span class='ocrx_word' id='word_1_151' title='bbox 1924 520 2159 581; x_wconf 87' lang='lat' dir='ltr'><strong>Patrem;</strong></span> <span class='ocrx_word' id='word_1_152' title='bbox 2200 528 2254 572; x_wconf 86' lang='lat' dir='ltr'><strong>et</strong></span> <span class='ocrx_word' id='word_1_153' title='bbox 2280 536 2291 571; x_wconf 87' lang='lat'>:</span> <span class='ocrx_word' id='word_1_154' title='bbox 2321 518 2504 570; x_wconf 85' lang='lat' dir='ltr'><strong>Omnia</strong></span> <span class='ocrx_word' id='word_1_155' title='bbox 2531 531 2839 585; x_wconf 62' lang='lat' dir='ltr'><strong>quaecunque</strong></span> <span class='ocrx_word' id='word_1_156' title='bbox 2876 515 3032 569; x_wconf 64' lang='lat' dir='ltr'><strong>Pater</strong></span> <span class='ocrx_word' id='word_1_157' title='bbox 3061 515 3179 584; x_wconf 84' lang='lat' dir='ltr'><strong>facit</strong></span> <span class='ocrx_word' id='word_1_158' title='bbox 3199 556 3213 579; x_wconf 87' lang='lat'><strong>,</strong></span> <span class='ocrx_word' id='word_1_159' title='bbox 3246 514 3420 567; x_wconf 76' lang='lat' dir='ltr'><strong>eadem</strong></span> 
     </span>
    </p>
   </div>
   <div class='ocr_carea' id='block_1_20' title="bbox 1848 607 3424 682">
    <p class='ocr_par' dir='ltr' id='par_1_20' title="bbox 1848 607 3424 682">
     <span class='ocr_line' id='line_1_20' title="bbox 1848 607 3424 682; baseline -0.004 -17"><span class='ocrx_word' id='word_1_160' title='bbox 1848 615 1971 682; x_wconf 88' lang='lat' dir='ltr'><strong>facit</strong></span> <span class='ocrx_word' id='word_1_161' title='bbox 2000 611 2046 663; x_wconf 88' lang='lat' dir='ltr'><em>F</em></span> <span class='ocrx_word' id='word_1_162' title='bbox 2051 613 2169 667; x_wconf 87' lang='lat' dir='ltr'><strong>ilius</strong></span> <span class='ocrx_word' id='word_1_163' title='bbox 2194 612 2458 673; x_wconf 73' lang='lat' dir='ltr'><strong>similiter;</strong></span> <span class='ocrx_word' id='word_1_164' title='bbox 2485 612 2563 664; x_wconf 86' lang='lat' dir='ltr'><strong>vel</strong></span> <span class='ocrx_word' id='word_1_165' title='bbox 2596 620 2788 664; x_wconf 66' lang='lat' dir='ltr'><strong>caetera</strong></span> <span class='ocrx_word' id='word_1_166' title='bbox 2823 624 2941 678; x_wconf 73' lang='lat' dir='ltr'><strong>qua:</strong></span> <span class='ocrx_word' id='word_1_167' title='bbox 2980 608 3221 677; x_wconf 68' lang='lat' dir='ltr'><strong>superius</strong></span> <span class='ocrx_word' id='word_1_168' title='bbox 3253 607 3424 661; x_wconf 88' lang='lat' dir='ltr'><strong>conti-</strong></span> 
     </span>
    </p>
   </div>
   <div class='ocr_carea' id='block_1_21' title="bbox 1846 699 3423 770">
    <p class='ocr_par' dir='ltr' id='par_1_21' title="bbox 1846 699 3423 770">
     <span class='ocr_line' id='line_1_21' title="bbox 1846 699 3423 770; baseline -0.004 -13"><span class='ocrx_word' id='word_1_169' title='bbox 1846 715 2059 759; x_wconf 85' lang='lat' dir='ltr'><strong>nentur.</strong></span> <span class='ocrx_word' id='word_1_170' title='bbox 2094 704 2187 757; x_wconf 85' lang='lat' dir='ltr'><strong>Illa</strong></span> <span class='ocrx_word' id='word_1_171' title='bbox 2218 717 2346 756; x_wconf 88' lang='lat' dir='ltr'><strong>vero</strong></span> <span class='ocrx_word' id='word_1_172' title='bbox 2370 716 2488 770; x_wconf 71' lang='lat' dir='ltr'><strong>quae</strong></span> <span class='ocrx_word' id='word_1_173' title='bbox 2518 700 2586 754; x_wconf 90' lang='lat' dir='ltr'><strong>de</strong></span> <span class='ocrx_word' id='word_1_174' title='bbox 2632 715 2698 754; x_wconf 88' lang='lat' dir='ltr'><strong>eo</strong></span> <span class='ocrx_word' id='word_1_175' title='bbox 2726 699 3013 753; x_wconf 89' lang='lat' dir='ltr'><strong>secundum</strong></span> <span class='ocrx_word' id='word_1_176' title='bbox 3040 699 3306 753; x_wconf 89' lang='lat' dir='ltr'><strong>hominem</strong></span> <span class='ocrx_word' id='word_1_177' title='bbox 3338 714 3423 752; x_wconf 84' lang='lat' dir='ltr'><strong>re-</strong></span> 
     </span>
    </p>
   </div>
   <div class='ocr_carea' id='block_1_22' title="bbox 1846 790 3416 859">
    <p class='ocr_par' dir='ltr' id='par_1_22' title="bbox 1846 790 3416 859">
     <span class='ocr_line' id='line_1_22' title="bbox 1846 790 3416 859; baseline -0.004 -11"><span class='ocrx_word' id='word_1_178' title='bbox 1846 794 2105 855; x_wconf 82' lang='lat' dir='ltr'><strong>feruntur,</strong></span> <span class='ocrx_word' id='word_1_179' title='bbox 2138 795 2235 846; x_wconf 86' lang='lat' dir='ltr'><strong>ista</strong></span> <span class='ocrx_word' id='word_1_180' title='bbox 2267 803 2387 845; x_wconf 90' lang='lat' dir='ltr'><strong>sunt</strong></span> <span class='ocrx_word' id='word_1_181' title='bbox 2421 810 2432 844; x_wconf 91' lang='lat'>:</span> <span class='ocrx_word' id='word_1_182' title='bbox 2467 791 2621 844; x_wconf 86' lang='lat' dir='ltr'><strong>Pater</strong></span> <span class='ocrx_word' id='word_1_183' title='bbox 2647 794 2815 859; x_wconf 84' lang='lat' dir='ltr'><strong>major</strong></span> <span class='ocrx_word' id='word_1_184' title='bbox 2856 806 2933 842; x_wconf 87' lang='lat' dir='ltr'><strong>me</strong></span> <span class='ocrx_word' id='word_1_185' title='bbox 2972 799 3043 843; x_wconf 89' lang='lat' dir='ltr'><strong>est</strong></span> <span class='ocrx_word' id='word_1_186' title='bbox 3092 790 3272 858; x_wconf 82' lang='lat' dir='ltr'><strong>(Joan.</strong></span> <span class='ocrx_word' id='word_1_187' title='bbox 3308 805 3416 853; x_wconf 78' lang='lat' dir='ltr'><strong>xw,</strong></span> 
     </span>
    </p>
   </div>
   <div class='ocr_carea' id='block_1_23' title="bbox 1846 881 3422 949">
    <p class='ocr_par' dir='ltr' id='par_1_23' title="bbox 1846 881 3422 949">
     <span class='ocr_line' id='line_1_23' title="bbox 1846 881 3422 949; baseline -0.002 -13"><span class='ocrx_word' id='word_1_188' title='bbox 1846 883 1956 949; x_wconf 64' lang='lat'><strong>98).</strong></span> <span class='ocrx_word' id='word_1_189' title='bbox 1987 887 2048 937; x_wconf 67' lang='lat' dir='ltr'><strong>lit</strong></span> <span class='ocrx_word' id='word_1_190' title='bbox 2074 903 2084 936; x_wconf 93' lang='lat'>:</span> <span class='ocrx_word' id='word_1_191' title='bbox 2114 884 2235 938; x_wconf 84' lang='lat' dir='ltr'><strong>Non</strong></span> <span class='ocrx_word' id='word_1_192' title='bbox 2264 886 2373 936; x_wconf 77' lang='grc' dir='ltr'><strong>υεηὶ</strong></span> <span class='ocrx_word' id='word_1_193' title='bbox 2395 884 2559 949; x_wconf 80' lang='lat' dir='ltr'><strong>facere</strong></span> <span class='ocrx_word' id='word_1_194' title='bbox 2591 882 2892 934; x_wconf 80' lang='lat' dir='ltr'><strong>toluntatem</strong></span> <span class='ocrx_word' id='word_1_195' title='bbox 2922 897 3105 943; x_wconf 87' lang='lat' dir='ltr'><strong>meam,</strong></span> <span class='ocrx_word' id='word_1_196' title='bbox 3136 881 3223 933; x_wconf 85' lang='lat' dir='ltr'><strong>sed</strong></span> <span class='ocrx_word' id='word_1_197' title='bbox 3245 881 3422 933; x_wconf 80' lang='lat' dir='ltr'><strong>volun-</strong></span> 
     </span>
    </p>
   </div>
   <div class='ocr_carea' id='block_1_24' title="bbox 1846 973 3422 1046">
    <p class='ocr_par' dir='ltr' id='par_1_24' title="bbox 1846 973 3422 1046">
     <span class='ocr_line' id='line_1_24' title="bbox 1846 973 3422 1046; baseline -0.003 -17"><span class='ocrx_word' id='word_1_198' title='bbox 1846 987 1997 1031; x_wconf 87' lang='lat' dir='ltr'><strong>tatem</strong></span> <span class='ocrx_word' id='word_1_199' title='bbox 2027 978 2136 1036; x_wconf 85' lang='lat' dir='ltr'><strong>eius</strong></span> <span class='ocrx_word' id='word_1_200' title='bbox 2169 980 2255 1046; x_wconf 86' lang='lat' dir='ltr'><strong>qui</strong></span> <span class='ocrx_word' id='word_1_201' title='bbox 2285 978 2417 1027; x_wconf 87' lang='lat' dir='ltr'><strong>misit</strong></span> <span class='ocrx_word' id='word_1_202' title='bbox 2447 992 2524 1028; x_wconf 89' lang='lat' dir='ltr'><strong>me</strong></span> <span class='ocrx_word' id='word_1_203' title='bbox 2567 973 2746 1043; x_wconf 89' lang='lat' dir='ltr'><strong>(Joan.</strong></span> <span class='ocrx_word' id='word_1_204' title='bbox 2786 990 2867 1038; x_wconf 89' lang='lat' dir='ltr'><strong>vt,</strong></span> <span class='ocrx_word' id='word_1_205' title='bbox 2902 973 3014 1039; x_wconf 80' lang='lat'><strong>58).</strong></span> <span class='ocrx_word' id='word_1_206' title='bbox 3057 975 3148 1035; x_wconf 84' lang='lat' dir='ltr'><strong>Ft,</strong></span> <span class='ocrx_word' id='word_1_207' title='bbox 3182 974 3354 1035; x_wconf 83' lang='lat' dir='ltr'><strong>Pater,</strong></span> <span class='ocrx_word' id='word_1_208' title='bbox 3379 975 3422 1025; x_wconf 88' lang='lat' dir='ltr'><strong>si</strong></span> 
     </span>
    </p>
   </div>
   <div class='ocr_carea' id='block_1_25' title="bbox 1848 1062 3419 1136">
    <p class='ocr_par' dir='ltr' id='par_1_25' title="bbox 1848 1062 3419 1136">
     <span class='ocr_line' id='line_1_25' title="bbox 1848 1062 3419 1136; baseline -0.003 -17"><span class='ocrx_word' id='word_1_209' title='bbox 1848 1069 1957 1132; x_wconf 81' lang='lat' dir='ltr'><strong>fieri</strong></span> <span class='ocrx_word' id='word_1_210' title='bbox 1992 1079 2170 1136; x_wconf 77' lang='lat' dir='ltr'><strong>pateat,</strong></span> <span class='ocrx_word' id='word_1_211' title='bbox 2207 1075 2433 1118; x_wconf 86' lang='lat' dir='ltr'><strong>transeat</strong></span> <span class='ocrx_word' id='word_1_212' title='bbox 2462 1082 2494 1117; x_wconf 91' lang='lat' dir='ltr'><strong>a</strong></span> <span class='ocrx_word' id='word_1_213' title='bbox 2517 1083 2594 1119; x_wconf 89' lang='lat' dir='ltr'><strong>me</strong></span> <span class='ocrx_word' id='word_1_214' title='bbox 2621 1066 2760 1118; x_wconf 72' lang='lat' dir='ltr'><strong>calix</strong></span> <span class='ocrx_word' id='word_1_215' title='bbox 2780 1067 2873 1117; x_wconf 64' lang='lat' dir='ltr'><strong>itte</strong></span> <span class='ocrx_word' id='word_1_216' title='bbox 2896 1064 3113 1134; x_wconf 76' lang='lat' dir='ltr'><strong>(Matth.</strong></span> <span class='ocrx_word' id='word_1_217' title='bbox 3140 1079 3284 1128; x_wconf 83' lang='lat' dir='ltr'><strong>xxvt,</strong></span> <span class='ocrx_word' id='word_1_218' title='bbox 3307 1062 3419 1133; x_wconf 81' lang='lat'><strong>59).</strong></span> 
     </span>
    </p>
   </div>
   <div class='ocr_carea' id='block_1_26' title="bbox 1849 1155 3422 1222">
    <p class='ocr_par' dir='ltr' id='par_1_26' title="bbox 1849 1155 3422 1222">
     <span class='ocr_line' id='line_1_26' title="bbox 1849 1155 3422 1222; baseline -0.003 -11"><span class='ocrx_word' id='word_1_219' title='bbox 1849 1161 1943 1214; x_wconf 71' lang='grc' dir='ltr'><strong>νει</strong></span> <span class='ocrx_word' id='word_1_220' title='bbox 1972 1174 2089 1212; x_wconf 90' lang='lat' dir='ltr'><strong>cum</strong></span> <span class='ocrx_word' id='word_1_221' title='bbox 2116 1159 2182 1211; x_wconf 90' lang='lat' dir='ltr'><strong>de</strong></span> <span class='ocrx_word' id='word_1_222' title='bbox 2212 1173 2370 1211; x_wconf 79' lang='lat' dir='ltr'><strong>cruce</strong></span> <span class='ocrx_word' id='word_1_223' title='bbox 2400 1157 2531 1210; x_wconf 81' lang='lat' dir='ltr'><strong>dixit</strong></span> <span class='ocrx_word' id='word_1_224' title='bbox 2558 1175 2573 1211; x_wconf 71' lang='grc' dir='ltr'><strong>ι</strong></span> <span class='ocrx_word' id='word_1_225' title='bbox 2608 1157 2764 1221; x_wconf 84' lang='lat' dir='ltr'><strong>Deus,</strong></span> <span class='ocrx_word' id='word_1_226' title='bbox 2800 1155 2934 1210; x_wconf 86' lang='lat' dir='ltr'><strong>Dens</strong></span> <span class='ocrx_word' id='word_1_227' title='bbox 2974 1172 3132 1219; x_wconf 85' lang='lat' dir='ltr'><strong>meus,</strong></span> <span class='ocrx_word' id='word_1_228' title='bbox 3167 1171 3324 1222; x_wconf 85' lang='lat' dir='ltr'><strong>quare</strong></span> <span class='ocrx_word' id='word_1_229' title='bbox 3346 1171 3422 1206; x_wconf 86' lang='lat' dir='ltr'><strong>me</strong></span> 
     </span>
    </p>
   </div>
   <div class='ocr_carea' id='block_1_27' title="bbox 1847 1248 3421 1321">
    <p class='ocr_par' dir='ltr' id='par_1_27' title="bbox 1847 1248 3421 1321">
     <span class='ocr_line' id='line_1_27' title="bbox 1847 1248 3421 1321; baseline -0.002 -19"><span class='ocrx_word' id='word_1_230' title='bbox 1847 1252 2154 1319; x_wconf 77' lang='lat' dir='ltr'><strong>dereliquisti</strong></span> <span class='ocrx_word' id='word_1_231' title='bbox 2176 1250 2388 1321; x_wconf 76' lang='lat' dir='ltr'><strong>(Mn&#39;tlt.</strong></span> <span class='ocrx_word' id='word_1_232' title='bbox 2418 1264 2592 1315; x_wconf 76' lang='lat' dir='ltr'><strong>xsvn,</strong></span> <span class='ocrx_word' id='word_1_233' title='bbox 2618 1249 2739 1314; x_wconf 66' lang='lat' dir='ltr'><strong>i6)?</strong></span> <span class='ocrx_word' id='word_1_234' title='bbox 2774 1250 2835 1301; x_wconf 87' lang='lat' dir='ltr'><strong>Et</strong></span> <span class='ocrx_word' id='word_1_235' title='bbox 2878 1248 3069 1301; x_wconf 86' lang='lat' dir='ltr'><strong>iterum</strong></span> <span class='ocrx_word' id='word_1_236' title='bbox 3097 1263 3160 1300; x_wconf 79' lang='lat' dir='ltr'><strong>ex</strong></span> <span class='ocrx_word' id='word_1_237' title='bbox 3196 1260 3421 1314; x_wconf 53' lang='lat' dir='ltr'><strong>persona</strong></span> 
     </span>
    </p>
   </div>
   <div class='ocr_carea' id='block_1_28' title="bbox 1850 1337 3423 1410">
    <p class='ocr_par' dir='ltr' id='par_1_28' title="bbox 1850 1337 3423 1410">
     <span class='ocr_line' id='line_1_28' title="bbox 1850 1337 3423 1410; baseline -0.003 -17"><span class='ocrx_word' id='word_1_238' title='bbox 1850 1341 1964 1394; x_wconf 78' lang='lat' dir='ltr'><strong>Filii</strong></span> <span class='ocrx_word' id='word_1_239' title='bbox 1996 1342 2255 1410; x_wconf 70' lang='lat' dir='ltr'><strong>propheta</strong></span> <span class='ocrx_word' id='word_1_240' title='bbox 2287 1341 2414 1394; x_wconf 83' lang='lat' dir='ltr'><strong>dicit</strong></span> <span class='ocrx_word' id='word_1_241' title='bbox 2443 1360 2455 1394; x_wconf 92' lang='lat'>:</span> <span class='ocrx_word' id='word_1_242' title='bbox 2492 1339 2567 1393; x_wconf 91' lang='lat' dir='ltr'><strong>De</strong></span> <span class='ocrx_word' id='word_1_243' title='bbox 2590 1350 2757 1393; x_wconf 85' lang='lat' dir='ltr'><strong>ventre</strong></span> <span class='ocrx_word' id='word_1_244' title='bbox 2779 1340 2953 1391; x_wconf 76' lang='lat' dir='ltr'><strong>matris</strong></span> <span class='ocrx_word' id='word_1_245' title='bbox 2983 1355 3107 1391; x_wconf 66' lang='lat' dir='ltr'><strong>mea:</strong></span> <span class='ocrx_word' id='word_1_246' title='bbox 3129 1337 3261 1390; x_wconf 84' lang='lat' dir='ltr'><strong>Deus</strong></span> <span class='ocrx_word' id='word_1_247' title='bbox 3282 1353 3423 1390; x_wconf 85' lang='lat' dir='ltr'><strong>meus</strong></span> 
     </span>
    </p>
   </div>
   <div class='ocr_carea' id='block_1_29' title="bbox 1847 1426 3421 1503">
    <p class='ocr_par' dir='ltr' id='par_1_29' title="bbox 1847 1426 3421 1503">
     <span class='ocr_line' id='line_1_29' title="bbox 1847 1426 3421 1503; baseline -0.004 -19"><span class='ocrx_word' id='word_1_248' title='bbox 1847 1449 1897 1484; x_wconf 82' lang='lat' dir='ltr'><strong>es</strong></span> <span class='ocrx_word' id='word_1_249' title='bbox 1936 1442 1989 1483; x_wconf 91' lang='lat' dir='ltr'><strong>tu</strong></span> <span class='ocrx_word' id='word_1_250' title='bbox 2032 1430 2200 1503; x_wconf 85' lang='lat' dir='ltr'><strong>(Psal.</strong></span> <span class='ocrx_word' id='word_1_251' title='bbox 2248 1447 2369 1494; x_wconf 79' lang='lat' dir='ltr'><strong>xxt,</strong></span> <span class='ocrx_word' id='word_1_252' title='bbox 2410 1430 2532 1499; x_wconf 78' lang='lat' dir='ltr'><strong>il);</strong></span> <span class='ocrx_word' id='word_1_253' title='bbox 2575 1431 2654 1485; x_wconf 85' lang='lat' dir='ltr'><strong>vel</strong></span> <span class='ocrx_word' id='word_1_254' title='bbox 2683 1444 2801 1481; x_wconf 90' lang='lat' dir='ltr'><strong>cum</strong></span> <span class='ocrx_word' id='word_1_255' title='bbox 2830 1430 2997 1482; x_wconf 86' lang='lat' dir='ltr'><strong>minor</strong></span> <span class='ocrx_word' id='word_1_256' title='bbox 3024 1428 3220 1497; x_wconf 76' lang='lat' dir='ltr'><strong>angelis</strong></span> <span class='ocrx_word' id='word_1_257' title='bbox 3249 1426 3421 1489; x_wconf 89' lang='lat' dir='ltr'><strong>(Psal.</strong></span> 
     </span>
    </p>
   </div>
   <div class='ocr_carea' id='block_1_30' title="bbox 1847 1518 3423 1590">
    <p class='ocr_par' dir='ltr' id='par_1_30' title="bbox 1847 1518 3423 1590">
     <span class='ocr_line' id='line_1_30' title="bbox 1847 1518 3423 1590; baseline -0.003 -16"><span class='ocrx_word' id='word_1_258' title='bbox 1847 1537 1961 1583; x_wconf 81' lang='lat' dir='ltr'><strong>vni,</strong></span> <span class='ocrx_word' id='word_1_259' title='bbox 1990 1522 2044 1590; x_wconf 84' lang='lat'><strong>6)</strong></span> <span class='ocrx_word' id='word_1_260' title='bbox 2094 1522 2390 1586; x_wconf 67' lang='lat' dir='ltr'><strong>indiciitur,</strong></span> <span class='ocrx_word' id='word_1_261' title='bbox 2436 1530 2490 1574; x_wconf 87' lang='lat' dir='ltr'><strong>et</strong></span> <span class='ocrx_word' id='word_1_262' title='bbox 2519 1536 2674 1588; x_wconf 81' lang='lat' dir='ltr'><strong>quam</strong></span> <span class='ocrx_word' id='word_1_263' title='bbox 2720 1521 2866 1587; x_wconf 81' lang='lat' dir='ltr'><strong>plura</strong></span> <span class='ocrx_word' id='word_1_264' title='bbox 2916 1519 2996 1572; x_wconf 89' lang='lat' dir='ltr'><strong>his</strong></span> <span class='ocrx_word' id='word_1_265' title='bbox 3044 1518 3276 1580; x_wconf 85' lang='lat' dir='ltr'><strong>similia,</strong></span> <span class='ocrx_word' id='word_1_266' title='bbox 3306 1534 3423 1586; x_wconf 63' lang='lat' dir='ltr'><strong>quae</strong></span> 
     </span>
    </p>
   </div>
   <div class='ocr_carea' id='block_1_31' title="bbox 1847 1609 3424 1679">
    <p class='ocr_par' dir='ltr' id='par_1_31' title="bbox 1847 1609 3424 1679">
     <span class='ocr_line' id='line_1_31' title="bbox 1847 1609 3424 1679; baseline -0.001 -14"><span class='ocrx_word' id='word_1_267' title='bbox 1847 1613 2025 1666; x_wconf 88' lang='lat' dir='ltr'><strong>studio</strong></span> <span class='ocrx_word' id='word_1_268' title='bbox 2076 1614 2349 1666; x_wconf 80' lang='lat' dir='ltr'><strong>brevitatis</strong></span> <span class='ocrx_word' id='word_1_269' title='bbox 2395 1628 2499 1665; x_wconf 86' lang='lat' dir='ltr'><strong>non</strong></span> <span class='ocrx_word' id='word_1_270' title='bbox 2554 1613 2894 1665; x_wconf 88' lang='lat' dir='ltr'><strong>inseruimus.</strong></span> <span class='ocrx_word' id='word_1_271' title='bbox 2943 1610 3108 1664; x_wconf 86' lang='lat' dir='ltr'><strong>Filius</strong></span> <span class='ocrx_word' id='word_1_272' title='bbox 3155 1624 3281 1679; x_wconf 79' lang='lat' dir='ltr'><strong>ergo</strong></span> <span class='ocrx_word' id='word_1_273' title='bbox 3332 1609 3424 1664; x_wconf 88' lang='lat' dir='ltr'><strong>Dei</strong></span> 
     </span>
    </p>
   </div>
   <div class='ocr_carea' id='block_1_32' title="bbox 1849 1701 3423 1765">
    <p class='ocr_par' dir='ltr' id='par_1_32' title="bbox 1849 1701 3423 1765">
     <span class='ocr_line' id='line_1_32' title="bbox 1849 1701 3423 1765; baseline -0.003 -8"><span class='ocrx_word' id='word_1_274' title='bbox 1849 1704 2007 1758; x_wconf 89' lang='lat' dir='ltr'><strong>nullis</strong></span> <span class='ocrx_word' id='word_1_275' title='bbox 2046 1704 2408 1757; x_wconf 80' lang='lat' dir='ltr'><strong>Conditionum</strong></span> <span class='ocrx_word' id='word_1_276' title='bbox 2455 1702 2860 1758; x_wconf 80' lang='lat' dir='ltr'><strong>necessitatibus</strong></span> <span class='ocrx_word' id='word_1_277' title='bbox 2889 1701 3197 1765; x_wconf 85' lang='lat' dir='ltr'><strong>obstrictus,</strong></span> <span class='ocrx_word' id='word_1_278' title='bbox 3233 1701 3325 1753; x_wconf 88' lang='lat' dir='ltr'><strong>sed</strong></span> <span class='ocrx_word' id='word_1_279' title='bbox 3360 1701 3423 1754; x_wconf 92' lang='lat' dir='ltr'><strong>li-</strong></span> 
     </span>
    </p>
   </div>
   <div class='ocr_carea' id='block_1_33' title="bbox 200 1789 3424 1863">
    <p class='ocr_par' dir='ltr' id='par_1_33' title="bbox 200 1789 3424 1863">
     <span class='ocr_line' id='line_1_33' title="bbox 200 1789 3424 1863; baseline -0.001 -18"><span class='ocrx_word' id='word_1_280' title='bbox 200 1789 527 1851; x_wconf 77' lang='lat' dir='ltr'><strong>relerendt&#39;tut,</strong></span> <span class='ocrx_word' id='word_1_281' title='bbox 550 1789 674 1856; x_wconf 89' lang='lat' dir='ltr'><strong>quia</strong></span> <span class='ocrx_word' id='word_1_282' title='bbox 696 1790 1021 1856; x_wconf 77' lang='lat' dir='ltr'><strong>evangelista</strong></span> <span class='ocrx_word' id='word_1_283' title='bbox 1043 1790 1302 1843; x_wconf 81' lang='lat' dir='ltr'><strong>veraciter</strong></span> <span class='ocrx_word' id='word_1_284' title='bbox 1328 1790 1465 1843; x_wconf 78' lang='lat' dir='ltr'><strong>dixit</strong></span> <span class='ocrx_word' id='word_1_285' title='bbox 1488 1791 1556 1844; x_wconf 90' lang='lat' dir='ltr'><strong>de</strong></span> <span class='ocrx_word' id='word_1_286' title='bbox 1584 1789 1737 1855; x_wconf 78' lang='lat' dir='ltr'><strong>Filio,</strong></span> <span class='ocrx_word' id='word_1_287' title='bbox 1774 1797 1819 1855; x_wconf 80' lang='grc' dir='ltr'><strong>Β</strong></span> <span class='ocrx_word' id='word_1_288' title='bbox 1848 1796 1969 1850; x_wconf 82' lang='lat' dir='ltr'><strong>hera</strong></span> <span class='ocrx_word' id='word_1_289' title='bbox 2018 1794 2312 1848; x_wconf 85' lang='lat' dir='ltr'><strong>divinitatis</strong></span> <span class='ocrx_word' id='word_1_290' title='bbox 2359 1796 2613 1863; x_wconf 83' lang='lat' dir='ltr'><strong>potentia,</strong></span> <span class='ocrx_word' id='word_1_291' title='bbox 2650 1795 2720 1847; x_wconf 89' lang='lat' dir='ltr'><strong>ita</strong></span> <span class='ocrx_word' id='word_1_292' title='bbox 2751 1808 2870 1859; x_wconf 73' lang='lat' dir='ltr'><strong>qua:</strong></span> <span class='ocrx_word' id='word_1_293' title='bbox 2902 1800 3079 1845; x_wconf 78' lang='lat' dir='ltr'><strong>nostra</strong></span> <span class='ocrx_word' id='word_1_294' title='bbox 3110 1800 3235 1844; x_wconf 84' lang='lat' dir='ltr'><strong>sunt</strong></span> <span class='ocrx_word' id='word_1_295' title='bbox 3263 1794 3424 1844; x_wconf 87' lang='lat' dir='ltr'><strong>mira-</strong></span> 
     </span>
    </p>
   </div>
   <div class='ocr_carea' id='block_1_34' title="bbox 200 1878 1743 1948">
    <p class='ocr_par' dir='ltr' id='par_1_34' title="bbox 200 1878 1743 1948">
     <span class='ocr_line' id='line_1_34' title="bbox 200 1878 1743 1948; baseline -0.001 -13"><span class='ocrx_word' id='word_1_296' title='bbox 200 1882 301 1948; x_wconf 87' lang='lat' dir='ltr'><strong>quia</strong></span> <span class='ocrx_word' id='word_1_297' title='bbox 327 1880 580 1948; x_wconf 62' lang='lat' dir='ltr'><strong>aqualem</strong></span> <span class='ocrx_word' id='word_1_298' title='bbox 614 1880 723 1934; x_wconf 88' lang='lat' dir='ltr'><strong>Deo</strong></span> <span class='ocrx_word' id='word_1_299' title='bbox 746 1895 805 1933; x_wconf 90' lang='lat' dir='ltr'><strong>se</strong></span> <span class='ocrx_word' id='word_1_300' title='bbox 834 1878 1078 1932; x_wconf 74' lang='lat' dir='ltr'><strong>faciebat.</strong></span> <span class='ocrx_word' id='word_1_301' title='bbox 1112 1880 1239 1933; x_wconf 87' lang='lat' dir='ltr'><strong>Item</strong></span> <span class='ocrx_word' id='word_1_302' title='bbox 1272 1880 1322 1933; x_wconf 88' lang='lat' dir='ltr'><strong>in</strong></span> <span class='ocrx_word' id='word_1_303' title='bbox 1351 1880 1538 1934; x_wconf 88' lang='lat' dir='ltr'><strong>eodem</strong></span> <span class='ocrx_word' id='word_1_304' title='bbox 1570 1881 1743 1933; x_wconf 81' lang='lat' dir='ltr'><strong>Evan-</strong></span> 
     </span>
    </p>
   </div>
   <div class='ocr_carea' id='block_1_35' title="bbox 198 1971 1742 2040">
    <p class='ocr_par' dir='ltr' id='par_1_35' title="bbox 198 1971 1742 2040">
     <span class='ocr_line' id='line_1_35' title="bbox 198 1971 1742 2040; baseline 0.001 -14"><span class='ocrx_word' id='word_1_305' title='bbox 198 1972 313 2039; x_wconf 73' lang='lat' dir='ltr'><strong>gelio</strong></span> <span class='ocrx_word' id='word_1_306' title='bbox 334 1974 585 2038; x_wconf 85' lang='lat' dir='ltr'><strong>scriptum</strong></span> <span class='ocrx_word' id='word_1_307' title='bbox 613 1980 695 2024; x_wconf 91' lang='lat' dir='ltr'><strong>est</strong></span> <span class='ocrx_word' id='word_1_308' title='bbox 723 1989 736 2022; x_wconf 89' lang='lat'><strong>:</strong></span> <span class='ocrx_word' id='word_1_309' title='bbox 770 1971 1095 2037; x_wconf 61' lang='lat' dir='ltr'><strong>Quaecunque</strong></span> <span class='ocrx_word' id='word_1_310' title='bbox 1117 1971 1272 2025; x_wconf 91' lang='lat' dir='ltr'><strong>Pater</strong></span> <span class='ocrx_word' id='word_1_311' title='bbox 1313 1973 1453 2040; x_wconf 83' lang='lat' dir='ltr'><strong>facit,</strong></span> <span class='ocrx_word' id='word_1_312' title='bbox 1497 1974 1669 2027; x_wconf 87' lang='lat' dir='ltr'><strong>eadem</strong></span> <span class='ocrx_word' id='word_1_313' title='bbox 1697 1986 1742 2027; x_wconf 87' lang='lat' dir='ltr'><strong>et</strong></span> 
     </span>
    </p>
   </div>
   <div class='ocr_carea' id='block_1_36' title="bbox 198 2061 1744 2133">
    <p class='ocr_par' dir='ltr' id='par_1_36' title="bbox 198 2061 1744 2133">
     <span class='ocr_line' id='line_1_36' title="bbox 198 2061 1744 2133; baseline 0.001 -17"><span class='ocrx_word' id='word_1_314' title='bbox 198 2062 340 2117; x_wconf 78' lang='lat' dir='ltr'><strong>Filius</strong></span> <span class='ocrx_word' id='word_1_315' title='bbox 360 2065 477 2133; x_wconf 81' lang='lat' dir='ltr'><strong>facit</strong></span> <span class='ocrx_word' id='word_1_316' title='bbox 505 2064 739 2117; x_wconf 71' lang='lat' dir='ltr'><strong>s’militer</strong></span> <span class='ocrx_word' id='word_1_317' title='bbox 772 2061 960 2132; x_wconf 84' lang='lat' dir='ltr'><strong>(lbid.,</strong></span> <span class='ocrx_word' id='word_1_318' title='bbox 993 2063 1104 2132; x_wconf 82' lang='grc'><strong>19).</strong></span> <span class='ocrx_word' id='word_1_319' title='bbox 1138 2064 1218 2126; x_wconf 81' lang='lat' dir='ltr'><strong>Et,</strong></span> <span class='ocrx_word' id='word_1_320' title='bbox 1246 2065 1378 2116; x_wconf 84' lang='lat' dir='ltr'><strong>sicut</strong></span> <span class='ocrx_word' id='word_1_321' title='bbox 1409 2063 1562 2117; x_wconf 86' lang='lat' dir='ltr'><strong>Pater</strong></span> <span class='ocrx_word' id='word_1_322' title='bbox 1586 2067 1744 2117; x_wconf 70' lang='lat' dir='ltr'><strong>susci-</strong></span> 
     </span>
    </p>
   </div>
   <div class='ocr_carea' id='block_1_37' title="bbox 197 2153 1741 2223">
    <p class='ocr_par' dir='ltr' id='par_1_37' title="bbox 197 2153 1741 2223">
     <span class='ocr_line' id='line_1_37' title="bbox 197 2153 1741 2223; baseline -0.004 -12"><span class='ocrx_word' id='word_1_323' title='bbox 197 2165 257 2211; x_wconf 75' lang='grc' dir='ltr'><strong>ιιι</strong></span> <span class='ocrx_word' id='word_1_324' title='bbox 281 2167 492 2209; x_wconf 78' lang='lat' dir='ltr'><strong>mortuos</strong></span> <span class='ocrx_word' id='word_1_325' title='bbox 512 2164 563 2208; x_wconf 89' lang='lat' dir='ltr'><strong>et</strong></span> <span class='ocrx_word' id='word_1_326' title='bbox 582 2155 834 2222; x_wconf 54' lang='lat' dir='ltr'><strong>vivi/ica,</strong></span> <span class='ocrx_word' id='word_1_327' title='bbox 866 2156 938 2206; x_wconf 89' lang='lat' dir='ltr'><strong>ita</strong></span> <span class='ocrx_word' id='word_1_328' title='bbox 964 2164 1011 2207; x_wconf 87' lang='lat' dir='ltr'><strong>et</strong></span> <span class='ocrx_word' id='word_1_329' title='bbox 1040 2153 1213 2208; x_wconf 87' lang='lat' dir='ltr'><strong>Filius</strong></span> <span class='ocrx_word' id='word_1_330' title='bbox 1252 2172 1375 2223; x_wconf 88' lang='lat' dir='ltr'><strong>quos</strong></span> <span class='ocrx_word' id='word_1_331' title='bbox 1401 2155 1505 2208; x_wconf 82' lang='lat' dir='ltr'><strong>vult</strong></span> <span class='ocrx_word' id='word_1_332' title='bbox 1529 2156 1741 2222; x_wconf 71' lang='lat' dir='ltr'><strong>viriﬁrat</strong></span> 
     </span>
    </p>
   </div>
   <div class='ocr_carea' id='block_1_38' title="bbox 197 2244 1740 2315">
    <p class='ocr_par' dir='ltr' id='par_1_38' title="bbox 197 2244 1740 2315">
     <span class='ocr_line' id='line_1_38' title="bbox 197 2244 1740 2315; baseline 0 -17"><span class='ocrx_word' id='word_1_333' title='bbox 197 2244 355 2313; x_wconf 62' lang='lat' dir='ltr'><strong>(Ibid,</strong></span> <span class='ocrx_word' id='word_1_334' title='bbox 376 2246 491 2314; x_wconf 75' lang='grc'><strong>21).</strong></span> <span class='ocrx_word' id='word_1_335' title='bbox 526 2246 679 2308; x_wconf 80' lang='lat' dir='ltr'><strong>ltetn,</strong></span> <span class='ocrx_word' id='word_1_336' title='bbox 704 2255 761 2298; x_wconf 88' lang='lat' dir='ltr'><strong>ut</strong></span> <span class='ocrx_word' id='word_1_337' title='bbox 789 2262 959 2299; x_wconf 83' lang='lat' dir='ltr'><strong>omnes</strong></span> <span class='ocrx_word' id='word_1_338' title='bbox 990 2247 1320 2309; x_wconf 72' lang='lat' dir='ltr'><strong>honori/iacnt</strong></span> <span class='ocrx_word' id='word_1_339' title='bbox 1362 2245 1573 2315; x_wconf 67' lang='lat' dir='ltr'><strong>Filium,</strong></span> <span class='ocrx_word' id='word_1_340' title='bbox 1605 2248 1740 2300; x_wconf 82' lang='lat' dir='ltr'><strong>sicut</strong></span> 
     </span>
    </p>
   </div>
   <div class='ocr_carea' id='block_1_39' title="bbox 195 2333 1743 2405">
    <p class='ocr_par' dir='ltr' id='par_1_39' title="bbox 195 2333 1743 2405">
     <span class='ocr_line' id='line_1_39' title="bbox 195 2333 1743 2405; baseline 0.003 -20"><span class='ocrx_word' id='word_1_341' title='bbox 195 2335 505 2403; x_wconf 67' lang='lat' dir='ltr'><strong>honori/itaut</strong></span> <span class='ocrx_word' id='word_1_342' title='bbox 525 2334 734 2389; x_wconf 84' lang='lat' dir='ltr'><strong>Patrem</strong></span> <span class='ocrx_word' id='word_1_343' title='bbox 761 2333 924 2404; x_wconf 82' lang='lat' dir='ltr'><strong>(Ibid.</strong></span> <span class='ocrx_word' id='word_1_344' title='bbox 942 2375 958 2401; x_wconf 92' lang='lat'><strong>,</strong></span> <span class='ocrx_word' id='word_1_345' title='bbox 992 2336 1103 2405; x_wconf 75' lang='lat'><strong>9.5).</strong></span> <span class='ocrx_word' id='word_1_346' title='bbox 1135 2336 1376 2405; x_wconf 69' lang='lat' dir='ltr'><strong>Aﬂqualis</strong></span> <span class='ocrx_word' id='word_1_347' title='bbox 1400 2338 1541 2390; x_wconf 87' lang='lat' dir='ltr'><strong>enim</strong></span> <span class='ocrx_word' id='word_1_348' title='bbox 1575 2337 1743 2390; x_wconf 87' lang='lat' dir='ltr'><strong>honor</strong></span> 
     </span>
    </p>
   </div>
   <div class='ocr_carea' id='block_1_40' title="bbox 196 2427 1737 2495">
    <p class='ocr_par' dir='ltr' id='par_1_40' title="bbox 196 2427 1737 2495">
     <span class='ocr_line' id='line_1_40' title="bbox 196 2427 1737 2495; baseline 0.001 -16"><span class='ocrx_word' id='word_1_349' title='bbox 196 2441 285 2479; x_wconf 86' lang='lat' dir='ltr'><strong>non</strong></span> <span class='ocrx_word' id='word_1_350' title='bbox 312 2428 403 2481; x_wconf 86' lang='lat' dir='ltr'><strong>uisi</strong></span> <span class='ocrx_word' id='word_1_351' title='bbox 432 2428 726 2495; x_wconf 76' lang='lat' dir='ltr'><strong>:equalibus</strong></span> <span class='ocrx_word' id='word_1_352' title='bbox 755 2427 1060 2481; x_wconf 75' lang='lat' dir='ltr'><strong>exhibetur.</strong></span> <span class='ocrx_word' id='word_1_353' title='bbox 1092 2427 1222 2482; x_wconf 85' lang='lat' dir='ltr'><strong>[tem</strong></span> <span class='ocrx_word' id='word_1_354' title='bbox 1255 2428 1324 2481; x_wconf 85' lang='lat' dir='ltr'><strong>ibi</strong></span> <span class='ocrx_word' id='word_1_355' title='bbox 1354 2428 1517 2482; x_wconf 80' lang='lat' dir='ltr'><strong>Filius</strong></span> <span class='ocrx_word' id='word_1_356' title='bbox 1545 2429 1611 2481; x_wconf 87' lang='lat' dir='ltr'><strong>ad</strong></span> <span class='ocrx_word' id='word_1_357' title='bbox 1637 2429 1737 2481; x_wconf 87' lang='lat' dir='ltr'><strong>Pa-</strong></span> 
     </span>
    </p>
   </div>
   <div class='ocr_carea' id='block_1_41' title="bbox 198 2520 1740 2591">
    <p class='ocr_par' dir='ltr' id='par_1_41' title="bbox 198 2520 1740 2591">
     <span class='ocr_line' id='line_1_41' title="bbox 198 2520 1740 2591; baseline 0.001 -19"><span class='ocrx_word' id='word_1_358' title='bbox 198 2528 311 2573; x_wconf 84' lang='lat' dir='ltr'><strong>trem</strong></span> <span class='ocrx_word' id='word_1_359' title='bbox 336 2520 461 2574; x_wconf 88' lang='lat' dir='ltr'><strong>dicit</strong></span> <span class='ocrx_word' id='word_1_360' title='bbox 495 2539 507 2572; x_wconf 92' lang='lat'><strong>:</strong></span> <span class='ocrx_word' id='word_1_361' title='bbox 544 2520 953 2573; x_wconf 77' lang='lat' dir='ltr'><strong>Uinniameatua</strong></span> <span class='ocrx_word' id='word_1_362' title='bbox 971 2529 1276 2582; x_wconf 86' lang='lat' dir='ltr'><strong>sunt,ettua</strong></span> <span class='ocrx_word' id='word_1_363' title='bbox 1290 2537 1397 2573; x_wconf 85' lang='lat' dir='ltr'><strong>mea</strong></span> <span class='ocrx_word' id='word_1_364' title='bbox 1414 2521 1591 2591; x_wconf 82' lang='lat' dir='ltr'><strong>(Joan.</strong></span> <span class='ocrx_word' id='word_1_365' title='bbox 1612 2536 1740 2588; x_wconf 81' lang='lat' dir='ltr'><strong>xvu,</strong></span> 
     </span>
    </p>
   </div>
   <div class='ocr_carea' id='block_1_42' title="bbox 200 2612 1741 2683">
    <p class='ocr_par' dir='ltr' id='par_1_42' title="bbox 200 2612 1741 2683">
     <span class='ocr_line' id='line_1_42' title="bbox 200 2612 1741 2683; baseline 0.001 -18"><span class='ocrx_word' id='word_1_366' title='bbox 200 2613 468 2682; x_wconf 69' lang='lat' dir='ltr'><strong>10).ltem,</strong></span> <span class='ocrx_word' id='word_1_367' title='bbox 508 2612 779 2682; x_wconf 76' lang='lat' dir='ltr'><strong>Philippe,</strong></span> <span class='ocrx_word' id='word_1_368' title='bbox 828 2616 914 2683; x_wconf 90' lang='lat' dir='ltr'><strong>qui</strong></span> <span class='ocrx_word' id='word_1_369' title='bbox 948 2631 1023 2668; x_wconf 89' lang='lat' dir='ltr'><strong>me</strong></span> <span class='ocrx_word' id='word_1_370' title='bbox 1057 2616 1226 2679; x_wconf 86' lang='lat' dir='ltr'><strong>videt,</strong></span> <span class='ocrx_word' id='word_1_371' title='bbox 1266 2616 1399 2669; x_wconf 87' lang='lat' dir='ltr'><strong>videt</strong></span> <span class='ocrx_word' id='word_1_372' title='bbox 1432 2627 1476 2669; x_wconf 90' lang='lat' dir='ltr'><strong>et</strong></span> <span class='ocrx_word' id='word_1_373' title='bbox 1514 2614 1741 2667; x_wconf 82' lang='lat' dir='ltr'><strong>Patrem.</strong></span> 
     </span>
    </p>
   </div>
   <div class='ocr_carea' id='block_1_43' title="bbox 200 2703 1739 2774">
    <p class='ocr_par' dir='ltr' id='par_1_43' title="bbox 200 2703 1739 2774">
     <span class='ocr_line' id='line_1_43' title="bbox 200 2703 1739 2774; baseline 0.001 -19"><span class='ocrx_word' id='word_1_374' title='bbox 200 2703 439 2767; x_wconf 78' lang='lat' dir='ltr'><strong>Quomodo</strong></span> <span class='ocrx_word' id='word_1_375' title='bbox 461 2716 515 2757; x_wconf 84' lang='lat' dir='ltr'><strong>tu</strong></span> <span class='ocrx_word' id='word_1_376' title='bbox 544 2705 709 2757; x_wconf 82' lang='lat' dir='ltr'><strong>dicis:</strong></span> <span class='ocrx_word' id='word_1_377' title='bbox 742 2703 965 2758; x_wconf 83' lang='lat' dir='ltr'><strong>Ostende</strong></span> <span class='ocrx_word' id='word_1_378' title='bbox 987 2706 1128 2758; x_wconf 86' lang='lat' dir='ltr'><strong>nobis</strong></span> <span class='ocrx_word' id='word_1_379' title='bbox 1168 2704 1377 2759; x_wconf 88' lang='lat' dir='ltr'><strong>Patrem</strong></span> <span class='ocrx_word' id='word_1_380' title='bbox 1408 2706 1585 2774; x_wconf 83' lang='lat' dir='ltr'><strong>(Joan.</strong></span> <span class='ocrx_word' id='word_1_381' title='bbox 1628 2721 1739 2768; x_wconf 79' lang='lat' dir='ltr'><strong>xiv,</strong></span> 
     </span>
    </p>
   </div>
   <div class='ocr_carea' id='block_1_44' title="bbox 197 2795 1745 2866">
    <p class='ocr_par' dir='ltr' id='par_1_44' title="bbox 197 2795 1745 2866">
     <span class='ocr_line' id='line_1_44' title="bbox 197 2795 1745 2866; baseline 0.001 -17"><span class='ocrx_word' id='word_1_382' title='bbox 197 2795 281 2865; x_wconf 82' lang='lat'><strong>9)?</strong></span> <span class='ocrx_word' id='word_1_383' title='bbox 314 2796 419 2850; x_wconf 91' lang='lat' dir='ltr'><strong>lloc</strong></span> <span class='ocrx_word' id='word_1_384' title='bbox 448 2812 557 2849; x_wconf 89' lang='lat' dir='ltr'><strong>non</strong></span> <span class='ocrx_word' id='word_1_385' title='bbox 601 2796 867 2859; x_wconf 78' lang='lat' dir='ltr'><strong>dixisset,</strong></span> <span class='ocrx_word' id='word_1_386' title='bbox 902 2796 1002 2848; x_wconf 89' lang='lat' dir='ltr'><strong>nisi</strong></span> <span class='ocrx_word' id='word_1_387' title='bbox 1053 2796 1194 2849; x_wconf 89' lang='lat' dir='ltr'><strong>Patri</strong></span> <span class='ocrx_word' id='word_1_388' title='bbox 1226 2812 1322 2866; x_wconf 88' lang='lat' dir='ltr'><strong>per</strong></span> <span class='ocrx_word' id='word_1_389' title='bbox 1350 2799 1527 2851; x_wconf 89' lang='lat' dir='ltr'><strong>omnia</strong></span> <span class='ocrx_word' id='word_1_390' title='bbox 1562 2798 1745 2851; x_wconf 84' lang='lat' dir='ltr'><strong>luisset</strong></span> 
     </span>
    </p>
   </div>
   <div class='ocr_carea' id='block_1_45' title="bbox 198 2864 1757 2955">
    <p class='ocr_par' dir='ltr' id='par_1_45' title="bbox 198 2864 1757 2955">
     <span class='ocr_line' id='line_1_45' title="bbox 198 2864 1757 2955; baseline 0.003 -19"><span class='ocrx_word' id='word_1_391' title='bbox 198 2864 411 2954; x_wconf 50' lang='lat' dir='ltr'><strong>aqualis.</strong></span> <span class='ocrx_word' id='word_1_392' title='bbox 444 2886 574 2940; x_wconf 81' lang='lat' dir='ltr'><strong>Item</strong></span> <span class='ocrx_word' id='word_1_393' title='bbox 606 2887 720 2954; x_wconf 83' lang='lat' dir='ltr'><strong>ipse</strong></span> <span class='ocrx_word' id='word_1_394' title='bbox 744 2887 998 2940; x_wconf 89' lang='lat' dir='ltr'><strong>Domintts</strong></span> <span class='ocrx_word' id='word_1_395' title='bbox 1029 2887 1164 2940; x_wconf 70' lang='lat' dir='ltr'><strong>dixit</strong></span> <span class='ocrx_word' id='word_1_396' title='bbox 1195 2864 1453 2942; x_wconf 62' lang='lat' dir='ltr'><strong>:Creditis</strong></span> <span class='ocrx_word' id='word_1_397' title='bbox 1473 2890 1523 2942; x_wconf 89' lang='lat' dir='ltr'><strong>in</strong></span> <span class='ocrx_word' id='word_1_398' title='bbox 1559 2864 1757 2955; x_wconf 49' lang='lat' dir='ltr'><strong>Deum;</strong></span> 
     </span>
    </p>
   </div>
   <div class='ocr_carea' id='block_1_46' title="bbox 199 2976 1743 3047">
    <p class='ocr_par' dir='ltr' id='par_1_46' title="bbox 199 2976 1743 3047">
     <span class='ocr_line' id='line_1_46' title="bbox 199 2976 1743 3047; baseline 0.001 -19"><span class='ocrx_word' id='word_1_399' title='bbox 199 2986 237 3028; x_wconf 83' lang='lat' dir='ltr'><strong>ct</strong></span> <span class='ocrx_word' id='word_1_400' title='bbox 272 2978 318 3029; x_wconf 84' lang='lat' dir='ltr'><strong>in</strong></span> <span class='ocrx_word' id='word_1_401' title='bbox 358 2994 435 3030; x_wconf 68' lang='lat' dir='ltr'><strong>me</strong></span> <span class='ocrx_word' id='word_1_402' title='bbox 474 2978 661 3030; x_wconf 84' lang='lat' dir='ltr'><strong>credite</strong></span> <span class='ocrx_word' id='word_1_403' title='bbox 702 2976 898 3047; x_wconf 84' lang='lat' dir='ltr'><strong>(Ibid.,</strong></span> <span class='ocrx_word' id='word_1_404' title='bbox 949 2977 1022 3045; x_wconf 84' lang='grc'><strong>1).</strong></span> <span class='ocrx_word' id='word_1_405' title='bbox 1065 2978 1129 3031; x_wconf 89' lang='lat' dir='ltr'><strong>Et</strong></span> <span class='ocrx_word' id='word_1_406' title='bbox 1180 2981 1352 3032; x_wconf 84' lang='lat' dir='ltr'><strong>adhuc</strong></span> <span class='ocrx_word' id='word_1_407' title='bbox 1390 2988 1447 3031; x_wconf 93' lang='lat' dir='ltr'><strong>ut</strong></span> <span class='ocrx_word' id='word_1_408' title='bbox 1487 2980 1743 3032; x_wconf 81' lang='lat' dir='ltr'><strong>unitatem</strong></span> 
     </span>
    </p>
   </div>
   <div class='ocr_carea' id='block_1_47' title="bbox 200 3068 1747 3135">
    <p class='ocr_par' dir='ltr' id='par_1_47' title="bbox 200 3068 1747 3135">
     <span class='ocr_line' id='line_1_47' title="bbox 200 3068 1747 3135; baseline 0.001 -17"><span class='ocrx_word' id='word_1_409' title='bbox 200 3068 493 3135; x_wconf 68' lang='lat' dir='ltr'><strong>aqualitatis</strong></span> <span class='ocrx_word' id='word_1_410' title='bbox 532 3068 954 3130; x_wconf 88' lang='lat' dir='ltr'><strong>demonstraret,</strong></span> <span class='ocrx_word' id='word_1_411' title='bbox 1002 3069 1072 3121; x_wconf 90' lang='lat' dir='ltr'><strong>ait</strong></span> <span class='ocrx_word' id='word_1_412' title='bbox 1114 3086 1125 3120; x_wconf 90' lang='lat'><strong>:</strong></span> <span class='ocrx_word' id='word_1_413' title='bbox 1172 3068 1336 3120; x_wconf 80' lang='lat' dir='ltr'><strong>Nemo</strong></span> <span class='ocrx_word' id='word_1_414' title='bbox 1379 3070 1519 3121; x_wconf 80' lang='lat' dir='ltr'><strong>novit</strong></span> <span class='ocrx_word' id='word_1_415' title='bbox 1552 3068 1747 3120; x_wconf 82' lang='lat' dir='ltr'><strong>Filium</strong></span> 
     </span>
    </p>
   </div>
   <div class='ocr_carea' id='block_1_48' title="bbox 1851 1880 3423 1953">
    <p class='ocr_par' dir='ltr' id='par_1_48' title="bbox 1851 1880 3423 1953">
     <span class='ocr_line' id='line_1_48' title="bbox 1851 1880 3423 1953; baseline -0.004 -13"><span class='ocrx_word' id='word_1_416' title='bbox 1851 1887 1941 1940; x_wconf 92' lang='lat' dir='ltr'><strong>bili</strong></span> <span class='ocrx_word' id='word_1_417' title='bbox 1973 1880 2167 1953; x_wconf 81' lang='lat' dir='ltr'><strong>pietate</strong></span> <span class='ocrx_word' id='word_1_418' title='bbox 2212 1887 2529 1953; x_wconf 82' lang='lat' dir='ltr'><strong>assumpsit,</strong></span> <span class='ocrx_word' id='word_1_419' title='bbox 2575 1893 2632 1938; x_wconf 92' lang='lat' dir='ltr'><strong>ut</strong></span> <span class='ocrx_word' id='word_1_420' title='bbox 2681 1899 2709 1937; x_wconf 86' lang='lat' dir='ltr'><strong>a</strong></span> <span class='ocrx_word' id='word_1_421' title='bbox 2738 1884 2851 1936; x_wconf 83' lang='lat' dir='ltr'><strong>suis</strong></span> <span class='ocrx_word' id='word_1_422' title='bbox 2897 1898 3015 1951; x_wconf 68' lang='lat' dir='ltr'><strong>qua:</strong></span> <span class='ocrx_word' id='word_1_423' title='bbox 3052 1882 3226 1935; x_wconf 81' lang='lat' dir='ltr'><strong>divina</strong></span> <span class='ocrx_word' id='word_1_424' title='bbox 3272 1890 3423 1945; x_wconf 89' lang='lat' dir='ltr'><strong>sunt,</strong></span> 
     </span>
    </p>
   </div>
   <div class='ocr_carea' id='block_1_49' title="bbox 1848 1974 3423 2041">
    <p class='ocr_par' dir='ltr' id='par_1_49' title="bbox 1848 1974 3423 2041">
     <span class='ocr_line' id='line_1_49' title="bbox 1848 1974 3423 2041; baseline -0.004 -11"><span class='ocrx_word' id='word_1_425' title='bbox 1848 1978 2069 2030; x_wconf 86' lang='lat' dir='ltr'><strong>omnino</strong></span> <span class='ocrx_word' id='word_1_426' title='bbox 2111 1991 2216 2029; x_wconf 87' lang='lat' dir='ltr'><strong>non</strong></span> <span class='ocrx_word' id='word_1_427' title='bbox 2248 1976 2519 2029; x_wconf 80' lang='lat' dir='ltr'><strong>destiterit</strong></span> <span class='ocrx_word' id='word_1_428' title='bbox 2550 1992 2564 2027; x_wconf 88' lang='lat'><strong>:</strong></span> <span class='ocrx_word' id='word_1_429' title='bbox 2599 1977 2717 2041; x_wconf 85' lang='lat' dir='ltr'><strong>quia</strong></span> <span class='ocrx_word' id='word_1_430' title='bbox 2753 1974 3010 2027; x_wconf 88' lang='lat' dir='ltr'><strong>Divinitas</strong></span> <span class='ocrx_word' id='word_1_431' title='bbox 3042 1987 3140 2026; x_wconf 88' lang='lat' dir='ltr'><strong>nec</strong></span> <span class='ocrx_word' id='word_1_432' title='bbox 3168 1987 3423 2040; x_wconf 83' lang='lat' dir='ltr'><strong>augmen-</strong></span> 
     </span>
    </p>
   </div>
   <div class='ocr_carea' id='block_1_50' title="bbox 1854 2061 3428 2133">
    <p class='ocr_par' dir='ltr' id='par_1_50' title="bbox 1854 2061 3428 2133">
     <span class='ocr_line' id='line_1_50' title="bbox 1854 2061 3428 2133; baseline -0.004 -13"><span class='ocrx_word' id='word_1_433' title='bbox 1854 2079 1962 2120; x_wconf 88' lang='lat' dir='ltr'><strong>tum</strong></span> <span class='ocrx_word' id='word_1_434' title='bbox 1991 2066 2239 2130; x_wconf 86' lang='lat' dir='ltr'><strong>admittit,</strong></span> <span class='ocrx_word' id='word_1_435' title='bbox 2286 2080 2385 2118; x_wconf 87' lang='lat' dir='ltr'><strong>nec</strong></span> <span class='ocrx_word' id='word_1_436' title='bbox 2412 2066 2609 2133; x_wconf 87' lang='lat' dir='ltr'><strong>patitur</strong></span> <span class='ocrx_word' id='word_1_437' title='bbox 2635 2064 3026 2117; x_wconf 81' lang='lat' dir='ltr'><strong>dett-intentem.</strong></span> <span class='ocrx_word' id='word_1_438' title='bbox 3060 2062 3209 2117; x_wconf 86' lang='lat' dir='ltr'><strong>Unde</strong></span> <span class='ocrx_word' id='word_1_439' title='bbox 3234 2061 3428 2130; x_wconf 79' lang='lat' dir='ltr'><strong>gratias</strong></span> 
     </span>
    </p>
   </div>
   <div class='ocr_carea' id='block_1_51' title="bbox 1856 2152 3420 2227">
    <p class='ocr_par' dir='ltr' id='par_1_51' title="bbox 1856 2152 3420 2227">
     <span class='ocr_line' id='line_1_51' title="bbox 1856 2152 3420 2227; baseline -0.005 -14"><span class='ocrx_word' id='word_1_440' title='bbox 1856 2163 2059 2227; x_wconf 77' lang='lat' dir='ltr'><strong>agimus</strong></span> <span class='ocrx_word' id='word_1_441' title='bbox 2105 2158 2279 2212; x_wconf 88' lang='lat' dir='ltr'><strong>eidem</strong></span> <span class='ocrx_word' id='word_1_442' title='bbox 2327 2156 2550 2227; x_wconf 85' lang='lat' dir='ltr'><strong>[Comp.,</strong></span> <span class='ocrx_word' id='word_1_443' title='bbox 2609 2152 2741 2223; x_wconf 89' lang='lat' dir='ltr'><strong>Deo]</strong></span> <span class='ocrx_word' id='word_1_444' title='bbox 2790 2156 3017 2209; x_wconf 83' lang='lat' dir='ltr'><strong>Domino</strong></span> <span class='ocrx_word' id='word_1_445' title='bbox 3065 2164 3249 2208; x_wconf 88' lang='lat' dir='ltr'><strong>nostro</strong></span> <span class='ocrx_word' id='word_1_446' title='bbox 3296 2153 3420 2208; x_wconf 79' lang='lat' dir='ltr'><strong>Jesu</strong></span> 
     </span>
    </p>
   </div>
   <div class='ocr_carea' id='block_1_52' title="bbox 1857 2244 3422 2316">
    <p class='ocr_par' dir='ltr' id='par_1_52' title="bbox 1857 2244 3422 2316">
     <span class='ocr_line' id='line_1_52' title="bbox 1857 2244 3422 2316; baseline -0.003 -17"><span class='ocrx_word' id='word_1_447' title='bbox 1857 2249 2087 2316; x_wconf 80' lang='lat' dir='ltr'><strong>Christo,</strong></span> <span class='ocrx_word' id='word_1_448' title='bbox 2121 2249 2206 2316; x_wconf 89' lang='lat' dir='ltr'><strong>qui</strong></span> <span class='ocrx_word' id='word_1_449' title='bbox 2240 2254 2456 2315; x_wconf 82' lang='lat' dir='ltr'><strong>propter</strong></span> <span class='ocrx_word' id='word_1_450' title='bbox 2484 2260 2579 2299; x_wconf 92' lang='lat' dir='ltr'><strong>nos</strong></span> <span class='ocrx_word' id='word_1_451' title='bbox 2609 2255 2663 2299; x_wconf 92' lang='lat' dir='ltr'><strong>et</strong></span> <span class='ocrx_word' id='word_1_452' title='bbox 2688 2256 2903 2314; x_wconf 87' lang='lat' dir='ltr'><strong>propter</strong></span> <span class='ocrx_word' id='word_1_453' title='bbox 2930 2256 3165 2298; x_wconf 79' lang='lat' dir='ltr'><strong>noetram</strong></span> <span class='ocrx_word' id='word_1_454' title='bbox 3196 2244 3422 2298; x_wconf 83' lang='lat' dir='ltr'><strong>salutem</strong></span> 
     </span>
    </p>
   </div>
   <div class='ocr_carea' id='block_1_53' title="bbox 1853 2334 3523 2404">
    <p class='ocr_par' dir='ltr' id='par_1_53' title="bbox 1853 2334 3523 2404">
     <span class='ocr_line' id='line_1_53' title="bbox 1853 2334 3523 2404; baseline -0.008 -10"><span class='ocrx_word' id='word_1_455' title='bbox 1853 2342 1920 2394; x_wconf 86' lang='lat' dir='ltr'><strong>de</strong></span> <span class='ocrx_word' id='word_1_456' title='bbox 1949 2340 2087 2393; x_wconf 63' lang='lat' dir='ltr'><strong>caelo</strong></span> <span class='ocrx_word' id='word_1_457' title='bbox 2125 2338 2435 2399; x_wconf 82' lang='lat' dir='ltr'><strong>descendit,</strong></span> <span class='ocrx_word' id='word_1_458' title='bbox 2468 2351 2560 2390; x_wconf 84' lang='lat' dir='ltr'><strong>sua</strong></span> <span class='ocrx_word' id='word_1_459' title='bbox 2594 2336 2841 2404; x_wconf 84' lang='lat' dir='ltr'><strong>passione</strong></span> <span class='ocrx_word' id='word_1_460' title='bbox 2885 2349 2983 2387; x_wconf 85' lang='lat' dir='ltr'><strong>nos</strong></span> <span class='ocrx_word' id='word_1_461' title='bbox 3029 2334 3284 2395; x_wconf 86' lang='lat' dir='ltr'><strong>redemit,</strong></span> <span class='ocrx_word' id='word_1_462' title='bbox 3333 2348 3426 2386; x_wconf 85' lang='lat' dir='ltr'><strong>sua</strong></span> <span class='ocrx_word' id='word_1_463' title='bbox 3518 2378 3523 2381; x_wconf 87' lang='lat'>_</span> 
     </span>
    </p>
   </div>
   <div class='ocr_carea' id='block_1_54' title="bbox 1855 2425 3429 2493">
    <p class='ocr_par' dir='ltr' id='par_1_54' title="bbox 1855 2425 3429 2493">
     <span class='ocr_line' id='line_1_54' title="bbox 1855 2425 3429 2493; baseline -0.004 -10"><span class='ocrx_word' id='word_1_464' title='bbox 1855 2441 2024 2483; x_wconf 83' lang='lat' dir='ltr'><strong>morte</strong></span> <span class='ocrx_word' id='word_1_465' title='bbox 2055 2428 2363 2490; x_wconf 82' lang='lat' dir='ltr'><strong>viviﬁcavit,</strong></span> <span class='ocrx_word' id='word_1_466' title='bbox 2391 2442 2487 2479; x_wconf 68' lang='lat' dir='ltr'><strong>sua</strong></span> <span class='ocrx_word' id='word_1_467' title='bbox 2516 2427 2829 2480; x_wconf 79' lang='lat' dir='ltr'><strong>ascensione</strong></span> <span class='ocrx_word' id='word_1_468' title='bbox 2858 2425 3201 2493; x_wconf 71' lang='lat' dir='ltr'><strong>glorilimvit,</strong></span> <span class='ocrx_word' id='word_1_469' title='bbox 3232 2425 3318 2493; x_wconf 90' lang='lat' dir='ltr'><strong>qui</strong></span> <span class='ocrx_word' id='word_1_470' title='bbox 3348 2439 3429 2477; x_wconf 88' lang='lat' dir='ltr'><strong>se-</strong></span> 
     </span>
    </p>
   </div>
   <div class='ocr_carea' id='block_1_55' title="bbox 1854 2502 3430 2579">
    <p class='ocr_par' dir='ltr' id='par_1_55' title="bbox 1854 2502 3430 2579">
     <span class='ocr_line' id='line_1_55' title="bbox 1854 2502 3430 2579; baseline -0.004 -5"><span class='ocrx_word' id='word_1_471' title='bbox 1854 2522 1988 2574; x_wconf 82' lang='lat' dir='ltr'><strong>dens</strong></span> <span class='ocrx_word' id='word_1_472' title='bbox 2012 2521 2077 2573; x_wconf 86' lang='lat' dir='ltr'><strong>ad</strong></span> <span class='ocrx_word' id='word_1_473' title='bbox 2096 2521 2365 2573; x_wconf 78' lang='lat' dir='ltr'><strong>dexteram</strong></span> <span class='ocrx_word' id='word_1_474' title='bbox 2392 2502 2560 2571; x_wconf 82' lang='lat' dir='ltr'><strong>Patris</strong></span> <span class='ocrx_word' id='word_1_475' title='bbox 2586 2527 2839 2570; x_wconf 81' lang='lat' dir='ltr'><strong>venturus</strong></span> <span class='ocrx_word' id='word_1_476' title='bbox 2882 2524 2965 2569; x_wconf 86' lang='lat' dir='ltr'><strong>est</strong></span> <span class='ocrx_word' id='word_1_477' title='bbox 3002 2514 3242 2579; x_wconf 81' lang='lat' dir='ltr'><strong>judicare</strong></span> <span class='ocrx_word' id='word_1_478' title='bbox 3286 2514 3430 2567; x_wconf 89' lang='lat' dir='ltr'><strong>vivos</strong></span> 
     </span>
    </p>
   </div>
   <div class='ocr_carea' id='block_1_56' title="bbox 1855 2605 3425 2677">
    <p class='ocr_par' dir='ltr' id='par_1_56' title="bbox 1855 2605 3425 2677">
     <span class='ocr_line' id='line_1_56' title="bbox 1855 2605 3425 2677; baseline -0.006 -11"><span class='ocrx_word' id='word_1_479' title='bbox 1855 2622 1907 2666; x_wconf 88' lang='lat' dir='ltr'><strong>et</strong></span> <span class='ocrx_word' id='word_1_480' title='bbox 1939 2621 2195 2675; x_wconf 73' lang='lat' dir='ltr'><strong>mortuos,</strong></span> <span class='ocrx_word' id='word_1_481' title='bbox 2230 2609 2388 2677; x_wconf 84' lang='lat' dir='ltr'><strong>justis</strong></span> <span class='ocrx_word' id='word_1_482' title='bbox 2417 2618 2629 2661; x_wconf 65' lang='lat' dir='ltr'><strong>acterna:</strong></span> <span class='ocrx_word' id='word_1_483' title='bbox 2659 2609 2781 2661; x_wconf 67' lang='lat' dir='ltr'><strong>vitae</strong></span> <span class='ocrx_word' id='word_1_484' title='bbox 2814 2605 3088 2673; x_wconf 58' lang='grc' dir='ltr'><strong>ιιι-1011111101</strong></span> <span class='ocrx_word' id='word_1_485' title='bbox 3124 2605 3425 2672; x_wconf 77' lang='lat' dir='ltr'><strong>largiturus,</strong></span> 
     </span>
    </p>
   </div>
   <div class='ocr_carea' id='block_1_57' title="bbox 1857 2696 3427 2771">
    <p class='ocr_par' dir='ltr' id='par_1_57' title="bbox 1857 2696 3427 2771">
     <span class='ocr_line' id='line_1_57' title="bbox 1857 2696 3427 2771; baseline -0.008 -12"><span class='ocrx_word' id='word_1_486' title='bbox 1857 2707 2033 2770; x_wconf 85' lang='lat' dir='ltr'><strong>impiis</strong></span> <span class='ocrx_word' id='word_1_487' title='bbox 2073 2712 2233 2771; x_wconf 79' lang='lat' dir='ltr'><strong>atque</strong></span> <span class='ocrx_word' id='word_1_488' title='bbox 2280 2701 2564 2754; x_wconf 76' lang='lat' dir='ltr'><strong>incredulis</strong></span> <span class='ocrx_word' id='word_1_489' title='bbox 2592 2699 2784 2765; x_wconf 76' lang='lat' dir='ltr'><strong>nierita</strong></span> <span class='ocrx_word' id='word_1_490' title='bbox 2815 2697 3071 2764; x_wconf 84' lang='lat' dir='ltr'><strong>supplicia</strong></span> <span class='ocrx_word' id='word_1_491' title='bbox 3104 2696 3427 2750; x_wconf 89' lang='lat' dir='ltr'><strong>redditurus.</strong></span> 
     </span>
    </p>
   </div>
   <div class='ocr_carea' id='block_1_58' title="bbox 1928 2787 3426 2855">
    <p class='ocr_par' dir='ltr' id='par_1_58' title="bbox 1928 2787 3426 2855">
     <span class='ocr_line' id='line_1_58' title="bbox 1928 2787 3426 2855; baseline -0.007 -5"><span class='ocrx_word' id='word_1_492' title='bbox 1928 2797 1986 2850; x_wconf 85' lang='lat' dir='ltr'><strong>V.</strong></span> <span class='ocrx_word' id='word_1_493' title='bbox 2030 2794 2301 2849; x_wconf 85' lang='lat' dir='ltr'><strong>Gcneratio</strong></span> <span class='ocrx_word' id='word_1_494' title='bbox 2332 2792 2477 2845; x_wconf 83' lang='lat' dir='ltr'><strong>Filii.</strong></span> <span class='ocrx_word' id='word_1_495' title='bbox 2516 2820 2586 2830; x_wconf 92' lang='lat'><strong>-</strong></span> <span class='ocrx_word' id='word_1_496' title='bbox 2627 2790 2947 2845; x_wconf 81' lang='lat' dir='ltr'><strong>Proﬁtemur</strong></span> <span class='ocrx_word' id='word_1_497' title='bbox 2992 2790 3167 2855; x_wconf 84' lang='lat' dir='ltr'><strong>itaque</strong></span> <span class='ocrx_word' id='word_1_498' title='bbox 3214 2787 3426 2840; x_wconf 74' lang='lat' dir='ltr'><strong>Patrem</strong></span> 
     </span>
    </p>
   </div>
   <div class='ocr_carea' id='block_1_59' title="bbox 1856 2880 3430 2959">
    <p class='ocr_par' dir='ltr' id='par_1_59' title="bbox 1856 2880 3430 2959">
     <span class='ocr_line' id='line_1_59' title="bbox 1856 2880 3430 2959; baseline -0.008 -14"><span class='ocrx_word' id='word_1_499' title='bbox 1856 2893 1923 2945; x_wconf 90' lang='lat' dir='ltr'><strong>de</strong></span> <span class='ocrx_word' id='word_1_500' title='bbox 1952 2892 2153 2959; x_wconf 86' lang='lat' dir='ltr'><strong>seipso,</strong></span> <span class='ocrx_word' id='word_1_501' title='bbox 2200 2888 2299 2941; x_wconf 90' lang='lat' dir='ltr'><strong>hoc</strong></span> <span class='ocrx_word' id='word_1_502' title='bbox 2332 2898 2411 2940; x_wconf 78' lang='lat' dir='ltr'><strong>t-st</strong></span> <span class='ocrx_word' id='word_1_503' title='bbox 2439 2887 2505 2939; x_wconf 85' lang='lat' dir='ltr'><strong>de</strong></span> <span class='ocrx_word' id='word_1_504' title='bbox 2534 2900 2598 2939; x_wconf 87' lang='lat' dir='ltr'><strong>eo</strong></span> <span class='ocrx_word' id='word_1_505' title='bbox 2635 2885 2775 2953; x_wconf 87' lang='lat' dir='ltr'><strong>quod</strong></span> <span class='ocrx_word' id='word_1_506' title='bbox 2813 2884 2925 2952; x_wconf 87' lang='lat' dir='ltr'><strong>ipse</strong></span> <span class='ocrx_word' id='word_1_507' title='bbox 2953 2891 3063 2946; x_wconf 90' lang='lat' dir='ltr'><strong>est,</strong></span> <span class='ocrx_word' id='word_1_508' title='bbox 3107 2880 3430 2947; x_wconf 82' lang='lat' dir='ltr'><strong>sempiterne</strong></span> 
     </span>
    </p>
   </div>
   <div class='ocr_carea' id='block_1_60' title="bbox 1852 2970 3432 3051">
    <p class='ocr_par' dir='ltr' id='par_1_60' title="bbox 1852 2970 3432 3051">
     <span class='ocr_line' id='line_1_60' title="bbox 1852 2970 3432 3051; baseline -0.009 -16"><span class='ocrx_word' id='word_1_509' title='bbox 1852 2995 2013 3051; x_wconf 87' lang='lat' dir='ltr'><strong>atque</strong></span> <span class='ocrx_word' id='word_1_510' title='bbox 2055 2978 2394 3034; x_wconf 71' lang='lat' dir='ltr'><strong>ineﬂabiliter</strong></span> <span class='ocrx_word' id='word_1_511' title='bbox 2438 2976 2631 3029; x_wconf 83' lang='lat' dir='ltr'><strong>Filium</strong></span> <span class='ocrx_word' id='word_1_512' title='bbox 2658 2974 2941 3043; x_wconf 80' lang='lat' dir='ltr'><strong>genuisse;</strong></span> <span class='ocrx_word' id='word_1_513' title='bbox 2974 2970 3169 3025; x_wconf 77' lang='lat' dir='ltr'><strong>Filium</strong></span> <span class='ocrx_word' id='word_1_514' title='bbox 3204 2985 3308 3023; x_wconf 89' lang='lat' dir='ltr'><strong>non</strong></span> <span class='ocrx_word' id='word_1_515' title='bbox 3338 2984 3432 3022; x_wconf 75' lang='lat' dir='ltr'><strong>ex-</strong></span> 
     </span>
    </p>
   </div>
   <div class='ocr_carea' id='block_1_61' title="bbox 1857 3061 3432 3142">
    <p class='ocr_par' dir='ltr' id='par_1_61' title="bbox 1857 3061 3432 3142">
     <span class='ocr_line' id='line_1_61' title="bbox 1857 3061 3432 3142; baseline -0.011 -13"><span class='ocrx_word' id='word_1_516' title='bbox 1857 3076 2139 3137; x_wconf 85' lang='lat' dir='ltr'><strong>trinsecus,</strong></span> <span class='ocrx_word' id='word_1_517' title='bbox 2172 3069 2266 3142; x_wconf 90' lang='lat' dir='ltr'><strong>[al.</strong></span> <span class='ocrx_word' id='word_1_518' title='bbox 2302 3066 2405 3139; x_wconf 87' lang='lat' dir='ltr'><strong>vel]</strong></span> <span class='ocrx_word' id='word_1_519' title='bbox 2438 3084 2545 3122; x_wconf 90' lang='lat' dir='ltr'><strong>non</strong></span> <span class='ocrx_word' id='word_1_520' title='bbox 2574 3083 2640 3121; x_wconf 73' lang='lat' dir='ltr'><strong>ex</strong></span> <span class='ocrx_word' id='word_1_521' title='bbox 2676 3066 2862 3129; x_wconf 89' lang='lat' dir='ltr'><strong>nihilo,</strong></span> <span class='ocrx_word' id='word_1_522' title='bbox 2904 3080 3009 3118; x_wconf 86' lang='lat' dir='ltr'><strong>non</strong></span> <span class='ocrx_word' id='word_1_523' title='bbox 3036 3079 3100 3117; x_wconf 83' lang='lat' dir='ltr'><strong>ex</strong></span> <span class='ocrx_word' id='word_1_524' title='bbox 3125 3062 3227 3115; x_wconf 86' lang='lat' dir='ltr'><strong>alia</strong></span> <span class='ocrx_word' id='word_1_525' title='bbox 3256 3061 3432 3129; x_wconf 85' lang='lat' dir='ltr'><strong>suhja-</strong></span> 
     </span>
    </p>
   </div>
   <div class='ocr_carea' id='block_1_62' title="bbox 199 3152 1750 3229">
    <p class='ocr_par' dir='ltr' id='par_1_62' title="bbox 199 3157 1749 3229">
     <span class='ocr_line' id='line_1_62' title="bbox 199 3157 1749 3229; baseline 0.003 -22"><span class='ocrx_word' id='word_1_526' title='bbox 199 3158 280 3208; x_wconf 74' lang='lat' dir='ltr'><strong>nisi</strong></span> <span class='ocrx_word' id='word_1_527' title='bbox 321 3157 469 3211; x_wconf 84' lang='lat' dir='ltr'><strong>Pater</strong></span> <span class='ocrx_word' id='word_1_528' title='bbox 494 3197 511 3222; x_wconf 91' lang='lat'><strong>,</strong></span> <span class='ocrx_word' id='word_1_529' title='bbox 556 3174 714 3225; x_wconf 86' lang='lat' dir='ltr'><strong>neque</strong></span> <span class='ocrx_word' id='word_1_530' title='bbox 764 3157 969 3209; x_wconf 83' lang='lat' dir='ltr'><strong>Patrem</strong></span> <span class='ocrx_word' id='word_1_531' title='bbox 1008 3161 1122 3229; x_wconf 84' lang='lat' dir='ltr'><strong>quis</strong></span> <span class='ocrx_word' id='word_1_532' title='bbox 1161 3161 1294 3211; x_wconf 81' lang='lat' dir='ltr'><strong>norit</strong></span> <span class='ocrx_word' id='word_1_533' title='bbox 1343 3160 1443 3212; x_wconf 83' lang='lat' dir='ltr'><strong>nisi</strong></span> <span class='ocrx_word' id='word_1_534' title='bbox 1485 3157 1677 3224; x_wconf 79' lang='lat' dir='ltr'><strong>Filius,</strong></span> <span class='ocrx_word' id='word_1_535' title='bbox 1705 3170 1749 3211; x_wconf 90' lang='lat' dir='ltr'><strong>et</strong></span> 
     </span>
    </p>
   </div>
   <div class='ocr_carea' id='block_1_63' title="bbox 1861 3152 3433 3229">
    <p class='ocr_par' dir='ltr' id='par_1_63' title="bbox 1861 3152 3433 3227">
     <span class='ocr_line' id='line_1_63' title="bbox 1861 3152 3433 3227; baseline -0.011 -7"><span class='ocrx_word' id='word_1_536' title='bbox 1861 3174 2008 3220; x_wconf 86' lang='lat' dir='ltr'><strong>cente</strong></span> <span class='ocrx_word' id='word_1_537' title='bbox 2036 3162 2279 3227; x_wconf 89' lang='lat' dir='ltr'><strong>materia,</strong></span> <span class='ocrx_word' id='word_1_538' title='bbox 2302 3160 2395 3214; x_wconf 87' lang='lat' dir='ltr'><strong>sed</strong></span> <span class='ocrx_word' id='word_1_539' title='bbox 2426 3176 2489 3212; x_wconf 75' lang='lat' dir='ltr'><strong>ex</strong></span> <span class='ocrx_word' id='word_1_540' title='bbox 2524 3160 2635 3211; x_wconf 82' lang='lat' dir='ltr'><strong>Deo</strong></span> <span class='ocrx_word' id='word_1_541' title='bbox 2654 3167 2833 3210; x_wconf 83' lang='lat' dir='ltr'><strong>natum</strong></span> <span class='ocrx_word' id='word_1_542' title='bbox 2857 3170 2995 3209; x_wconf 90' lang='lat' dir='ltr'><strong>esse.</strong></span> <span class='ocrx_word' id='word_1_543' title='bbox 3024 3155 3091 3208; x_wconf 87' lang='lat' dir='ltr'><strong>Et</strong></span> <span class='ocrx_word' id='word_1_544' title='bbox 3112 3153 3199 3222; x_wconf 77' lang='lat' dir='ltr'><strong>qui</strong></span> <span class='ocrx_word' id='word_1_545' title='bbox 3227 3152 3294 3206; x_wconf 86' lang='lat' dir='ltr'><strong>de</strong></span> <span class='ocrx_word' id='word_1_546' title='bbox 3324 3152 3433 3205; x_wconf 68' lang='lat' dir='ltr'><strong>Deo</strong></span> 
     </span>
    </p>
   </div>
   <div class='ocr_carea' id='block_1_64' title="bbox 203 3247 1751 3319">
    <p class='ocr_par' dir='ltr' id='par_1_64' title="bbox 203 3247 1751 3319">
     <span class='ocr_line' id='line_1_64' title="bbox 203 3247 1751 3319; baseline 0.004 -22"><span class='ocrx_word' id='word_1_547' title='bbox 203 3247 270 3298; x_wconf 70' lang='lat' dir='ltr'><strong>cui</strong></span> <span class='ocrx_word' id='word_1_548' title='bbox 294 3250 491 3301; x_wconf 77' lang='lat' dir='ltr'><strong>coluerit</strong></span> <span class='ocrx_word' id='word_1_549' title='bbox 533 3248 706 3300; x_wconf 82' lang='lat' dir='ltr'><strong>Filius</strong></span> <span class='ocrx_word' id='word_1_550' title='bbox 748 3251 972 3302; x_wconf 79' lang='lat' dir='ltr'><strong>revelare</strong></span> <span class='ocrx_word' id='word_1_551' title='bbox 1024 3250 1236 3319; x_wconf 72' lang='lat' dir='ltr'><strong>(.llattlt.</strong></span> <span class='ocrx_word' id='word_1_552' title='bbox 1263 3266 1337 3313; x_wconf 69' lang='grc' dir='ltr'><strong>Χῖ,</strong></span> <span class='ocrx_word' id='word_1_553' title='bbox 1360 3249 1475 3317; x_wconf 77' lang='lat'><strong>‘27).</strong></span> <span class='ocrx_word' id='word_1_554' title='bbox 1524 3251 1587 3303; x_wconf 85' lang='lat' dir='ltr'><strong>Et</strong></span> <span class='ocrx_word' id='word_1_555' title='bbox 1615 3251 1751 3303; x_wconf 83' lang='lat' dir='ltr'><strong>siettt</strong></span> 
     </span>
    </p>
   </div>
   <div class='ocr_carea' id='block_1_65' title="bbox 205 3338 1753 3405">
    <p class='ocr_par' dir='ltr' id='par_1_65' title="bbox 205 3338 1753 3405">
     <span class='ocr_line' id='line_1_65' title="bbox 205 3338 1753 3405; baseline 0.002 -13"><span class='ocrx_word' id='word_1_556' title='bbox 205 3338 345 3393; x_wconf 79' lang='lat' dir='ltr'><strong>Filius</strong></span> <span class='ocrx_word' id='word_1_557' title='bbox 385 3342 469 3394; x_wconf 86' lang='lat' dir='ltr'><strong>cui</strong></span> <span class='ocrx_word' id='word_1_558' title='bbox 512 3343 621 3393; x_wconf 82' lang='lat' dir='ltr'><strong>vult</strong></span> <span class='ocrx_word' id='word_1_559' title='bbox 650 3342 855 3395; x_wconf 80' lang='lat' dir='ltr'><strong>revelat</strong></span> <span class='ocrx_word' id='word_1_560' title='bbox 905 3342 1136 3405; x_wconf 81' lang='lat' dir='ltr'><strong>Patrem,</strong></span> <span class='ocrx_word' id='word_1_561' title='bbox 1171 3344 1239 3395; x_wconf 86' lang='lat' dir='ltr'><strong>ita</strong></span> <span class='ocrx_word' id='word_1_562' title='bbox 1283 3354 1337 3397; x_wconf 89' lang='lat' dir='ltr'><strong>et</strong></span> <span class='ocrx_word' id='word_1_563' title='bbox 1368 3342 1523 3396; x_wconf 87' lang='lat' dir='ltr'><strong>Pater</strong></span> <span class='ocrx_word' id='word_1_564' title='bbox 1552 3343 1753 3397; x_wconf 83' lang='lat' dir='ltr'><strong>revelat</strong></span> 
     </span>
    </p>
   </div>
   <div class='ocr_carea' id='block_1_66' title="bbox 204 3431 1753 3501">
    <p class='ocr_par' dir='ltr' id='par_1_66' title="bbox 204 3431 1753 3501">
     <span class='ocr_line' id='line_1_66' title="bbox 204 3431 1753 3501; baseline 0.003 -18"><span class='ocrx_word' id='word_1_565' title='bbox 204 3431 390 3496; x_wconf 78' lang='lat' dir='ltr'><strong>Filimn,</strong></span> <span class='ocrx_word' id='word_1_566' title='bbox 413 3436 551 3487; x_wconf 81' lang='lat' dir='ltr'><strong>sicut</strong></span> <span class='ocrx_word' id='word_1_567' title='bbox 573 3434 689 3501; x_wconf 89' lang='lat' dir='ltr'><strong>ipse</strong></span> <span class='ocrx_word' id='word_1_568' title='bbox 728 3432 885 3487; x_wconf 89' lang='lat' dir='ltr'><strong>Petro</strong></span> <span class='ocrx_word' id='word_1_569' title='bbox 913 3433 989 3487; x_wconf 85' lang='lat' dir='ltr'><strong>ait</strong></span> <span class='ocrx_word' id='word_1_570' title='bbox 1016 3436 1291 3488; x_wconf 83' lang='lat' dir='ltr'><strong>conﬁtenti</strong></span> <span class='ocrx_word' id='word_1_571' title='bbox 1335 3450 1456 3490; x_wconf 90' lang='lat' dir='ltr'><strong>eum</strong></span> <span class='ocrx_word' id='word_1_572' title='bbox 1486 3436 1753 3489; x_wconf 81' lang='lat' dir='ltr'><strong>Christum</strong></span> 
     </span>
    </p>
   </div>
   <div class='ocr_carea' id='block_1_67' title="bbox 204 3520 1753 3598">
    <p class='ocr_par' dir='ltr' id='par_1_67' title="bbox 204 3520 1753 3598">
     <span class='ocr_line' id='line_1_67' title="bbox 204 3520 1753 3598; baseline 0.001 -23"><span class='ocrx_word' id='word_1_573' title='bbox 204 3520 375 3577; x_wconf 77' lang='lat' dir='ltr'><strong>Filium</strong></span> <span class='ocrx_word' id='word_1_574' title='bbox 398 3524 493 3578; x_wconf 90' lang='lat' dir='ltr'><strong>Dei</strong></span> <span class='ocrx_word' id='word_1_575' title='bbox 526 3526 630 3579; x_wconf 86' lang='lat' dir='ltr'><strong>vivi</strong></span> <span class='ocrx_word' id='word_1_576' title='bbox 652 3540 775 3581; x_wconf 88' lang='lat' dir='ltr'><strong>esse</strong></span> <span class='ocrx_word' id='word_1_577' title='bbox 802 3540 817 3578; x_wconf 90' lang='lat'><strong><em>:</em></strong></span> <span class='ocrx_word' id='word_1_578' title='bbox 847 3524 1033 3578; x_wconf 77' lang='lat' dir='ltr'><strong>Beatus</strong></span> <span class='ocrx_word' id='word_1_579' title='bbox 1055 3542 1126 3590; x_wconf 87' lang='lat' dir='ltr'><strong>es,</strong></span> <span class='ocrx_word' id='word_1_580' title='bbox 1155 3526 1337 3580; x_wconf 84' lang='lat' dir='ltr'><strong>Simon</strong></span> <span class='ocrx_word' id='word_1_581' title='bbox 1360 3525 1608 3598; x_wconf 84' lang='lat' dir='ltr'><strong>Barjonn,</strong></span> <span class='ocrx_word' id='word_1_582' title='bbox 1631 3525 1753 3595; x_wconf 88' lang='lat' dir='ltr'><strong>quia</strong></span> 
     </span>
    </p>
   </div>
   <div class='ocr_carea' id='block_1_68' title="bbox 204 3615 1755 3685">
    <p class='ocr_par' dir='ltr' id='par_1_68' title="bbox 204 3615 1755 3685">
     <span class='ocr_line' id='line_1_68' title="bbox 204 3615 1755 3685; baseline 0.001 -20"><span class='ocrx_word' id='word_1_583' title='bbox 204 3629 307 3666; x_wconf 70' lang='lat' dir='ltr'><strong>caro</strong></span> <span class='ocrx_word' id='word_1_584' title='bbox 324 3626 364 3667; x_wconf 82' lang='lat' dir='ltr'><strong>et</strong></span> <span class='ocrx_word' id='word_1_585' title='bbox 382 3617 591 3685; x_wconf 84' lang='lat' dir='ltr'><strong>sanguis</strong></span> <span class='ocrx_word' id='word_1_586' title='bbox 618 3632 715 3668; x_wconf 88' lang='lat' dir='ltr'><strong>non</strong></span> <span class='ocrx_word' id='word_1_587' title='bbox 736 3618 969 3669; x_wconf 87' lang='lat' dir='ltr'><strong>revelavit</strong></span> <span class='ocrx_word' id='word_1_588' title='bbox 999 3616 1107 3682; x_wconf 88' lang='lat' dir='ltr'><strong>tibi,</strong></span> <span class='ocrx_word' id='word_1_589' title='bbox 1137 3617 1225 3669; x_wconf 86' lang='lat' dir='ltr'><strong>sed</strong></span> <span class='ocrx_word' id='word_1_590' title='bbox 1239 3615 1396 3670; x_wconf 89' lang='lat' dir='ltr'><strong>Pater</strong></span> <span class='ocrx_word' id='word_1_591' title='bbox 1416 3632 1557 3669; x_wconf 86' lang='lat' dir='ltr'><strong>meus</strong></span> <span class='ocrx_word' id='word_1_592' title='bbox 1587 3616 1673 3683; x_wconf 86' lang='lat' dir='ltr'><strong>qui</strong></span> <span class='ocrx_word' id='word_1_593' title='bbox 1702 3618 1755 3668; x_wconf 88' lang='lat' dir='ltr'><strong>in</strong></span> 
     </span>
    </p>
   </div>
   <div class='ocr_carea' id='block_1_69' title="bbox 202 3706 1750 3777">
    <p class='ocr_par' dir='ltr' id='par_1_69' title="bbox 202 3706 1750 3777">
     <span class='ocr_line' id='line_1_69' title="bbox 202 3706 1750 3777; baseline 0.003 -22"><span class='ocrx_word' id='word_1_594' title='bbox 202 3706 322 3759; x_wconf 67' lang='lat' dir='ltr'><strong>ralis</strong></span> <span class='ocrx_word' id='word_1_595' title='bbox 351 3716 422 3761; x_wconf 83' lang='lat' dir='ltr'><strong>est</strong></span> <span class='ocrx_word' id='word_1_596' title='bbox 466 3706 683 3777; x_wconf 73' lang='lat' dir='ltr'><strong>(Matth.</strong></span> <span class='ocrx_word' id='word_1_597' title='bbox 732 3723 848 3773; x_wconf 84' lang='lat' dir='ltr'><strong>xvt,</strong></span> <span class='ocrx_word' id='word_1_598' title='bbox 901 3708 1010 3775; x_wconf 78' lang='grc'><strong>17).</strong></span> <span class='ocrx_word' id='word_1_599' title='bbox 1051 3708 1117 3761; x_wconf 89' lang='lat' dir='ltr'><strong>Et</strong></span> <span class='ocrx_word' id='word_1_600' title='bbox 1158 3709 1349 3761; x_wconf 89' lang='lat' dir='ltr'><strong>iterum</strong></span> <span class='ocrx_word' id='word_1_601' title='bbox 1381 3709 1544 3761; x_wconf 85' lang='lat' dir='ltr'><strong>Filius</strong></span> <span class='ocrx_word' id='word_1_602' title='bbox 1576 3706 1704 3760; x_wconf 91' lang='lat' dir='ltr'><strong>dicit</strong></span> <span class='ocrx_word' id='word_1_603' title='bbox 1737 3723 1750 3759; x_wconf 92' lang='lat'>:</span> 
     </span>
    </p>
   </div>
   <div class='ocr_carea' id='block_1_70' title="bbox 208 3795 1755 3867">
    <p class='ocr_par' dir='ltr' id='par_1_70' title="bbox 208 3795 1755 3867">
     <span class='ocr_line' id='line_1_70' title="bbox 208 3795 1755 3867; baseline 0.001 -20"><span class='ocrx_word' id='word_1_604' title='bbox 208 3795 353 3849; x_wconf 65' lang='lat' dir='ltr'><strong>Nemo</strong></span> <span class='ocrx_word' id='word_1_605' title='bbox 378 3800 511 3851; x_wconf 83' lang='lat' dir='ltr'><strong>venit</strong></span> <span class='ocrx_word' id='word_1_606' title='bbox 533 3800 601 3849; x_wconf 87' lang='lat' dir='ltr'><strong>ad</strong></span> <span class='ocrx_word' id='word_1_607' title='bbox 625 3796 832 3850; x_wconf 72' lang='lat' dir='ltr'><strong>Patrem</strong></span> <span class='ocrx_word' id='word_1_608' title='bbox 853 3798 949 3850; x_wconf 84' lang='lat' dir='ltr'><strong>nisi</strong></span> <span class='ocrx_word' id='word_1_609' title='bbox 977 3814 1065 3865; x_wconf 85' lang='lat' dir='ltr'><strong>per</strong></span> <span class='ocrx_word' id='word_1_610' title='bbox 1093 3814 1172 3850; x_wconf 86' lang='lat' dir='ltr'><strong>me</strong></span> <span class='ocrx_word' id='word_1_611' title='bbox 1198 3796 1377 3867; x_wconf 83' lang='lat' dir='ltr'><strong>(Joan.</strong></span> <span class='ocrx_word' id='word_1_612' title='bbox 1408 3813 1496 3851; x_wconf 73' lang='lat' dir='ltr'><strong>XIV</strong></span> <span class='ocrx_word' id='word_1_613' title='bbox 1516 3838 1529 3861; x_wconf 93' lang='lat'><strong>,</strong></span> <span class='ocrx_word' id='word_1_614' title='bbox 1558 3797 1633 3865; x_wconf 84' lang='grc' dir='ltr'><strong>ϐ).</strong></span> <span class='ocrx_word' id='word_1_615' title='bbox 1672 3796 1755 3860; x_wconf 77' lang='lat' dir='ltr'><strong>Et,</strong></span> 
     </span>
    </p>
   </div>
   <div class='ocr_carea' id='block_1_71' title="bbox 211 3887 1759 3982">
    <p class='ocr_par' dir='ltr' id='par_1_71' title="bbox 211 3887 1759 3982">
     <span class='ocr_line' id='line_1_71' title="bbox 211 3887 1759 3982; baseline 0.001 -44"><span class='ocrx_word' id='word_1_616' title='bbox 211 3887 352 3940; x_wconf 59' lang='lat' dir='ltr'><strong>Neirio</strong></span> <span class='ocrx_word' id='word_1_617' title='bbox 383 3890 518 3941; x_wconf 80' lang='lat' dir='ltr'><strong>venit</strong></span> <span class='ocrx_word' id='word_1_618' title='bbox 548 3888 617 3940; x_wconf 86' lang='lat' dir='ltr'><strong>ad</strong></span> <span class='ocrx_word' id='word_1_619' title='bbox 644 3906 741 3955; x_wconf 78' lang='lat' dir='ltr'><strong>me,</strong></span> <span class='ocrx_word' id='word_1_620' title='bbox 772 3889 871 3942; x_wconf 78' lang='lat' dir='ltr'><strong>nisi</strong></span> <span class='ocrx_word' id='word_1_621' title='bbox 895 3887 1050 3982; x_wconf 58' lang='lat' dir='ltr'><strong>Pater</strong></span> <span class='ocrx_word' id='word_1_622' title='bbox 1079 3906 1237 3952; x_wconf 85' lang='lat' dir='ltr'><strong>meus,</strong></span> <span class='ocrx_word' id='word_1_623' title='bbox 1269 3891 1352 3958; x_wconf 87' lang='lat' dir='ltr'><strong>qui</strong></span> <span class='ocrx_word' id='word_1_624' title='bbox 1394 3890 1529 3942; x_wconf 83' lang='lat' dir='ltr'><strong>misit</strong></span> <span class='ocrx_word' id='word_1_625' title='bbox 1550 3906 1646 3953; x_wconf 88' lang='lat' dir='ltr'><strong>me,</strong></span> <span class='ocrx_word' id='word_1_626' title='bbox 1680 3898 1759 3939; x_wconf 87' lang='lat' dir='ltr'><strong>at-</strong></span> 
     </span>
    </p>
   </div>
   <div class='ocr_carea' id='block_1_72' title="bbox 206 3977 1758 4048">
    <p class='ocr_par' dir='ltr' id='par_1_72' title="bbox 206 3977 1758 4048">
     <span class='ocr_line' id='line_1_72' title="bbox 206 3977 1758 4048; baseline 0.005 -22"><span class='ocrx_word' id='word_1_627' title='bbox 206 3980 394 4030; x_wconf 72' lang='lat' dir='ltr'><strong>traxerit</strong></span> <span class='ocrx_word' id='word_1_628' title='bbox 432 3994 549 4031; x_wconf 75' lang='lat' dir='ltr'><strong>rum</strong></span> <span class='ocrx_word' id='word_1_629' title='bbox 573 3977 751 4048; x_wconf 77' lang='lat' dir='ltr'><strong>(Joan.</strong></span> <span class='ocrx_word' id='word_1_630' title='bbox 778 3995 864 4043; x_wconf 87' lang='lat' dir='ltr'><strong>vt,</strong></span> <span class='ocrx_word' id='word_1_631' title='bbox 903 3977 1021 4047; x_wconf 56' lang='lat' dir='ltr'><strong>4H):</strong></span> <span class='ocrx_word' id='word_1_632' title='bbox 1046 3978 1075 4016; x_wconf 68' lang='grc'><strong>1³</strong></span> <span class='ocrx_word' id='word_1_633' title='bbox 1106 3980 1259 4035; x_wconf 87' lang='lat' dir='ltr'><strong>Unde</strong></span> <span class='ocrx_word' id='word_1_634' title='bbox 1294 3981 1459 4033; x_wconf 87' lang='lat' dir='ltr'><strong>claret</strong></span> <span class='ocrx_word' id='word_1_635' title='bbox 1491 3982 1758 4048; x_wconf 77' lang='lat' dir='ltr'><strong>a-qualitas</strong></span> 
     </span>
    </p>
   </div>
   <div class='ocr_carea' id='block_1_73' title="bbox 207 4065 1762 4132">
    <p class='ocr_par' dir='ltr' id='par_1_73' title="bbox 207 4065 1762 4132">
     <span class='ocr_line' id='line_1_73' title="bbox 207 4065 1762 4132; baseline 0 -12"><span class='ocrx_word' id='word_1_636' title='bbox 207 4065 362 4123; x_wconf 82' lang='lat' dir='ltr'><strong>Patris</strong></span> <span class='ocrx_word' id='word_1_637' title='bbox 396 4081 450 4123; x_wconf 91' lang='lat' dir='ltr'><strong>et</strong></span> <span class='ocrx_word' id='word_1_638' title='bbox 491 4068 640 4132; x_wconf 84' lang='lat' dir='ltr'><strong>Filii,</strong></span> <span class='ocrx_word' id='word_1_639' title='bbox 680 4084 800 4122; x_wconf 90' lang='lat' dir='ltr'><strong>cum</strong></span> <span class='ocrx_word' id='word_1_640' title='bbox 841 4069 905 4123; x_wconf 82' lang='lat' dir='ltr'><strong>ad</strong></span> <span class='ocrx_word' id='word_1_641' title='bbox 943 4084 1001 4123; x_wconf 90' lang='lat' dir='ltr'><strong>se</strong></span> <span class='ocrx_word' id='word_1_642' title='bbox 1030 4070 1257 4124; x_wconf 88' lang='lat' dir='ltr'><strong>invicem</strong></span> <span class='ocrx_word' id='word_1_643' title='bbox 1288 4070 1566 4124; x_wconf 85' lang='lat' dir='ltr'><strong>credentes</strong></span> <span class='ocrx_word' id='word_1_644' title='bbox 1596 4071 1762 4123; x_wconf 84' lang='lat' dir='ltr'><strong>addu-</strong></span> 
     </span>
    </p>
   </div>
   <div class='ocr_carea' id='block_1_74' title="bbox 204 4159 1761 4229">
    <p class='ocr_par' dir='ltr' id='par_1_74' title="bbox 204 4159 1761 4229">
     <span class='ocr_line' id='line_1_74' title="bbox 204 4159 1761 4229; baseline 0.001 -20"><span class='ocrx_word' id='word_1_645' title='bbox 204 4166 335 4212; x_wconf 85' lang='lat' dir='ltr'><strong>cunt.</strong></span> <span class='ocrx_word' id='word_1_646' title='bbox 383 4159 512 4213; x_wconf 74' lang='lat' dir='ltr'><strong>Item</strong></span> <span class='ocrx_word' id='word_1_647' title='bbox 561 4159 693 4213; x_wconf 86' lang='lat' dir='ltr'><strong>dicit</strong></span> <span class='ocrx_word' id='word_1_648' title='bbox 733 4176 746 4211; x_wconf 92' lang='lat'>:</span> <span class='ocrx_word' id='word_1_649' title='bbox 790 4159 851 4214; x_wconf 90' lang='lat' dir='ltr'><strong>Si</strong></span> <span class='ocrx_word' id='word_1_650' title='bbox 896 4161 1251 4229; x_wconf 83' lang='lat' dir='ltr'><strong>cognovissetis</strong></span> <span class='ocrx_word' id='word_1_651' title='bbox 1301 4177 1415 4224; x_wconf 84' lang='lat' dir='ltr'><strong>me,</strong></span> <span class='ocrx_word' id='word_1_652' title='bbox 1457 4171 1504 4213; x_wconf 91' lang='lat' dir='ltr'><strong>et</strong></span> <span class='ocrx_word' id='word_1_653' title='bbox 1554 4159 1761 4211; x_wconf 83' lang='lat' dir='ltr'><strong>Patrem</strong></span> 
     </span>
    </p>
   </div>
   <div class='ocr_carea' id='block_1_75' title="bbox 204 4252 1760 4322">
    <p class='ocr_par' dir='ltr' id='par_1_75' title="bbox 204 4252 1760 4322">
     <span class='ocr_line' id='line_1_75' title="bbox 204 4252 1760 4322; baseline 0.001 -20"><span class='ocrx_word' id='word_1_654' title='bbox 204 4265 354 4304; x_wconf 71' lang='lat' dir='ltr'><strong>meum</strong></span> <span class='ocrx_word' id='word_1_655' title='bbox 390 4252 565 4319; x_wconf 76' lang='lat' dir='ltr'><strong>utique</strong></span> <span class='ocrx_word' id='word_1_656' title='bbox 603 4252 983 4322; x_wconf 82' lang='lat' dir='ltr'><strong>cognovissetis,</strong></span> <span class='ocrx_word' id='word_1_657' title='bbox 1025 4261 1073 4306; x_wconf 87' lang='lat' dir='ltr'><strong>et</strong></span> <span class='ocrx_word' id='word_1_658' title='bbox 1124 4253 1311 4305; x_wconf 89' lang='lat' dir='ltr'><strong>amodo</strong></span> <span class='ocrx_word' id='word_1_659' title='bbox 1355 4252 1512 4305; x_wconf 83' lang='lat' dir='ltr'><strong>nostis</strong></span> <span class='ocrx_word' id='word_1_660' title='bbox 1548 4268 1683 4317; x_wconf 87' lang='lat' dir='ltr'><strong>eum,</strong></span> <span class='ocrx_word' id='word_1_661' title='bbox 1715 4260 1760 4303; x_wconf 85' lang='lat' dir='ltr'><strong>et</strong></span> 
     </span>
    </p>
   </div>
   <div class='ocr_carea' id='block_1_76' title="bbox 204 4339 977 4410">
    <p class='ocr_par' dir='ltr' id='par_1_76' title="bbox 204 4339 977 4410">
     <span class='ocr_line' id='line_1_76' title="bbox 204 4339 977 4410; baseline 0.006 -20"><span class='ocrx_word' id='word_1_662' title='bbox 204 4341 382 4393; x_wconf 81' lang='lat' dir='ltr'><strong>ridistis</strong></span> <span class='ocrx_word' id='word_1_663' title='bbox 410 4358 524 4394; x_wconf 80' lang='lat' dir='ltr'><strong>eum</strong></span> <span class='ocrx_word' id='word_1_664' title='bbox 552 4339 729 4410; x_wconf 85' lang='lat' dir='ltr'><strong>(Joan.</strong></span> <span class='ocrx_word' id='word_1_665' title='bbox 763 4356 870 4407; x_wconf 83' lang='lat' dir='ltr'><strong>xw,</strong></span> <span class='ocrx_word' id='word_1_666' title='bbox 903 4342 977 4405; x_wconf 87' lang='grc'><strong>7).</strong></span> 
     </span>
    </p>
   </div>
   <div class='ocr_carea' id='block_1_77' title="bbox 268 4431 1763 4502">
    <p class='ocr_par' dir='ltr' id='par_1_77' title="bbox 268 4431 1763 4502">
     <span class='ocr_line' id='line_1_77' title="bbox 268 4431 1763 4502; baseline 0.001 -17"><span class='ocrx_word' id='word_1_667' title='bbox 268 4431 350 4486; x_wconf 76' lang='grc' dir='ltr'><strong>ιγ.</strong></span> <span class='ocrx_word' id='word_1_668' title='bbox 389 4433 519 4487; x_wconf 70' lang='lat' dir='ltr'><strong>Duc</strong></span> <span class='ocrx_word' id='word_1_669' title='bbox 557 4435 613 4485; x_wconf 88' lang='lat' dir='ltr'><strong>in</strong></span> <span class='ocrx_word' id='word_1_670' title='bbox 640 4432 844 4486; x_wconf 84' lang='lat' dir='ltr'><strong>Christo</strong></span> <span class='ocrx_word' id='word_1_671' title='bbox 889 4443 1112 4487; x_wconf 71' lang='lat' dir='ltr'><strong>naturae.</strong></span> <span class='ocrx_word' id='word_1_672' title='bbox 1144 4464 1213 4474; x_wconf 97' lang='lat'><strong>—</strong></span> <span class='ocrx_word' id='word_1_673' title='bbox 1254 4434 1448 4487; x_wconf 86' lang='lat' dir='ltr'><strong>Verum</strong></span> <span class='ocrx_word' id='word_1_674' title='bbox 1481 4434 1603 4502; x_wconf 84' lang='lat' dir='ltr'><strong>quia</strong></span> <span class='ocrx_word' id='word_1_675' title='bbox 1632 4432 1763 4486; x_wconf 78' lang='lat' dir='ltr'><strong>duas</strong></span> 
     </span>
    </p>
   </div>
   <div class='ocr_carea' id='block_1_78' title="bbox 1858 3244 3434 3317">
    <p class='ocr_par' dir='ltr' id='par_1_78' title="bbox 1858 3244 3434 3317">
     <span class='ocr_line' id='line_1_78' title="bbox 1858 3244 3434 3317; baseline -0.008 -10"><span class='ocrx_word' id='word_1_676' title='bbox 1858 3264 2013 3307; x_wconf 88' lang='lat' dir='ltr'><strong>natus</strong></span> <span class='ocrx_word' id='word_1_677' title='bbox 2040 3260 2141 3317; x_wconf 88' lang='lat' dir='ltr'><strong>est,</strong></span> <span class='ocrx_word' id='word_1_678' title='bbox 2185 3267 2291 3305; x_wconf 87' lang='lat' dir='ltr'><strong>non</strong></span> <span class='ocrx_word' id='word_1_679' title='bbox 2330 3250 2470 3303; x_wconf 88' lang='lat' dir='ltr'><strong>aliud</strong></span> <span class='ocrx_word' id='word_1_680' title='bbox 2504 3256 2585 3301; x_wconf 88' lang='lat' dir='ltr'><strong>est</strong></span> <span class='ocrx_word' id='word_1_681' title='bbox 2608 3262 2764 3315; x_wconf 80' lang='lat' dir='ltr'><strong>quam</strong></span> <span class='ocrx_word' id='word_1_682' title='bbox 2796 3245 2847 3299; x_wconf 87' lang='lat' dir='ltr'><strong>id</strong></span> <span class='ocrx_word' id='word_1_683' title='bbox 2880 3245 3020 3312; x_wconf 89' lang='lat' dir='ltr'><strong>quod</strong></span> <span class='ocrx_word' id='word_1_684' title='bbox 3058 3244 3213 3298; x_wconf 87' lang='lat' dir='ltr'><strong>Pater</strong></span> <span class='ocrx_word' id='word_1_685' title='bbox 3241 3252 3343 3308; x_wconf 87' lang='lat' dir='ltr'><strong>est,</strong></span> <span class='ocrx_word' id='word_1_686' title='bbox 3379 3252 3434 3294; x_wconf 85' lang='lat' dir='ltr'><strong>et</strong></span> 
     </span>
    </p>
   </div>
   <div class='ocr_carea' id='block_1_79' title="bbox 1857 3333 3433 3405">
    <p class='ocr_par' dir='ltr' id='par_1_79' title="bbox 1857 3333 3433 3405">
     <span class='ocr_line' id='line_1_79' title="bbox 1857 3333 3433 3405; baseline -0.01 -6"><span class='ocrx_word' id='word_1_687' title='bbox 1857 3348 2058 3399; x_wconf 89' lang='lat' dir='ltr'><strong>idcirco</strong></span> <span class='ocrx_word' id='word_1_688' title='bbox 2086 3344 2242 3396; x_wconf 90' lang='lat' dir='ltr'><strong>unius</strong></span> <span class='ocrx_word' id='word_1_689' title='bbox 2270 3340 2584 3396; x_wconf 64' lang='lat' dir='ltr'><strong>substantiae</strong></span> <span class='ocrx_word' id='word_1_690' title='bbox 2611 3346 2694 3393; x_wconf 90' lang='lat' dir='ltr'><strong>est</strong></span> <span class='ocrx_word' id='word_1_691' title='bbox 2719 3355 2732 3390; x_wconf 74' lang='grc' dir='ltr'>ε</span> <span class='ocrx_word' id='word_1_692' title='bbox 2768 3337 2891 3405; x_wconf 85' lang='lat' dir='ltr'><strong>quia</strong></span> <span class='ocrx_word' id='word_1_693' title='bbox 2923 3338 3123 3388; x_wconf 84' lang='lat' dir='ltr'><strong>veritas</strong></span> <span class='ocrx_word' id='word_1_694' title='bbox 3150 3333 3433 3386; x_wconf 76' lang='lat' dir='ltr'><strong>nativitatis</strong></span> 
     </span>
    </p>
   </div>
   <div class='ocr_carea' id='block_1_80' title="bbox 1856 3424 3434 3498">
    <p class='ocr_par' dir='ltr' id='par_1_80' title="bbox 1856 3424 3434 3498">
     <span class='ocr_line' id='line_1_80' title="bbox 1856 3424 3434 3498; baseline -0.01 -6"><span class='ocrx_word' id='word_1_695' title='bbox 1856 3438 2225 3493; x_wconf 84' lang='lat' dir='ltr'><strong>diversitatem</strong></span> <span class='ocrx_word' id='word_1_696' title='bbox 2277 3450 2380 3488; x_wconf 82' lang='lat' dir='ltr'><strong>non</strong></span> <span class='ocrx_word' id='word_1_697' title='bbox 2432 3432 2667 3486; x_wconf 87' lang='lat' dir='ltr'><strong>admittit</strong></span> <span class='ocrx_word' id='word_1_698' title='bbox 2693 3431 2926 3498; x_wconf 81' lang='lat' dir='ltr'><strong>generis.</strong></span> <span class='ocrx_word' id='word_1_699' title='bbox 2958 3428 3090 3481; x_wconf 86' lang='lat' dir='ltr'><strong>Nam</strong></span> <span class='ocrx_word' id='word_1_700' title='bbox 3131 3426 3174 3479; x_wconf 85' lang='lat' dir='ltr'><strong>si</strong></span> <span class='ocrx_word' id='word_1_701' title='bbox 3216 3424 3434 3478; x_wconf 66' lang='lat' dir='ltr'><strong>alti-rius</strong></span> 
     </span>
    </p>
   </div>
   <div class='ocr_carea' id='block_1_81' title="bbox 1856 3518 3433 3589">
    <p class='ocr_par' dir='ltr' id='par_1_81' title="bbox 1856 3518 3433 3589">
     <span class='ocr_line' id='line_1_81' title="bbox 1856 3518 3433 3589; baseline -0.013 -5"><span class='ocrx_word' id='word_1_702' title='bbox 1856 3546 1885 3584; x_wconf 88' lang='lat' dir='ltr'><strong>a</strong></span> <span class='ocrx_word' id='word_1_703' title='bbox 1916 3530 2070 3583; x_wconf 82' lang='lat' dir='ltr'><strong>Patre</strong></span> <span class='ocrx_word' id='word_1_704' title='bbox 2095 3526 2406 3580; x_wconf 69' lang='lat' dir='ltr'><strong>substantiae</strong></span> <span class='ocrx_word' id='word_1_705' title='bbox 2429 3536 2531 3589; x_wconf 89' lang='lat' dir='ltr'><strong>est,</strong></span> <span class='ocrx_word' id='word_1_706' title='bbox 2560 3532 2649 3575; x_wconf 87' lang='lat' dir='ltr'><strong>aut</strong></span> <span class='ocrx_word' id='word_1_707' title='bbox 2675 3535 2835 3574; x_wconf 88' lang='lat' dir='ltr'><strong>verus</strong></span> <span class='ocrx_word' id='word_1_708' title='bbox 2859 3518 3027 3571; x_wconf 85' lang='lat' dir='ltr'><strong>Filius</strong></span> <span class='ocrx_word' id='word_1_709' title='bbox 3053 3532 3162 3568; x_wconf 82' lang='lat' dir='ltr'><strong>non</strong></span> <span class='ocrx_word' id='word_1_710' title='bbox 3191 3526 3292 3578; x_wconf 77' lang='lat' dir='ltr'><strong>est,</strong></span> <span class='ocrx_word' id='word_1_711' title='bbox 3322 3524 3433 3576; x_wconf 89' lang='lat' dir='ltr'><strong>aut,</strong></span> 
     </span>
    </p>
   </div>
   <div class='ocr_carea' id='block_1_82' title="bbox 1858 3604 3431 3689">
    <p class='ocr_par' dir='ltr' id='par_1_82' title="bbox 1858 3604 3431 3689">
     <span class='ocr_line' id='line_1_82' title="bbox 1858 3604 3431 3689; baseline -0.011 -16"><span class='ocrx_word' id='word_1_712' title='bbox 1858 3621 1997 3689; x_wconf 89' lang='lat' dir='ltr'><strong>quod</strong></span> <span class='ocrx_word' id='word_1_713' title='bbox 2044 3620 2191 3671; x_wconf 77' lang='lat' dir='ltr'><strong>nefas</strong></span> <span class='ocrx_word' id='word_1_714' title='bbox 2220 3625 2301 3669; x_wconf 88' lang='lat' dir='ltr'><strong>est</strong></span> <span class='ocrx_word' id='word_1_715' title='bbox 2328 3616 2509 3669; x_wconf 86' lang='lat' dir='ltr'><strong>dicere</strong></span> <span class='ocrx_word' id='word_1_716' title='bbox 2529 3654 2544 3677; x_wconf 88' lang='lat'><strong>,</strong></span> <span class='ocrx_word' id='word_1_717' title='bbox 2587 3612 2819 3680; x_wconf 83' lang='lat' dir='ltr'><strong>degener</strong></span> <span class='ocrx_word' id='word_1_718' title='bbox 2850 3619 3006 3661; x_wconf 89' lang='lat' dir='ltr'><strong>natus</strong></span> <span class='ocrx_word' id='word_1_719' title='bbox 3037 3616 3139 3660; x_wconf 72' lang='lat' dir='ltr'><strong>est.</strong></span> <span class='ocrx_word' id='word_1_720' title='bbox 3167 3607 3261 3659; x_wconf 85' lang='lat' dir='ltr'><strong>Est</strong></span> <span class='ocrx_word' id='word_1_721' title='bbox 3289 3604 3431 3658; x_wconf 88' lang='lat' dir='ltr'><strong>enim</strong></span> 
     </span>
    </p>
   </div>
   <div class='ocr_carea' id='block_1_83' title="bbox 1860 3693 3430 3769">
    <p class='ocr_par' dir='ltr' id='par_1_83' title="bbox 1860 3693 3430 3769">
     <span class='ocr_line' id='line_1_83' title="bbox 1860 3693 3430 3769; baseline -0.012 -6"><span class='ocrx_word' id='word_1_722' title='bbox 1860 3724 2018 3765; x_wconf 88' lang='lat' dir='ltr'><strong>verus</strong></span> <span class='ocrx_word' id='word_1_723' title='bbox 2042 3710 2237 3769; x_wconf 86' lang='lat' dir='ltr'><strong>Filius,</strong></span> <span class='ocrx_word' id='word_1_724' title='bbox 2268 3708 2407 3759; x_wconf 82' lang='lat' dir='ltr'><strong>sicut</strong></span> <span class='ocrx_word' id='word_1_725' title='bbox 2430 3706 2503 3758; x_wconf 86' lang='lat' dir='ltr'><strong>ait</strong></span> <span class='ocrx_word' id='word_1_726' title='bbox 2527 3704 2758 3758; x_wconf 80' lang='lat' dir='ltr'><strong>Joannes</strong></span> <span class='ocrx_word' id='word_1_727' title='bbox 2788 3718 2802 3755; x_wconf 90' lang='lat'><strong>:</strong></span> <span class='ocrx_word' id='word_1_728' title='bbox 2837 3699 2903 3753; x_wconf 89' lang='lat' dir='ltr'><strong>Ut</strong></span> <span class='ocrx_word' id='word_1_729' title='bbox 2928 3700 3085 3751; x_wconf 86' lang='lat' dir='ltr'><strong>simus</strong></span> <span class='ocrx_word' id='word_1_730' title='bbox 3114 3699 3171 3749; x_wconf 79' lang='lat' dir='ltr'><strong>in</strong></span> <span class='ocrx_word' id='word_1_731' title='bbox 3193 3710 3305 3747; x_wconf 84' lang='lat' dir='ltr'><strong>vero</strong></span> <span class='ocrx_word' id='word_1_732' title='bbox 3337 3693 3430 3745; x_wconf 79' lang='lat' dir='ltr'><strong>Fi-</strong></span> 
     </span>
    </p>
   </div>
   <div class='ocr_carea' id='block_1_84' title="bbox 1860 3786 3431 3871">
    <p class='ocr_par' dir='ltr' id='par_1_84' title="bbox 1860 3786 3431 3871">
     <span class='ocr_line' id='line_1_84' title="bbox 1860 3786 3431 3871; baseline -0.012 -15"><span class='ocrx_word' id='word_1_733' title='bbox 1860 3804 1929 3856; x_wconf 87' lang='lat' dir='ltr'><strong>lio</strong></span> <span class='ocrx_word' id='word_1_734' title='bbox 1967 3802 2077 3871; x_wconf 85' lang='lat' dir='ltr'><strong>ejus</strong></span> <span class='ocrx_word' id='word_1_735' title='bbox 2106 3799 2159 3863; x_wconf 85' lang='lat'><strong>(1</strong></span> <span class='ocrx_word' id='word_1_736' title='bbox 2182 3798 2340 3852; x_wconf 85' lang='lat' dir='ltr'><strong>Joan.</strong></span> <span class='ocrx_word' id='word_1_737' title='bbox 2370 3815 2424 3861; x_wconf 84' lang='grc' dir='ltr'>ν,</span> <span class='ocrx_word' id='word_1_738' title='bbox 2456 3794 2577 3865; x_wconf 67' lang='grc'><strong>20).</strong></span> <span class='ocrx_word' id='word_1_739' title='bbox 2606 3794 2717 3847; x_wconf 84' lang='lat' dir='ltr'><strong>Non</strong></span> <span class='ocrx_word' id='word_1_740' title='bbox 2742 3801 2823 3845; x_wconf 89' lang='lat' dir='ltr'><strong>est</strong></span> <span class='ocrx_word' id='word_1_741' title='bbox 2852 3792 3009 3844; x_wconf 88' lang='lat' dir='ltr'><strong>etiam</strong></span> <span class='ocrx_word' id='word_1_742' title='bbox 3034 3789 3285 3857; x_wconf 74' lang='lat' dir='ltr'><strong>degener,</strong></span> <span class='ocrx_word' id='word_1_743' title='bbox 3311 3786 3431 3855; x_wconf 85' lang='lat' dir='ltr'><strong>quia</strong></span> 
     </span>
    </p>
   </div>
   <div class='ocr_carea' id='block_1_85' title="bbox 1864 3879 3433 3951">
    <p class='ocr_par' dir='ltr' id='par_1_85' title="bbox 1864 3879 3433 3951">
     <span class='ocr_line' id='line_1_85' title="bbox 1864 3879 3433 3951; baseline -0.012 -1"><span class='ocrx_word' id='word_1_744' title='bbox 1864 3898 2001 3950; x_wconf 87' lang='lat' dir='ltr'><strong>Deus</strong></span> <span class='ocrx_word' id='word_1_745' title='bbox 2031 3908 2190 3947; x_wconf 87' lang='lat' dir='ltr'><strong>verus</strong></span> <span class='ocrx_word' id='word_1_746' title='bbox 2218 3891 2284 3946; x_wconf 87' lang='lat' dir='ltr'><strong>de</strong></span> <span class='ocrx_word' id='word_1_747' title='bbox 2309 3891 2418 3945; x_wconf 89' lang='lat' dir='ltr'><strong>Deo</strong></span> <span class='ocrx_word' id='word_1_748' title='bbox 2446 3901 2605 3942; x_wconf 74' lang='lat' dir='ltr'><strong>natus</strong></span> <span class='ocrx_word' id='word_1_749' title='bbox 2628 3898 2707 3942; x_wconf 91' lang='lat' dir='ltr'><strong>est</strong></span> <span class='ocrx_word' id='word_1_750' title='bbox 2740 3900 2868 3940; x_wconf 92' lang='lat' dir='ltr'><strong>vero</strong></span> <span class='ocrx_word' id='word_1_751' title='bbox 2887 3924 2902 3951; x_wconf 91' lang='lat'><strong>,</strong></span> <span class='ocrx_word' id='word_1_752' title='bbox 2936 3884 3073 3938; x_wconf 86' lang='lat' dir='ltr'><strong>sicut</strong></span> <span class='ocrx_word' id='word_1_753' title='bbox 3101 3883 3240 3935; x_wconf 88' lang='lat' dir='ltr'><strong>idem</strong></span> <span class='ocrx_word' id='word_1_754' title='bbox 3270 3879 3433 3933; x_wconf 83' lang='lat' dir='ltr'><strong>Joan-</strong></span> 
     </span>
    </p>
   </div>
   <div class='ocr_carea' id='block_1_86' title="bbox 1862 3971 3436 4052">
    <p class='ocr_par' dir='ltr' id='par_1_86' title="bbox 1862 3971 3436 4052">
     <span class='ocr_line' id='line_1_86' title="bbox 1862 3971 3436 4052; baseline -0.011 -12"><span class='ocrx_word' id='word_1_755' title='bbox 1862 4002 1957 4040; x_wconf 90' lang='lat' dir='ltr'><strong>nes</strong></span> <span class='ocrx_word' id='word_1_756' title='bbox 2002 3982 2329 4052; x_wconf 79' lang='lat' dir='ltr'><strong>evangelista</strong></span> <span class='ocrx_word' id='word_1_757' title='bbox 2377 3981 2705 4049; x_wconf 85' lang='lat' dir='ltr'><strong>cxsequitur,</strong></span> <span class='ocrx_word' id='word_1_758' title='bbox 2744 3977 2929 4031; x_wconf 88' lang='lat' dir='ltr'><strong>dicens</strong></span> <span class='ocrx_word' id='word_1_759' title='bbox 2972 3993 2987 4030; x_wconf 90' lang='lat'><strong>:</strong></span> <span class='ocrx_word' id='word_1_760' title='bbox 3036 3974 3136 4027; x_wconf 85' lang='lat' dir='ltr'><strong>Hic</strong></span> <span class='ocrx_word' id='word_1_761' title='bbox 3186 3982 3257 4027; x_wconf 83' lang='lat' dir='ltr'><strong>est</strong></span> <span class='ocrx_word' id='word_1_762' title='bbox 3298 3971 3436 4024; x_wconf 80' lang='lat' dir='ltr'><strong>Deus</strong></span> 
     </span>
    </p>
   </div>
   <div class='ocr_carea' id='block_1_87' title="bbox 1862 4062 3438 4141">
    <p class='ocr_par' dir='ltr' id='par_1_87' title="bbox 1862 4062 3438 4141">
     <span class='ocr_line' id='line_1_87' title="bbox 1862 4062 3438 4141; baseline -0.011 -11"><span class='ocrx_word' id='word_1_763' title='bbox 1862 4094 2005 4130; x_wconf 80' lang='lat' dir='ltr'><strong>verus</strong></span> <span class='ocrx_word' id='word_1_764' title='bbox 2025 4086 2072 4129; x_wconf 91' lang='lat' dir='ltr'><strong>et</strong></span> <span class='ocrx_word' id='word_1_765' title='bbox 2095 4077 2197 4128; x_wconf 89' lang='lat' dir='ltr'><strong>vita</strong></span> <span class='ocrx_word' id='word_1_766' title='bbox 2222 4083 2410 4127; x_wconf 78' lang='lat' dir='ltr'><strong>teterna</strong></span> <span class='ocrx_word' id='word_1_767' title='bbox 2438 4068 2648 4141; x_wconf 89' lang='lat' dir='ltr'><strong>(lbid.).</strong></span> <span class='ocrx_word' id='word_1_768' title='bbox 2676 4069 2745 4122; x_wconf 86' lang='lat' dir='ltr'><strong>Et</strong></span> <span class='ocrx_word' id='word_1_769' title='bbox 2768 4068 2885 4135; x_wconf 80' lang='lat' dir='ltr'><strong>ipse</strong></span> <span class='ocrx_word' id='word_1_770' title='bbox 2913 4065 3168 4118; x_wconf 78' lang='lat' dir='ltr'><strong>Dominus</strong></span> <span class='ocrx_word' id='word_1_771' title='bbox 3188 4065 3238 4116; x_wconf 87' lang='lat' dir='ltr'><strong>itt</strong></span> <span class='ocrx_word' id='word_1_772' title='bbox 3264 4062 3438 4114; x_wconf 82' lang='lat' dir='ltr'><strong>Evan-</strong></span> 
     </span>
    </p>
   </div>
   <div class='ocr_carea' id='block_1_88' title="bbox 1862 4152 3435 4237">
    <p class='ocr_par' dir='ltr' id='par_1_88' title="bbox 1862 4152 3435 4237">
     <span class='ocr_line' id='line_1_88' title="bbox 1862 4152 3435 4237; baseline -0.014 -13"><span class='ocrx_word' id='word_1_773' title='bbox 1862 4168 2000 4237; x_wconf 82' lang='lat' dir='ltr'><strong>gelio</strong></span> <span class='ocrx_word' id='word_1_774' title='bbox 2033 4184 2047 4220; x_wconf 91' lang='lat'>:</span> <span class='ocrx_word' id='word_1_775' title='bbox 2073 4165 2184 4235; x_wconf 86' lang='lat' dir='ltr'><strong>Ego</strong></span> <span class='ocrx_word' id='word_1_776' title='bbox 2207 4180 2342 4229; x_wconf 87' lang='lat' dir='ltr'><strong>sum,</strong></span> <span class='ocrx_word' id='word_1_777' title='bbox 2364 4163 2556 4231; x_wconf 86' lang='lat' dir='ltr'><strong>inquit,</strong></span> <span class='ocrx_word' id='word_1_778' title='bbox 2578 4161 2677 4224; x_wconf 88' lang='lat' dir='ltr'><strong>via,</strong></span> <span class='ocrx_word' id='word_1_779' title='bbox 2704 4162 2883 4212; x_wconf 79' lang='lat' dir='ltr'><strong>veritus</strong></span> <span class='ocrx_word' id='word_1_780' title='bbox 2905 4168 2950 4211; x_wconf 88' lang='lat' dir='ltr'><strong>et</strong></span> <span class='ocrx_word' id='word_1_781' title='bbox 2968 4157 3079 4217; x_wconf 86' lang='lat' dir='ltr'><strong>vita</strong></span> <span class='ocrx_word' id='word_1_782' title='bbox 3106 4152 3285 4223; x_wconf 82' lang='lat' dir='ltr'><strong>(Joan.</strong></span> <span class='ocrx_word' id='word_1_783' title='bbox 3319 4167 3435 4215; x_wconf 74' lang='lat' dir='ltr'><strong>XIV,</strong></span> 
     </span>
    </p>
   </div>
   <div class='ocr_carea' id='block_1_89' title="bbox 1863 4244 3437 4327">
    <p class='ocr_par' dir='ltr' id='par_1_89' title="bbox 1863 4244 3437 4327">
     <span class='ocr_line' id='line_1_89' title="bbox 1863 4244 3437 4327; baseline -0.013 -10"><span class='ocrx_word' id='word_1_784' title='bbox 1863 4264 1896 4317; x_wconf 84' lang='lat'><strong>6</strong></span> <span class='ocrx_word' id='word_1_785' title='bbox 1915 4262 1951 4317; x_wconf 90' lang='lat'><strong>).</strong></span> <span class='ocrx_word' id='word_1_786' title='bbox 1986 4257 2129 4327; x_wconf 82' lang='lat' dir='ltr'><strong>Ergo</strong></span> <span class='ocrx_word' id='word_1_787' title='bbox 2152 4258 2197 4311; x_wconf 91' lang='lat' dir='ltr'><strong>si</strong></span> <span class='ocrx_word' id='word_1_788' title='bbox 2218 4255 2433 4308; x_wconf 86' lang='lat' dir='ltr'><strong>aliunde</strong></span> <span class='ocrx_word' id='word_1_789' title='bbox 2460 4253 2808 4307; x_wconf 86' lang='lat' dir='ltr'><strong>substantiam</strong></span> <span class='ocrx_word' id='word_1_790' title='bbox 2844 4263 2947 4302; x_wconf 87' lang='lat' dir='ltr'><strong>non</strong></span> <span class='ocrx_word' id='word_1_791' title='bbox 2978 4246 3165 4310; x_wconf 81' lang='lat' dir='ltr'><strong>habet,</strong></span> <span class='ocrx_word' id='word_1_792' title='bbox 3190 4244 3256 4298; x_wconf 91' lang='lat' dir='ltr'><strong>de</strong></span> <span class='ocrx_word' id='word_1_793' title='bbox 3280 4244 3437 4298; x_wconf 82' lang='lat' dir='ltr'><strong>Patre</strong></span> 
     </span>
    </p>
   </div>
   <div class='ocr_carea' id='block_1_90' title="bbox 1869 4334 3435 4412">
    <p class='ocr_par' dir='ltr' id='par_1_90' title="bbox 1869 4334 3435 4412">
     <span class='ocr_line' id='line_1_90' title="bbox 1869 4334 3435 4412; baseline -0.011 -10"><span class='ocrx_word' id='word_1_794' title='bbox 1869 4350 2065 4412; x_wconf 87' lang='lat' dir='ltr'><strong>habet;</strong></span> <span class='ocrx_word' id='word_1_795' title='bbox 2096 4349 2143 4399; x_wconf 81' lang='lat' dir='ltr'><strong>si</strong></span> <span class='ocrx_word' id='word_1_796' title='bbox 2171 4348 2239 4399; x_wconf 86' lang='lat' dir='ltr'><strong>de</strong></span> <span class='ocrx_word' id='word_1_797' title='bbox 2278 4344 2433 4398; x_wconf 83' lang='lat' dir='ltr'><strong>Patre</strong></span> <span class='ocrx_word' id='word_1_798' title='bbox 2476 4343 2653 4405; x_wconf 85' lang='lat' dir='ltr'><strong>habet,</strong></span> <span class='ocrx_word' id='word_1_799' title='bbox 2696 4342 2848 4395; x_wconf 89' lang='lat' dir='ltr'><strong>unius</strong></span> <span class='ocrx_word' id='word_1_800' title='bbox 2873 4346 2955 4393; x_wconf 90' lang='lat' dir='ltr'><strong>est</strong></span> <span class='ocrx_word' id='word_1_801' title='bbox 2982 4334 3291 4390; x_wconf 71' lang='lat' dir='ltr'><strong>substantia:</strong></span> <span class='ocrx_word' id='word_1_802' title='bbox 3316 4348 3435 4386; x_wconf 88' lang='lat' dir='ltr'><strong>cum</strong></span> 
     </span>
    </p>
   </div>
   <div class='ocr_carea' id='block_1_91' title="bbox 1869 4425 3438 4497">
    <p class='ocr_par' dir='ltr' id='par_1_91' title="bbox 1869 4425 3438 4497">
     <span class='ocr_line' id='line_1_91' title="bbox 1869 4425 3438 4497; baseline -0.01 -2"><span class='ocrx_word' id='word_1_803' title='bbox 1869 4443 2041 4495; x_wconf 90' lang='lat' dir='ltr'><strong>Patre.</strong></span> <span class='ocrx_word' id='word_1_804' title='bbox 2073 4440 2177 4495; x_wconf 84' lang='lat' dir='ltr'><strong>Sed</strong></span> <span class='ocrx_word' id='word_1_805' title='bbox 2204 4439 2247 4492; x_wconf 88' lang='lat' dir='ltr'><strong>si</strong></span> <span class='ocrx_word' id='word_1_806' title='bbox 2280 4436 2438 4490; x_wconf 87' lang='lat' dir='ltr'><strong>unius</strong></span> <span class='ocrx_word' id='word_1_807' title='bbox 2459 4434 2771 4489; x_wconf 72' lang='lat' dir='ltr'><strong>substantia:</strong></span> <span class='ocrx_word' id='word_1_808' title='bbox 2793 4448 2896 4484; x_wconf 84' lang='lat' dir='ltr'><strong>non</strong></span> <span class='ocrx_word' id='word_1_809' title='bbox 2928 4439 3010 4482; x_wconf 75' lang='lat' dir='ltr'><strong>est</strong></span> <span class='ocrx_word' id='word_1_810' title='bbox 3033 4471 3046 4492; x_wconf 92' lang='lat'><strong>,</strong></span> <span class='ocrx_word' id='word_1_811' title='bbox 3081 4443 3208 4497; x_wconf 77' lang='lat' dir='ltr'><strong>ergo</strong></span> <span class='ocrx_word' id='word_1_812' title='bbox 3236 4442 3340 4479; x_wconf 89' lang='lat' dir='ltr'><strong>non</strong></span> <span class='ocrx_word' id='word_1_813' title='bbox 3372 4425 3438 4479; x_wconf 87' lang='lat' dir='ltr'><strong>de</strong></span> 
     </span>
    </p>
   </div>
   <div class='ocr_carea' id='block_1_92' title="bbox 207 4517 3439 4599">
    <p class='ocr_par' dir='ltr' id='par_1_92' title="bbox 207 4517 3439 4599">
     <span class='ocr_line' id='line_1_92' title="bbox 207 4517 3439 4599; baseline -0.006 -11"><span class='ocrx_word' id='word_1_814' title='bbox 207 4522 258 4573; x_wconf 66' lang='lat' dir='ltr'><strong>in</strong></span> <span class='ocrx_word' id='word_1_815' title='bbox 286 4522 411 4577; x_wconf 64' lang='lat' dir='ltr'><strong>ml)</strong></span> <span class='ocrx_word' id='word_1_816' title='bbox 436 4524 746 4593; x_wconf 72' lang='grc' dir='ltr'><strong>Ρτυίὶῑεωυΐ</strong></span> <span class='ocrx_word' id='word_1_817' title='bbox 772 4539 890 4579; x_wconf 72' lang='lat'><strong>0888</strong></span> <span class='ocrx_word' id='word_1_818' title='bbox 918 4536 1155 4590; x_wconf 65' lang='lat'><strong>&quot;310785.</strong></span> <span class='ocrx_word' id='word_1_819' title='bbox 1187 4526 1237 4579; x_wconf 78' lang='lat' dir='ltr'><strong>id</strong></span> <span class='ocrx_word' id='word_1_820' title='bbox 1268 4535 1352 4580; x_wconf 63' lang='lat' dir='ltr'><strong>est</strong></span> <span class='ocrx_word' id='word_1_821' title='bbox 1381 4526 1544 4579; x_wconf 82' lang='lat' dir='ltr'><strong>Deum</strong></span> <span class='ocrx_word' id='word_1_822' title='bbox 1578 4540 1758 4578; x_wconf 59' lang='grc' dir='ltr'><strong>1εέΐιιιιι</strong></span> <span class='ocrx_word' id='word_1_823' title='bbox 1792 4521 1838 4578; x_wconf 81' lang='grc'><strong>1)</strong></span> <span class='ocrx_word' id='word_1_824' title='bbox 1867 4533 2043 4599; x_wconf 87' lang='lat' dir='ltr'><strong>Patre,</strong></span> <span class='ocrx_word' id='word_1_825' title='bbox 2076 4531 2169 4585; x_wconf 91' lang='lat' dir='ltr'><strong>sed</strong></span> <span class='ocrx_word' id='word_1_826' title='bbox 2193 4529 2411 4582; x_wconf 87' lang='lat' dir='ltr'><strong>aliunde</strong></span> <span class='ocrx_word' id='word_1_827' title='bbox 2437 4538 2520 4580; x_wconf 85' lang='lat' dir='ltr'><strong>est</strong></span> <span class='ocrx_word' id='word_1_828' title='bbox 2550 4542 2565 4579; x_wconf 87' lang='lat'><strong>:</strong></span> <span class='ocrx_word' id='word_1_829' title='bbox 2596 4523 2847 4594; x_wconf 84' lang='lat' dir='ltr'><strong>quoniam</strong></span> <span class='ocrx_word' id='word_1_830' title='bbox 2879 4522 3021 4574; x_wconf 87' lang='lat' dir='ltr'><strong>unde</strong></span> <span class='ocrx_word' id='word_1_831' title='bbox 3041 4528 3144 4585; x_wconf 76' lang='lat' dir='ltr'><strong>est,</strong></span> <span class='ocrx_word' id='word_1_832' title='bbox 3172 4518 3293 4572; x_wconf 83' lang='lat' dir='ltr'><strong>inde</strong></span> <span class='ocrx_word' id='word_1_833' title='bbox 3315 4517 3439 4571; x_wconf 88' lang='lat' dir='ltr'><strong>sub-</strong></span> 
     </span>
    </p>
   </div>
   <div class='ocr_carea' id='block_1_93' title="bbox 203 4617 1757 4687">
    <p class='ocr_par' dir='ltr' id='par_1_93' title="bbox 203 4617 1757 4687">
     <span class='ocr_line' id='line_1_93' title="bbox 203 4617 1757 4687; baseline 0 -19"><span class='ocrx_word' id='word_1_834' title='bbox 203 4626 256 4668; x_wconf 83' lang='lat' dir='ltr'><strong>et</strong></span> <span class='ocrx_word' id='word_1_835' title='bbox 274 4617 527 4672; x_wconf 78' lang='lat' dir='ltr'><strong>hominem</strong></span> <span class='ocrx_word' id='word_1_836' title='bbox 551 4632 758 4681; x_wconf 89' lang='lat' dir='ltr'><strong>verum,</strong></span> <span class='ocrx_word' id='word_1_837' title='bbox 777 4619 882 4687; x_wconf 76' lang='lat'><strong>25</strong></span> <span class='ocrx_word' id='word_1_838' title='bbox 901 4632 1094 4686; x_wconf 90' lang='lat' dir='ltr'><strong>corpus</strong></span> <span class='ocrx_word' id='word_1_839' title='bbox 1115 4627 1168 4672; x_wconf 91' lang='lat' dir='ltr'><strong>et</strong></span> <span class='ocrx_word' id='word_1_840' title='bbox 1187 4620 1417 4671; x_wconf 88' lang='lat' dir='ltr'><strong>animam</strong></span> <span class='ocrx_word' id='word_1_841' title='bbox 1438 4618 1716 4671; x_wconf 74' lang='lat' dir='ltr'><strong>habentem</strong></span> <span class='ocrx_word' id='word_1_842' title='bbox 1746 4634 1757 4668; x_wconf 90' lang='lat'>:</span> 
     </span>
    </p>
   </div>
   <div class='ocr_carea' id='block_1_94' title="bbox 205 4707 1762 4778">
    <p class='ocr_par' dir='ltr' id='par_1_94' title="bbox 205 4707 1762 4778">
     <span class='ocr_line' id='line_1_94' title="bbox 205 4707 1762 4778; baseline 0.003 -19"><span class='ocrx_word' id='word_1_843' title='bbox 205 4707 439 4777; x_wconf 84' lang='lat' dir='ltr'><strong>quidquid</strong></span> <span class='ocrx_word' id='word_1_844' title='bbox 483 4708 553 4763; x_wconf 86' lang='lat' dir='ltr'><strong>de</strong></span> <span class='ocrx_word' id='word_1_845' title='bbox 586 4719 609 4747; x_wconf 77' lang='grc' dir='ltr'><strong><em>ο</em></strong></span> <span class='ocrx_word' id='word_1_846' title='bbox 640 4709 921 4762; x_wconf 73' lang='lat' dir='ltr'><strong>excellenti</strong></span> <span class='ocrx_word' id='word_1_847' title='bbox 968 4708 1305 4763; x_wconf 88' lang='lat' dir='ltr'><strong>sublimitatis</strong></span> <span class='ocrx_word' id='word_1_848' title='bbox 1338 4710 1571 4778; x_wconf 88' lang='lat' dir='ltr'><strong>potentia</strong></span> <span class='ocrx_word' id='word_1_849' title='bbox 1602 4709 1668 4763; x_wconf 88' lang='lat' dir='ltr'><strong>de</strong></span> <span class='ocrx_word' id='word_1_850' title='bbox 1698 4724 1762 4763; x_wconf 89' lang='lat' dir='ltr'><strong>eo</strong></span> 
     </span>
    </p>
   </div>
   <div class='ocr_carea' id='block_1_95' title="bbox 204 4796 1761 4866">
    <p class='ocr_par' dir='ltr' id='par_1_95' title="bbox 204 4796 1761 4866">
     <span class='ocr_line' id='line_1_95' title="bbox 204 4796 1761 4866; baseline 0.002 -19"><span class='ocrx_word' id='word_1_851' title='bbox 204 4796 425 4850; x_wconf 83' lang='lat' dir='ltr'><strong>relerunt</strong></span> <span class='ocrx_word' id='word_1_852' title='bbox 470 4797 791 4863; x_wconf 59' lang='lat' dir='ltr'><strong>Scriptura,</strong></span> <span class='ocrx_word' id='word_1_853' title='bbox 841 4798 1167 4851; x_wconf 73' lang='lat' dir='ltr'><strong>admiranda:</strong></span> <span class='ocrx_word' id='word_1_854' title='bbox 1210 4802 1327 4866; x_wconf 83' lang='lat' dir='ltr'><strong>ejus</strong></span> <span class='ocrx_word' id='word_1_855' title='bbox 1377 4799 1637 4852; x_wconf 83' lang='lat' dir='ltr'><strong>divinitati</strong></span> <span class='ocrx_word' id='word_1_856' title='bbox 1671 4802 1761 4851; x_wconf 86' lang='lat' dir='ltr'><strong>tri-</strong></span> 
     </span>
    </p>
   </div>
   <div class='ocr_carea' id='block_1_96' title="bbox 206 4887 1767 4958">
    <p class='ocr_par' dir='ltr' id='par_1_96' title="bbox 206 4887 1767 4958">
     <span class='ocr_line' id='line_1_96' title="bbox 206 4887 1767 4958; baseline 0.004 -19"><span class='ocrx_word' id='word_1_857' title='bbox 206 4887 457 4942; x_wconf 78' lang='lat' dir='ltr'><strong>buendum</strong></span> <span class='ocrx_word' id='word_1_858' title='bbox 484 4892 745 4944; x_wconf 75' lang='lat' dir='ltr'><strong>sentimus</strong></span> <span class='ocrx_word' id='word_1_859' title='bbox 768 4906 781 4942; x_wconf 74' lang='grc' dir='ltr'>ε</span> <span class='ocrx_word' id='word_1_860' title='bbox 805 4898 861 4943; x_wconf 91' lang='lat' dir='ltr'><strong>et</strong></span> <span class='ocrx_word' id='word_1_861' title='bbox 879 4890 1130 4958; x_wconf 84' lang='lat' dir='ltr'><strong>quidquid</strong></span> <span class='ocrx_word' id='word_1_862' title='bbox 1152 4891 1286 4944; x_wconf 83' lang='lat' dir='ltr'><strong>infra</strong></span> <span class='ocrx_word' id='word_1_863' title='bbox 1319 4892 1572 4944; x_wconf 85' lang='lat' dir='ltr'><strong>honorem</strong></span> <span class='ocrx_word' id='word_1_864' title='bbox 1602 4893 1767 4946; x_wconf 58' lang='lat' dir='ltr'><strong>coale-</strong></span> 
     </span>
    </p>
   </div>
   <div class='ocr_carea' id='block_1_97' title="bbox 202 4978 1766 5047">
    <p class='ocr_par' dir='ltr' id='par_1_97' title="bbox 202 4978 1766 5047">
     <span class='ocr_line' id='line_1_97' title="bbox 202 4978 1766 5047; baseline 0.003 -16"><span class='ocrx_word' id='word_1_865' title='bbox 202 4978 293 5031; x_wconf 78' lang='lat' dir='ltr'><strong>stis</strong></span> <span class='ocrx_word' id='word_1_866' title='bbox 316 4981 555 5047; x_wconf 69' lang='lat' dir='ltr'><strong>potentiae</strong></span> <span class='ocrx_word' id='word_1_867' title='bbox 575 4981 643 5034; x_wconf 86' lang='lat' dir='ltr'><strong>de</strong></span> <span class='ocrx_word' id='word_1_868' title='bbox 659 4980 850 5033; x_wconf 86' lang='lat' dir='ltr'><strong>eodem</strong></span> <span class='ocrx_word' id='word_1_869' title='bbox 880 4980 1128 5033; x_wconf 89' lang='lat' dir='ltr'><strong>humilius</strong></span> <span class='ocrx_word' id='word_1_870' title='bbox 1148 4988 1450 5046; x_wconf 88' lang='lat' dir='ltr'><strong>enarratur,</strong></span> <span class='ocrx_word' id='word_1_871' title='bbox 1478 4998 1579 5034; x_wconf 87' lang='lat' dir='ltr'><strong>non</strong></span> <span class='ocrx_word' id='word_1_872' title='bbox 1605 4987 1766 5042; x_wconf 85' lang='lat' dir='ltr'><strong>verbo</strong></span> 
     </span>
    </p>
   </div>
   <div class='ocr_carea' id='block_1_98' title="bbox 206 5069 1765 5139">
    <p class='ocr_par' dir='ltr' id='par_1_98' title="bbox 206 5069 1765 5139">
     <span class='ocr_line' id='line_1_98' title="bbox 206 5069 1765 5139; baseline 0.001 -15"><span class='ocrx_word' id='word_1_873' title='bbox 206 5069 335 5134; x_wconf 82' lang='lat' dir='ltr'><strong>Dei,</strong></span> <span class='ocrx_word' id='word_1_874' title='bbox 376 5071 465 5124; x_wconf 86' lang='lat' dir='ltr'><strong>sed</strong></span> <span class='ocrx_word' id='word_1_875' title='bbox 514 5071 718 5124; x_wconf 82' lang='lat' dir='ltr'><strong>homini</strong></span> <span class='ocrx_word' id='word_1_876' title='bbox 766 5079 1072 5139; x_wconf 79' lang='lat' dir='ltr'><strong>reputamus</strong></span> <span class='ocrx_word' id='word_1_877' title='bbox 1120 5081 1415 5139; x_wconf 81' lang='lat' dir='ltr'><strong>assumpto.</strong></span> <span class='ocrx_word' id='word_1_878' title='bbox 1465 5074 1765 5126; x_wconf 88' lang='lat' dir='ltr'><strong>Secundum</strong></span> 
     </span>
    </p>
   </div>
   <div class='ocr_carea' id='block_1_99' title="bbox 201 5162 1768 5232">
    <p class='ocr_par' dir='ltr' id='par_1_99' title="bbox 201 5162 1768 5232">
     <span class='ocr_line' id='line_1_99' title="bbox 201 5162 1768 5232; baseline 0.003 -17"><span class='ocrx_word' id='word_1_879' title='bbox 201 5163 515 5217; x_wconf 82' lang='lat' dir='ltr'><strong>divinitatem</strong></span> <span class='ocrx_word' id='word_1_880' title='bbox 543 5178 673 5229; x_wconf 76' lang='lat' dir='ltr'><strong>ergo</strong></span> <span class='ocrx_word' id='word_1_881' title='bbox 699 5170 783 5217; x_wconf 91' lang='lat' dir='ltr'><strong>est</strong></span> <span class='ocrx_word' id='word_1_882' title='bbox 814 5162 913 5216; x_wconf 88' lang='lat' dir='ltr'><strong>hoc</strong></span> <span class='ocrx_word' id='word_1_883' title='bbox 941 5163 1082 5232; x_wconf 87' lang='lat' dir='ltr'><strong>quod</strong></span> <span class='ocrx_word' id='word_1_884' title='bbox 1117 5163 1364 5231; x_wconf 82' lang='lat' dir='ltr'><strong>superius</strong></span> <span class='ocrx_word' id='word_1_885' title='bbox 1392 5165 1652 5232; x_wconf 79' lang='lat' dir='ltr'><strong>diximus,</strong></span> <span class='ocrx_word' id='word_1_886' title='bbox 1680 5166 1768 5219; x_wconf 85' lang='lat' dir='ltr'><strong>ubi</strong></span> 
     </span>
    </p>
   </div>
   <div class='ocr_carea' id='block_1_100' title="bbox 266 5320 1753 5390">
    <p class='ocr_par' dir='ltr' id='par_1_100' title="bbox 266 5320 1753 5390">
     <span class='ocr_line' id='line_1_100' title="bbox 266 5320 1753 5390; baseline 0.001 -16"><span class='ocrx_word' id='word_1_887' title='bbox 266 5329 295 5357; x_wconf 76' lang='grc'><strong><em>⁸</em></strong></span> <span class='ocrx_word' id='word_1_888' title='bbox 323 5322 581 5383; x_wconf 79' lang='lat' dir='ltr'><strong>Rhenan.,</strong></span> <span class='ocrx_word' id='word_1_889' title='bbox 606 5333 654 5376; x_wconf 88' lang='lat' dir='ltr'><strong>et</strong></span> <span class='ocrx_word' id='word_1_890' title='bbox 686 5322 934 5375; x_wconf 83' lang='lat' dir='ltr'><strong>Divinitas</strong></span> <span class='ocrx_word' id='word_1_891' title='bbox 966 5320 1249 5390; x_wconf 57' lang='lat' dir='ltr'><strong>atqurtlitas.</strong></span> <span class='ocrx_word' id='word_1_892' title='bbox 1283 5320 1433 5373; x_wconf 89' lang='lat' dir='ltr'><strong>Colh.</strong></span> <span class='ocrx_word' id='word_1_893' title='bbox 1467 5324 1518 5380; x_wconf 83' lang='grc'>1,</span> <span class='ocrx_word' id='word_1_894' title='bbox 1553 5321 1753 5375; x_wconf 82' lang='lat' dir='ltr'><strong>Divini-</strong></span> 
     </span>
    </p>
   </div>
   <div class='ocr_carea' id='block_1_101' title="bbox 199 5389 1756 5462">
    <p class='ocr_par' dir='ltr' id='par_1_101' title="bbox 199 5389 1756 5462">
     <span class='ocr_line' id='line_1_101' title="bbox 199 5389 1756 5462; baseline 0.004 -21"><span class='ocrx_word' id='word_1_895' title='bbox 199 5401 273 5441; x_wconf 86' lang='lat' dir='ltr'><strong>tas</strong></span> <span class='ocrx_word' id='word_1_896' title='bbox 310 5395 597 5446; x_wconf 83' lang='lat' dir='ltr'><strong>ostendatur</strong></span> <span class='ocrx_word' id='word_1_897' title='bbox 631 5393 863 5462; x_wconf 74' lang='lat' dir='ltr'><strong>qualis.</strong></span> <span class='ocrx_word' id='word_1_898' title='bbox 898 5393 959 5445; x_wconf 85' lang='lat' dir='ltr'><strong>Et</strong></span> <span class='ocrx_word' id='word_1_899' title='bbox 994 5392 1161 5455; x_wconf 79' lang='lat' dir='ltr'><strong>infra,</strong></span> <span class='ocrx_word' id='word_1_900' title='bbox 1194 5389 1382 5462; x_wconf 10' lang='lat' dir='ltr'><strong>Egeria</strong></span> <span class='ocrx_word' id='word_1_901' title='bbox 1414 5390 1590 5455; x_wconf 85' lang='lat' dir='ltr'><strong>Patre,</strong></span> <span class='ocrx_word' id='word_1_902' title='bbox 1628 5405 1756 5457; x_wconf 83' lang='lat' dir='ltr'><strong>etc.,</strong></span> 
     </span>
    </p>
   </div>
   <div class='ocr_carea' id='block_1_102' title="bbox 197 5461 1761 5530">
    <p class='ocr_par' dir='ltr' id='par_1_102' title="bbox 197 5461 1761 5530">
     <span class='ocr_line' id='line_1_102' title="bbox 197 5461 1761 5530; baseline 0.004 -21"><span class='ocrx_word' id='word_1_903' title='bbox 197 5462 392 5527; x_wconf 73' lang='lat' dir='ltr'><strong>tlhifl].,</strong></span> <span class='ocrx_word' id='word_1_904' title='bbox 417 5464 567 5530; x_wconf 71' lang='lat' dir='ltr'><strong>Bign.</strong></span> <span class='ocrx_word' id='word_1_905' title='bbox 587 5474 641 5516; x_wconf 90' lang='lat' dir='ltr'><strong>et</strong></span> <span class='ocrx_word' id='word_1_906' title='bbox 671 5461 817 5515; x_wconf 80' lang='lat' dir='ltr'><strong>Bald.</strong></span> <span class='ocrx_word' id='word_1_907' title='bbox 842 5478 961 5516; x_wconf 89' lang='lat' dir='ltr'><strong>cum</strong></span> <span class='ocrx_word' id='word_1_908' title='bbox 989 5463 1145 5515; x_wconf 87' lang='lat' dir='ltr'><strong>Colh.</strong></span> <span class='ocrx_word' id='word_1_909' title='bbox 1174 5463 1225 5523; x_wconf 81' lang='lat' dir='ltr'><strong>l,</strong></span> <span class='ocrx_word' id='word_1_910' title='bbox 1258 5461 1533 5522; x_wconf 77' lang='lat' dir='ltr'><strong>Rhenano,</strong></span> <span class='ocrx_word' id='word_1_911' title='bbox 1566 5463 1761 5516; x_wconf 78' lang='lat' dir='ltr'><strong>habt-nt</strong></span> 
     </span>
    </p>
   </div>
   <div class='ocr_carea' id='block_1_103' title="bbox 194 5531 1759 5604">
    <p class='ocr_par' dir='ltr' id='par_1_103' title="bbox 194 5531 1759 5604">
     <span class='ocr_line' id='line_1_103' title="bbox 194 5531 1759 5604; baseline 0.003 -24"><span class='ocrx_word' id='word_1_912' title='bbox 194 5535 545 5604; x_wconf 69' lang='lat' dir='ltr'><strong>solummodo.</strong></span> <span class='ocrx_word' id='word_1_913' title='bbox 586 5532 698 5603; x_wconf 79' lang='lat' dir='ltr'><strong>Ego</strong></span> <span class='ocrx_word' id='word_1_914' title='bbox 732 5543 779 5585; x_wconf 88' lang='lat' dir='ltr'><strong>et</strong></span> <span class='ocrx_word' id='word_1_915' title='bbox 820 5531 971 5604; x_wconf 76' lang='lat' dir='ltr'><strong>Pater</strong></span> <span class='ocrx_word' id='word_1_916' title='bbox 1002 5548 1159 5584; x_wconf 88' lang='lat' dir='ltr'><strong>unum</strong></span> <span class='ocrx_word' id='word_1_917' title='bbox 1195 5546 1385 5584; x_wconf 84' lang='lat' dir='ltr'><strong>sumus.</strong></span> <span class='ocrx_word' id='word_1_918' title='bbox 1418 5531 1582 5585; x_wconf 87' lang='lat' dir='ltr'><strong>Laud.</strong></span> <span class='ocrx_word' id='word_1_919' title='bbox 1607 5573 1622 5599; x_wconf 82' lang='lat'><strong>,</strong></span> <span class='ocrx_word' id='word_1_920' title='bbox 1653 5532 1759 5604; x_wconf 81' lang='lat' dir='ltr'><strong>Ego</strong></span> 
     </span>
    </p>
   </div>
   <div class='ocr_carea' id='block_1_104' title="bbox 195 5600 1208 5671">
    <p class='ocr_par' dir='ltr' id='par_1_104' title="bbox 195 5600 1208 5671">
     <span class='ocr_line' id='line_1_104' title="bbox 195 5600 1208 5671; baseline 0.001 -19"><span class='ocrx_word' id='word_1_921' title='bbox 195 5602 242 5653; x_wconf 87' lang='lat' dir='ltr'><strong>in</strong></span> <span class='ocrx_word' id='word_1_922' title='bbox 272 5600 490 5657; x_wconf 81' lang='lat' dir='ltr'><strong>Patre...</strong></span> <span class='ocrx_word' id='word_1_923' title='bbox 526 5600 793 5671; x_wconf 45' lang='lat' dir='ltr'><strong>Ego‘enim</strong></span> <span class='ocrx_word' id='word_1_924' title='bbox 826 5614 871 5654; x_wconf 87' lang='lat' dir='ltr'><strong>et</strong></span> <span class='ocrx_word' id='word_1_925' title='bbox 904 5602 1076 5662; x_wconf 80' lang='lat' dir='ltr'><strong>Pater,</strong></span> <span class='ocrx_word' id='word_1_926' title='bbox 1105 5613 1208 5655; x_wconf 82' lang='lat' dir='ltr'><strong>etc.</strong></span> 
     </span>
    </p>
   </div>
   <div class='ocr_carea' id='block_1_105' title="bbox 263 5670 1751 5740">
    <p class='ocr_par' dir='ltr' id='par_1_105' title="bbox 263 5670 1751 5740">
     <span class='ocr_line' id='line_1_105' title="bbox 263 5670 1751 5740; baseline 0.002 -17"><span class='ocrx_word' id='word_1_927' title='bbox 263 5671 289 5707; x_wconf 71' lang='grc' dir='ltr'>δ</span> <span class='ocrx_word' id='word_1_928' title='bbox 324 5672 495 5740; x_wconf 58' lang='lat' dir='ltr'><strong>Mart,</strong></span> <span class='ocrx_word' id='word_1_929' title='bbox 521 5674 675 5726; x_wconf 72' lang='lat' dir='ltr'><strong>Coll).</strong></span> <span class='ocrx_word' id='word_1_930' title='bbox 707 5674 755 5735; x_wconf 86' lang='grc'>1,</span> <span class='ocrx_word' id='word_1_931' title='bbox 782 5672 921 5735; x_wconf 65' lang='grc'><strong>1⁴“111.,</strong></span> <span class='ocrx_word' id='word_1_932' title='bbox 944 5673 1149 5735; x_wconf 68' lang='lat' dir='ltr'><strong>(ierm.,</strong></span> <span class='ocrx_word' id='word_1_933' title='bbox 1170 5671 1434 5734; x_wconf 66' lang='grc'><strong>1111011811..</strong></span> <span class='ocrx_word' id='word_1_934' title='bbox 1458 5670 1751 5735; x_wconf 77' lang='lat' dir='ltr'><strong>Lnriultius,</strong></span> 
     </span>
    </p>
   </div>
   <div class='ocr_carea' id='block_1_106' title="bbox 193 5740 1756 5811">
    <p class='ocr_par' dir='ltr' id='par_1_106' title="bbox 193 5740 1756 5811">
     <span class='ocr_line' id='line_1_106' title="bbox 193 5740 1756 5811; baseline 0.001 -16"><span class='ocrx_word' id='word_1_935' title='bbox 193 5752 245 5796; x_wconf 90' lang='lat' dir='ltr'><strong>ct</strong></span> <span class='ocrx_word' id='word_1_936' title='bbox 270 5742 518 5808; x_wconf 81' lang='lat' dir='ltr'><strong>Urthod.,</strong></span> <span class='ocrx_word' id='word_1_937' title='bbox 552 5742 698 5797; x_wconf 78' lang='lat' dir='ltr'><strong>Unde</strong></span> <span class='ocrx_word' id='word_1_938' title='bbox 726 5745 879 5796; x_wconf 85' lang='lat' dir='ltr'><strong>claret</strong></span> <span class='ocrx_word' id='word_1_939' title='bbox 905 5742 1245 5811; x_wconf 77' lang='lat' dir='ltr'><strong>waualitatem</strong></span> <span class='ocrx_word' id='word_1_940' title='bbox 1275 5740 1446 5796; x_wconf 83' lang='lat' dir='ltr'><strong>Patris</strong></span> <span class='ocrx_word' id='word_1_941' title='bbox 1471 5751 1515 5796; x_wconf 87' lang='lat' dir='ltr'><strong>et</strong></span> <span class='ocrx_word' id='word_1_942' title='bbox 1538 5740 1662 5795; x_wconf 84' lang='lat' dir='ltr'><strong>Filii</strong></span> <span class='ocrx_word' id='word_1_943' title='bbox 1690 5744 1756 5796; x_wconf 87' lang='lat' dir='ltr'><strong>ad</strong></span> 
     </span>
    </p>
   </div>
   <div class='ocr_carea' id='block_1_107' title="bbox 1865 4609 3439 4675">
    <p class='ocr_par' dir='ltr' id='par_1_107' title="bbox 1865 4609 3439 4675">
     <span class='ocr_line' id='line_1_107' title="bbox 1865 4609 3439 4675; baseline -0.008 0"><span class='ocrx_word' id='word_1_944' title='bbox 1865 4624 2112 4675; x_wconf 78' lang='lat' dir='ltr'><strong>stantiam</strong></span> <span class='ocrx_word' id='word_1_945' title='bbox 2145 4620 2334 4674; x_wconf 85' lang='lat' dir='ltr'><strong>habeat</strong></span> <span class='ocrx_word' id='word_1_946' title='bbox 2363 4632 2584 4671; x_wconf 73' lang='lat' dir='ltr'><strong>necesse</strong></span> <span class='ocrx_word' id='word_1_947' title='bbox 2613 4625 2715 4670; x_wconf 88' lang='lat' dir='ltr'><strong>est.</strong></span> <span class='ocrx_word' id='word_1_948' title='bbox 2744 4613 2932 4668; x_wconf 80' lang='lat' dir='ltr'><strong>Omnia</strong></span> <span class='ocrx_word' id='word_1_949' title='bbox 2965 4613 3105 4665; x_wconf 85' lang='lat' dir='ltr'><strong>enim</strong></span> <span class='ocrx_word' id='word_1_950' title='bbox 3138 4626 3202 4665; x_wconf 80' lang='lat' dir='ltr'><strong>ex</strong></span> <span class='ocrx_word' id='word_1_951' title='bbox 3236 4609 3403 4663; x_wconf 88' lang='lat' dir='ltr'><strong>nihilo</strong></span> <span class='ocrx_word' id='word_1_952' title='bbox 3424 4650 3439 4673; x_wconf 86' lang='lat'><strong>,</strong></span> 
     </span>
    </p>
   </div>
   <div class='ocr_carea' id='block_1_108' title="bbox 1867 4700 3438 4771">
    <p class='ocr_par' dir='ltr' id='par_1_108' title="bbox 1867 4700 3438 4771">
     <span class='ocr_line' id='line_1_108' title="bbox 1867 4700 3438 4771; baseline -0.01 -5"><span class='ocrx_word' id='word_1_953' title='bbox 1867 4712 2030 4766; x_wconf 84' lang='lat' dir='ltr'><strong>Filius</strong></span> <span class='ocrx_word' id='word_1_954' title='bbox 2061 4724 2188 4764; x_wconf 86' lang='lat' dir='ltr'><strong>vero</strong></span> <span class='ocrx_word' id='word_1_955' title='bbox 2215 4709 2282 4762; x_wconf 87' lang='lat' dir='ltr'><strong>de</strong></span> <span class='ocrx_word' id='word_1_956' title='bbox 2314 4713 2488 4760; x_wconf 86' lang='lat' dir='ltr'><strong>t&#39;atre.</strong></span> <span class='ocrx_word' id='word_1_957' title='bbox 2525 4707 2598 4759; x_wconf 86' lang='lat' dir='ltr'><strong>De</strong></span> <span class='ocrx_word' id='word_1_958' title='bbox 2624 4705 2829 4759; x_wconf 72' lang='lat' dir='ltr'><strong>duobus</strong></span> <span class='ocrx_word' id='word_1_959' title='bbox 2859 4704 3020 4770; x_wconf 80' lang='lat' dir='ltr'><strong>eligat</strong></span> <span class='ocrx_word' id='word_1_960' title='bbox 3046 4703 3271 4771; x_wconf 87' lang='lat' dir='ltr'><strong>quisque</strong></span> <span class='ocrx_word' id='word_1_961' title='bbox 3295 4700 3438 4768; x_wconf 87' lang='lat' dir='ltr'><strong>quod</strong></span> 
     </span>
    </p>
   </div>
   <div class='ocr_carea' id='block_1_109' title="bbox 1866 4794 3440 4867">
    <p class='ocr_par' dir='ltr' id='par_1_109' title="bbox 1866 4794 3440 4867">
     <span class='ocr_line' id='line_1_109' title="bbox 1866 4794 3440 4867; baseline -0.008 -11"><span class='ocrx_word' id='word_1_962' title='bbox 1866 4805 2019 4867; x_wconf 91' lang='lat' dir='ltr'><strong>velit,</strong></span> <span class='ocrx_word' id='word_1_963' title='bbox 2052 4811 2143 4856; x_wconf 86' lang='lat' dir='ltr'><strong>aut</strong></span> <span class='ocrx_word' id='word_1_964' title='bbox 2172 4801 2261 4855; x_wconf 90' lang='lat' dir='ltr'><strong>det</strong></span> <span class='ocrx_word' id='word_1_965' title='bbox 2284 4800 2332 4854; x_wconf 88' lang='lat' dir='ltr'><strong>ei</strong></span> <span class='ocrx_word' id='word_1_966' title='bbox 2360 4798 2706 4853; x_wconf 81' lang='lat' dir='ltr'><strong>substantiam</strong></span> <span class='ocrx_word' id='word_1_967' title='bbox 2734 4797 2801 4851; x_wconf 89' lang='lat' dir='ltr'><strong>de</strong></span> <span class='ocrx_word' id='word_1_968' title='bbox 2846 4797 3032 4862; x_wconf 86' lang='lat' dir='ltr'><strong>Patre,</strong></span> <span class='ocrx_word' id='word_1_969' title='bbox 3075 4803 3167 4847; x_wconf 88' lang='lat' dir='ltr'><strong>aut</strong></span> <span class='ocrx_word' id='word_1_970' title='bbox 3210 4794 3440 4846; x_wconf 77' lang='lat' dir='ltr'><strong>fateatur</strong></span> 
     </span>
    </p>
   </div>
   <div class='ocr_carea' id='block_1_110' title="bbox 1869 4892 2489 4951">
    <p class='ocr_par' dir='ltr' id='par_1_110' title="bbox 1869 4892 2489 4951">
     <span class='ocr_line' id='line_1_110' title="bbox 1869 4892 2489 4951; baseline -0.011 -1"><span class='ocrx_word' id='word_1_971' title='bbox 1869 4912 1933 4951; x_wconf 76' lang='lat' dir='ltr'><strong>es</strong></span> <span class='ocrx_word' id='word_1_972' title='bbox 1966 4896 2134 4948; x_wconf 87' lang='lat' dir='ltr'><strong>nihilo</strong></span> <span class='ocrx_word' id='word_1_973' title='bbox 2166 4892 2489 4946; x_wconf 73' lang='lat' dir='ltr'><strong>substitisse.</strong></span> 
     </span>
    </p>
   </div>
   <div class='ocr_carea' id='block_1_111' title="bbox 1946 4974 3442 5054">
    <p class='ocr_par' dir='ltr' id='par_1_111' title="bbox 1946 4974 3442 5054">
     <span class='ocr_line' id='line_1_111' title="bbox 1946 4974 3442 5054; baseline -0.007 -15"><span class='ocrx_word' id='word_1_974' title='bbox 1946 4986 2033 5039; x_wconf 81' lang='lat' dir='ltr'><strong>Vl.</strong></span> <span class='ocrx_word' id='word_1_975' title='bbox 2062 4986 2288 5039; x_wconf 81' lang='lat' dir='ltr'><strong>Solvitur</strong></span> <span class='ocrx_word' id='word_1_976' title='bbox 2313 4983 2549 5054; x_wconf 83' lang='lat' dir='ltr'><strong>objectio.</strong></span> <span class='ocrx_word' id='word_1_977' title='bbox 2579 5008 2646 5020; x_wconf 84' lang='grc'><strong><em>--</em></strong></span> <span class='ocrx_word' id='word_1_978' title='bbox 2668 4979 2771 5033; x_wconf 89' lang='lat' dir='ltr'><strong>Sed</strong></span> <span class='ocrx_word' id='word_1_979' title='bbox 2805 4975 3179 5047; x_wconf 82' lang='lat' dir='ltr'><strong>prOpheticum.</strong></span> <span class='ocrx_word' id='word_1_980' title='bbox 3224 4974 3442 5028; x_wconf 79' lang='lat' dir='ltr'><strong>forsitan</strong></span> 
     </span>
    </p>
   </div>
   <div class='ocr_carea' id='block_1_112' title="bbox 1876 5068 3444 5145">
    <p class='ocr_par' dir='ltr' id='par_1_112' title="bbox 1876 5068 3444 5145">
     <span class='ocr_line' id='line_1_112' title="bbox 1876 5068 3444 5145; baseline -0.01 -13"><span class='ocrx_word' id='word_1_981' title='bbox 1876 5078 2129 5145; x_wconf 83' lang='lat' dir='ltr'><strong>objicitnr</strong></span> <span class='ocrx_word' id='word_1_982' title='bbox 2161 5073 2521 5130; x_wconf 86' lang='lat' dir='ltr'><strong>testimonium</strong></span> <span class='ocrx_word' id='word_1_983' title='bbox 2550 5090 2562 5125; x_wconf 89' lang='lat'><strong>:</strong></span> <span class='ocrx_word' id='word_1_984' title='bbox 2595 5070 2980 5125; x_wconf 79' lang='lat' dir='ltr'><strong>Ccnerationem</strong></span> <span class='ocrx_word' id='word_1_985' title='bbox 3016 5071 3130 5138; x_wconf 70' lang='lat' dir='ltr'><strong>ejus</strong></span> <span class='ocrx_word' id='word_1_986' title='bbox 3158 5068 3279 5137; x_wconf 82' lang='lat' dir='ltr'><strong>quis</strong></span> <span class='ocrx_word' id='word_1_987' title='bbox 3298 5084 3444 5120; x_wconf 73' lang='lat' dir='ltr'><strong>enar-</strong></span> 
     </span>
    </p>
   </div>
   <div class='ocr_carea' id='block_1_113' title="bbox 1877 5158 3443 5235">
    <p class='ocr_par' dir='ltr' id='par_1_113' title="bbox 1877 5158 3443 5235">
     <span class='ocr_line' id='line_1_113' title="bbox 1877 5158 3443 5235; baseline -0.005 -14"><span class='ocrx_word' id='word_1_988' title='bbox 1877 5169 2011 5221; x_wconf 86' lang='lat' dir='ltr'><strong>rabit</strong></span> <span class='ocrx_word' id='word_1_989' title='bbox 2043 5165 2198 5219; x_wconf 79' lang='lat' dir='ltr'><strong>llsai.</strong></span> <span class='ocrx_word' id='word_1_990' title='bbox 2231 5182 2339 5230; x_wconf 85' lang='lat' dir='ltr'><strong>LIII,</strong></span> <span class='ocrx_word' id='word_1_991' title='bbox 2372 5165 2471 5235; x_wconf 79' lang='lat'><strong>8)?</strong></span> <span class='ocrx_word' id='word_1_992' title='bbox 2499 5164 2631 5217; x_wconf 84' lang='lat' dir='ltr'><strong>Cum</strong></span> <span class='ocrx_word' id='word_1_993' title='bbox 2673 5161 2779 5233; x_wconf 85' lang='lat' dir='ltr'><strong>[al.</strong></span> <span class='ocrx_word' id='word_1_994' title='bbox 2818 5158 2977 5231; x_wconf 75' lang='lat' dir='ltr'><strong>ergo]</strong></span> <span class='ocrx_word' id='word_1_995' title='bbox 3015 5176 3115 5231; x_wconf 79' lang='lat' dir='ltr'><strong>ego</strong></span> <span class='ocrx_word' id='word_1_996' title='bbox 3158 5176 3262 5214; x_wconf 91' lang='lat' dir='ltr'><strong>nou</strong></span> <span class='ocrx_word' id='word_1_997' title='bbox 3293 5160 3443 5214; x_wconf 80' lang='lat' dir='ltr'><strong>dixe-</strong></span> 
     </span>
    </p>
   </div>
   <div class='ocr_carea' id='block_1_114' title="bbox 1869 5323 2740 5377">
    <p class='ocr_par' dir='ltr' id='par_1_114' title="bbox 1869 5323 2740 5377">
     <span class='ocr_line' id='line_1_114' title="bbox 1869 5323 2740 5377; baseline -0.005 0"><span class='ocrx_word' id='word_1_998' title='bbox 1869 5341 1920 5377; x_wconf 78' lang='lat' dir='ltr'><strong>5e</strong></span> <span class='ocrx_word' id='word_1_999' title='bbox 1950 5325 2159 5376; x_wconf 85' lang='lat' dir='ltr'><strong>invicem</strong></span> <span class='ocrx_word' id='word_1_1000' title='bbox 2187 5325 2440 5376; x_wconf 79' lang='lat' dir='ltr'><strong>credentes</strong></span> <span class='ocrx_word' id='word_1_1001' title='bbox 2467 5323 2740 5374; x_wconf 81' lang='lat' dir='ltr'><strong>adducere.</strong></span> 
     </span>
    </p>
   </div>
   <div class='ocr_carea' id='block_1_115' title="bbox 1943 5387 3443 5458">
    <p class='ocr_par' dir='ltr' id='par_1_115' title="bbox 1943 5387 3443 5458">
     <span class='ocr_line' id='line_1_115' title="bbox 1943 5387 3443 5458; baseline -0.006 -13"><span class='ocrx_word' id='word_1_1002' title='bbox 1943 5405 1963 5431; x_wconf 74' lang='grc' dir='ltr'><strong>ε</strong></span> <span class='ocrx_word' id='word_1_1003' title='bbox 2001 5396 2171 5457; x_wconf 79' lang='lat' dir='ltr'><strong>Mart.,</strong></span> <span class='ocrx_word' id='word_1_1004' title='bbox 2199 5393 2404 5456; x_wconf 82' lang='lat' dir='ltr'><strong>Gerni.,</strong></span> <span class='ocrx_word' id='word_1_1005' title='bbox 2433 5393 2646 5458; x_wconf 73' lang='lat' dir='ltr'><strong>Cuntp.,</strong></span> <span class='ocrx_word' id='word_1_1006' title='bbox 2676 5393 2812 5454; x_wconf 77' lang='lat' dir='ltr'><strong>Ful.,</strong></span> <span class='ocrx_word' id='word_1_1007' title='bbox 2844 5401 2896 5444; x_wconf 91' lang='lat' dir='ltr'><strong>et</strong></span> <span class='ocrx_word' id='word_1_1008' title='bbox 2919 5388 3165 5451; x_wconf 84' lang='lat' dir='ltr'><strong>Ortltod.,</strong></span> <span class='ocrx_word' id='word_1_1009' title='bbox 3198 5387 3443 5439; x_wconf 65' lang='lat' dir='ltr'><strong>excellen.</strong></span> 
     </span>
    </p>
   </div>
   <div class='ocr_carea' id='block_1_116' title="bbox 1866 5457 3443 5524">
    <p class='ocr_par' dir='ltr' id='par_1_116' title="bbox 1866 5457 3443 5524">
     <span class='ocr_line' id='line_1_116' title="bbox 1866 5457 3443 5524; baseline -0.006 -8"><span class='ocrx_word' id='word_1_1010' title='bbox 1866 5465 1948 5516; x_wconf 82' lang='lat' dir='ltr'><strong>tis.</strong></span> <span class='ocrx_word' id='word_1_1011' title='bbox 1980 5464 2132 5516; x_wconf 88' lang='lat' dir='ltr'><strong>Colh.</strong></span> <span class='ocrx_word' id='word_1_1012' title='bbox 2174 5465 2222 5524; x_wconf 81' lang='grc'>1,</span> <span class='ocrx_word' id='word_1_1013' title='bbox 2258 5457 2602 5518; x_wconf 75' lang='lat' dir='ltr'><strong>excellentius.</strong></span> <span class='ocrx_word' id='word_1_1014' title='bbox 2644 5463 2951 5524; x_wconf 88' lang='lat' dir='ltr'><strong>Lorichius,</strong></span> <span class='ocrx_word' id='word_1_1015' title='bbox 2984 5458 3266 5512; x_wconf 69' lang='lat' dir='ltr'><strong>excellentis</strong></span> <span class='ocrx_word' id='word_1_1016' title='bbox 3286 5457 3443 5509; x_wconf 77' lang='lat' dir='ltr'><strong>subli-</strong></span> 
     </span>
    </p>
   </div>
   <div class='ocr_carea' id='block_1_117' title="bbox 1867 5526 3445 5599">
    <p class='ocr_par' dir='ltr' id='par_1_117' title="bbox 1867 5526 3445 5599">
     <span class='ocr_line' id='line_1_117' title="bbox 1867 5526 3445 5599; baseline -0.001 -16"><span class='ocrx_word' id='word_1_1017' title='bbox 1867 5534 2055 5586; x_wconf 87' lang='lat' dir='ltr'><strong>mitatis</strong></span> <span class='ocrx_word' id='word_1_1018' title='bbox 2105 5535 2377 5599; x_wconf 79' lang='lat' dir='ltr'><strong>potentiw,</strong></span> <span class='ocrx_word' id='word_1_1019' title='bbox 2427 5545 2571 5596; x_wconf 87' lang='lat' dir='ltr'><strong>etc.,</strong></span> <span class='ocrx_word' id='word_1_1020' title='bbox 2624 5533 2687 5586; x_wconf 76' lang='lat' dir='ltr'><strong>Et</strong></span> <span class='ocrx_word' id='word_1_1021' title='bbox 2744 5532 2875 5584; x_wconf 77' lang='lat' dir='ltr'><strong>infra</strong></span> <span class='ocrx_word' id='word_1_1022' title='bbox 2931 5526 3291 5599; x_wconf 78' lang='lat' dir='ltr'><strong>adntirandtv,</strong></span> <span class='ocrx_word' id='word_1_1023' title='bbox 3338 5536 3445 5581; x_wconf 79' lang='lat' dir='ltr'><strong>etc.</strong></span> 
     </span>
    </p>
   </div>
   <div class='ocr_carea' id='block_1_118' title="bbox 1868 5598 3443 5671">
    <p class='ocr_par' dir='ltr' id='par_1_118' title="bbox 1868 5598 3443 5671">
     <span class='ocr_line' id='line_1_118' title="bbox 1868 5598 3443 5671; baseline -0.004 -15"><span class='ocrx_word' id='word_1_1024' title='bbox 1868 5604 2042 5662; x_wconf 83' lang='lat' dir='ltr'><strong>Murt.,</strong></span> <span class='ocrx_word' id='word_1_1025' title='bbox 2077 5602 2282 5666; x_wconf 86' lang='lat' dir='ltr'><strong>Gertn.,</strong></span> <span class='ocrx_word' id='word_1_1026' title='bbox 2314 5604 2526 5671; x_wconf 78' lang='lat' dir='ltr'><strong>Cump.,</strong></span> <span class='ocrx_word' id='word_1_1027' title='bbox 2558 5602 2875 5666; x_wconf 80' lang='lat' dir='ltr'><strong>Loricltius.,</strong></span> <span class='ocrx_word' id='word_1_1028' title='bbox 2902 5607 2956 5653; x_wconf 92' lang='lat' dir='ltr'><strong>et</strong></span> <span class='ocrx_word' id='word_1_1029' title='bbox 2989 5598 3130 5665; x_wconf 83' lang='lat' dir='ltr'><strong>Ful.,</strong></span> <span class='ocrx_word' id='word_1_1030' title='bbox 3158 5598 3224 5653; x_wconf 86' lang='lat' dir='ltr'><strong>ad</strong></span> <span class='ocrx_word' id='word_1_1031' title='bbox 3252 5613 3443 5652; x_wconf 81' lang='lat' dir='ltr'><strong>meme-</strong></span> 
     </span>
    </p>
   </div>
   <div class='ocr_carea' id='block_1_119' title="bbox 1867 5673 3249 5743">
    <p class='ocr_par' dir='ltr' id='par_1_119' title="bbox 1867 5673 3249 5743">
     <span class='ocr_line' id='line_1_119' title="bbox 1867 5673 3249 5743; baseline -0.001 -18"><span class='ocrx_word' id='word_1_1032' title='bbox 1867 5674 2082 5727; x_wconf 85' lang='lat' dir='ltr'><strong>randum</strong></span> <span class='ocrx_word' id='word_1_1033' title='bbox 2114 5674 2223 5743; x_wconf 82' lang='lat' dir='ltr'><strong>cjzts</strong></span> <span class='ocrx_word' id='word_1_1034' title='bbox 2247 5673 2580 5729; x_wconf 81' lang='lat' dir='ltr'><strong>divinitatem.</strong></span> <span class='ocrx_word' id='word_1_1035' title='bbox 3014 5730 3020 5736; x_wconf 51' lang='grc'><strong>,</strong></span> <span class='ocrx_word' id='word_1_1036' title='bbox 3089 5729 3099 5740; x_wconf 53' lang='grc'><strong>,</strong></span> <span class='ocrx_word' id='word_1_1037' title='bbox 3242 5685 3249 5691; x_wconf 91' lang='grc'><strong>·</strong></span> 
     </span>
    </p>
   </div>
  </div>
