3944 6176
564 317 667 371 225

1834 320 2137 377 VICTORIS
2177 320 2469 379 \‘lTENSIS

3713 337 3813 390 εει

482 465 495 479 .
567 429 669 483 rim
724 448 735 484 ε
781 431 979 486 Euarra
1027 434 1156 486 mihi
1196 436 1407 488 modum
1459 437 1539 488 vel
1585 437 1889 503 qualitatem
1936 436 2127 489 divina:
2158 436 2207 493 Α
2236 434 2354 488 dem
2386 436 2521 489 Filio
2542 437 2668 491 dicit
2693 457 2704 490 :
2730 440 2961 503 Quicum
2988 445 3053 496 sit
3081 446 3535 514 splendorgloriw.
3564 460 3609 500 et
3638 451 3809 520 ﬁgura

567 523 941 587 genera'iouis,
969 534 1021 576 et
1048 523 1177 577 tanti
1198 525 1388 579 secreti
1408 539 1661 579 arcanum
1684 526 1929 580 humanis
1956 529 2133 581 verbis

566 613 800 674 cnuntia,
825 613 1072 679 quoniam
1097 614 1237 669 unde
1263 627 1417 669 natus
1445 616 1534 677 sit,
1559 632 1664 670 non
1685 618 2128 686 quemadmodum

567 710 720 754 natus
747 701 816 754 sit
843 704 1112 771 requisivi.
1145 704 1329 759 Divina
1361 707 1501 759 enim
1539 708 1815 776 generatio
1859 710 2126 765 inenarra-

568 789 687 844 bilis
726 800 836 856 est,
879 808 985 846 non
1034 795 1356 861 ignorabilis.
1391 794 1522 849 Nam
1566 812 1730 865 usque
1756 799 1890 853 adeo
1915 814 2019 853 non
2049 810 2133 854 est

568 882 908 949 ignorabitis,
939 883 988 935 id
1017 892 1101 937 est
1132 899 1234 937 non
1266 885 1539 953 ignoratur
1567 887 1709 941 unde
1737 887 1828 952 sit,
1862 898 1917 942 ut
1942 898 1997 943 et
2027 890 2129 943 Pa-

572 982 653 1023 ter
671 970 739 1025 de
766 973 942 1039 seipso
970 974 1250 1041 genuisse,
1280 986 1330 1027 et
1362 974 1526 1029 Filius
1571 976 1637 1031 de
1674 977 1831 1032 Patre
1865 993 1923 1033 se
1952 988 2130 1033 natum

570 1060 863 1127 saepissime
896 1072 1238 1129 protestetur,
1265 1065 1405 1131 quod
1435 1066 1614 1120 nullus
1654 1068 1871 1122 omnino
1913 1069 2133 1139 ambigit

567 1148 930 1217 Christianus,
969 1152 1107 1206 sicut
1146 1152 1201 1206 in
1250 1153 1542 1223 Evangelio
1571 1156 1983 1224 demonstratur,
2014 1160 2129 1229 ipso

567 1240 704 1294 Filio
732 1243 942 1298 dicente
985 1260 999 1296 :
1047 1244 1145 1307 Qui
1182 1254 1351 1298 autem
1378 1263 1477 1299 non
1508 1248 1688 1313 credit,
1716 1253 1830 1321 jam
1865 1252 2131 1318 judicatus

566 1344 661 1397 est,
682 1333 803 1401 quia
824 1349 924 1385 non
948 1335 1103 1387 credit
1124 1336 1176 1387 in
1195 1338 1395 1391 nomine
1415 1339 1660 1408 unigeniti
1687 1338 1815 1393 Filii
1838 1341 1933 1395 Dei
1948 1341 2127 1414 (Joan.

564 1436 647 1487 ιιι,
682 1423 787 1491 ιι).
810 1423 937 1477 Item
967 1423 1199 1478 Joannes
1223 1426 1545 1496 evangelista
1578 1429 1705 1484 dicit
1732 1447 1745 1484 :
1779 1433 1883 1502 26
1911 1431 1979 1485 Et
2003 1435 2133 1486 vidi-

565 1528 676 1564 mus
704 1513 918 1581 gloriam
944 1518 1077 1582 ejus,
1107 1517 1323 1586 gloriam
1345 1529 1583 1590 tanquam
1615 1521 1876 1591 Unigeniti
1912 1540 1945 1577 a
1973 1524 2134 1579 Patre

571 1601 749 1668 (Joan.
785 1620 824 1669 ι,
857 1606 969 1673 M).
998 1606 1140 1674 Ergo
1169 1609 1551 1674 professionem
1584 1622 1817 1667 nostram
1843 1613 1991 1669 brevi
2020 1631 2134 1669 ser-

568 1706 726 1745 mone
756 1694 1139 1750 concludimus.
1174 1697 1398 1767 [Laud.,
1432 1700 1606 1771 Sicut]
1640 1703 1693 1758 Si
1727 1718 1851 1759 vere
1880 1704 1946 1759 de
1976 1705 2132 1761 Patre

2235 528 2533 581 substantia.-
2573 533 2685 599 ejus
2729 530 2920 600 (llebr.
2952 550 2997 596 ι,
3038 534 3103 603 5)
3143 552 3156 588 :
3198 538 3249 589 in
3282 555 3390 605 quo
3427 539 3729 595 evidentius
3755 556 3808 599 et

2236 628 2534 675 coaeternus
2566 622 2742 689 Patri,
2794 638 2847 678 et
2893 627 3261 691 inseparabilis
3288 645 3314 681 a
3349 630 3537 697 Patre,
3572 643 3627 687 et
3656 637 3810 690 unius

2236 726 2354 764 cum
2381 728 2446 766 eo
2473 728 2593 768 esse
2619 715 2930 770 substantiae
2958 719 3294 788 perdocetur,
3334 722 3459 776 dum
3493 724 3594 778 luci
3625 726 3808 793 splen-

2238 799 2338 855 dor
2365 815 2577 871 semper
2597 815 2679 857 est
2700 816 3018 868 coaeternus,
3048 808 3172 862 dum
3205 812 3462 877 splendor
3483 828 3512 868 a
3540 814 3644 885 [aL
3670 817 3808 883 luce}

2237 892 2436 946 lumine
2463 910 2727 963 nunquam
2755 907 2832 950 est
2863 908 3159 966 separatus,
3190 902 3315 956 dum
3343 906 3592 969 splendor
3620 922 3651 959 a
3684 908 3805 961 luce

2242 991 2264 1019 ε
2300 990 2485 1034 natura
2529 985 2608 1037 vel
2650 986 2943 1038 substantia
2975 1004 3240 1056 nunquam
3274 1001 3446 1059 potest
3474 1009 3595 1049 esse
3630 995 3809 1050 diver-

2236 1084 2347 1123 sus.
2380 1072 2478 1136 Qui
2513 1073 2654 1126 enim
2683 1076 2936 1141 splendor
2964 1078 3099 1132 locis
3123 1089 3233 1145 est,
3270 1081 3410 1136 idem
3442 1094 3496 1138 et
3519 1085 3609 1139 Dei
3637 1085 3810 1140 Patris

2236 1162 2404 1215 virtus
2440 1173 2522 1217 εει
2564 1180 2579 1218 2
2623 1167 2980 1232 sempiternus
3005 1183 3132 1237 ergo
3160 1181 3376 1239 propter
3406 1174 3613 1228 virtutis
3641 1186 3806 1230 aeter-

2236 1256 2453 1307 nitatem
2478 1295 2493 1317 ,
2528 1257 2893 1324 inseparabilis
2921 1272 3144 1327 propter
3173 1263 3500 1317 claritudinis
3528 1266 3803 1321 unitatem.

2234 1344 2302 1398 Et
2338 1344 2437 1397 hoc
2466 1357 2545 1398 est
2578 1347 2715 1412 quod
2750 1362 2847 1400 nos
2876 1348 3105 1403 ﬁdeliter
3150 1351 3476 1418 profitemur,
3511 1355 3699 1408 Filium
3743 1359 3809 1410 de

2237 1435 2406 1489 Patris
2437 1436 2729 1491 substantia
2761 1448 2973 1503 natum;
3006 1441 3141 1494 sicut
3169 1442 3281 1508 ipse
3303 1443 3457 1497 Pater
3490 1445 3625 1498 Deus
3656 1462 3807 1515 aper-

2236 1528 2499 1583 tissimum
2549 1529 2795 1596 perhibet
2823 1532 3208 1587 testimonium.
3240 1534 3339 1600 Qui
3370 1544 3432 1589 ut
3459 1536 3527 1589 de
3552 1550 3645 1589 sua
3674 1537 3805 1592 inef-

2234 1618 2409 1671 labilis
2466 1628 2670 1673 natura:
2716 1622 3009 1675 substantia
3056 1625 3329 1691 proprium
3379 1642 3438 1679 se
3483 1625 3671 1681 Filium
3720 1644 3809 1695 ge-

2235 1708 2415 1763 nuisse
2442 1719 2782 1777 monstraret,
2807 1710 2871 1763 ad
2896 1710 3261 1766 instruendam
3290 1713 3591 1783 fragilitatis
3611 1727 3807 1771 nostra:

567 1790 721 1834 natus
747 1792 855 1851 est,
889 1784 1045 1841 unius
1071 1787 1382 1843 substantiae
1409 1799 1519 1856 est,
1550 1802 1603 1846 et
1640 1794 1743 1863 [ιιι.
1786 1796 1938 1865 vere]
1972 1812 2130 1851 verus
2166 1790 2207 1848 Β
2238 1798 2554 1866 imperitiam
2575 1842 2589 1863 ,
2624 1808 2681 1854 ut
2712 1815 2807 1853 nos
2850 1816 2915 1855 ex
2954 1800 3252 1855 visibilibus
3292 1804 3356 1856 ad
3390 1805 3674 1859 invisibilia
3703 1808 3807 1861 eri-

564 1872 731 1927 Filius
751 1886 861 1941 est;
887 1878 976 1929 sed
1000 1878 1042 1930 si
1073 1880 1226 1933 unius
1254 1882 1565 1937 substantia:
1597 1900 1701 1938 non
1731 1895 1832 1949 est,
1859 1902 1956 1939 nec
1974 1902 2130 1941 verus

563 1964 730 2018 Filius
753 1975 867 2030 est;
896 1975 949 2020 et
975 1969 1019 2021 si
1045 1984 1203 2023 verus
1235 1971 1273 2024 F
1279 1972 1397 2025 ilius
1425 1989 1530 2027 non
1556 1983 1656 2041 est,
1684 1990 1781 2030 nec
1806 1992 1961 2031 verus
1990 1977 2130 2033 Deus

562 2064 664 2108 εει.
691 2056 796 2110 Aut
823 2056 868 2111 si
901 2072 1055 2112 verus
1089 2059 1227 2115 Deus
1256 2073 1369 2125 εει,
1410 2073 1465 2117 ει
1495 2076 1668 2118 tamen
1697 2067 1764 2120 de
1796 2066 1969 2122 Patris
1998 2069 2126 2122 sub-

562 2145 756 2198 stantia
783 2161 886 2200 non
909 2157 1018 2212 est,
1061 2150 1325 2219 ingenitus
1363 2166 1490 2221 ergo
1519 2165 1571 2207 et
1601 2155 1714 2223 ipse
1742 2163 1845 2210 est.
1869 2156 1972 2212 Sed
2003 2161 2123 2227 quia

561 2237 827 2302 ingenitus
856 2256 958 2295 non
990 2252 1090 2308 est,
1121 2244 1319 2297 factura
1350 2260 1478 2315 ergo
1507 2256 1609 2312 est,
1641 2259 1695 2301 ut
1726 2248 1853 2319 [al.,
1878 2252 2125 2322 putetur]

564 2338 795 2398 putatur,
825 2331 1038 2386 aliunde
1083 2335 1379 2392 subsistens
1400 2378 1414 2400 ,
1457 2338 1501 2392 si
1530 2338 1597 2393 de
1628 2339 1799 2395 Patris
1834 2344 2125 2397 substantia

562 2434 665 2472 non
691 2430 793 2475 est.
826 2421 931 2477 Sed
961 2426 1099 2479 absit
1130 2426 1229 2480 hoc
1260 2428 1327 2480 ita
1370 2430 1611 2485 credere.
1649 2431 1756 2487 Nos
1786 2433 1926 2488 enim
1973 2436 2126 2490 unius

559 2513 869 2569 substantia:
893 2531 1011 2570 cum
1044 2519 1196 2574 Patre
1218 2520 1410 2576 Filium
1438 2525 1770 2592 proﬁtemur,
1802 2527 2126 2583 detestantes

560 2606 916 2662 Sabellianam
966 2609 1209 2666 haeresim
1232 2653 1246 2677 ,
1278 2631 1397 2684 quae
1435 2617 1504 2671 ita
1545 2627 1781 2672 sanctam
1811 2619 2122 2674 Trinitatem

558 2698 866 2765 confundit,
901 2711 957 2755 ut
996 2705 1241 2759 eumdem
1268 2707 1410 2761 dicat
1452 2722 1573 2763 esse
1613 2709 1823 2765 Patrem
1851 2726 2006 2781 quem
2043 2713 2122 2765 Fi-

560 2786 727 2852 lium,
759 2791 1117 2862 ettmdemque
1157 2796 1342 2849 credat
1384 2813 1504 2852 esse
1552 2798 1804 2868 Spiritum
1844 2810 2080 2855 sanctum
2108 2844 2121 2865 ,

560 2894 663 2932 non
691 2896 909 2937 servans
934 2895 1043 2938 tres
1078 2889 1126 2939 in
1160 2889 1358 2942 unitate
1388 2905 1657 2957 personas.

628 2969 736 3024 VII.
772 2970 991 3039 Ingeniti
1021 2983 1067 3026 et
1096 2977 1251 3043 geniti
1276 2981 1447 3030 eadem
1469 2980 1766 3033 substantia.
1800 3011 1867 3021 —
1890 2984 1992 3036 Sed
2021 2982 2124 3036 ior-

558 3060 694 3113 sitan
725 3062 971 3130 obiicitur
1016 3082 1028 3117 :
1073 3066 1202 3120 Cum
1257 3068 1521 3136 ingenitus
1561 3070 1717 3126 Pater
1759 3074 1859 3139 sit,
1908 3076 2121 3142 genitus

2233 1898 2405 1956 geret,
2436 1899 2662 1945 terrente
2692 1892 2981 1947 nativitatis
3008 1895 3321 1949 vocabulum
3344 1896 3407 1948 ad
3430 1896 3622 1950 divina:
3643 1914 3807 1966 gene-

2234 1980 2455 2035 rationis
2506 1984 2663 2036 traxit
2706 1984 3036 2051 exemplutn,
3066 1984 3250 2038 dicens
3293 2004 3306 2040 :
3360 1986 3438 2040 Ea:
3498 1997 3640 2040 utero
3687 2002 3806 2043 ante

2233 2072 2499 2138 luciferum
2527 2075 2677 2140 genui
2719 2082 2767 2127 te
2796 2074 2929 2142 (Ps.
2961 2090 3077 2139 ets,
3109 2074 3198 2145 5).
3245 2078 3378 2143 Quid
3417 2078 3644 2142 clarius,
3677 2079 3805 2148 quid

2232 2163 2552 2218 loculentius
2583 2165 2732 2219 effari
2764 2166 3022 2220 Divinitas
3063 2168 3409 2237 dignaretur?
3437 2169 3637 2235 Quibus
3669 2172 3806 2225 indi-

2230 2255 2343 2317 ciis,
2377 2254 2567 2323 quibus
2604 2256 2942 2311 existentium
2989 2275 3166 2312 rerum
3213 2261 3474 2327 exetnplis
3506 2264 3804 2331 proprieta-

2232 2357 2335 2397 tem
2366 2347 2724 2413 generationis
2756 2348 2924 2417 potuit
2953 2349 3231 2415 intimare,
3262 2366 3421 2420 quam
3450 2362 3504 2405 ut
3543 2369 3634 2421 per
3666 2357 3801 2409 uteri

2229 2435 2640 2503 appellationem
2673 2439 3052 2505 proiirietatem
3084 2437 3109 2475 ἀ
3142 2441 3415 2509 genitricis
3458 2443 3805 2498 ostenderet?

2230 2541 2332 2578 non
2361 2528 2481 2595 quia
2514 2530 2789 2596 corporeis
2811 2530 3135 2596 compositus
3163 2539 3247 2585 est
3266 2532 3539 2597 membris,
3576 2544 3667 2588 aut
3694 2534 3795 2588 ali-

2232 2618 2425 2684 quibus
2468 2628 2675 2672 artuum
2717 2620 3052 2674 lineamentis
3078 2621 3391 2685 distiuctus;
3424 2624 3518 2677 sed
3548 2625 3670 2691 quia
3702 2641 3803 2679 nos

2229 2706 2381 2758 aliter
2395 2707 2669 2761 veritatem
2689 2707 2880 2761 divinae
2896 2711 3255 2777 generationis
3272 2709 3453 2763 auditu
3470 2713 3662 2765 mentis
3683 2727 3801 2780 per-

2227 2799 2407 2862 cipere
2430 2812 2533 2848 non
2566 2812 2862 2864 possemus,
2882 2798 2979 2851 nisi
2997 2798 3211 2851 humani
3233 2800 3363 2853 uteri
3390 2815 3802 2867 provocaremur

2230 2887 2505 2952 vocabulo,
2528 2889 2785 2957 utambigi
2809 2890 2941 2941 ultra
2964 2904 3064 2944 non
3081 2899 3276 2957 posset,
3294 2890 3359 2944 de
3378 2892 3467 2945 Dei
3499 2892 3794 2947 substantia

2230 2986 2405 3029 natum
2434 2992 2582 3039 esse,
2620 2994 2774 3046 quem
2797 2987 3005 3032 constat
3028 2994 3091 3032 ex
3125 2979 3295 3033 Patris
3326 2992 3475 3033 utero
3505 2983 3798 3038 exstitisse.

2299 3066 2401 3134 27
2428 3064 2555 3120 Vlll.
2583 3066 2805 3120 Indieisa
2830 3067 2923 3121 Dei
2942 3068 3244 3123 substantia.
3268 3070 3645 3126 —Credenlcs
3668 3088 3800 3141 ergo

558 3149 721 3204 Filius
741 3191 756 3215 ,
802 3169 907 3207 non
956 3155 1066 3209 ﬁeri
1100 3171 1257 3225 posse
1295 3175 1455 3213 unam
1494 3162 1844 3233 eamdemque
1875 3168 2117 3219 substan.
2146 3148 2192 3209 C
2227 3153 2392 3208 Deum
2422 3155 2627 3209 Patrem
2653 3161 2719 3211 de
2748 3172 2843 3211 sua
2872 3159 3162 3213 subSIantia
3182 3159 3579 3227 impassibiliter
3601 3163 3798 3217 Filium

557 3242 682 3295 tiam
713 3246 872 3313 geniti
903 3257 1060 3317 atque
1089 3249 1306 3318 ingeniti
1340 3268 1352 3302 :
1385 3266 1504 3305 cum
1532 3254 1711 3321 utique
1730 3258 1773 3309 si
1809 3257 1946 3311 sicut
1976 3258 2124 3327 iuge-

557 3336 697 3388 nitus
727 3336 883 3391 Pater
913 3348 1026 3404 est,
1060 3341 1326 3409 ingenitus
1374 3354 1516 3397 esset
1556 3345 1751 3411 Filius,
1801 3357 1924 3402 tunc
1955 3353 2122 3420 magis

554 3423 765 3479 diversa
811 3439 985 3496 posset
1017 3444 1137 3484 es-e
1175 3432 1467 3487 substantia
1489 3476 1503 3498 ,
1533 3436 1655 3503 quia
1688 3439 2047 3509 unusquisque
2092 3456 2119 3494 a

554 3520 731 3587 seipso
760 3521 1054 3578 subsESIens
1077 3539 1409 3581 communem
1438 3529 1782 3584 substantiam
1811 3547 1932 3587 cum
1953 3537 2121 3591 altero

556 3628 658 3664 non
689 3612 928 3668 haberet.
961 3612 1093 3668 Cum
1118 3632 1243 3670 vero
1268 3618 1532 3686 ingenitUs
1558 3620 1715 3675 Pater
1744 3621 1813 3677 de
1838 3623 2035 3691 seipso,
2070 3626 2119 3679 id

553 3711 634 3754 est
674 3702 741 3756 de
779 3718 844 3757 eo
870 3704 1009 3772 quod
1051 3705 1164 3774 ipse
1207 3718 1289 3760 est
1311 3748 1326 3772 ,
1361 3717 1385 3744 ⁸
1418 3711 1461 3762 si
1489 3710 1613 3779 quid
1647 3711 1771 3766 illud
1793 3725 1874 3768 est
1905 3726 1992 3768 aut
2015 3716 2118 3771 dici

556 3802 725 3858 potest
754 3795 899 3860 (imo
929 3797 1047 3862 quia
1098 3806 1154 3851 ut
1200 3808 1284 3852 est
1327 3800 1431 3855 dici
1462 3803 1679 3858 omnino
1727 3820 1831 3859 non
1879 3808 2117 3876 potest),

557 3882 745 3935 Filium
774 3889 1070 3951 generavit,
1102 3900 1318 3954 apparet
1347 3906 1501 3944 unam
1525 3908 1643 3949 esse
1673 3897 1935 3965 gignentis
1964 3899 2115 3966 geni-

553 3976 699 4041 tique
724 3974 1069 4030 substantiam
1090 4016 1106 4043 ,
1136 3979 1257 4046 quia
1290 3979 1453 4035 Deum
1481 3982 1547 4037 de
1580 3984 1710 4050 Deo,
1743 3987 1919 4040 lumen
1948 3991 2014 4043 de
2041 3990 2118 4041 lu-

553 4068 695 4121 mine
740 4066 930 4121 Filiutn
962 4082 1080 4122 esse
1108 4072 1371 4127 veraciter
1396 4075 1723 4142 profitemur.
1770 4076 1899 4129 Nam
1945 4079 2113 4132 lucem

550 4173 672 4211 esse
708 4158 916 4214 Patrem
955 4160 1183 4217 Joannes
1227 4165 1498 4232 apostolus
1543 4166 1690 4219 testis
1735 4177 1845 4234 est,
1881 4168 2063 4221 dicens
2100 4188 2111 4222 :

554 4249 689 4312 Quia
718 4248 851 4303 Deus
872 4252 962 4304 lux
987 4262 1059 4304 est
1077 4291 1092 4315 ,
1139 4263 1188 4305 et
1213 4252 1427 4305 tenebrw
1456 4258 1507 4306 in
1535 4270 1591 4306 eo
1620 4269 1722 4307 non
1753 4268 1870 4309 sunt
1906 4259 2027 4311 ulla:
2062 4258 2115 4329 (Ι

549 4339 704 4394 Joan.
733 4358 779 4406 t,
809 4340 927 4411 54).
964 4341 1091 4395 Item
1122 4343 1189 4397 de
1218 4342 1355 4396 Filio
1383 4344 1456 4396 ait
1488 4360 1503 4397 :
1538 4343 1601 4397 Et
1636 4346 1737 4399 vita
1759 4356 1862 4399 erat
1890 4348 1979 4401 tua:
2016 4349 2111 4401 ho-

550 4434 771 4496 minum,
820 4445 867 4487 et
906 4437 994 4487 tua:
1035 4435 1089 4487 in
1130 4434 1343 4488 tenebris
1371 4435 1533 4501 lucet,
1562 4446 1608 4489 et
1636 4440 1848 4492 tenebrae
1871 4456 1983 4492 eam
2009 4457 2109 4494 non

2225 3265 2531 3319 generasse,
2561 3267 2665 3305 non
2696 3253 2924 3307 dicimus
2963 3254 3130 3322 ipsam
3168 3254 3515 3309 substantiam
3541 3266 3633 3310 aut
3662 3258 3799 3311 divi-

2224 3356 2337 3395 sam
2368 3356 2488 3396 esse
2528 3343 2578 3396 in
2620 3342 2773 3408 Filio,
2817 3353 2907 3397 aut
2950 3344 3359 3399 diminutionem
3414 3346 3702 3413 pertulisse
3745 3349 3801 3402 in

2228 3431 2417 3497 Patre;
2441 3443 2493 3487 et
2525 3449 2619 3500 per
2649 3433 2748 3486 hoc
2780 3433 3044 3500 passionis
3073 3435 3307 3502 potuisse
3338 3436 3466 3488 vitio
3495 3436 3795 3504 subiacere.

2223 3520 2374 3576 Absit
2403 3522 2542 3577 enim
2574 3538 2603 3575 a
2647 3523 2818 3587 nobis,
2851 3534 2905 3577 ut
2935 3524 3058 3577 talia
3090 3524 3173 3579 vel
3213 3523 3516 3590 opinemur,
3546 3526 3629 3580 vel
3655 3528 3799 3591 cogi-

2224 3624 2419 3677 temus,
2460 3614 2541 3668 vel
2577 3613 2855 3667 credamus
2898 3613 2966 3667 de
2998 3614 3146 3667 Deo:
3184 3614 3305 3682 quia
3360 3629 3458 3669 nos
3499 3614 3797 3681 perfectum

2225 3705 2460 3767 Patrem,
2493 3704 2783 3770 perfectum
2815 3703 3006 3757 Filium
3028 3703 3145 3758 sine
3168 3705 3248 3758 sui
3279 3705 3653 3769 diminutione,
3678 3706 3797 3758 sine

2221 3796 2396 3864 aliqua
2422 3796 2769 3859 derivatione,
2800 3795 2915 3849 sine
2943 3794 3085 3847 omni
3116 3794 3335 3847 omnino
3366 3794 3627 3860 passionis
3649 3794 3800 3847 infir-

2222 3890 2407 3942 mitate
2443 3890 2692 3956 genuisse
2720 3888 2946 3941 ﬁdeliter
2976 3887 3303 3954 profitemur.
3336 3885 3464 3939 Nam
3492 3886 3582 3953 qui
3612 3886 3802 3953 objicit

2223 3979 2351 4043 Dt‘O,
2382 3978 2519 4046 quod
2547 3980 2589 4031 si
2620 3980 2686 4032 de
2713 3978 2892 4047 seipso
2940 3979 3138 4047 genuit,
3165 3978 3443 4032 divisionis
3464 3977 3651 4031 vitium
3676 3993 3799 4046 per-

2222 4070 2356 4130 tulit,
2390 4078 2560 4137 putest
2605 4068 2784 4122 dicere
2813 4072 2933 4138 quia
2967 4078 3022 4123 et
3063 4069 3299 4123 laborem
3341 4070 3532 4134 sensit,
3580 4069 3805 4137 quando

2219 4161 2463 4215 universa
2493 4159 2751 4225 condidit,
2790 4169 2846 4214 et
2883 4160 2952 4214 ob
2996 4160 3097 4215 hoc
3129 4160 3215 4214 die
3261 4160 3489 4226 septima
3538 4160 3608 4214 ab
3648 4164 3795 4214 omni

2217 4266 2379 4319 Opere
2407 4266 2503 4305 suo
2526 4251 2803 4319 requievit.
2847 4251 2949 4305 Sed
2978 4265 3076 4304 nec
3107 4250 3158 4303 in
3187 4249 3494 4318 generando
3523 4249 3591 4304 de
3612 4251 3801 4318 seipse

2218 4342 2519 4411 passionem
2550 4341 2631 4395 vel
2659 4341 3063 4394 diminutionem
3096 4342 3328 4409 aliquam
3376 4339 3568 4405 sensit,
3602 4354 3705 4393 nec
3740 4340 3796 4393 in

2215 4434 2493 4488 condendo
2550 4434 2797 4486 universa
2854 4431 3216 4499 fatigationem
3274 4432 3505 4499 aliquam
3554 4432 3793 4500 pertulit.

550 4523 1027 4590 comprehenderunt
1057 4524 1232 4592 (Joan.
1263 4541 1310 4591 I,
1342 4527 1399 4593 4,
1433 4527 1518 4596 5).
1556 4527 1617 4580 Ει
1644 4528 1779 4581 infra
1812 4546 1825 4582 :
1865 4529 1987 4583 Erat
2032 4530 2113 4584 lu-
2144 4506 2193 4566 Ῐ)
2218 4526 2455 4592 Namque
2478 4535 2534 4578 ut
2560 4522 2859 4579 evidentius
2898 4522 3053 4577 nobis
3078 4522 3273 4579 divina
3298 4523 3665 4590 εεηθηιὶοηίε
3696 4524 3797 4576 im'

553 4628 662 4663 men
688 4628 875 4677 verum,
904 4617 1039 4681 quod
1064 4618 1321 4671 illuminat
1342 4634 1537 4672 onmem
1559 4618 1809 4672 hominem
1841 4623 2111 4677 venientem

551 4705 602 4756 in
634 4706 765 4756 hunc
791 4707 1031 4758 mundum
1061 4707 1244 4776 (Ibid.,
1276 4711 1360 4777 9).
1398 4712 1545 4766 Unde
1576 4723 1794 4780 apparet
1826 4714 2033 4769 Patrem
2060 4726 2113 4770 et

554 4796 741 4849 Filium
790 4796 942 4850 unius
979 4812 1098 4851 esse
1137 4800 1477 4866 substantiae,
1510 4802 1634 4855 dum
1664 4804 1796 4857 lucis
1825 4819 1877 4857 et
1898 4804 2112 4858 luminis

549 4886 759 4939 diversa
786 4900 887 4939 non
921 4895 1093 4954 potest
1117 4902 1235 4941 csse
1264 4891 1554 4944 subsntntia
1594 4893 1731 4960 ejus,
1769 4894 2111 4963 scilicetqua:

549 4976 617 5029 dc
641 4991 699 5030 se
725 4979 923 5046 gignit,
954 4990 1003 5032 et
1037 4995 1153 5048 quae
1194 4977 1220 5016 δ
1263 4980 1330 5035 de
1359 4996 1416 5035 se
1442 4985 1689 5051 gignente
1718 4986 1915 5040 existit.
1952 4987 2108 5039 Deni-

548 5082 651 5136 que
678 5084 744 5122 ne
771 5069 962 5139 aliquis
1007 5070 1144 5124 inter
1184 5071 1394 5125 Patrem
1437 5083 1490 5126 et
1528 5074 1716 5129 Filium
1745 5075 2106 5129 diversitatem

550 5159 802 5215 naturalis
852 5159 1065 5215 luminis
1108 5161 1434 5229 iutroducat,
1470 5164 1589 5219 ideo
1616 5167 1897 5233 Apostolus
1928 5167 1993 5219 de
2018 5182 2111 5221 εο-

622 5373 644 5401 “
677 5362 971 5427 Lorichius,
1016 5361 1075 5433 Si
1110 5362 1313 5431 quidem
1353 5361 1480 5415 illud
1511 5372 1597 5415 aut
1640 5364 1740 5416 dici
1784 5374 1978 5433 potest,
2009 5367 2112 5417 into

549 5436 666 5500 quia
692 5445 746 5488 ut
779 5434 877 5487 dici
903 5432 1102 5485 omnino
1138 5447 1237 5484 non
1267 5438 1460 5497 potest,
1492 5444 1593 5487 etc.
1625 5432 1792 5487 Rhen.
1836 5444 1892 5487 ut
1930 5445 2107 5489 nostra

548 5506 700 5567 edit.,
730 5507 828 5557 nisi
850 5504 985 5574 quod
1012 5517 1107 5579 pro
1135 5502 1334 5579 omnino
1363 5501 1520 5579 habet
1549 5506 1735 5579 omnia.
1766 5574 1770 5579 ‘

623 5574 647 5610 ιι
676 5577 730 5626 In
760 5567 1025 5645 pica-isque
1047 5573 1193 5628 deest
1218 5585 1287 5624 se.
1312 5567 1586 5625 Loriehitts
1613 5572 1770 5627 habet
1793 5574 1855 5625 de
1881 5574 2111 5643 gignente

548 5655 823 5771 ω’ἷδῖἶίὶι).
860 5718 909 5773 l.
939 5718 1183 5771 naturalis
1208 5712 1518 5769 substantiis.
1553 5713 1703 5768 Mart.
1732 5722 1782 5766 et
1804 5711 1953 5765 Ortb.
1986 5724 2105 5763 cum

2218 4618 2536 4686 p.issibi|itas
2566 4626 2589 4653 θ
2621 4616 3098 4677 demonstraretur,
3149 4613 3316 4667 Deum
3360 4628 3427 4667 ex
3454 4613 3565 4667 Deo
3613 4613 3796 4667 lumen

2218 4708 2385 4777 [Lor.,
2420 4706 2509 4776 de]
2538 4722 2601 4759 ex
2633 4704 2830 4758 lumine
2864 4704 3049 4757 Filium
3079 4702 3432 4772 proﬁtendum
3462 4704 3795 4772 accepimus.

2214 4801 2269 4853 Si
2299 4813 2426 4867 ergo
2456 4801 2505 4851 in
2534 4796 2817 4852 efﬁcientia
2842 4796 3063 4849 visibilis
3085 4810 3146 4849 ac
3168 4795 3420 4850 mundani
3449 4794 3669 4848 luminis
3692 4795 3803 4847 tale

2215 4891 2414 4958 aliquid
2447 4890 2737 4951 invenitur,
2761 4897 2819 4941 ut
2857 4888 3058 4942 lumine
3087 4904 3152 4941 ex
3200 4888 3402 4941 lumine
3448 4898 3693 4954 sumpto,
3742 4898 3800 4941 et

2216 4996 2312 5050 per
2335 4978 2617 5049 quamdam
2660 4976 3019 5047 generationis
3051 4977 3381 5030 nativitatem
3426 4986 3635 5039 exorto,
3680 4974 3799 5043 ipsa

2218 5071 2431 5126 luminis
2460 5068 2629 5135 origo,
2662 5082 2779 5136 quae
2802 5082 2864 5121 ex
2898 5082 2955 5119 se
2982 5066 3163 5120 lttmen
3194 5066 3338 5120 aliud
3366 5066 3535 5133 dedit,
3570 5079 3673 5119 nec
3697 5065 3794 5119 mi-

2219 5162 2331 5224 nui,
2365 5176 2462 5214 nec
2490 5161 2656 5213 ullum
2687 5160 2903 5212 omnino
2927 5158 3302 5213 detrimentum
3327 5159 3615 5212 ministrati
3640 5174 3711 5213 ex
3738 5172 3799 5212 se

2219 5363 2484 5424 Loricltio,
2509 5370 2691 5414 natura
2712 5376 2768 5412 ac
2790 5361 3087 5413 substantia.
3115 5359 3327 5427 Comp.,
3351 5361 3596 5431 splendor
3621 5378 3653 5414 a
3686 5363 3800 5418 luce

2216 5450 2275 5486 ac
2301 5432 2599 5485 substantia.
2629 5430 2892 5492 Rhenum,
2916 5439 3097 5481 natura
3119 5430 3432 5484 substantia}.

2287 5499 2312 5536 ἀ
2340 5501 2538 5581 Omnes
2559 5514 2709 5580 mss,
2725 5497 3085 5581 prtelerC2l_b.
3118 5499 3137 5549 l
3163 5507 3216 5579 ct
3238 5498 3407 5581 Port.,
3426 5502 3797 5581 generationis,

2217 5571 2350 5624 sicut
2380 5579 2435 5622 et
2458 5568 2717 5623 editiones
2740 5575 2946 5619 veteres
2974 5568 3212 5622 thcnani
3241 5578 3295 5622 et
3318 5568 3574 5625 Loricliii.

2289 5649 2313 5675 ο
2347 5638 2541 5699 Laud.,
2576 5636 2724 5691 Coll).
2763 5636 2818 5699 9.,
2870 5636 3139 5701 libellam,
3191 5639 3476 5694 Lorichius
3518 5650 3572 5695 ει
3609 5641 3792 5709 Orllt.,

2216 5709 2554 5762 insinuaretur
2567 5752 2579 5765 ,
