  <div class='ocr_page' id='page_1' title='image "/cluster/home/n/w/nwhite01/storage/ocr_20150623/58/hvd.32044073505109/118.png"; bbox 0 0 3944 6176; ppageno 0'>
   <div class='ocr_carea' id='block_1_1' title="bbox 185 322 276 376">
    <p class='ocr_par' dir='ltr' id='par_1_1' title="bbox 185 322 276 376">
     <span class='ocr_line' id='line_1_1' title="bbox 185 322 276 376; baseline 0.022 -2"><span class='ocrx_word' id='word_1_1' title='bbox 185 322 276 376; x_wconf 65' lang='lat'><strong>225</strong></span> 
     </span>
    </p>
   </div>
   <div class='ocr_carea' id='block_1_2' title="bbox 1110 310 2467 375">
    <p class='ocr_par' dir='ltr' id='par_1_2' title="bbox 1110 310 2467 375">
     <span class='ocr_line' id='line_1_2' title="bbox 1110 310 2467 375; baseline -0.008 1"><span class='ocrx_word' id='word_1_2' title='bbox 1110 321 1196 375; x_wconf 88' lang='lat' dir='ltr'><strong>DE</strong></span> <span class='ocrx_word' id='word_1_3' title='bbox 1234 311 1748 373; x_wconf 76' lang='lat' dir='ltr'><strong>PERSECUTIONE</strong></span> <span class='ocrx_word' id='word_1_4' title='bbox 1792 310 2174 366; x_wconf 77' lang='lat' dir='ltr'><strong>VANDALICA</strong></span> <span class='ocrx_word' id='word_1_5' title='bbox 2214 311 2339 366; x_wconf 89' lang='lat' dir='ltr'><strong>LIB.</strong></span> <span class='ocrx_word' id='word_1_6' title='bbox 2384 312 2467 365; x_wconf 89' lang='lat' dir='ltr'><strong>Ill.</strong></span> 
     </span>
    </p>
   </div>
   <div class='ocr_carea' id='block_1_3' title="bbox 3314 320 3423 378">
    <p class='ocr_par' dir='ltr' id='par_1_3' title="bbox 3314 320 3423 378">
     <span class='ocr_line' id='line_1_3' title="bbox 3314 320 3423 378; baseline 0.037 -4"><span class='ocrx_word' id='word_1_7' title='bbox 3314 320 3423 378; x_wconf 61' lang='grc' dir='ltr'><strong>ἰεῦ</strong></span> 
     </span>
    </p>
   </div>
   <div class='ocr_carea' id='block_1_4' title="bbox 188 421 3419 499">
    <p class='ocr_par' dir='ltr' id='par_1_4' title="bbox 188 421 3419 499">
     <span class='ocr_line' id='line_1_4' title="bbox 188 421 3419 499; baseline -0.001 -15"><span class='ocrx_word' id='word_1_8' title='bbox 188 429 380 484; x_wconf 78' lang='lat' dir='ltr'><strong>luminis</strong></span> <span class='ocrx_word' id='word_1_9' title='bbox 427 427 628 494; x_wconf 76' lang='lat' dir='ltr'><strong>perpeti</strong></span> <span class='ocrx_word' id='word_1_10' title='bbox 686 426 875 497; x_wconf 74' lang='lat' dir='ltr'><strong>[Ii/ten.</strong></span> <span class='ocrx_word' id='word_1_11' title='bbox 926 426 1231 496; x_wconf 81' lang='lat' dir='ltr'><strong>contingat]</strong></span> <span class='ocrx_word' id='word_1_12' title='bbox 1283 425 1456 494; x_wconf 83' lang='lat' dir='ltr'><strong>potuit</strong></span> <span class='ocrx_word' id='word_1_13' title='bbox 1490 440 1503 476; x_wconf 91' lang='lat'><strong>:</strong></span> <span class='ocrx_word' id='word_1_14' title='bbox 1543 430 1738 491; x_wconf 88' lang='lat' dir='ltr'><strong>quanto</strong></span> <span class='ocrx_word' id='word_1_15' title='bbox 1768 422 1815 480; x_wconf 80' lang='grc' dir='ltr'><strong>Α</strong></span> <span class='ocrx_word' id='word_1_16' title='bbox 1848 421 2089 487; x_wconf 77' lang='grc' dir='ltr'><strong>νιιι,9;.5).</strong></span> <span class='ocrx_word' id='word_1_17' title='bbox 2112 423 2221 492; x_wconf 76' lang='lat'><strong>28</strong></span> <span class='ocrx_word' id='word_1_18' title='bbox 2242 422 2685 490; x_wconf 79' lang='lat' dir='ltr'><strong>Superfcrebatur</strong></span> <span class='ocrx_word' id='word_1_19' title='bbox 2702 434 2874 480; x_wconf 90' lang='lat' dir='ltr'><strong>autem</strong></span> <span class='ocrx_word' id='word_1_20' title='bbox 2894 425 3125 495; x_wconf 78' lang='lat' dir='ltr'><strong>Spiritus</strong></span> <span class='ocrx_word' id='word_1_21' title='bbox 3145 430 3235 483; x_wconf 81' lang='lat' dir='ltr'><strong>Dei</strong></span> <span class='ocrx_word' id='word_1_22' title='bbox 3258 445 3419 499; x_wconf 83' lang='lat' dir='ltr'><strong>super</strong></span> 
     </span>
    </p>
   </div>
   <div class='ocr_carea' id='block_1_5' title="bbox 188 517 1746 578">
    <p class='ocr_par' dir='ltr' id='par_1_5' title="bbox 188 517 1746 578">
     <span class='ocr_line' id='line_1_5' title="bbox 188 517 1746 578; baseline -0.008 -1"><span class='ocrx_word' id='word_1_23' title='bbox 188 524 365 578; x_wconf 89' lang='lat' dir='ltr'><strong>rectius</strong></span> <span class='ocrx_word' id='word_1_24' title='bbox 392 527 444 574; x_wconf 90' lang='lat' dir='ltr'><strong>et</strong></span> <span class='ocrx_word' id='word_1_25' title='bbox 473 519 668 573; x_wconf 90' lang='lat' dir='ltr'><strong>melius</strong></span> <span class='ocrx_word' id='word_1_26' title='bbox 699 519 765 571; x_wconf 89' lang='lat' dir='ltr'><strong>de</strong></span> <span class='ocrx_word' id='word_1_27' title='bbox 794 519 962 572; x_wconf 81' lang='lat' dir='ltr'><strong>divini</strong></span> <span class='ocrx_word' id='word_1_28' title='bbox 994 531 1049 574; x_wconf 90' lang='lat' dir='ltr'><strong>et</strong></span> <span class='ocrx_word' id='word_1_29' title='bbox 1094 518 1375 573; x_wconf 77' lang='lat' dir='ltr'><strong>inetl‘ahilis</strong></span> <span class='ocrx_word' id='word_1_30' title='bbox 1407 517 1619 571; x_wconf 89' lang='lat' dir='ltr'><strong>luminis</strong></span> <span class='ocrx_word' id='word_1_31' title='bbox 1650 528 1746 567; x_wconf 87' lang='lat' dir='ltr'><strong>na-</strong></span> 
     </span>
    </p>
   </div>
   <div class='ocr_carea' id='block_1_6' title="bbox 191 610 1741 679">
    <p class='ocr_par' dir='ltr' id='par_1_6' title="bbox 191 610 1741 679">
     <span class='ocr_line' id='line_1_6' title="bbox 191 610 1741 679; baseline -0.006 -11"><span class='ocrx_word' id='word_1_32' title='bbox 191 627 289 668; x_wconf 87' lang='lat' dir='ltr'><strong>tura</strong></span> <span class='ocrx_word' id='word_1_33' title='bbox 312 611 632 667; x_wconf 87' lang='lat' dir='ltr'><strong>credendum</strong></span> <span class='ocrx_word' id='word_1_34' title='bbox 663 621 764 674; x_wconf 90' lang='lat' dir='ltr'><strong>est,</strong></span> <span class='ocrx_word' id='word_1_35' title='bbox 796 610 936 679; x_wconf 91' lang='lat' dir='ltr'><strong>quod</strong></span> <span class='ocrx_word' id='word_1_36' title='bbox 961 626 1025 664; x_wconf 84' lang='lat' dir='ltr'><strong>ex</strong></span> <span class='ocrx_word' id='word_1_37' title='bbox 1047 610 1220 677; x_wconf 87' lang='lat' dir='ltr'><strong>seipsa</strong></span> <span class='ocrx_word' id='word_1_38' title='bbox 1254 610 1431 663; x_wconf 88' lang='lat' dir='ltr'><strong>lumen</strong></span> <span class='ocrx_word' id='word_1_39' title='bbox 1457 620 1741 673; x_wconf 82' lang='lat' dir='ltr'><strong>generans,</strong></span> 
     </span>
    </p>
   </div>
   <div class='ocr_carea' id='block_1_7' title="bbox 193 696 1747 768">
    <p class='ocr_par' dir='ltr' id='par_1_7' title="bbox 193 696 1747 768">
     <span class='ocr_line' id='line_1_7' title="bbox 193 696 1747 768; baseline -0.006 -8"><span class='ocrx_word' id='word_1_40' title='bbox 193 705 339 760; x_wconf 85' lang='lat' dir='ltr'><strong>minui</strong></span> <span class='ocrx_word' id='word_1_41' title='bbox 364 704 581 757; x_wconf 88' lang='lat' dir='ltr'><strong>omnino</strong></span> <span class='ocrx_word' id='word_1_42' title='bbox 604 716 709 754; x_wconf 92' lang='lat' dir='ltr'><strong>non</strong></span> <span class='ocrx_word' id='word_1_43' title='bbox 740 702 941 768; x_wconf 78' lang='lat' dir='ltr'><strong>potuit?</strong></span> <span class='ocrx_word' id='word_1_44' title='bbox 966 700 1117 755; x_wconf 84' lang='lat' dir='ltr'><strong>Unde</strong></span> <span class='ocrx_word' id='word_1_45' title='bbox 1138 700 1357 766; x_wconf 74' lang='lat' dir='ltr'><strong>senttalis</strong></span> <span class='ocrx_word' id='word_1_46' title='bbox 1387 709 1469 753; x_wconf 89' lang='lat' dir='ltr'><strong>est</strong></span> <span class='ocrx_word' id='word_1_47' title='bbox 1492 698 1631 751; x_wconf 91' lang='lat' dir='ltr'><strong>Patri</strong></span> <span class='ocrx_word' id='word_1_48' title='bbox 1658 696 1747 750; x_wconf 81' lang='lat' dir='ltr'><strong>Fi-</strong></span> 
     </span>
    </p>
   </div>
   <div class='ocr_carea' id='block_1_8' title="bbox 195 790 1742 860">
    <p class='ocr_par' dir='ltr' id='par_1_8' title="bbox 195 790 1742 860">
     <span class='ocr_line' id='line_1_8' title="bbox 195 790 1742 860; baseline -0.008 -11"><span class='ocrx_word' id='word_1_49' title='bbox 195 798 283 851; x_wconf 89' lang='lat' dir='ltr'><strong>lius</strong></span> <span class='ocrx_word' id='word_1_50' title='bbox 305 810 405 849; x_wconf 88' lang='lat' dir='ltr'><strong>non</strong></span> <span class='ocrx_word' id='word_1_51' title='bbox 436 802 591 846; x_wconf 89' lang='lat' dir='ltr'><strong>natus</strong></span> <span class='ocrx_word' id='word_1_52' title='bbox 617 808 683 846; x_wconf 78' lang='lat' dir='ltr'><strong>ex</strong></span> <span class='ocrx_word' id='word_1_53' title='bbox 726 801 990 860; x_wconf 88' lang='lat' dir='ltr'><strong>tempore,</strong></span> <span class='ocrx_word' id='word_1_54' title='bbox 1034 791 1127 845; x_wconf 86' lang='lat' dir='ltr'><strong>sed</strong></span> <span class='ocrx_word' id='word_1_55' title='bbox 1160 790 1395 859; x_wconf 79' lang='lat' dir='ltr'><strong>gignenti</strong></span> <span class='ocrx_word' id='word_1_56' title='bbox 1423 796 1742 850; x_wconf 81' lang='lat' dir='ltr'><strong>coaeternus,</strong></span> 
     </span>
    </p>
   </div>
   <div class='ocr_carea' id='block_1_9' title="bbox 197 876 1748 951">
    <p class='ocr_par' dir='ltr' id='par_1_9' title="bbox 197 876 1748 951">
     <span class='ocr_line' id='line_1_9' title="bbox 197 876 1748 951; baseline -0.011 -9"><span class='ocrx_word' id='word_1_57' title='bbox 197 889 313 942; x_wconf 85' lang='lat' dir='ltr'><strong>sicut</strong></span> <span class='ocrx_word' id='word_1_58' title='bbox 335 883 580 951; x_wconf 84' lang='lat' dir='ltr'><strong>splendor</strong></span> <span class='ocrx_word' id='word_1_59' title='bbox 603 882 670 935; x_wconf 88' lang='lat' dir='ltr'><strong>ab</strong></span> <span class='ocrx_word' id='word_1_60' title='bbox 701 884 823 951; x_wconf 86' lang='lat' dir='ltr'><strong>igne</strong></span> <span class='ocrx_word' id='word_1_61' title='bbox 849 880 1078 949; x_wconf 85' lang='lat' dir='ltr'><strong>genitus,</strong></span> <span class='ocrx_word' id='word_1_62' title='bbox 1102 878 1340 947; x_wconf 81' lang='lat' dir='ltr'><strong>gignenti</strong></span> <span class='ocrx_word' id='word_1_63' title='bbox 1377 876 1748 929; x_wconf 79' lang='lat' dir='ltr'><strong>manifestatur</strong></span> 
     </span>
    </p>
   </div>
   <div class='ocr_carea' id='block_1_10' title="bbox 198 962 1749 1047">
    <p class='ocr_par' dir='ltr' id='par_1_10' title="bbox 198 962 1749 1047">
     <span class='ocr_line' id='line_1_10' title="bbox 198 962 1749 1047; baseline -0.009 -16"><span class='ocrx_word' id='word_1_64' title='bbox 198 991 453 1047; x_wconf 65' lang='lat' dir='ltr'><strong>aquatius.</strong></span> <span class='ocrx_word' id='word_1_65' title='bbox 499 974 626 1027; x_wconf 67' lang='lat' dir='ltr'><strong>Haec</strong></span> <span class='ocrx_word' id='word_1_66' title='bbox 664 972 733 1025; x_wconf 89' lang='lat' dir='ltr'><strong>de</strong></span> <span class='ocrx_word' id='word_1_67' title='bbox 772 971 943 1024; x_wconf 83' lang='lat' dir='ltr'><strong>Patris</strong></span> <span class='ocrx_word' id='word_1_68' title='bbox 976 978 1031 1023; x_wconf 83' lang='lat' dir='ltr'><strong>et</strong></span> <span class='ocrx_word' id='word_1_69' title='bbox 1066 969 1183 1023; x_wconf 89' lang='lat' dir='ltr'><strong>Filii</strong></span> <span class='ocrx_word' id='word_1_70' title='bbox 1215 968 1537 1036; x_wconf 65' lang='lat' dir='ltr'><strong>aequalitate,</strong></span> <span class='ocrx_word' id='word_1_71' title='bbox 1572 964 1651 1016; x_wconf 74' lang='lat' dir='ltr'><strong>vel</strong></span> <span class='ocrx_word' id='word_1_72' title='bbox 1681 962 1749 1017; x_wconf 88' lang='lat' dir='ltr'><strong>de</strong></span> 
     </span>
    </p>
   </div>
   <div class='ocr_carea' id='block_1_11' title="bbox 198 1054 1747 1129">
    <p class='ocr_par' dir='ltr' id='par_1_11' title="bbox 198 1054 1747 1129">
     <span class='ocr_line' id='line_1_11' title="bbox 198 1054 1747 1129; baseline -0.011 -7"><span class='ocrx_word' id='word_1_73' title='bbox 198 1068 479 1122; x_wconf 77' lang='lat' dir='ltr'><strong>substantia:</strong></span> <span class='ocrx_word' id='word_1_74' title='bbox 521 1063 749 1126; x_wconf 86' lang='lat' dir='ltr'><strong>unitate,</strong></span> <span class='ocrx_word' id='word_1_75' title='bbox 798 1066 1058 1129; x_wconf 88' lang='lat' dir='ltr'><strong>quantum</strong></span> <span class='ocrx_word' id='word_1_76' title='bbox 1106 1057 1382 1112; x_wconf 83' lang='lat' dir='ltr'><strong>brevitatis</strong></span> <span class='ocrx_word' id='word_1_77' title='bbox 1429 1057 1561 1109; x_wconf 86' lang='lat' dir='ltr'><strong>ratio</strong></span> <span class='ocrx_word' id='word_1_78' title='bbox 1597 1054 1747 1118; x_wconf 85' lang='lat' dir='ltr'><strong>sivit,</strong></span> 
     </span>
    </p>
   </div>
   <div class='ocr_carea' id='block_1_12' title="bbox 200 1152 645 1210">
    <p class='ocr_par' dir='ltr' id='par_1_12' title="bbox 200 1152 645 1210">
     <span class='ocr_line' id='line_1_12' title="bbox 200 1152 645 1210; baseline -0.018 -1"><span class='ocrx_word' id='word_1_79' title='bbox 200 1156 370 1210; x_wconf 59' lang='lat' dir='ltr'><strong>dixisse</strong></span> <span class='ocrx_word' id='word_1_80' title='bbox 396 1152 645 1205; x_wconf 73' lang='lat' dir='ltr'><strong>sufﬁciat.</strong></span> 
     </span>
    </p>
   </div>
   <div class='ocr_carea' id='block_1_13' title="bbox 258 1233 1750 1311">
    <p class='ocr_par' dir='ltr' id='par_1_13' title="bbox 258 1233 1750 1311">
     <span class='ocr_line' id='line_1_13' title="bbox 258 1233 1750 1311; baseline -0.01 -11"><span class='ocrx_word' id='word_1_81' title='bbox 258 1247 337 1300; x_wconf 73' lang='lat' dir='ltr'><strong>IX.</strong></span> <span class='ocrx_word' id='word_1_82' title='bbox 364 1244 585 1311; x_wconf 86' lang='lat' dir='ltr'><strong>Spiritus</strong></span> <span class='ocrx_word' id='word_1_83' title='bbox 614 1249 822 1294; x_wconf 85' lang='lat' dir='ltr'><strong>sanctus</strong></span> <span class='ocrx_word' id='word_1_84' title='bbox 859 1248 931 1292; x_wconf 88' lang='lat' dir='ltr'><strong>est</strong></span> <span class='ocrx_word' id='word_1_85' title='bbox 974 1237 1121 1290; x_wconf 83' lang='lat' dir='ltr'><strong>Patri</strong></span> <span class='ocrx_word' id='word_1_86' title='bbox 1162 1247 1209 1290; x_wconf 88' lang='lat' dir='ltr'><strong>et</strong></span> <span class='ocrx_word' id='word_1_87' title='bbox 1256 1234 1396 1288; x_wconf 87' lang='lat' dir='ltr'><strong>Filio</strong></span> <span class='ocrx_word' id='word_1_88' title='bbox 1422 1233 1750 1287; x_wconf 85' lang='lat' dir='ltr'><strong>consubstan-</strong></span> 
     </span>
    </p>
   </div>
   <div class='ocr_carea' id='block_1_14' title="bbox 203 1327 1748 1403">
    <p class='ocr_par' dir='ltr' id='par_1_14' title="bbox 203 1327 1748 1403">
     <span class='ocr_line' id='line_1_14' title="bbox 203 1327 1748 1403; baseline -0.01 -11"><span class='ocrx_word' id='word_1_89' title='bbox 203 1339 334 1392; x_wconf 86' lang='lat' dir='ltr'><strong>tialis.</strong></span> <span class='ocrx_word' id='word_1_90' title='bbox 362 1367 429 1375; x_wconf 97' lang='lat'><strong>—</strong></span> <span class='ocrx_word' id='word_1_91' title='bbox 461 1336 717 1403; x_wconf 81' lang='lat' dir='ltr'><strong>Superest</strong></span> <span class='ocrx_word' id='word_1_92' title='bbox 745 1342 800 1385; x_wconf 92' lang='lat' dir='ltr'><strong>ut</strong></span> <span class='ocrx_word' id='word_1_93' title='bbox 822 1330 1019 1399; x_wconf 89' lang='lat' dir='ltr'><strong>aliquid</strong></span> <span class='ocrx_word' id='word_1_94' title='bbox 1043 1329 1109 1382; x_wconf 89' lang='lat' dir='ltr'><strong>de</strong></span> <span class='ocrx_word' id='word_1_95' title='bbox 1132 1327 1333 1395; x_wconf 88' lang='lat' dir='ltr'><strong>Spiritu</strong></span> <span class='ocrx_word' id='word_1_96' title='bbox 1358 1334 1563 1390; x_wconf 90' lang='lat' dir='ltr'><strong>sancto,</strong></span> <span class='ocrx_word' id='word_1_97' title='bbox 1591 1339 1748 1392; x_wconf 90' lang='lat' dir='ltr'><strong>quem</strong></span> 
     </span>
    </p>
   </div>
   <div class='ocr_carea' id='block_1_15' title="bbox 204 1418 1750 1482">
    <p class='ocr_par' dir='ltr' id='par_1_15' title="bbox 204 1418 1750 1482">
     <span class='ocr_line' id='line_1_15' title="bbox 204 1418 1750 1482; baseline -0.01 -1"><span class='ocrx_word' id='word_1_98' title='bbox 204 1428 323 1481; x_wconf 82' lang='lat' dir='ltr'><strong>Patri</strong></span> <span class='ocrx_word' id='word_1_99' title='bbox 356 1440 416 1478; x_wconf 90' lang='lat' dir='ltr'><strong>ac</strong></span> <span class='ocrx_word' id='word_1_100' title='bbox 460 1424 597 1476; x_wconf 79' lang='lat' dir='ltr'><strong>Filio</strong></span> <span class='ocrx_word' id='word_1_101' title='bbox 617 1419 1128 1475; x_wconf 81' lang='lat' dir='ltr'><strong>consubstantialem</strong></span> <span class='ocrx_word' id='word_1_102' title='bbox 1174 1418 1463 1476; x_wconf 88' lang='lat' dir='ltr'><strong>credimus,</strong></span> <span class='ocrx_word' id='word_1_103' title='bbox 1503 1428 1750 1482; x_wconf 79' lang='lat' dir='ltr'><strong>comqua—</strong></span> 
     </span>
    </p>
   </div>
   <div class='ocr_carea' id='block_1_16' title="bbox 207 1506 1753 1576">
    <p class='ocr_par' dir='ltr' id='par_1_16' title="bbox 207 1506 1753 1576">
     <span class='ocr_line' id='line_1_16' title="bbox 207 1506 1753 1576; baseline -0.008 -4"><span class='ocrx_word' id='word_1_104' title='bbox 207 1520 291 1572; x_wconf 82' lang='lat' dir='ltr'><strong>lem</strong></span> <span class='ocrx_word' id='word_1_105' title='bbox 318 1525 367 1569; x_wconf 86' lang='lat' dir='ltr'><strong>et</strong></span> <span class='ocrx_word' id='word_1_106' title='bbox 401 1523 725 1568; x_wconf 68' lang='lat' dir='ltr'><strong>roaeternum</strong></span> <span class='ocrx_word' id='word_1_107' title='bbox 759 1511 1020 1576; x_wconf 86' lang='lat' dir='ltr'><strong>dicamus,</strong></span> <span class='ocrx_word' id='word_1_108' title='bbox 1053 1519 1107 1562; x_wconf 91' lang='lat' dir='ltr'><strong>et</strong></span> <span class='ocrx_word' id='word_1_109' title='bbox 1135 1507 1449 1562; x_wconf 87' lang='lat' dir='ltr'><strong>testimoniis</strong></span> <span class='ocrx_word' id='word_1_110' title='bbox 1493 1506 1753 1575; x_wconf 86' lang='lat' dir='ltr'><strong>approbe-</strong></span> 
     </span>
    </p>
   </div>
   <div class='ocr_carea' id='block_1_17' title="bbox 208 1598 1752 1666">
    <p class='ocr_par' dir='ltr' id='par_1_17' title="bbox 208 1598 1752 1666">
     <span class='ocr_line' id='line_1_17' title="bbox 208 1598 1752 1666; baseline -0.006 -5"><span class='ocrx_word' id='word_1_111' title='bbox 208 1624 320 1661; x_wconf 81' lang='lat' dir='ltr'><strong>mus.</strong></span> <span class='ocrx_word' id='word_1_112' title='bbox 353 1607 489 1659; x_wconf 82' lang='lat' dir='ltr'><strong>Licet</strong></span> <span class='ocrx_word' id='word_1_113' title='bbox 515 1604 659 1657; x_wconf 88' lang='lat' dir='ltr'><strong>enim</strong></span> <span class='ocrx_word' id='word_1_114' title='bbox 691 1605 804 1655; x_wconf 75' lang='lat' dir='ltr'><strong>hmo</strong></span> <span class='ocrx_word' id='word_1_115' title='bbox 834 1600 1130 1655; x_wconf 86' lang='lat' dir='ltr'><strong>veneranda</strong></span> <span class='ocrx_word' id='word_1_116' title='bbox 1158 1599 1394 1653; x_wconf 83' lang='lat' dir='ltr'><strong>Trinitas</strong></span> <span class='ocrx_word' id='word_1_117' title='bbox 1424 1598 1665 1666; x_wconf 82' lang='lat' dir='ltr'><strong>personis</strong></span> <span class='ocrx_word' id='word_1_118' title='bbox 1689 1612 1752 1651; x_wconf 90' lang='lat' dir='ltr'><strong>ac</strong></span> 
     </span>
    </p>
   </div>
   <div class='ocr_carea' id='block_1_18' title="bbox 208 1690 1751 1757">
    <p class='ocr_par' dir='ltr' id='par_1_18' title="bbox 208 1690 1751 1757">
     <span class='ocr_line' id='line_1_18' title="bbox 208 1690 1751 1757; baseline -0.008 -5"><span class='ocrx_word' id='word_1_119' title='bbox 208 1697 472 1752; x_wconf 83' lang='lat' dir='ltr'><strong>nominibus</strong></span> <span class='ocrx_word' id='word_1_120' title='bbox 492 1695 742 1749; x_wconf 81' lang='lat' dir='ltr'><strong>diStincta</strong></span> <span class='ocrx_word' id='word_1_121' title='bbox 772 1694 861 1757; x_wconf 90' lang='lat' dir='ltr'><strong>sit,</strong></span> <span class='ocrx_word' id='word_1_122' title='bbox 897 1707 999 1745; x_wconf 92' lang='lat' dir='ltr'><strong>non</strong></span> <span class='ocrx_word' id='word_1_123' title='bbox 1025 1702 1202 1745; x_wconf 89' lang='lat' dir='ltr'><strong>tamen</strong></span> <span class='ocrx_word' id='word_1_124' title='bbox 1227 1690 1294 1744; x_wconf 91' lang='lat' dir='ltr'><strong>ob</strong></span> <span class='ocrx_word' id='word_1_125' title='bbox 1327 1692 1428 1745; x_wconf 90' lang='lat' dir='ltr'><strong>hoc</strong></span> <span class='ocrx_word' id='word_1_126' title='bbox 1456 1703 1486 1740; x_wconf 92' lang='lat' dir='ltr'><strong>a</strong></span> <span class='ocrx_word' id='word_1_127' title='bbox 1514 1702 1572 1742; x_wconf 90' lang='lat' dir='ltr'><strong>se</strong></span> <span class='ocrx_word' id='word_1_128' title='bbox 1592 1697 1751 1756; x_wconf 84' lang='lat' dir='ltr'><strong>atque</strong></span> 
     </span>
    </p>
   </div>
   <div class='ocr_carea' id='block_1_19' title="bbox 1847 514 3422 583">
    <p class='ocr_par' dir='ltr' id='par_1_19' title="bbox 1847 514 3422 583">
     <span class='ocr_line' id='line_1_19' title="bbox 1847 514 3422 583; baseline 0.008 -22"><span class='ocrx_word' id='word_1_129' title='bbox 1847 524 2037 578; x_wconf 80' lang='lat' dir='ltr'><strong>aquas,</strong></span> <span class='ocrx_word' id='word_1_130' title='bbox 2068 521 2249 580; x_wconf 82' lang='lat' dir='ltr'><strong>utpme</strong></span> <span class='ocrx_word' id='word_1_131' title='bbox 2268 524 2498 578; x_wconf 88' lang='lat' dir='ltr'><strong>creator,</strong></span> <span class='ocrx_word' id='word_1_132' title='bbox 2527 514 2718 570; x_wconf 88' lang='lat' dir='ltr'><strong>virtute</strong></span> <span class='ocrx_word' id='word_1_133' title='bbox 2740 520 2986 583; x_wconf 58' lang='lat' dir='ltr'><strong>potentia:</strong></span> <span class='ocrx_word' id='word_1_134' title='bbox 3008 532 3121 573; x_wconf 75' lang='lat' dir='ltr'><strong>sute</strong></span> <span class='ocrx_word' id='word_1_135' title='bbox 3142 519 3422 573; x_wconf 82' lang='lat' dir='ltr'><strong>continens</strong></span> 
     </span>
    </p>
   </div>
   <div class='ocr_carea' id='block_1_20' title="bbox 1846 606 3421 682">
    <p class='ocr_par' dir='ltr' id='par_1_20' title="bbox 1846 606 3421 682">
     <span class='ocr_line' id='line_1_20' title="bbox 1846 606 3421 682; baseline 0.007 -26"><span class='ocrx_word' id='word_1_136' title='bbox 1846 615 2181 660; x_wconf 85' lang='lat' dir='ltr'><strong>creaturam:</strong></span> <span class='ocrx_word' id='word_1_137' title='bbox 2210 614 2267 658; x_wconf 93' lang='lat' dir='ltr'><strong>ut</strong></span> <span class='ocrx_word' id='word_1_138' title='bbox 2308 620 2371 658; x_wconf 84' lang='lat' dir='ltr'><strong>ex</strong></span> <span class='ocrx_word' id='word_1_139' title='bbox 2405 606 2485 658; x_wconf 84' lang='lat' dir='ltr'><strong>his</strong></span> <span class='ocrx_word' id='word_1_140' title='bbox 2517 606 2634 659; x_wconf 90' lang='lat' dir='ltr'><strong>viva</strong></span> <span class='ocrx_word' id='word_1_141' title='bbox 2665 608 2839 661; x_wconf 91' lang='lat' dir='ltr'><strong>omnia</strong></span> <span class='ocrx_word' id='word_1_142' title='bbox 2883 610 3256 679; x_wconf 70' lang='lat' dir='ltr'><strong>producturus,</strong></span> <span class='ocrx_word' id='word_1_143' title='bbox 3306 612 3421 682; x_wconf 88' lang='lat' dir='ltr'><strong>ipse</strong></span> 
     </span>
    </p>
   </div>
   <div class='ocr_carea' id='block_1_21' title="bbox 1848 696 3421 774">
    <p class='ocr_par' dir='ltr' id='par_1_21' title="bbox 1848 696 3421 774">
     <span class='ocr_line' id='line_1_21' title="bbox 1848 696 3421 774; baseline 0.008 -25"><span class='ocrx_word' id='word_1_144' title='bbox 1848 697 2071 749; x_wconf 85' lang='lat' dir='ltr'><strong>rudibus</strong></span> <span class='ocrx_word' id='word_1_145' title='bbox 2101 696 2126 734; x_wconf 67' lang='grc' dir='ltr'><strong>ι’</strong></span> <span class='ocrx_word' id='word_1_146' title='bbox 2160 697 2406 753; x_wconf 91' lang='lat' dir='ltr'><strong>elementi</strong></span> <span class='ocrx_word' id='word_1_147' title='bbox 2433 699 2594 767; x_wconf 79' lang='lat' dir='ltr'><strong>signis</strong></span> <span class='ocrx_word' id='word_1_148' title='bbox 2624 703 2834 766; x_wconf 86' lang='lat' dir='ltr'><strong>propria</strong></span> <span class='ocrx_word' id='word_1_149' title='bbox 2868 703 3096 758; x_wconf 79' lang='lat' dir='ltr'><strong>fomenta</strong></span> <span class='ocrx_word' id='word_1_150' title='bbox 3125 716 3421 774; x_wconf 62' lang='lat' dir='ltr'><strong>praestaret,</strong></span> 
     </span>
    </p>
   </div>
   <div class='ocr_carea' id='block_1_22' title="bbox 1846 786 3421 861">
    <p class='ocr_par' dir='ltr' id='par_1_22' title="bbox 1846 786 3421 861">
     <span class='ocr_line' id='line_1_22' title="bbox 1846 786 3421 861; baseline 0.01 -23"><span class='ocrx_word' id='word_1_151' title='bbox 1846 795 1899 839; x_wconf 90' lang='lat' dir='ltr'><strong>et</strong></span> <span class='ocrx_word' id='word_1_152' title='bbox 1931 786 2039 854; x_wconf 87' lang='lat' dir='ltr'><strong>jam</strong></span> <span class='ocrx_word' id='word_1_153' title='bbox 2068 795 2194 841; x_wconf 90' lang='lat' dir='ltr'><strong>tunc</strong></span> <span class='ocrx_word' id='word_1_154' title='bbox 2224 790 2477 859; x_wconf 83' lang='lat' dir='ltr'><strong>mysterio</strong></span> <span class='ocrx_word' id='word_1_155' title='bbox 2505 791 2767 845; x_wconf 85' lang='lat' dir='ltr'><strong>emicante</strong></span> <span class='ocrx_word' id='word_1_156' title='bbox 2814 792 3146 861; x_wconf 70' lang='lat' dir='ltr'><strong>baptismatis</strong></span> <span class='ocrx_word' id='word_1_157' title='bbox 3170 797 3421 855; x_wconf 87' lang='lat' dir='ltr'><strong>virtutem</strong></span> 
     </span>
    </p>
   </div>
   <div class='ocr_carea' id='block_1_23' title="bbox 1847 877 3425 960">
    <p class='ocr_par' dir='ltr' id='par_1_23' title="bbox 1847 877 3425 960">
     <span class='ocr_line' id='line_1_23' title="bbox 1847 877 3425 960; baseline 0.008 -30"><span class='ocrx_word' id='word_1_158' title='bbox 1847 877 2283 933; x_wconf 88' lang='lat' dir='ltr'><strong>sanctiﬁcationis</strong></span> <span class='ocrx_word' id='word_1_159' title='bbox 2326 882 2548 949; x_wconf 87' lang='lat' dir='ltr'><strong>liquoris</strong></span> <span class='ocrx_word' id='word_1_160' title='bbox 2602 894 2787 936; x_wconf 88' lang='lat' dir='ltr'><strong>natura</strong></span> <span class='ocrx_word' id='word_1_161' title='bbox 2836 886 3157 953; x_wconf 89' lang='lat' dir='ltr'><strong>perciperet,</strong></span> <span class='ocrx_word' id='word_1_162' title='bbox 3187 888 3283 960; x_wconf 80' lang='grc' dir='ltr'><strong>[αι.</strong></span> <span class='ocrx_word' id='word_1_163' title='bbox 3317 893 3425 959; x_wconf 88' lang='lat' dir='ltr'><strong>pri-</strong></span> 
     </span>
    </p>
   </div>
   <div class='ocr_carea' id='block_1_24' title="bbox 1850 965 3425 1046">
    <p class='ocr_par' dir='ltr' id='par_1_24' title="bbox 1850 965 3425 1046">
     <span class='ocr_line' id='line_1_24' title="bbox 1850 965 3425 1046; baseline 0.008 -28"><span class='ocrx_word' id='word_1_164' title='bbox 1850 965 2119 1035; x_wconf 86' lang='lat' dir='ltr'><strong>mamque]</strong></span> <span class='ocrx_word' id='word_1_165' title='bbox 2155 969 2427 1037; x_wconf 85' lang='lat' dir='ltr'><strong>primaque</strong></span> <span class='ocrx_word' id='word_1_166' title='bbox 2449 969 2513 1024; x_wconf 91' lang='lat' dir='ltr'><strong>ad</strong></span> <span class='ocrx_word' id='word_1_167' title='bbox 2539 971 2698 1024; x_wconf 88' lang='lat' dir='ltr'><strong>vitam</strong></span> <span class='ocrx_word' id='word_1_168' title='bbox 2723 987 2947 1039; x_wconf 90' lang='lat' dir='ltr'><strong>corpora</strong></span> <span class='ocrx_word' id='word_1_169' title='bbox 2971 976 3202 1029; x_wconf 90' lang='lat' dir='ltr'><strong>animata</strong></span> <span class='ocrx_word' id='word_1_170' title='bbox 3233 982 3425 1046; x_wconf 84' lang='lat' dir='ltr'><strong>produ-</strong></span> 
     </span>
    </p>
   </div>
   <div class='ocr_carea' id='block_1_25' title="bbox 1847 1059 3426 1131">
    <p class='ocr_par' dir='ltr' id='par_1_25' title="bbox 1847 1059 3426 1131">
     <span class='ocr_line' id='line_1_25' title="bbox 1847 1059 3426 1131; baseline 0.006 -21"><span class='ocrx_word' id='word_1_171' title='bbox 1847 1067 2015 1121; x_wconf 89' lang='lat' dir='ltr'><strong>ceret,</strong></span> <span class='ocrx_word' id='word_1_172' title='bbox 2041 1059 2202 1113; x_wconf 89' lang='lat' dir='ltr'><strong>David</strong></span> <span class='ocrx_word' id='word_1_173' title='bbox 2244 1061 2467 1127; x_wconf 82' lang='lat' dir='ltr'><strong>proinde</strong></span> <span class='ocrx_word' id='word_1_174' title='bbox 2500 1061 2605 1116; x_wconf 92' lang='lat' dir='ltr'><strong>Deo</strong></span> <span class='ocrx_word' id='word_1_175' title='bbox 2637 1064 2927 1131; x_wconf 87' lang='lat' dir='ltr'><strong>aspirante,</strong></span> <span class='ocrx_word' id='word_1_176' title='bbox 2964 1075 3224 1121; x_wconf 87' lang='lat' dir='ltr'><strong>testatur:</strong></span> <span class='ocrx_word' id='word_1_177' title='bbox 3262 1066 3426 1120; x_wconf 84' lang='lat' dir='ltr'><strong>Verbo</strong></span> 
     </span>
    </p>
   </div>
   <div class='ocr_carea' id='block_1_26' title="bbox 1851 1147 3426 1227">
    <p class='ocr_par' dir='ltr' id='par_1_26' title="bbox 1851 1147 3426 1227">
     <span class='ocr_line' id='line_1_26' title="bbox 1851 1147 3426 1227; baseline 0.008 -28"><span class='ocrx_word' id='word_1_178' title='bbox 1851 1147 2059 1201; x_wconf 81' lang='lat' dir='ltr'><strong>Domini</strong></span> <span class='ocrx_word' id='word_1_179' title='bbox 2088 1150 2199 1202; x_wconf 74' lang='lat' dir='ltr'><strong>coeli</strong></span> <span class='ocrx_word' id='word_1_180' title='bbox 2222 1151 2411 1217; x_wconf 81' lang='lat' dir='ltr'><strong>ﬁrmati</strong></span> <span class='ocrx_word' id='word_1_181' title='bbox 2432 1162 2566 1212; x_wconf 89' lang='lat' dir='ltr'><strong>sunt,</strong></span> <span class='ocrx_word' id='word_1_182' title='bbox 2593 1163 2639 1205; x_wconf 88' lang='lat' dir='ltr'><strong>et</strong></span> <span class='ocrx_word' id='word_1_183' title='bbox 2670 1153 2869 1222; x_wconf 87' lang='lat' dir='ltr'><strong>Spiritu</strong></span> <span class='ocrx_word' id='word_1_184' title='bbox 2887 1157 2989 1208; x_wconf 86' lang='lat' dir='ltr'><strong>oris</strong></span> <span class='ocrx_word' id='word_1_185' title='bbox 3007 1160 3116 1227; x_wconf 87' lang='lat' dir='ltr'><strong>ejus</strong></span> <span class='ocrx_word' id='word_1_186' title='bbox 3143 1160 3305 1211; x_wconf 85' lang='lat' dir='ltr'><strong>omnis</strong></span> <span class='ocrx_word' id='word_1_187' title='bbox 3324 1161 3426 1212; x_wconf 69' lang='lat' dir='ltr'><strong>vir-</strong></span> 
     </span>
    </p>
   </div>
   <div class='ocr_carea' id='block_1_27' title="bbox 1849 1240 3427 1316">
    <p class='ocr_par' dir='ltr' id='par_1_27' title="bbox 1849 1240 3427 1316">
     <span class='ocr_line' id='line_1_27' title="bbox 1849 1240 3427 1316; baseline 0.009 -25"><span class='ocrx_word' id='word_1_188' title='bbox 1849 1248 1927 1292; x_wconf 89' lang='lat' dir='ltr'><strong>tus</strong></span> <span class='ocrx_word' id='word_1_189' title='bbox 1955 1255 2128 1293; x_wconf 88' lang='lat' dir='ltr'><strong>eorum</strong></span> <span class='ocrx_word' id='word_1_190' title='bbox 2158 1240 2327 1301; x_wconf 83' lang='lat' dir='ltr'><strong>(Psal.</strong></span> <span class='ocrx_word' id='word_1_191' title='bbox 2362 1258 2533 1305; x_wconf 81' lang='lat' dir='ltr'><strong>xxxn,</strong></span> <span class='ocrx_word' id='word_1_192' title='bbox 2567 1243 2641 1313; x_wconf 90' lang='lat'><strong>6).</strong></span> <span class='ocrx_word' id='word_1_193' title='bbox 2674 1244 2806 1299; x_wconf 83' lang='lat' dir='ltr'><strong>Vide</strong></span> <span class='ocrx_word' id='word_1_194' title='bbox 2832 1258 2994 1315; x_wconf 82' lang='lat' dir='ltr'><strong>quam</strong></span> <span class='ocrx_word' id='word_1_195' title='bbox 3029 1249 3180 1316; x_wconf 88' lang='lat' dir='ltr'><strong>plena</strong></span> <span class='ocrx_word' id='word_1_196' title='bbox 3205 1251 3273 1303; x_wconf 90' lang='lat' dir='ltr'><strong>sit</strong></span> <span class='ocrx_word' id='word_1_197' title='bbox 3305 1250 3427 1306; x_wconf 83' lang='lat' dir='ltr'><strong>bre-</strong></span> 
     </span>
    </p>
   </div>
   <div class='ocr_carea' id='block_1_28' title="bbox 1853 1334 3428 1399">
    <p class='ocr_par' dir='ltr' id='par_1_28' title="bbox 1853 1334 3428 1399">
     <span class='ocr_line' id='line_1_28' title="bbox 1853 1334 3428 1399; baseline 0.008 -15"><span class='ocrx_word' id='word_1_198' title='bbox 1853 1334 2006 1396; x_wconf 83' lang='lat' dir='ltr'><strong>vitas,</strong></span> <span class='ocrx_word' id='word_1_199' title='bbox 2049 1343 2103 1386; x_wconf 89' lang='lat' dir='ltr'><strong>et</strong></span> <span class='ocrx_word' id='word_1_200' title='bbox 2152 1347 2306 1399; x_wconf 90' lang='lat' dir='ltr'><strong>quam</strong></span> <span class='ocrx_word' id='word_1_201' title='bbox 2335 1334 2479 1388; x_wconf 90' lang='lat' dir='ltr'><strong>clare</strong></span> <span class='ocrx_word' id='word_1_202' title='bbox 2520 1334 2573 1387; x_wconf 92' lang='lat' dir='ltr'><strong>in</strong></span> <span class='ocrx_word' id='word_1_203' title='bbox 2622 1346 3011 1391; x_wconf 87' lang='lat' dir='ltr'><strong>sacramentum</strong></span> <span class='ocrx_word' id='word_1_204' title='bbox 3044 1349 3067 1377; x_wconf 79' lang='grc' dir='ltr'><strong>ο</strong></span> <span class='ocrx_word' id='word_1_205' title='bbox 3100 1340 3315 1395; x_wconf 83' lang='lat' dir='ltr'><strong>unitatis</strong></span> <span class='ocrx_word' id='word_1_206' title='bbox 3342 1356 3428 1397; x_wconf 92' lang='lat' dir='ltr'><strong>re-</strong></span> 
     </span>
    </p>
   </div>
   <div class='ocr_carea' id='block_1_29' title="bbox 1850 1421 3426 1500">
    <p class='ocr_par' dir='ltr' id='par_1_29' title="bbox 1850 1421 3426 1500">
     <span class='ocr_line' id='line_1_29' title="bbox 1850 1421 3426 1500; baseline 0.009 -25"><span class='ocrx_word' id='word_1_207' title='bbox 1850 1421 2039 1475; x_wconf 87' lang='lat' dir='ltr'><strong>currit.</strong></span> <span class='ocrx_word' id='word_1_208' title='bbox 2086 1423 2298 1478; x_wconf 88' lang='lat' dir='ltr'><strong>Patrem</strong></span> <span class='ocrx_word' id='word_1_209' title='bbox 2346 1426 2396 1477; x_wconf 92' lang='lat' dir='ltr'><strong>in</strong></span> <span class='ocrx_word' id='word_1_210' title='bbox 2442 1424 2686 1491; x_wconf 88' lang='lat' dir='ltr'><strong>Domino,</strong></span> <span class='ocrx_word' id='word_1_211' title='bbox 2731 1428 2784 1481; x_wconf 93' lang='lat' dir='ltr'><strong>in</strong></span> <span class='ocrx_word' id='word_1_212' title='bbox 2836 1428 2987 1481; x_wconf 86' lang='lat' dir='ltr'><strong>Verbi</strong></span> <span class='ocrx_word' id='word_1_213' title='bbox 3041 1431 3426 1500; x_wconf 84' lang='lat' dir='ltr'><strong>signiﬁcatione</strong></span> 
     </span>
    </p>
   </div>
   <div class='ocr_carea' id='block_1_30' title="bbox 1853 1511 3427 1583">
    <p class='ocr_par' dir='ltr' id='par_1_30' title="bbox 1853 1511 3427 1583">
     <span class='ocr_line' id='line_1_30' title="bbox 1853 1511 3427 1583; baseline 0.009 -18"><span class='ocrx_word' id='word_1_214' title='bbox 1853 1511 2044 1567; x_wconf 88' lang='lat' dir='ltr'><strong>Filium</strong></span> <span class='ocrx_word' id='word_1_215' title='bbox 2096 1530 2328 1581; x_wconf 89' lang='lat' dir='ltr'><strong>ponens;</strong></span> <span class='ocrx_word' id='word_1_216' title='bbox 2372 1516 2627 1583; x_wconf 87' lang='lat' dir='ltr'><strong>Spiritum</strong></span> <span class='ocrx_word' id='word_1_217' title='bbox 2658 1529 2899 1572; x_wconf 88' lang='lat' dir='ltr'><strong>sanctum</strong></span> <span class='ocrx_word' id='word_1_218' title='bbox 2944 1520 3195 1575; x_wconf 80' lang='lat' dir='ltr'><strong>Altissimi</strong></span> <span class='ocrx_word' id='word_1_219' title='bbox 3245 1538 3308 1577; x_wconf 80' lang='lat' dir='ltr'><strong>ex</strong></span> <span class='ocrx_word' id='word_1_220' title='bbox 3339 1541 3427 1579; x_wconf 87' lang='lat' dir='ltr'><strong>ore</strong></span> 
     </span>
    </p>
   </div>
   <div class='ocr_carea' id='block_1_31' title="bbox 1854 1606 3425 1679">
    <p class='ocr_par' dir='ltr' id='par_1_31' title="bbox 1854 1606 3425 1679">
     <span class='ocr_line' id='line_1_31' title="bbox 1854 1606 3425 1679; baseline 0.01 -24"><span class='ocrx_word' id='word_1_221' title='bbox 1854 1606 2197 1672; x_wconf 84' lang='lat' dir='ltr'><strong>nuncupavit.</strong></span> <span class='ocrx_word' id='word_1_222' title='bbox 2220 1606 2286 1659; x_wconf 84' lang='lat' dir='ltr'><strong>Et</strong></span> <span class='ocrx_word' id='word_1_223' title='bbox 2317 1622 2382 1660; x_wconf 92' lang='lat' dir='ltr'><strong>ne</strong></span> <span class='ocrx_word' id='word_1_224' title='bbox 2411 1609 2557 1660; x_wconf 87' lang='lat' dir='ltr'><strong>vocis</strong></span> <span class='ocrx_word' id='word_1_225' title='bbox 2585 1608 2749 1662; x_wconf 89' lang='lat' dir='ltr'><strong>editio</strong></span> <span class='ocrx_word' id='word_1_226' title='bbox 2778 1611 3115 1677; x_wconf 85' lang='lat' dir='ltr'><strong>acciperetur</strong></span> <span class='ocrx_word' id='word_1_227' title='bbox 3152 1614 3202 1666; x_wconf 92' lang='lat' dir='ltr'><strong>in</strong></span> <span class='ocrx_word' id='word_1_228' title='bbox 3241 1614 3425 1679; x_wconf 85' lang='lat' dir='ltr'><strong>Verbo,</strong></span> 
     </span>
    </p>
   </div>
   <div class='ocr_carea' id='block_1_32' title="bbox 1855 1696 3429 1763">
    <p class='ocr_par' dir='ltr' id='par_1_32' title="bbox 1855 1696 3429 1763">
     <span class='ocr_line' id='line_1_32' title="bbox 1855 1696 3429 1763; baseline 0.009 -16"><span class='ocrx_word' id='word_1_229' title='bbox 1855 1696 2018 1747; x_wconf 58' lang='lat' dir='ltr'><strong>eteius</strong></span> <span class='ocrx_word' id='word_1_230' title='bbox 2049 1710 2140 1763; x_wconf 91' lang='lat' dir='ltr'><strong>per</strong></span> <span class='ocrx_word' id='word_1_231' title='bbox 2166 1711 2286 1750; x_wconf 90' lang='lat' dir='ltr'><strong>eum</strong></span> <span class='ocrx_word' id='word_1_232' title='bbox 2312 1700 2502 1752; x_wconf 82' lang='lat' dir='ltr'><strong>asserit</strong></span> <span class='ocrx_word' id='word_1_233' title='bbox 2526 1716 2645 1755; x_wconf 90' lang='lat' dir='ltr'><strong>esse</strong></span> <span class='ocrx_word' id='word_1_234' title='bbox 2666 1701 2923 1757; x_wconf 93' lang='lat' dir='ltr'><strong>ﬁrmatos.</strong></span> <span class='ocrx_word' id='word_1_235' title='bbox 2956 1705 3029 1759; x_wconf 89' lang='lat' dir='ltr'><strong>Ne</strong></span> <span class='ocrx_word' id='word_1_236' title='bbox 3056 1718 3232 1762; x_wconf 90' lang='lat' dir='ltr'><strong>autem</strong></span> <span class='ocrx_word' id='word_1_237' title='bbox 3262 1717 3429 1763; x_wconf 87' lang='lat' dir='ltr'><strong>status</strong></span> 
     </span>
    </p>
   </div>
   <div class='ocr_carea' id='block_1_33' title="bbox 205 1777 3430 1865">
    <p class='ocr_par' dir='ltr' id='par_1_33' title="bbox 205 1777 3430 1865">
     <span class='ocr_line' id='line_1_33' title="bbox 205 1777 3430 1865; baseline 0.004 -26"><span class='ocrx_word' id='word_1_238' title='bbox 205 1808 228 1846; x_wconf 79' lang='lat' dir='ltr'><strong>a</strong></span> <span class='ocrx_word' id='word_1_239' title='bbox 254 1786 641 1844; x_wconf 73' lang='lat' dir='ltr'><strong>suateternitate</strong></span> <span class='ocrx_word' id='word_1_240' title='bbox 663 1784 968 1851; x_wconf 80' lang='lat' dir='ltr'><strong>discrepare</strong></span> <span class='ocrx_word' id='word_1_241' title='bbox 988 1782 1252 1836; x_wconf 90' lang='lat' dir='ltr'><strong>credenda</strong></span> <span class='ocrx_word' id='word_1_242' title='bbox 1273 1795 1348 1835; x_wconf 83' lang='lat' dir='ltr'><strong>eSl</strong></span> <span class='ocrx_word' id='word_1_243' title='bbox 1370 1797 1384 1845; x_wconf 87' lang='lat'><strong>;</strong></span> <span class='ocrx_word' id='word_1_244' title='bbox 1409 1779 1501 1833; x_wconf 90' lang='lat' dir='ltr'><strong>sed</strong></span> <span class='ocrx_word' id='word_1_245' title='bbox 1532 1790 1751 1831; x_wconf 76' lang='lat' dir='ltr'><strong>trianeus</strong></span> <span class='ocrx_word' id='word_1_246' title='bbox 1784 1777 1827 1835; x_wconf 84' lang='grc' dir='ltr'>Β</span> <span class='ocrx_word' id='word_1_247' title='bbox 1853 1781 1880 1819; x_wconf 76' lang='lat' dir='ltr'><strong>d</strong></span> <span class='ocrx_word' id='word_1_248' title='bbox 1912 1785 1963 1837; x_wconf 92' lang='lat' dir='ltr'><strong>in</strong></span> <span class='ocrx_word' id='word_1_249' title='bbox 2006 1784 2205 1855; x_wconf 79' lang='lat' dir='ltr'><strong>Spiritu</strong></span> <span class='ocrx_word' id='word_1_250' title='bbox 2236 1797 2530 1854; x_wconf 87' lang='lat' dir='ltr'><strong>putaretur,</strong></span> <span class='ocrx_word' id='word_1_251' title='bbox 2562 1790 2799 1844; x_wconf 77' lang='lat' dir='ltr'><strong>cmlestis</strong></span> <span class='ocrx_word' id='word_1_252' title='bbox 2834 1793 2888 1846; x_wconf 91' lang='lat' dir='ltr'><strong>in</strong></span> <span class='ocrx_word' id='word_1_253' title='bbox 2918 1809 2983 1847; x_wconf 91' lang='lat' dir='ltr'><strong>eo</strong></span> <span class='ocrx_word' id='word_1_254' title='bbox 3012 1796 3223 1849; x_wconf 86' lang='lat' dir='ltr'><strong>virtutis</strong></span> <span class='ocrx_word' id='word_1_255' title='bbox 3262 1799 3430 1865; x_wconf 83' lang='lat' dir='ltr'><strong>pleni-</strong></span> 
     </span>
    </p>
   </div>
   <div class='ocr_carea' id='block_1_34' title="bbox 205 1868 1752 1936">
    <p class='ocr_par' dir='ltr' id='par_1_34' title="bbox 205 1868 1752 1936">
     <span class='ocr_line' id='line_1_34' title="bbox 205 1868 1752 1936; baseline -0.008 -1"><span class='ocrx_word' id='word_1_256' title='bbox 205 1892 309 1935; x_wconf 80' lang='lat' dir='ltr'><strong>ante</strong></span> <span class='ocrx_word' id='word_1_257' title='bbox 349 1878 536 1931; x_wconf 67' lang='lat' dir='ltr'><strong>smcula</strong></span> <span class='ocrx_word' id='word_1_258' title='bbox 574 1874 823 1928; x_wconf 84' lang='lat' dir='ltr'><strong>divinitas</strong></span> <span class='ocrx_word' id='word_1_259' title='bbox 861 1874 914 1925; x_wconf 94' lang='lat' dir='ltr'><strong>in</strong></span> <span class='ocrx_word' id='word_1_260' title='bbox 952 1872 1127 1935; x_wconf 87' lang='lat' dir='ltr'><strong>Patre,</strong></span> <span class='ocrx_word' id='word_1_261' title='bbox 1160 1882 1216 1925; x_wconf 93' lang='lat' dir='ltr'><strong>et</strong></span> <span class='ocrx_word' id='word_1_262' title='bbox 1254 1871 1412 1936; x_wconf 84' lang='lat' dir='ltr'><strong>Filio,</strong></span> <span class='ocrx_word' id='word_1_263' title='bbox 1458 1880 1512 1924; x_wconf 91' lang='lat' dir='ltr'><strong>et</strong></span> <span class='ocrx_word' id='word_1_264' title='bbox 1549 1868 1752 1936; x_wconf 91' lang='lat' dir='ltr'><strong>Spiritu</strong></span> 
     </span>
    </p>
   </div>
   <div class='ocr_carea' id='block_1_35' title="bbox 205 1961 1751 2035">
    <p class='ocr_par' dir='ltr' id='par_1_35' title="bbox 205 1961 1751 2035">
     <span class='ocr_line' id='line_1_35' title="bbox 205 1961 1751 2035; baseline -0.007 -9"><span class='ocrx_word' id='word_1_265' title='bbox 205 1981 385 2032; x_wconf 69' lang='lat' dir='ltr'><strong>sancta,</strong></span> <span class='ocrx_word' id='word_1_266' title='bbox 412 1984 538 2023; x_wconf 84' lang='lat' dir='ltr'><strong>vere</strong></span> <span class='ocrx_word' id='word_1_267' title='bbox 570 1982 633 2020; x_wconf 88' lang='lat' dir='ltr'><strong>ac</strong></span> <span class='ocrx_word' id='word_1_268' title='bbox 667 1967 880 2035; x_wconf 88' lang='lat' dir='ltr'><strong>proprie</strong></span> <span class='ocrx_word' id='word_1_269' title='bbox 916 1965 1174 2026; x_wconf 84' lang='lat' dir='ltr'><strong>creditur,</strong></span> <span class='ocrx_word' id='word_1_270' title='bbox 1209 1980 1307 2017; x_wconf 91' lang='lat' dir='ltr'><strong>nec</strong></span> <span class='ocrx_word' id='word_1_271' title='bbox 1336 1964 1498 2017; x_wconf 86' lang='lat' dir='ltr'><strong>dividi</strong></span> <span class='ocrx_word' id='word_1_272' title='bbox 1550 1961 1751 2016; x_wconf 88' lang='lat' dir='ltr'><strong>nostris</strong></span> 
     </span>
    </p>
   </div>
   <div class='ocr_carea' id='block_1_36' title="bbox 205 2054 1751 2130">
    <p class='ocr_par' dir='ltr' id='par_1_36' title="bbox 205 2054 1751 2130">
     <span class='ocr_line' id='line_1_36' title="bbox 205 2054 1751 2130; baseline -0.008 -14"><span class='ocrx_word' id='word_1_273' title='bbox 205 2058 705 2130; x_wconf 87' lang='lat' dir='ltr'><strong>interpretationibus</strong></span> <span class='ocrx_word' id='word_1_274' title='bbox 742 2067 937 2125; x_wconf 86' lang='lat' dir='ltr'><strong>potest,</strong></span> <span class='ocrx_word' id='word_1_275' title='bbox 970 2070 1070 2109; x_wconf 88' lang='lat' dir='ltr'><strong>nec</strong></span> <span class='ocrx_word' id='word_1_276' title='bbox 1108 2069 1293 2109; x_wconf 90' lang='lat' dir='ltr'><strong>rursus</strong></span> <span class='ocrx_word' id='word_1_277' title='bbox 1316 2069 1466 2107; x_wconf 87' lang='lat' dir='ltr'><strong>versa</strong></span> <span class='ocrx_word' id='word_1_278' title='bbox 1509 2054 1560 2106; x_wconf 92' lang='lat' dir='ltr'><strong>in</strong></span> <span class='ocrx_word' id='word_1_279' title='bbox 1592 2067 1751 2105; x_wconf 90' lang='lat' dir='ltr'><strong>unam</strong></span> 
     </span>
    </p>
   </div>
   <div class='ocr_carea' id='block_1_37' title="bbox 207 2142 1748 2218">
    <p class='ocr_par' dir='ltr' id='par_1_37' title="bbox 207 2142 1748 2218">
     <span class='ocr_line' id='line_1_37' title="bbox 207 2142 1748 2218; baseline -0.006 -13"><span class='ocrx_word' id='word_1_280' title='bbox 207 2166 457 2218; x_wconf 84' lang='lat' dir='ltr'><strong>personam</strong></span> <span class='ocrx_word' id='word_1_281' title='bbox 495 2147 736 2201; x_wconf 84' lang='lat' dir='ltr'><strong>Trinitas</strong></span> <span class='ocrx_word' id='word_1_282' title='bbox 765 2148 875 2214; x_wconf 89' lang='lat' dir='ltr'><strong>ipsa</strong></span> <span class='ocrx_word' id='word_1_283' title='bbox 910 2146 1183 2199; x_wconf 80' lang='lat' dir='ltr'><strong>confundi.</strong></span> <span class='ocrx_word' id='word_1_284' title='bbox 1235 2145 1356 2197; x_wconf 66' lang='lat' dir='ltr'><strong>Haec</strong></span> <span class='ocrx_word' id='word_1_285' title='bbox 1396 2142 1527 2196; x_wconf 86' lang='lat' dir='ltr'><strong>ﬁdes</strong></span> <span class='ocrx_word' id='word_1_286' title='bbox 1573 2145 1748 2210; x_wconf 86' lang='lat' dir='ltr'><strong>plena,</strong></span> 
     </span>
    </p>
   </div>
   <div class='ocr_carea' id='block_1_38' title="bbox 207 2233 1751 2297">
    <p class='ocr_par' dir='ltr' id='par_1_38' title="bbox 207 2233 1751 2297">
     <span class='ocr_line' id='line_1_38' title="bbox 207 2233 1751 2297; baseline -0.006 -2"><span class='ocrx_word' id='word_1_287' title='bbox 207 2244 303 2297; x_wconf 72' lang='lat' dir='ltr'><strong>luteo</strong></span> <span class='ocrx_word' id='word_1_288' title='bbox 330 2254 504 2295; x_wconf 75' lang='lat' dir='ltr'><strong>nosua</strong></span> <span class='ocrx_word' id='word_1_289' title='bbox 535 2238 820 2293; x_wconf 85' lang='lat' dir='ltr'><strong>credulitas</strong></span> <span class='ocrx_word' id='word_1_290' title='bbox 847 2249 948 2291; x_wconf 90' lang='lat' dir='ltr'><strong>est.</strong></span> <span class='ocrx_word' id='word_1_291' title='bbox 984 2238 1186 2291; x_wconf 88' lang='lat' dir='ltr'><strong>Idcirco</strong></span> <span class='ocrx_word' id='word_1_292' title='bbox 1210 2237 1340 2289; x_wconf 89' lang='lat' dir='ltr'><strong>deos</strong></span> <span class='ocrx_word' id='word_1_293' title='bbox 1379 2250 1479 2289; x_wconf 90' lang='lat' dir='ltr'><strong>nec</strong></span> <span class='ocrx_word' id='word_1_294' title='bbox 1499 2233 1751 2288; x_wconf 77' lang='lat' dir='ltr'><strong>mstimari</strong></span> 
     </span>
    </p>
   </div>
   <div class='ocr_carea' id='block_1_39' title="bbox 206 2328 1753 2403">
    <p class='ocr_par' dir='ltr' id='par_1_39' title="bbox 206 2328 1753 2403">
     <span class='ocr_line' id='line_1_39' title="bbox 206 2328 1753 2403; baseline -0.005 -16"><span class='ocrx_word' id='word_1_295' title='bbox 206 2336 425 2403; x_wconf 83' lang='lat' dir='ltr'><strong>patimur,</strong></span> <span class='ocrx_word' id='word_1_296' title='bbox 473 2346 571 2385; x_wconf 65' lang='lat' dir='ltr'><strong>nec</strong></span> <span class='ocrx_word' id='word_1_297' title='bbox 614 2330 822 2394; x_wconf 84' lang='lat' dir='ltr'><strong>vocari;</strong></span> <span class='ocrx_word' id='word_1_298' title='bbox 859 2329 951 2382; x_wconf 75' lang='lat' dir='ltr'><strong>5rd</strong></span> <span class='ocrx_word' id='word_1_299' title='bbox 981 2345 1144 2382; x_wconf 88' lang='lat' dir='ltr'><strong>unttm</strong></span> <span class='ocrx_word' id='word_1_300' title='bbox 1189 2329 1350 2382; x_wconf 91' lang='lat' dir='ltr'><strong>Deum</strong></span> <span class='ocrx_word' id='word_1_301' title='bbox 1392 2329 1442 2380; x_wconf 93' lang='lat' dir='ltr'><strong>in</strong></span> <span class='ocrx_word' id='word_1_302' title='bbox 1489 2328 1753 2396; x_wconf 75' lang='lat' dir='ltr'><strong>prmdictts</strong></span> 
     </span>
    </p>
   </div>
   <div class='ocr_carea' id='block_1_40' title="bbox 205 2420 1750 2495">
    <p class='ocr_par' dir='ltr' id='par_1_40' title="bbox 205 2420 1750 2495">
     <span class='ocr_line' id='line_1_40' title="bbox 205 2420 1750 2495; baseline -0.003 -16"><span class='ocrx_word' id='word_1_303' title='bbox 205 2430 419 2495; x_wconf 72' lang='lat' dir='ltr'><strong>personis</strong></span> <span class='ocrx_word' id='word_1_304' title='bbox 443 2439 508 2478; x_wconf 85' lang='lat' dir='ltr'><strong>ac</strong></span> <span class='ocrx_word' id='word_1_305' title='bbox 530 2423 831 2478; x_wconf 76' lang='lat' dir='ltr'><strong>nominibus</strong></span> <span class='ocrx_word' id='word_1_306' title='bbox 852 2421 1188 2476; x_wconf 88' lang='lat' dir='ltr'><strong>conﬁtemur.</strong></span> <span class='ocrx_word' id='word_1_307' title='bbox 1210 2420 1590 2475; x_wconf 90' lang='lat' dir='ltr'><strong>lnenarrabilis</strong></span> <span class='ocrx_word' id='word_1_308' title='bbox 1611 2421 1750 2474; x_wconf 89' lang='lat' dir='ltr'><strong>enim</strong></span> 
     </span>
    </p>
   </div>
   <div class='ocr_carea' id='block_1_41' title="bbox 204 2512 1747 2582">
    <p class='ocr_par' dir='ltr' id='par_1_41' title="bbox 204 2512 1747 2582">
     <span class='ocr_line' id='line_1_41' title="bbox 204 2512 1747 2582; baseline -0.006 -11"><span class='ocrx_word' id='word_1_309' title='bbox 204 2518 455 2581; x_wconf 84' lang='lat' dir='ltr'><strong>D-.vinitas,</strong></span> <span class='ocrx_word' id='word_1_310' title='bbox 488 2530 592 2569; x_wconf 90' lang='lat' dir='ltr'><strong>non</strong></span> <span class='ocrx_word' id='word_1_311' title='bbox 622 2524 677 2568; x_wconf 92' lang='lat' dir='ltr'><strong>ut</strong></span> <span class='ocrx_word' id='word_1_312' title='bbox 700 2516 942 2568; x_wconf 91' lang='lat' dir='ltr'><strong>concludi</strong></span> <span class='ocrx_word' id='word_1_313' title='bbox 987 2524 1079 2567; x_wconf 88' lang='lat' dir='ltr'><strong>aut</strong></span> <span class='ocrx_word' id='word_1_314' title='bbox 1110 2513 1433 2582; x_wconf 71' lang='lat' dir='ltr'><strong>apprehendi</strong></span> <span class='ocrx_word' id='word_1_315' title='bbox 1480 2512 1629 2567; x_wconf 86' lang='lat' dir='ltr'><strong>velut</strong></span> <span class='ocrx_word' id='word_1_316' title='bbox 1657 2528 1747 2563; x_wconf 87' lang='lat' dir='ltr'><strong>vo-</strong></span> 
     </span>
    </p>
   </div>
   <div class='ocr_carea' id='block_1_42' title="bbox 202 2604 1752 2674">
    <p class='ocr_par' dir='ltr' id='par_1_42' title="bbox 202 2604 1752 2674">
     <span class='ocr_line' id='line_1_42' title="bbox 202 2604 1752 2674; baseline -0.004 -11"><span class='ocrx_word' id='word_1_317' title='bbox 202 2609 384 2663; x_wconf 83' lang='lat' dir='ltr'><strong>cabulis</strong></span> <span class='ocrx_word' id='word_1_318' title='bbox 416 2616 616 2673; x_wconf 83' lang='lat' dir='ltr'><strong>posset,</strong></span> <span class='ocrx_word' id='word_1_319' title='bbox 648 2605 785 2659; x_wconf 90' lang='lat' dir='ltr'><strong>intra</strong></span> <span class='ocrx_word' id='word_1_320' title='bbox 818 2607 1030 2657; x_wconf 88' lang='lat' dir='ltr'><strong>nomina</strong></span> <span class='ocrx_word' id='word_1_321' title='bbox 1065 2618 1428 2674; x_wconf 84' lang='lat' dir='ltr'><strong>personasque</strong></span> <span class='ocrx_word' id='word_1_322' title='bbox 1459 2619 1517 2658; x_wconf 91' lang='lat' dir='ltr'><strong>se</strong></span> <span class='ocrx_word' id='word_1_323' title='bbox 1542 2604 1752 2672; x_wconf 62' lang='lat' dir='ltr'><strong>praesti-</strong></span> 
     </span>
    </p>
   </div>
   <div class='ocr_carea' id='block_1_43' title="bbox 206 2695 1752 2766">
    <p class='ocr_par' dir='ltr' id='par_1_43' title="bbox 206 2695 1752 2766">
     <span class='ocr_line' id='line_1_43' title="bbox 206 2695 1752 2766; baseline -0.001 -17"><span class='ocrx_word' id='word_1_324' title='bbox 206 2702 284 2753; x_wconf 88' lang='lat' dir='ltr'><strong>tit:</strong></span> <span class='ocrx_word' id='word_1_325' title='bbox 310 2697 396 2752; x_wconf 90' lang='lat' dir='ltr'><strong>sed</strong></span> <span class='ocrx_word' id='word_1_326' title='bbox 428 2706 484 2751; x_wconf 93' lang='lat' dir='ltr'><strong>ut</strong></span> <span class='ocrx_word' id='word_1_327' title='bbox 516 2696 567 2750; x_wconf 93' lang='lat' dir='ltr'><strong>id</strong></span> <span class='ocrx_word' id='word_1_328' title='bbox 589 2698 728 2766; x_wconf 93' lang='lat' dir='ltr'><strong>quod</strong></span> <span class='ocrx_word' id='word_1_329' title='bbox 757 2706 872 2748; x_wconf 89' lang='lat' dir='ltr'><strong>erat</strong></span> <span class='ocrx_word' id='word_1_330' title='bbox 908 2711 1027 2750; x_wconf 88' lang='lat' dir='ltr'><strong>esse</strong></span> <span class='ocrx_word' id='word_1_331' title='bbox 1077 2705 1408 2759; x_wconf 77' lang='lat' dir='ltr'><strong>nosceretur,</strong></span> <span class='ocrx_word' id='word_1_332' title='bbox 1455 2695 1752 2761; x_wconf 83' lang='lat' dir='ltr'><strong>intelligen-</strong></span> 
     </span>
    </p>
   </div>
   <div class='ocr_carea' id='block_1_44' title="bbox 204 2789 1752 2859">
    <p class='ocr_par' dir='ltr' id='par_1_44' title="bbox 204 2789 1752 2859">
     <span class='ocr_line' id='line_1_44' title="bbox 204 2789 1752 2859; baseline -0.004 -16"><span class='ocrx_word' id='word_1_333' title='bbox 204 2791 312 2843; x_wconf 83' lang='lat' dir='ltr'><strong>tiam</strong></span> <span class='ocrx_word' id='word_1_334' title='bbox 338 2791 414 2845; x_wconf 82' lang='lat' dir='ltr'><strong>soi</strong></span> <span class='ocrx_word' id='word_1_335' title='bbox 443 2805 508 2843; x_wconf 79' lang='lat' dir='ltr'><strong>ex</strong></span> <span class='ocrx_word' id='word_1_336' title='bbox 541 2798 712 2859; x_wconf 87' lang='lat' dir='ltr'><strong>parte,</strong></span> <span class='ocrx_word' id='word_1_337' title='bbox 745 2804 900 2857; x_wconf 87' lang='lat' dir='ltr'><strong>qnam</strong></span> <span class='ocrx_word' id='word_1_338' title='bbox 925 2803 1119 2856; x_wconf 84' lang='lat' dir='ltr'><strong>capere</strong></span> <span class='ocrx_word' id='word_1_339' title='bbox 1161 2789 1405 2841; x_wconf 76' lang='lat' dir='ltr'><strong>humanm</strong></span> <span class='ocrx_word' id='word_1_340' title='bbox 1438 2790 1635 2842; x_wconf 86' lang='lat' dir='ltr'><strong>mentis</strong></span> <span class='ocrx_word' id='word_1_341' title='bbox 1658 2802 1752 2839; x_wconf 89' lang='lat' dir='ltr'><strong>an-</strong></span> 
     </span>
    </p>
   </div>
   <div class='ocr_carea' id='block_1_45' title="bbox 204 2878 1751 2949">
    <p class='ocr_par' dir='ltr' id='par_1_45' title="bbox 204 2878 1751 2949">
     <span class='ocr_line' id='line_1_45' title="bbox 204 2878 1751 2949; baseline -0.001 -16"><span class='ocrx_word' id='word_1_342' title='bbox 204 2881 373 2949; x_wconf 63' lang='lat' dir='ltr'><strong>gustiae</strong></span> <span class='ocrx_word' id='word_1_343' title='bbox 404 2880 779 2949; x_wconf 66' lang='lat' dir='ltr'><strong>praevalebant,</strong></span> <span class='ocrx_word' id='word_1_344' title='bbox 814 2879 1154 2932; x_wconf 84' lang='lat' dir='ltr'><strong>credentibus</strong></span> <span class='ocrx_word' id='word_1_345' title='bbox 1181 2878 1350 2943; x_wconf 89' lang='lat' dir='ltr'><strong>dedit,</strong></span> <span class='ocrx_word' id='word_1_346' title='bbox 1388 2878 1644 2947; x_wconf 87' lang='lat' dir='ltr'><strong>propheta</strong></span> <span class='ocrx_word' id='word_1_347' title='bbox 1673 2878 1751 2931; x_wconf 86' lang='lat' dir='ltr'><strong>di-</strong></span> 
     </span>
    </p>
   </div>
   <div class='ocr_carea' id='block_1_46' title="bbox 204 2966 1747 3036">
    <p class='ocr_par' dir='ltr' id='par_1_46' title="bbox 204 2966 1747 3036">
     <span class='ocr_line' id='line_1_46' title="bbox 204 2966 1747 3036; baseline -0.003 -11"><span class='ocrx_word' id='word_1_348' title='bbox 204 2982 374 3025; x_wconf 74' lang='lat' dir='ltr'><strong>conte:</strong></span> <span class='ocrx_word' id='word_1_349' title='bbox 410 2970 525 3023; x_wconf 67' lang='lat' dir='ltr'><strong>Nisi</strong></span> <span class='ocrx_word' id='word_1_350' title='bbox 545 2970 879 3026; x_wconf 84' lang='lat' dir='ltr'><strong>credideritis,</strong></span> <span class='ocrx_word' id='word_1_351' title='bbox 906 2977 927 3003; x_wconf 74' lang='grc' dir='ltr'><strong>ο</strong></span> <span class='ocrx_word' id='word_1_352' title='bbox 955 2984 1054 3019; x_wconf 89' lang='lat' dir='ltr'><strong>non</strong></span> <span class='ocrx_word' id='word_1_353' title='bbox 1085 2968 1375 3036; x_wconf 79' lang='lat' dir='ltr'><strong>intelligetis</strong></span> <span class='ocrx_word' id='word_1_354' title='bbox 1400 2966 1546 3031; x_wconf 84' lang='lat' dir='ltr'><strong>(Isai.</strong></span> <span class='ocrx_word' id='word_1_355' title='bbox 1578 2984 1665 3029; x_wconf 84' lang='lat' dir='ltr'><strong>vn,</strong></span> <span class='ocrx_word' id='word_1_356' title='bbox 1695 2968 1747 3031; x_wconf 89' lang='lat'><strong>9,</strong></span> 
     </span>
    </p>
   </div>
   <div class='ocr_carea' id='block_1_47' title="bbox 201 3057 1749 3128">
    <p class='ocr_par' dir='ltr' id='par_1_47' title="bbox 201 3057 1749 3128">
     <span class='ocr_line' id='line_1_47' title="bbox 201 3057 1749 3128; baseline -0.001 -13"><span class='ocrx_word' id='word_1_357' title='bbox 201 3078 285 3115; x_wconf 67' lang='lat' dir='ltr'><strong>sx.</strong></span> <span class='ocrx_word' id='word_1_358' title='bbox 313 3060 493 3128; x_wconf 78' lang='lat' dir='ltr'><strong>LXX).</strong></span> <span class='ocrx_word' id='word_1_359' title='bbox 521 3059 631 3114; x_wconf 88' lang='lat' dir='ltr'><strong>Una</strong></span> <span class='ocrx_word' id='word_1_360' title='bbox 662 3069 745 3113; x_wconf 89' lang='lat' dir='ltr'><strong>est</strong></span> <span class='ocrx_word' id='word_1_361' title='bbox 765 3057 902 3126; x_wconf 84' lang='lat' dir='ltr'><strong>ergo’</strong></span> <span class='ocrx_word' id='word_1_362' title='bbox 919 3057 1195 3111; x_wconf 83' lang='lat' dir='ltr'><strong>Trinitatis</strong></span> <span class='ocrx_word' id='word_1_363' title='bbox 1215 3059 1405 3122; x_wconf 86' lang='lat' dir='ltr'><strong>deilas,</strong></span> <span class='ocrx_word' id='word_1_364' title='bbox 1429 3068 1483 3113; x_wconf 93' lang='lat' dir='ltr'><strong>et</strong></span> <span class='ocrx_word' id='word_1_365' title='bbox 1512 3059 1560 3112; x_wconf 92' lang='lat' dir='ltr'><strong>in</strong></span> <span class='ocrx_word' id='word_1_366' title='bbox 1594 3058 1749 3127; x_wconf 81' lang='lat' dir='ltr'><strong>hujus</strong></span> 
     </span>
    </p>
   </div>
   <div class='ocr_carea' id='block_1_48' title="bbox 1854 1874 3430 1953">
    <p class='ocr_par' dir='ltr' id='par_1_48' title="bbox 1854 1874 3430 1953">
     <span class='ocr_line' id='line_1_48' title="bbox 1854 1874 3430 1953; baseline 0.009 -24"><span class='ocrx_word' id='word_1_367' title='bbox 1854 1874 2089 1930; x_wconf 89' lang='lat' dir='ltr'><strong>tudinem</strong></span> <span class='ocrx_word' id='word_1_368' title='bbox 2130 1876 2537 1934; x_wconf 87' lang='lat' dir='ltr'><strong>demonstravit.</strong></span> <span class='ocrx_word' id='word_1_369' title='bbox 2579 1881 2708 1934; x_wconf 87' lang='lat' dir='ltr'><strong>Nam</strong></span> <span class='ocrx_word' id='word_1_370' title='bbox 2753 1884 2840 1936; x_wconf 92' lang='lat' dir='ltr'><strong>ubi</strong></span> <span class='ocrx_word' id='word_1_371' title='bbox 2882 1885 3062 1953; x_wconf 81' lang='lat' dir='ltr'><strong>virtus,</strong></span> <span class='ocrx_word' id='word_1_372' title='bbox 3096 1887 3166 1941; x_wconf 86' lang='lat' dir='ltr'><strong>ibi</strong></span> <span class='ocrx_word' id='word_1_373' title='bbox 3210 1903 3430 1943; x_wconf 88' lang='lat' dir='ltr'><strong>necesse</strong></span> 
     </span>
    </p>
   </div>
   <div class='ocr_carea' id='block_1_49' title="bbox 1852 1966 3430 2037">
    <p class='ocr_par' dir='ltr' id='par_1_49' title="bbox 1852 1966 3430 2037">
     <span class='ocr_line' id='line_1_49' title="bbox 1852 1966 3430 2037; baseline 0.008 -18"><span class='ocrx_word' id='word_1_374' title='bbox 1852 1975 1934 2019; x_wconf 88' lang='lat' dir='ltr'><strong>est</strong></span> <span class='ocrx_word' id='word_1_375' title='bbox 1962 1979 2186 2032; x_wconf 89' lang='lat' dir='ltr'><strong>persona</strong></span> <span class='ocrx_word' id='word_1_376' title='bbox 2217 1966 2540 2034; x_wconf 87' lang='lat' dir='ltr'><strong>subsistens;</strong></span> <span class='ocrx_word' id='word_1_377' title='bbox 2565 1971 2650 2023; x_wconf 92' lang='lat' dir='ltr'><strong>ubi</strong></span> <span class='ocrx_word' id='word_1_378' title='bbox 2675 1973 2858 2037; x_wconf 89' lang='lat' dir='ltr'><strong>omnis,</strong></span> <span class='ocrx_word' id='word_1_379' title='bbox 2884 1990 2987 2028; x_wconf 88' lang='lat' dir='ltr'><strong>non</strong></span> <span class='ocrx_word' id='word_1_380' title='bbox 3017 1975 3191 2030; x_wconf 88' lang='lat' dir='ltr'><strong>ablata</strong></span> <span class='ocrx_word' id='word_1_381' title='bbox 3221 1992 3248 2029; x_wconf 90' lang='lat' dir='ltr'><strong>a</strong></span> <span class='ocrx_word' id='word_1_382' title='bbox 3278 1978 3430 2033; x_wconf 82' lang='lat' dir='ltr'><strong>Patre</strong></span> 
     </span>
    </p>
   </div>
   <div class='ocr_carea' id='block_1_50' title="bbox 1853 2054 3430 2135">
    <p class='ocr_par' dir='ltr' id='par_1_50' title="bbox 1853 2054 3430 2135">
     <span class='ocr_line' id='line_1_50' title="bbox 1853 2054 3430 2135; baseline 0.009 -28"><span class='ocrx_word' id='word_1_383' title='bbox 1853 2064 1906 2108; x_wconf 93' lang='lat' dir='ltr'><strong>et</strong></span> <span class='ocrx_word' id='word_1_384' title='bbox 1937 2054 2095 2121; x_wconf 88' lang='lat' dir='ltr'><strong>Filio,</strong></span> <span class='ocrx_word' id='word_1_385' title='bbox 2123 2057 2217 2110; x_wconf 92' lang='lat' dir='ltr'><strong>sed</strong></span> <span class='ocrx_word' id='word_1_386' title='bbox 2249 2070 2615 2114; x_wconf 90' lang='lat' dir='ltr'><strong>consummata</strong></span> <span class='ocrx_word' id='word_1_387' title='bbox 2643 2061 2972 2130; x_wconf 78' lang='lat' dir='ltr'><strong>signiﬁcatur</strong></span> <span class='ocrx_word' id='word_1_388' title='bbox 2994 2066 3046 2120; x_wconf 91' lang='lat' dir='ltr'><strong>in</strong></span> <span class='ocrx_word' id='word_1_389' title='bbox 3076 2065 3275 2135; x_wconf 90' lang='lat' dir='ltr'><strong>Spiritu</strong></span> <span class='ocrx_word' id='word_1_390' title='bbox 3305 2082 3430 2121; x_wconf 85' lang='lat' dir='ltr'><strong>san-</strong></span> 
     </span>
    </p>
   </div>
   <div class='ocr_carea' id='block_1_51' title="bbox 1855 2150 3426 2227">
    <p class='ocr_par' dir='ltr' id='par_1_51' title="bbox 1855 2150 3426 2227">
     <span class='ocr_line' id='line_1_51' title="bbox 1855 2150 3426 2227; baseline 0.01 -28"><span class='ocrx_word' id='word_1_391' title='bbox 1855 2157 1943 2200; x_wconf 90' lang='lat' dir='ltr'><strong>cto</strong></span> <span class='ocrx_word' id='word_1_392' title='bbox 1972 2165 1984 2199; x_wconf 91' lang='lat'><strong>:</strong></span> <span class='ocrx_word' id='word_1_393' title='bbox 2010 2164 2115 2201; x_wconf 91' lang='lat' dir='ltr'><strong>non</strong></span> <span class='ocrx_word' id='word_1_394' title='bbox 2141 2158 2196 2202; x_wconf 93' lang='lat' dir='ltr'><strong>ut</strong></span> <span class='ocrx_word' id='word_1_395' title='bbox 2235 2150 2380 2204; x_wconf 91' lang='lat' dir='ltr'><strong>solus</strong></span> <span class='ocrx_word' id='word_1_396' title='bbox 2412 2152 2601 2207; x_wconf 89' lang='lat' dir='ltr'><strong>habeat</strong></span> <span class='ocrx_word' id='word_1_397' title='bbox 2634 2156 2773 2223; x_wconf 91' lang='lat' dir='ltr'><strong>quod</strong></span> <span class='ocrx_word' id='word_1_398' title='bbox 2804 2156 2856 2210; x_wconf 92' lang='lat' dir='ltr'><strong>in</strong></span> <span class='ocrx_word' id='word_1_399' title='bbox 2889 2156 3046 2213; x_wconf 86' lang='lat' dir='ltr'><strong>Patre</strong></span> <span class='ocrx_word' id='word_1_400' title='bbox 3073 2168 3127 2212; x_wconf 88' lang='lat' dir='ltr'><strong>et</strong></span> <span class='ocrx_word' id='word_1_401' title='bbox 3154 2159 3285 2215; x_wconf 87' lang='lat' dir='ltr'><strong>Filio</strong></span> <span class='ocrx_word' id='word_1_402' title='bbox 3321 2172 3426 2227; x_wconf 84' lang='lat' dir='ltr'><strong>est,</strong></span> 
     </span>
    </p>
   </div>
   <div class='ocr_carea' id='block_1_52' title="bbox 1853 2240 2865 2318">
    <p class='ocr_par' dir='ltr' id='par_1_52' title="bbox 1853 2240 2865 2318">
     <span class='ocr_line' id='line_1_52' title="bbox 1853 2240 2865 2318; baseline 0.009 -25"><span class='ocrx_word' id='word_1_403' title='bbox 1853 2240 1946 2293; x_wconf 85' lang='lat' dir='ltr'><strong>sed</strong></span> <span class='ocrx_word' id='word_1_404' title='bbox 1979 2253 2031 2293; x_wconf 89' lang='lat' dir='ltr'><strong>ut</strong></span> <span class='ocrx_word' id='word_1_405' title='bbox 2062 2252 2228 2297; x_wconf 89' lang='lat' dir='ltr'><strong>totum</strong></span> <span class='ocrx_word' id='word_1_406' title='bbox 2258 2242 2447 2299; x_wconf 79' lang='lat' dir='ltr'><strong>habeat</strong></span> <span class='ocrx_word' id='word_1_407' title='bbox 2468 2260 2586 2299; x_wconf 84' lang='lat' dir='ltr'><strong>cum</strong></span> <span class='ocrx_word' id='word_1_408' title='bbox 2620 2258 2865 2318; x_wconf 90' lang='lat' dir='ltr'><strong>utroque.</strong></span> 
     </span>
    </p>
   </div>
   <div class='ocr_carea' id='block_1_53' title="bbox 1927 2330 3426 2401">
    <p class='ocr_par' dir='ltr' id='par_1_53' title="bbox 1927 2330 3426 2401">
     <span class='ocr_line' id='line_1_53' title="bbox 1927 2330 3426 2401; baseline 0.01 -17"><span class='ocrx_word' id='word_1_409' title='bbox 1927 2330 2015 2385; x_wconf 78' lang='lat' dir='ltr'><strong>XI.</strong></span> <span class='ocrx_word' id='word_1_410' title='bbox 2051 2333 2171 2387; x_wconf 87' lang='lat' dir='ltr'><strong>Tres</strong></span> <span class='ocrx_word' id='word_1_411' title='bbox 2202 2351 2428 2401; x_wconf 68' lang='lat' dir='ltr'><strong>personis</strong></span> <span class='ocrx_word' id='word_1_412' title='bbox 2450 2339 2501 2389; x_wconf 89' lang='lat' dir='ltr'><strong>in</strong></span> <span class='ocrx_word' id='word_1_413' title='bbox 2526 2355 2628 2391; x_wconf 90' lang='lat' dir='ltr'><strong>uno</strong></span> <span class='ocrx_word' id='word_1_414' title='bbox 2659 2340 2879 2393; x_wconf 84' lang='lat' dir='ltr'><strong>nomine.</strong></span> <span class='ocrx_word' id='word_1_415' title='bbox 2906 2371 2975 2381; x_wconf 89' lang='lat'>-</span> <span class='ocrx_word' id='word_1_416' title='bbox 3000 2342 3064 2397; x_wconf 88' lang='lat' dir='ltr'><strong>Et</strong></span> <span class='ocrx_word' id='word_1_417' title='bbox 3097 2343 3285 2399; x_wconf 85' lang='lat' dir='ltr'><strong>iterum</strong></span> <span class='ocrx_word' id='word_1_418' title='bbox 3308 2359 3426 2399; x_wconf 88' lang='lat' dir='ltr'><strong>cum</strong></span> 
     </span>
    </p>
   </div>
   <div class='ocr_carea' id='block_1_54' title="bbox 1854 2422 3422 2501">
    <p class='ocr_par' dir='ltr' id='par_1_54' title="bbox 1854 2422 3422 2501">
     <span class='ocr_line' id='line_1_54' title="bbox 1854 2422 3422 2501; baseline 0.008 -26"><span class='ocrx_word' id='word_1_419' title='bbox 1854 2422 1919 2475; x_wconf 88' lang='lat' dir='ltr'><strong>de</strong></span> <span class='ocrx_word' id='word_1_420' title='bbox 1967 2425 2242 2478; x_wconf 89' lang='lat' dir='ltr'><strong>vocatione</strong></span> <span class='ocrx_word' id='word_1_421' title='bbox 2309 2428 2545 2494; x_wconf 85' lang='lat' dir='ltr'><strong>gentium</strong></span> <span class='ocrx_word' id='word_1_422' title='bbox 2602 2429 2857 2486; x_wconf 90' lang='lat' dir='ltr'><strong>Dominus</strong></span> <span class='ocrx_word' id='word_1_423' title='bbox 2910 2433 3233 2501; x_wconf 86' lang='lat' dir='ltr'><strong>loqueretur,</strong></span> <span class='ocrx_word' id='word_1_424' title='bbox 3283 2438 3422 2491; x_wconf 87' lang='lat' dir='ltr'><strong>intra</strong></span> 
     </span>
    </p>
   </div>
   <div class='ocr_carea' id='block_1_55' title="bbox 1855 2515 3425 2597">
    <p class='ocr_par' dir='ltr' id='par_1_55' title="bbox 1855 2515 3425 2597">
     <span class='ocr_line' id='line_1_55' title="bbox 1855 2515 3425 2597; baseline 0.011 -32"><span class='ocrx_word' id='word_1_425' title='bbox 1855 2529 2015 2566; x_wconf 92' lang='lat' dir='ltr'><strong>unum</strong></span> <span class='ocrx_word' id='word_1_426' title='bbox 2050 2515 2349 2569; x_wconf 89' lang='lat' dir='ltr'><strong>Divinitatis</strong></span> <span class='ocrx_word' id='word_1_427' title='bbox 2384 2534 2577 2573; x_wconf 89' lang='lat' dir='ltr'><strong>nomen</strong></span> <span class='ocrx_word' id='word_1_428' title='bbox 2611 2521 2872 2589; x_wconf 81' lang='lat' dir='ltr'><strong>(Patrem,</strong></span> <span class='ocrx_word' id='word_1_429' title='bbox 2914 2524 3101 2578; x_wconf 84' lang='lat' dir='ltr'><strong>Filium</strong></span> <span class='ocrx_word' id='word_1_430' title='bbox 3133 2526 3207 2597; x_wconf 89' lang='lat' dir='ltr'><strong>et)</strong></span> <span class='ocrx_word' id='word_1_431' title='bbox 3253 2527 3425 2596; x_wconf 87' lang='lat' dir='ltr'><strong>Spiri-</strong></span> 
     </span>
    </p>
   </div>
   <div class='ocr_carea' id='block_1_56' title="bbox 1857 2611 3424 2678">
    <p class='ocr_par' dir='ltr' id='par_1_56' title="bbox 1857 2611 3424 2678">
     <span class='ocr_line' id='line_1_56' title="bbox 1857 2611 3424 2678; baseline 0.011 -21"><span class='ocrx_word' id='word_1_432' title='bbox 1857 2614 1964 2659; x_wconf 90' lang='lat' dir='ltr'><strong>tum</strong></span> <span class='ocrx_word' id='word_1_433' title='bbox 2012 2617 2252 2661; x_wconf 90' lang='lat' dir='ltr'><strong>sanctum</strong></span> <span class='ocrx_word' id='word_1_434' title='bbox 2294 2611 2611 2678; x_wconf 79' lang='lat' dir='ltr'><strong>prmdicans,</strong></span> <span class='ocrx_word' id='word_1_435' title='bbox 2643 2615 2711 2666; x_wconf 90' lang='lat' dir='ltr'><strong>ait</strong></span> <span class='ocrx_word' id='word_1_436' title='bbox 2751 2632 2763 2666; x_wconf 93' lang='lat'><strong>:</strong></span> <span class='ocrx_word' id='word_1_437' title='bbox 2810 2615 3001 2668; x_wconf 85' lang='lat' dir='ltr'><strong>Euntes</strong></span> <span class='ocrx_word' id='word_1_438' title='bbox 3030 2618 3202 2671; x_wconf 84' lang='lat' dir='ltr'><strong>docete</strong></span> <span class='ocrx_word' id='word_1_439' title='bbox 3252 2636 3424 2674; x_wconf 87' lang='lat' dir='ltr'><strong>omnes</strong></span> 
     </span>
    </p>
   </div>
   <div class='ocr_carea' id='block_1_57' title="bbox 1852 2701 3428 2778">
    <p class='ocr_par' dir='ltr' id='par_1_57' title="bbox 1852 2701 3428 2778">
     <span class='ocr_line' id='line_1_57' title="bbox 1852 2701 3428 2778; baseline 0.008 -29"><span class='ocrx_word' id='word_1_440' title='bbox 1852 2709 2041 2767; x_wconf 80' lang='lat' dir='ltr'><strong>gentes,</strong></span> <span class='ocrx_word' id='word_1_441' title='bbox 2072 2701 2382 2769; x_wconf 72' lang='lat' dir='ltr'><strong>baptisantes</strong></span> <span class='ocrx_word' id='word_1_442' title='bbox 2404 2719 2489 2757; x_wconf 86' lang='lat' dir='ltr'><strong>eos</strong></span> <span class='ocrx_word' id='word_1_443' title='bbox 2513 2705 2564 2755; x_wconf 86' lang='lat' dir='ltr'><strong>in</strong></span> <span class='ocrx_word' id='word_1_444' title='bbox 2588 2706 2787 2757; x_wconf 85' lang='lat' dir='ltr'><strong>nomine</strong></span> <span class='ocrx_word' id='word_1_445' title='bbox 2809 2705 2981 2759; x_wconf 80' lang='lat' dir='ltr'><strong>Patris</strong></span> <span class='ocrx_word' id='word_1_446' title='bbox 3010 2719 3055 2760; x_wconf 90' lang='lat' dir='ltr'><strong>et</strong></span> <span class='ocrx_word' id='word_1_447' title='bbox 3085 2706 3211 2761; x_wconf 81' lang='lat' dir='ltr'><strong>Filii</strong></span> <span class='ocrx_word' id='word_1_448' title='bbox 3231 2719 3275 2763; x_wconf 87' lang='lat' dir='ltr'><strong>et</strong></span> <span class='ocrx_word' id='word_1_449' title='bbox 3308 2710 3428 2778; x_wconf 86' lang='lat' dir='ltr'><strong>Spi-</strong></span> 
     </span>
    </p>
   </div>
   <div class='ocr_carea' id='block_1_58' title="bbox 1852 2789 3428 2862">
    <p class='ocr_par' dir='ltr' id='par_1_58' title="bbox 1852 2789 3428 2862">
     <span class='ocr_line' id='line_1_58' title="bbox 1852 2789 3428 2862; baseline 0.011 -23"><span class='ocrx_word' id='word_1_450' title='bbox 1852 2789 1980 2840; x_wconf 84' lang='lat' dir='ltr'><strong>ritus</strong></span> <span class='ocrx_word' id='word_1_451' title='bbox 2018 2792 2178 2843; x_wconf 82' lang='lat' dir='ltr'><strong>sancti</strong></span> <span class='ocrx_word' id='word_1_452' title='bbox 2225 2791 2437 2859; x_wconf 67' lang='lat' dir='ltr'><strong>(Mauh.</strong></span> <span class='ocrx_word' id='word_1_453' title='bbox 2491 2808 2684 2859; x_wconf 73' lang='lat' dir='ltr'><strong>xxvttt,</strong></span> <span class='ocrx_word' id='word_1_454' title='bbox 2738 2795 2915 2862; x_wconf 71' lang='lat' dir='ltr'><strong>19).Et</strong></span> <span class='ocrx_word' id='word_1_455' title='bbox 2958 2795 3147 2851; x_wconf 88' lang='lat' dir='ltr'><strong>iterum</strong></span> <span class='ocrx_word' id='word_1_456' title='bbox 3193 2800 3428 2857; x_wconf 61' lang='lat' dir='ltr'><strong>caelestia</strong></span> 
     </span>
    </p>
   </div>
   <div class='ocr_carea' id='block_1_59' title="bbox 1853 2878 3430 2953">
    <p class='ocr_par' dir='ltr' id='par_1_59' title="bbox 1853 2878 3430 2953">
     <span class='ocr_line' id='line_1_59' title="bbox 1853 2878 3430 2953; baseline 0.008 -21"><span class='ocrx_word' id='word_1_457' title='bbox 1853 2878 2139 2934; x_wconf 90' lang='lat' dir='ltr'><strong>Corinthiis</strong></span> <span class='ocrx_word' id='word_1_458' title='bbox 2164 2883 2456 2949; x_wconf 66' lang='lat' dir='ltr'><strong>praedicans</strong></span> <span class='ocrx_word' id='word_1_459' title='bbox 2474 2887 2779 2953; x_wconf 85' lang='lat' dir='ltr'><strong>Apostolus,</strong></span> <span class='ocrx_word' id='word_1_460' title='bbox 2814 2887 2925 2942; x_wconf 67' lang='lat' dir='ltr'><strong>haec</strong></span> <span class='ocrx_word' id='word_1_461' title='bbox 2947 2888 3220 2944; x_wconf 85' lang='lat' dir='ltr'><strong>subdidit:</strong></span> <span class='ocrx_word' id='word_1_462' title='bbox 3249 2890 3430 2946; x_wconf 85' lang='lat' dir='ltr'><strong>Gratia</strong></span> 
     </span>
    </p>
   </div>
   <div class='ocr_carea' id='block_1_60' title="bbox 1857 2971 3424 3043">
    <p class='ocr_par' dir='ltr' id='par_1_60' title="bbox 1857 2971 3424 3043">
     <span class='ocr_line' id='line_1_60' title="bbox 1857 2971 3424 3043; baseline 0.007 -21"><span class='ocrx_word' id='word_1_463' title='bbox 1857 2971 2061 3025; x_wconf 84' lang='lat' dir='ltr'><strong>Domini</strong></span> <span class='ocrx_word' id='word_1_464' title='bbox 2091 2976 2250 3027; x_wconf 87' lang='lat' dir='ltr'><strong>nostri</strong></span> <span class='ocrx_word' id='word_1_465' title='bbox 2280 2974 2401 3027; x_wconf 81' lang='lat' dir='ltr'><strong>Jesu</strong></span> <span class='ocrx_word' id='word_1_466' title='bbox 2429 2975 2638 3041; x_wconf 78' lang='lat' dir='ltr'><strong>Christi,</strong></span> <span class='ocrx_word' id='word_1_467' title='bbox 2666 2988 2712 3030; x_wconf 90' lang='lat' dir='ltr'><strong>et</strong></span> <span class='ocrx_word' id='word_1_468' title='bbox 2741 2980 2927 3032; x_wconf 86' lang='lat' dir='ltr'><strong>caritas</strong></span> <span class='ocrx_word' id='word_1_469' title='bbox 2963 2980 3071 3043; x_wconf 87' lang='lat' dir='ltr'><strong>Dei,</strong></span> <span class='ocrx_word' id='word_1_470' title='bbox 3104 2989 3151 3033; x_wconf 87' lang='lat' dir='ltr'><strong>et</strong></span> <span class='ocrx_word' id='word_1_471' title='bbox 3197 2998 3424 3035; x_wconf 86' lang='lat' dir='ltr'><strong>commu-</strong></span> 
     </span>
    </p>
   </div>
   <div class='ocr_carea' id='block_1_61' title="bbox 1852 3065 3425 3140">
    <p class='ocr_par' dir='ltr' id='par_1_61' title="bbox 1852 3065 3425 3140">
     <span class='ocr_line' id='line_1_61' title="bbox 1852 3065 3425 3140; baseline 0.006 -22"><span class='ocrx_word' id='word_1_472' title='bbox 1852 3065 2038 3119; x_wconf 84' lang='lat' dir='ltr'><strong>nicatio</strong></span> <span class='ocrx_word' id='word_1_473' title='bbox 2058 3068 2223 3119; x_wconf 83' lang='lat' dir='ltr'><strong>sancti</strong></span> <span class='ocrx_word' id='word_1_474' title='bbox 2248 3065 2471 3135; x_wconf 84' lang='lat' dir='ltr'><strong>Spiritus</strong></span> <span class='ocrx_word' id='word_1_475' title='bbox 2496 3085 2611 3121; x_wconf 87' lang='lat' dir='ltr'><strong>cum</strong></span> <span class='ocrx_word' id='word_1_476' title='bbox 2637 3070 2867 3122; x_wconf 88' lang='lat' dir='ltr'><strong>omnibus</strong></span> <span class='ocrx_word' id='word_1_477' title='bbox 2897 3071 3031 3123; x_wconf 87' lang='lat' dir='ltr'><strong>vobis</strong></span> <span class='ocrx_word' id='word_1_478' title='bbox 3069 3071 3123 3140; x_wconf 76' lang='lat' dir='ltr'><strong>(I-</strong></span> <span class='ocrx_word' id='word_1_479' title='bbox 3148 3071 3266 3126; x_wconf 89' lang='lat' dir='ltr'><strong>Cor.</strong></span> <span class='ocrx_word' id='word_1_480' title='bbox 3311 3087 3425 3138; x_wconf 76' lang='lat' dir='ltr'><strong>snt,</strong></span> 
     </span>
    </p>
   </div>
   <div class='ocr_carea' id='block_1_62' title="bbox 202 3134 3427 3225">
    <p class='ocr_par' dir='ltr' id='par_1_62' title="bbox 202 3134 3427 3225">
     <span class='ocr_line' id='line_1_62' title="bbox 202 3134 3427 3225; baseline 0.002 -24"><span class='ocrx_word' id='word_1_481' title='bbox 202 3152 423 3205; x_wconf 73' lang='lat' dir='ltr'><strong>vocabuli</strong></span> <span class='ocrx_word' id='word_1_482' title='bbox 454 3150 814 3219; x_wconf 87' lang='lat' dir='ltr'><strong>appellatione</strong></span> <span class='ocrx_word' id='word_1_483' title='bbox 842 3150 1162 3217; x_wconf 51' lang='lat' dir='ltr'><strong>signiﬁctttio</strong></span> <span class='ocrx_word' id='word_1_484' title='bbox 1188 3159 1271 3203; x_wconf 90' lang='lat' dir='ltr'><strong>est</strong></span> <span class='ocrx_word' id='word_1_485' title='bbox 1310 3150 1466 3204; x_wconf 88' lang='lat' dir='ltr'><strong>unius</strong></span> <span class='ocrx_word' id='word_1_486' title='bbox 1506 3149 1753 3203; x_wconf 85' lang='lat' dir='ltr'><strong>substan-</strong></span> <span class='ocrx_word' id='word_1_487' title='bbox 1780 3134 1825 3197; x_wconf 87' lang='lat' dir='ltr'><strong>C</strong></span> <span class='ocrx_word' id='word_1_488' title='bbox 1855 3156 1968 3225; x_wconf 76' lang='lat'><strong>25),</strong></span> <span class='ocrx_word' id='word_1_489' title='bbox 2005 3157 2071 3210; x_wconf 65' lang='lat' dir='ltr'><strong>Et</strong></span> <span class='ocrx_word' id='word_1_490' title='bbox 2112 3166 2169 3211; x_wconf 82' lang='grc' dir='ltr'><strong>ιιι</strong></span> <span class='ocrx_word' id='word_1_491' title='bbox 2209 3159 2447 3225; x_wconf 59' lang='lat' dir='ltr'><strong>aper-rius</strong></span> <span class='ocrx_word' id='word_1_492' title='bbox 2481 3160 2535 3213; x_wconf 79' lang='lat' dir='ltr'><strong>in</strong></span> <span class='ocrx_word' id='word_1_493' title='bbox 2582 3162 2682 3214; x_wconf 67' lang='lat' dir='ltr'><strong>hac</strong></span> <span class='ocrx_word' id='word_1_494' title='bbox 2709 3160 2969 3216; x_wconf 68' lang='grc' dir='ltr'><strong>Ττίιιίιειιθ</strong></span> <span class='ocrx_word' id='word_1_495' title='bbox 3006 3134 3260 3218; x_wconf 58' lang='lat' dir='ltr'><strong>unitatem</strong></span> <span class='ocrx_word' id='word_1_496' title='bbox 3302 3134 3427 3220; x_wconf 61' lang='lat' dir='ltr'><strong>sub.</strong></span> 
     </span>
    </p>
   </div>
   <div class='ocr_carea' id='block_1_63' title="bbox 202 3238 1754 3308">
    <p class='ocr_par' dir='ltr' id='par_1_63' title="bbox 202 3238 1754 3308">
     <span class='ocr_line' id='line_1_63' title="bbox 202 3238 1754 3308; baseline -0.003 -12"><span class='ocrx_word' id='word_1_497' title='bbox 202 3247 294 3305; x_wconf 71' lang='lat' dir='ltr'><strong>tite,</strong></span> <span class='ocrx_word' id='word_1_498' title='bbox 334 3258 436 3296; x_wconf 91' lang='lat' dir='ltr'><strong>non</strong></span> <span class='ocrx_word' id='word_1_499' title='bbox 484 3242 645 3294; x_wconf 90' lang='lat' dir='ltr'><strong>unius</strong></span> <span class='ocrx_word' id='word_1_500' title='bbox 694 3254 956 3308; x_wconf 71' lang='lat' dir='ltr'><strong>personae.</strong></span> <span class='ocrx_word' id='word_1_501' title='bbox 1014 3238 1093 3291; x_wconf 88' lang='lat' dir='ltr'><strong>Ad</strong></span> <span class='ocrx_word' id='word_1_502' title='bbox 1138 3254 1295 3307; x_wconf 88' lang='lat' dir='ltr'><strong>quam</strong></span> <span class='ocrx_word' id='word_1_503' title='bbox 1347 3253 1458 3292; x_wconf 91' lang='lat' dir='ltr'><strong>rem</strong></span> <span class='ocrx_word' id='word_1_504' title='bbox 1510 3238 1754 3292; x_wconf 88' lang='lat' dir='ltr'><strong>ﬁdelibus</strong></span> 
     </span>
    </p>
   </div>
   <div class='ocr_carea' id='block_1_64' title="bbox 201 3330 1750 3402">
    <p class='ocr_par' dir='ltr' id='par_1_64' title="bbox 201 3330 1750 3402">
     <span class='ocr_line' id='line_1_64' title="bbox 201 3330 1750 3402; baseline -0.004 -15"><span class='ocrx_word' id='word_1_505' title='bbox 201 3332 630 3402; x_wconf 81' lang='lat' dir='ltr'><strong>comprobaudam</strong></span> <span class='ocrx_word' id='word_1_506' title='bbox 681 3332 732 3383; x_wconf 92' lang='lat' dir='ltr'><strong>in</strong></span> <span class='ocrx_word' id='word_1_507' title='bbox 783 3331 1145 3384; x_wconf 89' lang='lat' dir='ltr'><strong>testimonium</strong></span> <span class='ocrx_word' id='word_1_508' title='bbox 1199 3330 1279 3383; x_wconf 87' lang='lat' dir='ltr'><strong>sui</strong></span> <span class='ocrx_word' id='word_1_509' title='bbox 1332 3330 1592 3383; x_wconf 88' lang='lat' dir='ltr'><strong>Divinitas</strong></span> <span class='ocrx_word' id='word_1_510' title='bbox 1638 3330 1750 3395; x_wconf 91' lang='lat' dir='ltr'><strong>ipsa</strong></span> 
     </span>
    </p>
   </div>
   <div class='ocr_carea' id='block_1_65' title="bbox 203 3420 1751 3489">
    <p class='ocr_par' dir='ltr' id='par_1_65' title="bbox 203 3420 1751 3489">
     <span class='ocr_line' id='line_1_65' title="bbox 203 3420 1751 3489; baseline -0.003 -11"><span class='ocrx_word' id='word_1_511' title='bbox 203 3427 358 3478; x_wconf 84' lang='lat' dir='ltr'><strong>multis</strong></span> <span class='ocrx_word' id='word_1_512' title='bbox 376 3438 427 3477; x_wconf 89' lang='lat' dir='ltr'><strong>et</strong></span> <span class='ocrx_word' id='word_1_513' title='bbox 455 3424 795 3478; x_wconf 85' lang='lat' dir='ltr'><strong>creberrimis</strong></span> <span class='ocrx_word' id='word_1_514' title='bbox 819 3420 1292 3476; x_wconf 86' lang='lat' dir='ltr'><strong>contestationibus</strong></span> <span class='ocrx_word' id='word_1_515' title='bbox 1330 3436 1539 3489; x_wconf 90' lang='lat' dir='ltr'><strong>semper</strong></span> <span class='ocrx_word' id='word_1_516' title='bbox 1565 3420 1751 3474; x_wconf 82' lang='lat' dir='ltr'><strong>adfuit.</strong></span> 
     </span>
    </p>
   </div>
   <div class='ocr_carea' id='block_1_66' title="bbox 205 3512 1753 3583">
    <p class='ocr_par' dir='ltr' id='par_1_66' title="bbox 205 3512 1753 3583">
     <span class='ocr_line' id='line_1_66' title="bbox 205 3512 1753 3583; baseline -0.002 -14"><span class='ocrx_word' id='word_1_517' title='bbox 205 3516 363 3570; x_wconf 80' lang='lat' dir='ltr'><strong>Liceat</strong></span> <span class='ocrx_word' id='word_1_518' title='bbox 402 3531 531 3583; x_wconf 84' lang='lat' dir='ltr'><strong>ergo</strong></span> <span class='ocrx_word' id='word_1_519' title='bbox 572 3514 850 3568; x_wconf 81' lang='lat' dir='ltr'><strong>brevitatis</strong></span> <span class='ocrx_word' id='word_1_520' title='bbox 893 3512 1211 3580; x_wconf 91' lang='lat' dir='ltr'><strong>compendio</strong></span> <span class='ocrx_word' id='word_1_521' title='bbox 1249 3528 1315 3567; x_wconf 87' lang='lat' dir='ltr'><strong>ex</strong></span> <span class='ocrx_word' id='word_1_522' title='bbox 1362 3514 1544 3567; x_wconf 89' lang='lat' dir='ltr'><strong>multis</strong></span> <span class='ocrx_word' id='word_1_523' title='bbox 1587 3527 1753 3580; x_wconf 87' lang='lat' dir='ltr'><strong>pauca</strong></span> 
     </span>
    </p>
   </div>
   <div class='ocr_carea' id='block_1_67' title="bbox 202 3603 1755 3676">
    <p class='ocr_par' dir='ltr' id='par_1_67' title="bbox 202 3603 1755 3676">
     <span class='ocr_line' id='line_1_67' title="bbox 202 3603 1755 3676; baseline -0.002 -16"><span class='ocrx_word' id='word_1_524' title='bbox 202 3608 439 3674; x_wconf 75' lang='lat' dir='ltr'><strong>pml&#39;erre,</strong></span> <span class='ocrx_word' id='word_1_525' title='bbox 479 3608 727 3675; x_wconf 89' lang='lat' dir='ltr'><strong>quoniam</strong></span> <span class='ocrx_word' id='word_1_526' title='bbox 757 3603 853 3676; x_wconf 87' lang='lat' dir='ltr'><strong>[al.</strong></span> <span class='ocrx_word' id='word_1_527' title='bbox 882 3603 1027 3675; x_wconf 90' lang='lat' dir='ltr'><strong>vere]</strong></span> <span class='ocrx_word' id='word_1_528' title='bbox 1066 3619 1190 3658; x_wconf 89' lang='lat' dir='ltr'><strong>vera</strong></span> <span class='ocrx_word' id='word_1_529' title='bbox 1224 3604 1470 3673; x_wconf 90' lang='lat' dir='ltr'><strong>probatio</strong></span> <span class='ocrx_word' id='word_1_530' title='bbox 1502 3604 1755 3672; x_wconf 87' lang='lat' dir='ltr'><strong>majesta-</strong></span> 
     </span>
    </p>
   </div>
   <div class='ocr_carea' id='block_1_68' title="bbox 202 3695 1755 3764">
    <p class='ocr_par' dir='ltr' id='par_1_68' title="bbox 202 3695 1755 3764">
     <span class='ocr_line' id='line_1_68' title="bbox 202 3695 1755 3764; baseline -0.001 -15"><span class='ocrx_word' id='word_1_531' title='bbox 202 3700 277 3764; x_wconf 89' lang='lat' dir='ltr'><strong>tis,</strong></span> <span class='ocrx_word' id='word_1_532' title='bbox 308 3698 509 3751; x_wconf 86' lang='lat' dir='ltr'><strong>tametsi</strong></span> <span class='ocrx_word' id='word_1_533' title='bbox 534 3696 691 3750; x_wconf 87' lang='lat' dir='ltr'><strong>habet</strong></span> <span class='ocrx_word' id='word_1_534' title='bbox 722 3696 1079 3764; x_wconf 87' lang='lat' dir='ltr'><strong>pluralitatem</strong></span> <span class='ocrx_word' id='word_1_535' title='bbox 1106 3696 1552 3756; x_wconf 62' lang='lat' dir='ltr'><strong>testimoniorum,</strong></span> <span class='ocrx_word' id='word_1_536' title='bbox 1579 3695 1755 3762; x_wconf 88' lang='lat' dir='ltr'><strong>plura-</strong></span> 
     </span>
    </p>
   </div>
   <div class='ocr_carea' id='block_1_69' title="bbox 204 3783 1755 3854">
    <p class='ocr_par' dir='ltr' id='par_1_69' title="bbox 204 3783 1755 3854">
     <span class='ocr_line' id='line_1_69' title="bbox 204 3783 1755 3854; baseline -0.001 -16"><span class='ocrx_word' id='word_1_537' title='bbox 204 3787 331 3840; x_wconf 83' lang='lat' dir='ltr'><strong>litate</strong></span> <span class='ocrx_word' id='word_1_538' title='bbox 346 3797 521 3841; x_wconf 87' lang='lat' dir='ltr'><strong>tamen</strong></span> <span class='ocrx_word' id='word_1_539' title='bbox 545 3801 651 3840; x_wconf 90' lang='lat' dir='ltr'><strong>non</strong></span> <span class='ocrx_word' id='word_1_540' title='bbox 676 3784 897 3853; x_wconf 83' lang='lat' dir='ltr'><strong>indiget,</strong></span> <span class='ocrx_word' id='word_1_541' title='bbox 920 3785 1169 3854; x_wconf 91' lang='lat' dir='ltr'><strong>quoniam</strong></span> <span class='ocrx_word' id='word_1_542' title='bbox 1192 3783 1427 3839; x_wconf 87' lang='lat' dir='ltr'><strong>credenti</strong></span> <span class='ocrx_word' id='word_1_543' title='bbox 1454 3797 1618 3853; x_wconf 87' lang='lat' dir='ltr'><strong>pauca</strong></span> <span class='ocrx_word' id='word_1_544' title='bbox 1647 3783 1755 3838; x_wconf 83' lang='lat' dir='ltr'><strong>suf-</strong></span> 
     </span>
    </p>
   </div>
   <div class='ocr_carea' id='block_1_70' title="bbox 203 3878 383 3933">
    <p class='ocr_par' dir='ltr' id='par_1_70' title="bbox 203 3878 383 3933">
     <span class='ocr_line' id='line_1_70' title="bbox 203 3878 383 3933; baseline -0.006 -2"><span class='ocrx_word' id='word_1_545' title='bbox 203 3878 383 3933; x_wconf 81' lang='lat' dir='ltr'><strong>ﬁciunt.</strong></span> 
     </span>
    </p>
   </div>
   <div class='ocr_carea' id='block_1_71' title="bbox 258 3967 1755 4037">
    <p class='ocr_par' dir='ltr' id='par_1_71' title="bbox 258 3967 1755 4037">
     <span class='ocr_line' id='line_1_71' title="bbox 258 3967 1755 4037; baseline 0.001 -14"><span class='ocrx_word' id='word_1_546' title='bbox 258 3970 319 4023; x_wconf 75' lang='grc' dir='ltr'><strong>Χ.</strong></span> <span class='ocrx_word' id='word_1_547' title='bbox 346 3970 627 4037; x_wconf 85' lang='lat' dir='ltr'><strong>Scripturis</strong></span> <span class='ocrx_word' id='word_1_548' title='bbox 658 3968 918 4035; x_wconf 82' lang='lat' dir='ltr'><strong>probatur.</strong></span> <span class='ocrx_word' id='word_1_549' title='bbox 948 3996 1017 4007; x_wconf 89' lang='lat'><strong>—-</strong></span> <span class='ocrx_word' id='word_1_550' title='bbox 1048 3967 1279 4022; x_wconf 89' lang='lat' dir='ltr'><strong>Primum</strong></span> <span class='ocrx_word' id='word_1_551' title='bbox 1312 3969 1468 4037; x_wconf 83' lang='lat' dir='ltr'><strong>igitur</strong></span> <span class='ocrx_word' id='word_1_552' title='bbox 1500 3969 1567 4024; x_wconf 92' lang='lat' dir='ltr'><strong>de</strong></span> <span class='ocrx_word' id='word_1_553' title='bbox 1596 3969 1755 4024; x_wconf 83' lang='lat' dir='ltr'><strong>Vete-</strong></span> 
     </span>
    </p>
   </div>
   <div class='ocr_carea' id='block_1_72' title="bbox 202 4061 1750 4133">
    <p class='ocr_par' dir='ltr' id='par_1_72' title="bbox 202 4061 1750 4133">
     <span class='ocr_line' id='line_1_72' title="bbox 202 4061 1750 4133; baseline 0.002 -19"><span class='ocrx_word' id='word_1_554' title='bbox 202 4062 264 4115; x_wconf 85' lang='lat' dir='ltr'><strong>ris</strong></span> <span class='ocrx_word' id='word_1_555' title='bbox 281 4063 602 4117; x_wconf 82' lang='lat' dir='ltr'><strong>Testamenti</strong></span> <span class='ocrx_word' id='word_1_556' title='bbox 632 4061 783 4115; x_wconf 88' lang='lat' dir='ltr'><strong>libris</strong></span> <span class='ocrx_word' id='word_1_557' title='bbox 806 4061 1141 4129; x_wconf 86' lang='lat' dir='ltr'><strong>postmodum</strong></span> <span class='ocrx_word' id='word_1_558' title='bbox 1164 4063 1320 4116; x_wconf 90' lang='lat' dir='ltr'><strong>etiam</strong></span> <span class='ocrx_word' id='word_1_559' title='bbox 1343 4061 1499 4126; x_wconf 86' lang='lat' dir='ltr'><strong>Novi,</strong></span> <span class='ocrx_word' id='word_1_560' title='bbox 1519 4063 1750 4133; x_wconf 86' lang='lat' dir='ltr'><strong>Patrem,</strong></span> 
     </span>
    </p>
   </div>
   <div class='ocr_carea' id='block_1_73' title="bbox 200 4151 1755 4220">
    <p class='ocr_par' dir='ltr' id='par_1_73' title="bbox 200 4151 1755 4220">
     <span class='ocr_line' id='line_1_73' title="bbox 200 4151 1755 4220; baseline 0.003 -16"><span class='ocrx_word' id='word_1_561' title='bbox 200 4151 395 4215; x_wconf 80' lang='lat' dir='ltr'><strong>Filium,</strong></span> <span class='ocrx_word' id='word_1_562' title='bbox 425 4162 480 4205; x_wconf 89' lang='lat' dir='ltr'><strong>ct</strong></span> <span class='ocrx_word' id='word_1_563' title='bbox 524 4153 780 4220; x_wconf 86' lang='lat' dir='ltr'><strong>Spiritum</strong></span> <span class='ocrx_word' id='word_1_564' title='bbox 829 4161 1068 4206; x_wconf 89' lang='lat' dir='ltr'><strong>sanctum</strong></span> <span class='ocrx_word' id='word_1_565' title='bbox 1108 4155 1261 4206; x_wconf 88' lang='lat' dir='ltr'><strong>unius</strong></span> <span class='ocrx_word' id='word_1_566' title='bbox 1288 4153 1597 4208; x_wconf 86' lang='lat' dir='ltr'><strong>docebimus</strong></span> <span class='ocrx_word' id='word_1_567' title='bbox 1636 4170 1755 4209; x_wconf 87' lang='lat' dir='ltr'><strong>esse</strong></span> 
     </span>
    </p>
   </div>
   <div class='ocr_carea' id='block_1_74' title="bbox 199 4242 1753 4317">
    <p class='ocr_par' dir='ltr' id='par_1_74' title="bbox 199 4242 1753 4317">
     <span class='ocr_line' id='line_1_74' title="bbox 199 4242 1753 4317; baseline 0.003 -22"><span class='ocrx_word' id='word_1_568' title='bbox 199 4246 511 4308; x_wconf 55' lang='lat' dir='ltr'><strong>substantia,</strong></span> <span class='ocrx_word' id='word_1_569' title='bbox 544 4243 683 4297; x_wconf 91' lang='lat' dir='ltr'><strong>libro</strong></span> <span class='ocrx_word' id='word_1_570' title='bbox 706 4242 929 4298; x_wconf 85' lang='lat' dir='ltr'><strong>Genesis</strong></span> <span class='ocrx_word' id='word_1_571' title='bbox 948 4244 1028 4297; x_wconf 89' lang='lat' dir='ltr'><strong>sic</strong></span> <span class='ocrx_word' id='word_1_572' title='bbox 1058 4243 1343 4299; x_wconf 90' lang='lat' dir='ltr'><strong>inchoante</strong></span> <span class='ocrx_word' id='word_1_573' title='bbox 1369 4262 1381 4298; x_wconf 89' lang='lat'><strong>:</strong></span> <span class='ocrx_word' id='word_1_574' title='bbox 1414 4244 1480 4298; x_wconf 86' lang='lat' dir='ltr'><strong>In</strong></span> <span class='ocrx_word' id='word_1_575' title='bbox 1502 4248 1753 4317; x_wconf 85' lang='lat' dir='ltr'><strong>principio</strong></span> 
     </span>
    </p>
   </div>
   <div class='ocr_carea' id='block_1_75' title="bbox 202 4333 1756 4401">
    <p class='ocr_par' dir='ltr' id='par_1_75' title="bbox 202 4333 1756 4401">
     <span class='ocr_line' id='line_1_75' title="bbox 202 4333 1756 4401; baseline 0.004 -17"><span class='ocrx_word' id='word_1_576' title='bbox 202 4335 301 4401; x_wconf 74' lang='lat' dir='ltr'><strong>fecit</strong></span> <span class='ocrx_word' id='word_1_577' title='bbox 329 4333 466 4388; x_wconf 86' lang='lat' dir='ltr'><strong>Deus</strong></span> <span class='ocrx_word' id='word_1_578' title='bbox 496 4334 675 4388; x_wconf 66' lang='lat' dir='ltr'><strong>coelum</strong></span> <span class='ocrx_word' id='word_1_579' title='bbox 707 4344 752 4387; x_wconf 86' lang='lat' dir='ltr'><strong>et</strong></span> <span class='ocrx_word' id='word_1_580' title='bbox 790 4344 974 4387; x_wconf 86' lang='lat' dir='ltr'><strong>terram</strong></span> <span class='ocrx_word' id='word_1_581' title='bbox 998 4350 1017 4400; x_wconf 89' lang='lat'><strong><em>;</em></strong></span> <span class='ocrx_word' id='word_1_582' title='bbox 1044 4345 1180 4387; x_wconf 88' lang='lat' dir='ltr'><strong>terra</strong></span> <span class='ocrx_word' id='word_1_583' title='bbox 1209 4345 1373 4388; x_wconf 89' lang='lat' dir='ltr'><strong>autem</strong></span> <span class='ocrx_word' id='word_1_584' title='bbox 1402 4347 1508 4389; x_wconf 89' lang='lat' dir='ltr'><strong>erat</strong></span> <span class='ocrx_word' id='word_1_585' title='bbox 1536 4338 1756 4390; x_wconf 85' lang='lat' dir='ltr'><strong>invisibi-</strong></span> 
     </span>
    </p>
   </div>
   <div class='ocr_carea' id='block_1_76' title="bbox 200 4427 1752 4498">
    <p class='ocr_par' dir='ltr' id='par_1_76' title="bbox 200 4427 1752 4498">
     <span class='ocr_line' id='line_1_76' title="bbox 200 4427 1752 4498; baseline 0.005 -21"><span class='ocrx_word' id='word_1_586' title='bbox 200 4428 271 4488; x_wconf 85' lang='lat' dir='ltr'><strong>lis,</strong></span> <span class='ocrx_word' id='word_1_587' title='bbox 297 4437 339 4479; x_wconf 88' lang='lat' dir='ltr'><strong>et</strong></span> <span class='ocrx_word' id='word_1_588' title='bbox 368 4427 724 4495; x_wconf 85' lang='lat' dir='ltr'><strong>incomposita,</strong></span> <span class='ocrx_word' id='word_1_589' title='bbox 756 4436 801 4479; x_wconf 88' lang='lat' dir='ltr'><strong>et</strong></span> <span class='ocrx_word' id='word_1_590' title='bbox 825 4428 1040 4480; x_wconf 72' lang='lat' dir='ltr'><strong>tenebrw</strong></span> <span class='ocrx_word' id='word_1_591' title='bbox 1069 4436 1210 4481; x_wconf 89' lang='lat' dir='ltr'><strong>erant</strong></span> <span class='ocrx_word' id='word_1_592' title='bbox 1232 4446 1384 4498; x_wconf 66' lang='grc' dir='ltr'><strong>θαρρεῖ</strong></span> <span class='ocrx_word' id='word_1_593' title='bbox 1407 4429 1664 4498; x_wconf 83' lang='lat' dir='ltr'><strong>abyssum,</strong></span> <span class='ocrx_word' id='word_1_594' title='bbox 1706 4440 1752 4484; x_wconf 82' lang='lat' dir='ltr'><strong>et</strong></span> 
     </span>
    </p>
   </div>
   <div class='ocr_carea' id='block_1_77' title="bbox 1855 3248 3520 3324">
    <p class='ocr_par' dir='ltr' id='par_1_77' title="bbox 1855 3248 3520 3324">
     <span class='ocr_line' id='line_1_77' title="bbox 1855 3248 3520 3324; baseline 0.007 -23"><span class='ocrx_word' id='word_1_595' title='bbox 1855 3248 2065 3302; x_wconf 72' lang='lat' dir='ltr'><strong>stantiae</strong></span> <span class='ocrx_word' id='word_1_596' title='bbox 2096 3248 2379 3316; x_wconf 79' lang='lat' dir='ltr'><strong>fateamur,</strong></span> <span class='ocrx_word' id='word_1_597' title='bbox 2412 3249 2539 3305; x_wconf 92' lang='lat' dir='ltr'><strong>illud</strong></span> <span class='ocrx_word' id='word_1_598' title='bbox 2586 3251 2744 3306; x_wconf 84' lang='lat' dir='ltr'><strong>etiam</strong></span> <span class='ocrx_word' id='word_1_599' title='bbox 2790 3253 2945 3306; x_wconf 86' lang='lat' dir='ltr'><strong>nobis</strong></span> <span class='ocrx_word' id='word_1_600' title='bbox 2972 3265 3054 3308; x_wconf 90' lang='lat' dir='ltr'><strong>est</strong></span> <span class='ocrx_word' id='word_1_601' title='bbox 3091 3255 3422 3324; x_wconf 85' lang='lat' dir='ltr'><strong>intuendum,</strong></span> <span class='ocrx_word' id='word_1_602' title='bbox 3512 3315 3520 3324; x_wconf 88' lang='lat'><em>_</em></span> 
     </span>
    </p>
   </div>
   <div class='ocr_carea' id='block_1_78' title="bbox 1856 3340 3428 3407">
    <p class='ocr_par' dir='ltr' id='par_1_78' title="bbox 1856 3340 3428 3407">
     <span class='ocr_line' id='line_1_78' title="bbox 1856 3340 3428 3407; baseline 0.007 -17"><span class='ocrx_word' id='word_1_603' title='bbox 1856 3340 2123 3407; x_wconf 90' lang='lat' dir='ltr'><strong>quomodo</strong></span> <span class='ocrx_word' id='word_1_604' title='bbox 2150 3340 2309 3404; x_wconf 88' lang='lat' dir='ltr'><strong>Deus,</strong></span> <span class='ocrx_word' id='word_1_605' title='bbox 2344 3356 2465 3395; x_wconf 90' lang='lat' dir='ltr'><strong>cum</strong></span> <span class='ocrx_word' id='word_1_606' title='bbox 2503 3341 2569 3395; x_wconf 90' lang='lat' dir='ltr'><strong>de</strong></span> <span class='ocrx_word' id='word_1_607' title='bbox 2602 3343 2780 3396; x_wconf 91' lang='lat' dir='ltr'><strong>mundi</strong></span> <span class='ocrx_word' id='word_1_608' title='bbox 2812 3353 2866 3398; x_wconf 92' lang='lat' dir='ltr'><strong>et</strong></span> <span class='ocrx_word' id='word_1_609' title='bbox 2903 3344 3131 3398; x_wconf 85' lang='lat' dir='ltr'><strong>hominis</strong></span> <span class='ocrx_word' id='word_1_610' title='bbox 3158 3348 3428 3402; x_wconf 88' lang='lat' dir='ltr'><strong>creatione</strong></span> 
     </span>
    </p>
   </div>
   <div class='ocr_carea' id='block_1_79' title="bbox 1854 3430 3427 3499">
    <p class='ocr_par' dir='ltr' id='par_1_79' title="bbox 1854 3430 3427 3499">
     <span class='ocr_line' id='line_1_79' title="bbox 1854 3430 3427 3499; baseline 0.003 -15"><span class='ocrx_word' id='word_1_611' title='bbox 1854 3430 2180 3497; x_wconf 90' lang='lat' dir='ltr'><strong>disponeret,</strong></span> <span class='ocrx_word' id='word_1_612' title='bbox 2222 3442 2613 3485; x_wconf 84' lang='lat' dir='ltr'><strong>sacramentum</strong></span> <span class='ocrx_word' id='word_1_613' title='bbox 2671 3433 2944 3487; x_wconf 89' lang='lat' dir='ltr'><strong>Trinitatis</strong></span> <span class='ocrx_word' id='word_1_614' title='bbox 2986 3436 3300 3499; x_wconf 82' lang='lat' dir='ltr'><strong>ostenderit,</strong></span> <span class='ocrx_word' id='word_1_615' title='bbox 3345 3437 3427 3491; x_wconf 87' lang='lat' dir='ltr'><strong>di-</strong></span> 
     </span>
    </p>
   </div>
   <div class='ocr_carea' id='block_1_80' title="bbox 1855 3517 3425 3592">
    <p class='ocr_par' dir='ltr' id='par_1_80' title="bbox 1855 3517 3425 3592">
     <span class='ocr_line' id='line_1_80' title="bbox 1855 3517 3425 3592; baseline 0.004 -19"><span class='ocrx_word' id='word_1_616' title='bbox 1855 3534 1981 3574; x_wconf 87' lang='lat' dir='ltr'><strong>cens</strong></span> <span class='ocrx_word' id='word_1_617' title='bbox 2007 3538 2019 3571; x_wconf 88' lang='lat'><strong>:</strong></span> <span class='ocrx_word' id='word_1_618' title='bbox 2063 3517 2337 3573; x_wconf 83' lang='lat' dir='ltr'><strong>Faciamus</strong></span> <span class='ocrx_word' id='word_1_619' title='bbox 2366 3520 2622 3573; x_wconf 82' lang='lat' dir='ltr'><strong>hominem</strong></span> <span class='ocrx_word' id='word_1_620' title='bbox 2659 3523 2725 3575; x_wconf 88' lang='lat' dir='ltr'><strong>ad</strong></span> <span class='ocrx_word' id='word_1_621' title='bbox 2754 3524 3023 3592; x_wconf 86' lang='lat' dir='ltr'><strong>imaginem</strong></span> <span class='ocrx_word' id='word_1_622' title='bbox 3057 3535 3103 3575; x_wconf 86' lang='lat' dir='ltr'><strong>et</strong></span> <span class='ocrx_word' id='word_1_623' title='bbox 3130 3526 3425 3579; x_wconf 86' lang='lat' dir='ltr'><strong>similitudi-</strong></span> 
     </span>
    </p>
   </div>
   <div class='ocr_carea' id='block_1_81' title="bbox 1854 3608 3427 3679">
    <p class='ocr_par' dir='ltr' id='par_1_81' title="bbox 1854 3608 3427 3679">
     <span class='ocr_line' id='line_1_81' title="bbox 1854 3608 3427 3679; baseline 0.004 -17"><span class='ocrx_word' id='word_1_624' title='bbox 1854 3627 1966 3662; x_wconf 86' lang='lat' dir='ltr'><strong>nem</strong></span> <span class='ocrx_word' id='word_1_625' title='bbox 1994 3619 2215 3664; x_wconf 86' lang='lat' dir='ltr'><strong>nostram</strong></span> <span class='ocrx_word' id='word_1_626' title='bbox 2245 3609 2396 3679; x_wconf 86' lang='lat' dir='ltr'><strong>(Gen.</strong></span> <span class='ocrx_word' id='word_1_627' title='bbox 2429 3626 2463 3675; x_wconf 83' lang='grc' dir='ltr'><strong>ι,</strong></span> <span class='ocrx_word' id='word_1_628' title='bbox 2489 3610 2599 3678; x_wconf 74' lang='grc'><strong>26).</strong></span> <span class='ocrx_word' id='word_1_629' title='bbox 2621 3608 2749 3664; x_wconf 87' lang='lat' dir='ltr'><strong>Cum</strong></span> <span class='ocrx_word' id='word_1_630' title='bbox 2768 3612 2896 3665; x_wconf 88' lang='lat' dir='ltr'><strong>dicit</strong></span> <span class='ocrx_word' id='word_1_631' title='bbox 2922 3622 3164 3679; x_wconf 87' lang='lat' dir='ltr'><strong>nostram,</strong></span> <span class='ocrx_word' id='word_1_632' title='bbox 3193 3617 3427 3670; x_wconf 85' lang='lat' dir='ltr'><strong>ostendit</strong></span> 
     </span>
    </p>
   </div>
   <div class='ocr_carea' id='block_1_82' title="bbox 1856 3702 3427 3772">
    <p class='ocr_par' dir='ltr' id='par_1_82' title="bbox 1856 3702 3427 3772">
     <span class='ocr_line' id='line_1_82' title="bbox 1856 3702 3427 3772; baseline 0.002 -16"><span class='ocrx_word' id='word_1_633' title='bbox 1856 3702 2036 3771; x_wconf 89' lang='lat' dir='ltr'><strong>utique</strong></span> <span class='ocrx_word' id='word_1_634' title='bbox 2064 3717 2168 3756; x_wconf 90' lang='lat' dir='ltr'><strong>non</strong></span> <span class='ocrx_word' id='word_1_635' title='bbox 2199 3704 2385 3766; x_wconf 89' lang='lat' dir='ltr'><strong>unius;</strong></span> <span class='ocrx_word' id='word_1_636' title='bbox 2416 3717 2537 3757; x_wconf 91' lang='lat' dir='ltr'><strong>cum</strong></span> <span class='ocrx_word' id='word_1_637' title='bbox 2565 3718 2692 3756; x_wconf 89' lang='lat' dir='ltr'><strong>vero</strong></span> <span class='ocrx_word' id='word_1_638' title='bbox 2727 3704 2999 3772; x_wconf 79' lang='lat' dir='ltr'><strong>imaginem</strong></span> <span class='ocrx_word' id='word_1_639' title='bbox 3039 3715 3085 3758; x_wconf 85' lang='lat' dir='ltr'><strong>et</strong></span> <span class='ocrx_word' id='word_1_640' title='bbox 3132 3706 3427 3759; x_wconf 83' lang='lat' dir='ltr'><strong>similitudi-</strong></span> 
     </span>
    </p>
   </div>
   <div class='ocr_carea' id='block_1_83' title="bbox 1854 3792 3426 3865">
    <p class='ocr_par' dir='ltr' id='par_1_83' title="bbox 1854 3792 3426 3865">
     <span class='ocr_line' id='line_1_83' title="bbox 1854 3792 3426 3865; baseline 0.004 -19"><span class='ocrx_word' id='word_1_641' title='bbox 1854 3809 1988 3857; x_wconf 88' lang='lat' dir='ltr'><strong>nem,</strong></span> <span class='ocrx_word' id='word_1_642' title='bbox 2030 3802 2052 3829; x_wconf 75' lang='grc' dir='ltr'>ο</span> <span class='ocrx_word' id='word_1_643' title='bbox 2086 3792 2287 3862; x_wconf 82' lang='lat' dir='ltr'><strong>profert</strong></span> <span class='ocrx_word' id='word_1_644' title='bbox 2333 3792 2723 3860; x_wconf 76' lang='lat' dir='ltr'><strong>:equalitatem,</strong></span> <span class='ocrx_word' id='word_1_645' title='bbox 2768 3793 3137 3849; x_wconf 78' lang='lat' dir='ltr'><strong>distinctiones</strong></span> <span class='ocrx_word' id='word_1_646' title='bbox 3179 3810 3426 3865; x_wconf 84' lang='lat' dir='ltr'><strong>persona-</strong></span> 
     </span>
    </p>
   </div>
   <div class='ocr_carea' id='block_1_84' title="bbox 1855 3883 3425 3958">
    <p class='ocr_par' dir='ltr' id='par_1_84' title="bbox 1855 3883 3425 3958">
     <span class='ocr_line' id='line_1_84' title="bbox 1855 3883 3425 3958; baseline 0.004 -21"><span class='ocrx_word' id='word_1_647' title='bbox 1855 3899 1972 3937; x_wconf 87' lang='lat' dir='ltr'><strong>rum</strong></span> <span class='ocrx_word' id='word_1_648' title='bbox 2006 3884 2264 3947; x_wconf 82' lang='lat' dir='ltr'><strong>insinuat;</strong></span> <span class='ocrx_word' id='word_1_649' title='bbox 2301 3893 2356 3935; x_wconf 93' lang='lat' dir='ltr'><strong>ut</strong></span> <span class='ocrx_word' id='word_1_650' title='bbox 2384 3883 2435 3936; x_wconf 92' lang='lat' dir='ltr'><strong>in</strong></span> <span class='ocrx_word' id='word_1_651' title='bbox 2458 3886 2646 3937; x_wconf 86' lang='lat' dir='ltr'><strong>eodem</strong></span> <span class='ocrx_word' id='word_1_652' title='bbox 2670 3899 2832 3953; x_wconf 88' lang='lat' dir='ltr'><strong>opere</strong></span> <span class='ocrx_word' id='word_1_653' title='bbox 2854 3887 2923 3939; x_wconf 89' lang='lat' dir='ltr'><strong>sit</strong></span> <span class='ocrx_word' id='word_1_654' title='bbox 2952 3886 3220 3942; x_wconf 80' lang='lat' dir='ltr'><strong>Trinitatis</strong></span> <span class='ocrx_word' id='word_1_655' title='bbox 3245 3901 3425 3958; x_wconf 85' lang='lat' dir='ltr'><strong>aperta</strong></span> 
     </span>
    </p>
   </div>
   <div class='ocr_carea' id='block_1_85' title="bbox 1855 3973 3423 4048">
    <p class='ocr_par' dir='ltr' id='par_1_85' title="bbox 1855 3973 3423 4048">
     <span class='ocr_line' id='line_1_85' title="bbox 1855 3973 3423 4048; baseline 0.004 -21"><span class='ocrx_word' id='word_1_656' title='bbox 1855 3973 2105 4041; x_wconf 82' lang='lat' dir='ltr'><strong>cognitio,</strong></span> <span class='ocrx_word' id='word_1_657' title='bbox 2140 3973 2191 4026; x_wconf 92' lang='lat' dir='ltr'><strong>in</strong></span> <span class='ocrx_word' id='word_1_658' title='bbox 2225 3987 2329 4042; x_wconf 90' lang='lat' dir='ltr'><strong>quo</strong></span> <span class='ocrx_word' id='word_1_659' title='bbox 2362 3988 2461 4026; x_wconf 87' lang='lat' dir='ltr'><strong>nec</strong></span> <span class='ocrx_word' id='word_1_660' title='bbox 2491 3974 2767 4042; x_wconf 86' lang='lat' dir='ltr'><strong>pluralitas</strong></span> <span class='ocrx_word' id='word_1_661' title='bbox 2798 3974 2891 4047; x_wconf 83' lang='grc' dir='ltr'><strong>[αι.</strong></span> <span class='ocrx_word' id='word_1_662' title='bbox 2923 3976 3104 4048; x_wconf 57' lang='lat' dir='ltr'><strong>causa]</strong></span> <span class='ocrx_word' id='word_1_663' title='bbox 3140 3993 3289 4034; x_wconf 89' lang='lat' dir='ltr'><strong>cassa</strong></span> <span class='ocrx_word' id='word_1_664' title='bbox 3320 3990 3423 4047; x_wconf 90' lang='lat' dir='ltr'><strong>est,</strong></span> 
     </span>
    </p>
   </div>
   <div class='ocr_carea' id='block_1_86' title="bbox 1857 4066 3427 4137">
    <p class='ocr_par' dir='ltr' id='par_1_86' title="bbox 1857 4066 3427 4137">
     <span class='ocr_line' id='line_1_86' title="bbox 1857 4066 3427 4137; baseline 0.003 -15"><span class='ocrx_word' id='word_1_665' title='bbox 1857 4083 1954 4122; x_wconf 89' lang='lat' dir='ltr'><strong>nec</strong></span> <span class='ocrx_word' id='word_1_666' title='bbox 1983 4067 2274 4121; x_wconf 88' lang='lat' dir='ltr'><strong>similitudo</strong></span> <span class='ocrx_word' id='word_1_667' title='bbox 2310 4066 2663 4131; x_wconf 69' lang='lat' dir='ltr'><strong>dissentiens,</strong></span> <span class='ocrx_word' id='word_1_668' title='bbox 2684 4069 2805 4121; x_wconf 91' lang='lat' dir='ltr'><strong>dum</strong></span> <span class='ocrx_word' id='word_1_669' title='bbox 2837 4078 2889 4122; x_wconf 91' lang='lat' dir='ltr'><strong>et</strong></span> <span class='ocrx_word' id='word_1_670' title='bbox 2926 4071 3303 4137; x_wconf 58' lang='lat' dir='ltr'><strong>consequentia</strong></span> <span class='ocrx_word' id='word_1_671' title='bbox 3349 4074 3427 4127; x_wconf 86' lang='lat' dir='ltr'><strong>sic</strong></span> 
     </span>
    </p>
   </div>
   <div class='ocr_carea' id='block_1_87' title="bbox 1857 4155 3426 4225">
    <p class='ocr_par' dir='ltr' id='par_1_87' title="bbox 1857 4155 3426 4225">
     <span class='ocr_line' id='line_1_87' title="bbox 1857 4155 3426 4225; baseline 0 -13"><span class='ocrx_word' id='word_1_672' title='bbox 1857 4159 2179 4225; x_wconf 87' lang='lat' dir='ltr'><strong>IOquuntur:</strong></span> <span class='ocrx_word' id='word_1_673' title='bbox 2212 4157 2280 4211; x_wconf 88' lang='lat' dir='ltr'><strong>Et</strong></span> <span class='ocrx_word' id='word_1_674' title='bbox 2309 4157 2437 4209; x_wconf 79' lang='lat' dir='ltr'><strong>dixit</strong></span> <span class='ocrx_word' id='word_1_675' title='bbox 2469 4155 2625 4220; x_wconf 87' lang='lat' dir='ltr'><strong>Deus,</strong></span> <span class='ocrx_word' id='word_1_676' title='bbox 2655 4168 2708 4209; x_wconf 91' lang='lat' dir='ltr'><strong>et</strong></span> <span class='ocrx_word' id='word_1_677' title='bbox 2745 4158 2861 4225; x_wconf 78' lang='lat' dir='ltr'><strong>fecit</strong></span> <span class='ocrx_word' id='word_1_678' title='bbox 2895 4155 3048 4219; x_wconf 86' lang='lat' dir='ltr'><strong>Deus,</strong></span> <span class='ocrx_word' id='word_1_679' title='bbox 3082 4167 3135 4210; x_wconf 80' lang='lat' dir='ltr'><strong>et</strong></span> <span class='ocrx_word' id='word_1_680' title='bbox 3174 4160 3426 4212; x_wconf 72' lang='lat' dir='ltr'><strong>benedixit</strong></span> 
     </span>
    </p>
   </div>
   <div class='ocr_carea' id='block_1_88' title="bbox 1856 4245 3427 4317">
    <p class='ocr_par' dir='ltr' id='par_1_88' title="bbox 1856 4245 3427 4317">
     <span class='ocr_line' id='line_1_88' title="bbox 1856 4245 3427 4317; baseline 0 -17"><span class='ocrx_word' id='word_1_681' title='bbox 1856 4247 1993 4302; x_wconf 86' lang='lat' dir='ltr'><strong>Deus</strong></span> <span class='ocrx_word' id='word_1_682' title='bbox 2014 4247 2167 4317; x_wconf 80' lang='lat' dir='ltr'><strong>(Gen.</strong></span> <span class='ocrx_word' id='word_1_683' title='bbox 2195 4245 2255 4316; x_wconf 86' lang='lat'><strong>1).</strong></span> <span class='ocrx_word' id='word_1_684' title='bbox 2293 4247 2357 4299; x_wconf 83' lang='lat' dir='ltr'><strong>Et</strong></span> <span class='ocrx_word' id='word_1_685' title='bbox 2382 4261 2598 4301; x_wconf 86' lang='lat' dir='ltr'><strong>necesse</strong></span> <span class='ocrx_word' id='word_1_686' title='bbox 2628 4255 2708 4300; x_wconf 75' lang='lat' dir='ltr'><strong>est</strong></span> <span class='ocrx_word' id='word_1_687' title='bbox 2739 4257 2795 4299; x_wconf 87' lang='lat' dir='ltr'><strong>ut</strong></span> <span class='ocrx_word' id='word_1_688' title='bbox 2826 4247 3111 4300; x_wconf 53' lang='lat' dir='ltr'><strong>crt-a&#39;ionis</strong></span> <span class='ocrx_word' id='word_1_689' title='bbox 3153 4247 3314 4300; x_wconf 91' lang='lat' dir='ltr'><strong>totius</strong></span> <span class='ocrx_word' id='word_1_690' title='bbox 3334 4263 3427 4300; x_wconf 87' lang='lat' dir='ltr'><strong>au-</strong></span> 
     </span>
    </p>
   </div>
   <div class='ocr_carea' id='block_1_89' title="bbox 1856 4335 3424 4408">
    <p class='ocr_par' dir='ltr' id='par_1_89' title="bbox 1856 4335 3424 4408">
     <span class='ocr_line' id='line_1_89' title="bbox 1856 4335 3424 4408; baseline 0.001 -16"><span class='ocrx_word' id='word_1_691' title='bbox 1856 4346 1974 4392; x_wconf 90' lang='lat' dir='ltr'><strong>ctor</strong></span> <span class='ocrx_word' id='word_1_692' title='bbox 2024 4339 2160 4392; x_wconf 87' lang='lat' dir='ltr'><strong>Deus</strong></span> <span class='ocrx_word' id='word_1_693' title='bbox 2196 4353 2331 4391; x_wconf 88' lang='lat' dir='ltr'><strong>unus</strong></span> <span class='ocrx_word' id='word_1_694' title='bbox 2373 4339 2460 4390; x_wconf 79' lang='lat' dir='ltr'><strong>sit.</strong></span> <span class='ocrx_word' id='word_1_695' title='bbox 2508 4336 2675 4402; x_wconf 84' lang='lat' dir='ltr'><strong>Quam</strong></span> <span class='ocrx_word' id='word_1_696' title='bbox 2724 4335 2840 4390; x_wconf 90' lang='lat' dir='ltr'><strong>ﬁdei</strong></span> <span class='ocrx_word' id='word_1_697' title='bbox 2897 4338 3156 4391; x_wconf 84' lang='lat' dir='ltr'><strong>rationem</strong></span> <span class='ocrx_word' id='word_1_698' title='bbox 3210 4340 3424 4408; x_wconf 86' lang='lat' dir='ltr'><strong>antiqua</strong></span> 
     </span>
    </p>
   </div>
   <div class='ocr_carea' id='block_1_90' title="bbox 1857 4425 3424 4497">
    <p class='ocr_par' dir='ltr' id='par_1_90' title="bbox 1857 4425 3424 4497">
     <span class='ocr_line' id='line_1_90' title="bbox 1857 4425 3424 4497; baseline -0.001 -15"><span class='ocrx_word' id='word_1_699' title='bbox 1857 4429 2083 4497; x_wconf 87' lang='lat' dir='ltr'><strong>denique</strong></span> <span class='ocrx_word' id='word_1_700' title='bbox 2108 4442 2200 4496; x_wconf 87' lang='lat' dir='ltr'><strong>per</strong></span> <span class='ocrx_word' id='word_1_701' title='bbox 2226 4427 2439 4497; x_wconf 86' lang='lat' dir='ltr'><strong>Moysen</strong></span> <span class='ocrx_word' id='word_1_702' title='bbox 2468 4427 2766 4480; x_wconf 86' lang='lat' dir='ltr'><strong>benedictio</strong></span> <span class='ocrx_word' id='word_1_703' title='bbox 2794 4425 2994 4495; x_wconf 83' lang='lat' dir='ltr'><strong>pandit,</strong></span> <span class='ocrx_word' id='word_1_704' title='bbox 3018 4437 3067 4479; x_wconf 89' lang='lat' dir='ltr'><strong>et</strong></span> <span class='ocrx_word' id='word_1_705' title='bbox 3090 4428 3424 4496; x_wconf 81' lang='lat' dir='ltr'><strong>comprobat,</strong></span> 
     </span>
    </p>
   </div>
   <div class='ocr_carea' id='block_1_91' title="bbox 203 4490 3424 4591">
    <p class='ocr_par' dir='ltr' id='par_1_91' title="bbox 203 4490 3424 4591">
     <span class='ocr_line' id='line_1_91' title="bbox 203 4490 3424 4591; baseline 0.001 -22"><span class='ocrx_word' id='word_1_706' title='bbox 203 4515 407 4580; x_wconf 85' lang='lat' dir='ltr'><strong>Spiritus</strong></span> <span class='ocrx_word' id='word_1_707' title='bbox 432 4490 807 4586; x_wconf 42' lang='lat' dir='ltr'><strong>Dei-ferebatur</strong></span> <span class='ocrx_word' id='word_1_708' title='bbox 834 4534 983 4586; x_wconf 85' lang='lat' dir='ltr'><strong>super</strong></span> <span class='ocrx_word' id='word_1_709' title='bbox 1011 4534 1167 4585; x_wconf 88' lang='lat' dir='ltr'><strong>aquas</strong></span> <span class='ocrx_word' id='word_1_710' title='bbox 1195 4490 1343 4588; x_wconf 78' lang='lat' dir='ltr'><strong>(Gen.</strong></span> <span class='ocrx_word' id='word_1_711' title='bbox 1376 4534 1413 4582; x_wconf 86' lang='grc' dir='ltr'><strong>ι,</strong></span> <span class='ocrx_word' id='word_1_712' title='bbox 1445 4490 1494 4577; x_wconf 54' lang='grc' dir='ltr'>ί</span> <span class='ocrx_word' id='word_1_713' title='bbox 1525 4519 1604 4590; x_wconf 71' lang='grc' dir='ltr'><strong>Ξ).</strong></span> <span class='ocrx_word' id='word_1_714' title='bbox 1633 4490 1750 4591; x_wconf 78' lang='lat' dir='ltr'><strong>[al.,</strong></span> <span class='ocrx_word' id='word_1_715' title='bbox 1783 4490 1832 4548; x_wconf 81' lang='lat' dir='ltr'><strong>D</strong></span> <span class='ocrx_word' id='word_1_716' title='bbox 1858 4535 1958 4588; x_wconf 88' lang='lat' dir='ltr'><strong>qua</strong></span> <span class='ocrx_word' id='word_1_717' title='bbox 2003 4490 2330 4572; x_wconf 76' lang='lat' dir='ltr'><strong>benedicere</strong></span> <span class='ocrx_word' id='word_1_718' title='bbox 2353 4516 2601 4584; x_wconf 87' lang='lat' dir='ltr'><strong>populum</strong></span> <span class='ocrx_word' id='word_1_719' title='bbox 2653 4490 2985 4570; x_wconf 43' lang='lat' dir='ltr'><strong>sacra-mento</strong></span> <span class='ocrx_word' id='word_1_720' title='bbox 3024 4518 3175 4572; x_wconf 72' lang='lat' dir='ltr'><strong>trina:</strong></span> <span class='ocrx_word' id='word_1_721' title='bbox 3213 4490 3424 4573; x_wconf 56' lang='lat' dir='ltr'><strong>invoca;</strong></span> 
     </span>
    </p>
   </div>
   <div class='ocr_carea' id='block_1_92' title="bbox 203 4605 1751 4677">
    <p class='ocr_par' dir='ltr' id='par_1_92' title="bbox 203 4605 1751 4677">
     <span class='ocr_line' id='line_1_92' title="bbox 203 4605 1751 4677; baseline 0.004 -19"><span class='ocrx_word' id='word_1_722' title='bbox 203 4606 283 4659; x_wconf 87' lang='lat' dir='ltr'><strong>Ille</strong></span> <span class='ocrx_word' id='word_1_723' title='bbox 301 4605 407 4677; x_wconf 89' lang='lat' dir='ltr'><strong>qui]</strong></span> <span class='ocrx_word' id='word_1_724' title='bbox 440 4608 529 4661; x_wconf 91' lang='lat' dir='ltr'><strong>Ille</strong></span> <span class='ocrx_word' id='word_1_725' title='bbox 546 4607 860 4676; x_wconf 88' lang='lat' dir='ltr'><strong>principium</strong></span> <span class='ocrx_word' id='word_1_726' title='bbox 883 4608 971 4675; x_wconf 90' lang='lat' dir='ltr'><strong>qui</strong></span> <span class='ocrx_word' id='word_1_727' title='bbox 992 4607 1188 4662; x_wconf 76' lang='lat' dir='ltr'><strong>Judteis</strong></span> <span class='ocrx_word' id='word_1_728' title='bbox 1206 4609 1326 4677; x_wconf 91' lang='lat' dir='ltr'><strong>quis</strong></span> <span class='ocrx_word' id='word_1_729' title='bbox 1354 4620 1497 4663; x_wconf 87' lang='lat' dir='ltr'><strong>esset</strong></span> <span class='ocrx_word' id='word_1_730' title='bbox 1522 4610 1751 4665; x_wconf 90' lang='lat' dir='ltr'><strong>interro-</strong></span> 
     </span>
    </p>
   </div>
   <div class='ocr_carea' id='block_1_93' title="bbox 200 4697 1754 4771">
    <p class='ocr_par' dir='ltr' id='par_1_93' title="bbox 200 4697 1754 4771">
     <span class='ocr_line' id='line_1_93' title="bbox 200 4697 1754 4771; baseline 0.006 -24"><span class='ocrx_word' id='word_1_731' title='bbox 200 4699 423 4766; x_wconf 77' lang='lat' dir='ltr'><strong>gantibus</strong></span> <span class='ocrx_word' id='word_1_732' title='bbox 448 4699 584 4753; x_wconf 77' lang='lat' dir='ltr'><strong>dixit</strong></span> <span class='ocrx_word' id='word_1_733' title='bbox 614 4715 627 4750; x_wconf 94' lang='lat'>:</span> <span class='ocrx_word' id='word_1_734' title='bbox 660 4697 1002 4767; x_wconf 86' lang='lat' dir='ltr'><strong>Principium,</strong></span> <span class='ocrx_word' id='word_1_735' title='bbox 1030 4699 1114 4763; x_wconf 90' lang='lat' dir='ltr'><strong>qui</strong></span> <span class='ocrx_word' id='word_1_736' title='bbox 1145 4707 1190 4752; x_wconf 86' lang='lat' dir='ltr'><strong>et</strong></span> <span class='ocrx_word' id='word_1_737' title='bbox 1212 4700 1388 4767; x_wconf 84' lang='lat' dir='ltr'><strong>loquor</strong></span> <span class='ocrx_word' id='word_1_738' title='bbox 1414 4700 1547 4753; x_wconf 84' lang='lat' dir='ltr'><strong>vobis</strong></span> <span class='ocrx_word' id='word_1_739' title='bbox 1570 4700 1754 4771; x_wconf 82' lang='lat' dir='ltr'><strong>(Joan.</strong></span> 
     </span>
    </p>
   </div>
   <div class='ocr_carea' id='block_1_94' title="bbox 262 4878 1741 4947">
    <p class='ocr_par' dir='ltr' id='par_1_94' title="bbox 262 4878 1741 4947">
     <span class='ocr_line' id='line_1_94' title="bbox 262 4878 1741 4947; baseline -0.002 -15"><span class='ocrx_word' id='word_1_740' title='bbox 262 4888 285 4914; x_wconf 73' lang='grc' dir='ltr'>ι</span> <span class='ocrx_word' id='word_1_741' title='bbox 314 4879 405 4932; x_wconf 83' lang='lat' dir='ltr'><strong>llic.</strong></span> <span class='ocrx_word' id='word_1_742' title='bbox 434 4882 582 4934; x_wconf 88' lang='lat' dir='ltr'><strong>locus</strong></span> <span class='ocrx_word' id='word_1_743' title='bbox 609 4886 692 4933; x_wconf 91' lang='lat' dir='ltr'><strong>est</strong></span> <span class='ocrx_word' id='word_1_744' title='bbox 720 4878 1012 4933; x_wconf 88' lang='lat' dir='ltr'><strong>secundum</strong></span> <span class='ocrx_word' id='word_1_745' title='bbox 1046 4880 1346 4933; x_wconf 89' lang='lat' dir='ltr'><strong>versionem</strong></span> <span class='ocrx_word' id='word_1_746' title='bbox 1377 4879 1741 4947; x_wconf 76' lang='lat' dir='ltr'><strong>Septuaginta,</strong></span> 
     </span>
    </p>
   </div>
   <div class='ocr_carea' id='block_1_95' title="bbox 201 4949 1730 5021">
    <p class='ocr_par' dir='ltr' id='par_1_95' title="bbox 201 4949 1730 5021">
     <span class='ocr_line' id='line_1_95' title="bbox 201 4949 1730 5021; baseline 0.003 -21"><span class='ocrx_word' id='word_1_747' title='bbox 201 4950 276 5001; x_wconf 90' lang='lat' dir='ltr'><strong>ubi</strong></span> <span class='ocrx_word' id='word_1_748' title='bbox 305 4949 407 5003; x_wconf 77' lang='grc' dir='ltr'>οὐδὲ</span> <span class='ocrx_word' id='word_1_749' title='bbox 434 4957 499 5021; x_wconf 79' lang='grc' dir='ltr'><strong>μή</strong></span> <span class='ocrx_word' id='word_1_750' title='bbox 523 4958 709 5021; x_wconf 60' lang='grc' dir='ltr'><strong>συνῆτε</strong></span> <span class='ocrx_word' id='word_1_751' title='bbox 734 4965 749 5001; x_wconf 88' lang='lat'><strong>:</strong></span> <span class='ocrx_word' id='word_1_752' title='bbox 783 4949 1022 5021; x_wconf 78' lang='lat' dir='ltr'><strong>Vulgata,</strong></span> <span class='ocrx_word' id='word_1_753' title='bbox 1052 4965 1151 5021; x_wconf 84' lang='lat' dir='ltr'><strong>non</strong></span> <span class='ocrx_word' id='word_1_754' title='bbox 1188 4951 1555 5021; x_wconf 83' lang='lat' dir='ltr'><strong>permanebitis.</strong></span> <span class='ocrx_word' id='word_1_755' title='bbox 1583 4950 1730 5004; x_wconf 63' lang='lat' dir='ltr'><strong>Caele</strong></span> 
     </span>
    </p>
   </div>
   <div class='ocr_carea' id='block_1_96' title="bbox 198 5019 1749 5088">
    <p class='ocr_par' dir='ltr' id='par_1_96' title="bbox 198 5019 1749 5088">
     <span class='ocr_line' id='line_1_96' title="bbox 198 5019 1749 5088; baseline 0.001 -16"><span class='ocrx_word' id='word_1_756' title='bbox 198 5035 304 5072; x_wconf 88' lang='lat' dir='ltr'><strong>rum</strong></span> <span class='ocrx_word' id='word_1_757' title='bbox 342 5031 396 5072; x_wconf 91' lang='lat' dir='ltr'><strong>ut</strong></span> <span class='ocrx_word' id='word_1_758' title='bbox 432 5019 717 5088; x_wconf 86' lang='lat' dir='ltr'><strong>plurimum</strong></span> <span class='ocrx_word' id='word_1_759' title='bbox 756 5027 930 5072; x_wconf 78' lang='lat' dir='ltr'><strong>textus</strong></span> <span class='ocrx_word' id='word_1_760' title='bbox 961 5019 1248 5087; x_wconf 68' lang='lat' dir='ltr'><strong>Scriptura:</strong></span> <span class='ocrx_word' id='word_1_761' title='bbox 1290 5020 1626 5087; x_wconf 80' lang='lat' dir='ltr'><strong>proferuntur</strong></span> <span class='ocrx_word' id='word_1_762' title='bbox 1666 5021 1749 5073; x_wconf 91' lang='lat' dir='ltr'><strong>hic</strong></span> 
     </span>
    </p>
   </div>
   <div class='ocr_carea' id='block_1_97' title="bbox 199 5088 1748 5157">
    <p class='ocr_par' dir='ltr' id='par_1_97' title="bbox 199 5088 1748 5157">
     <span class='ocr_line' id='line_1_97' title="bbox 199 5088 1748 5157; baseline 0.001 -16"><span class='ocrx_word' id='word_1_763' title='bbox 199 5104 256 5141; x_wconf 79' lang='lat' dir='ltr'><strong>ex</strong></span> <span class='ocrx_word' id='word_1_764' title='bbox 292 5090 525 5144; x_wconf 84' lang='lat' dir='ltr'><strong>versione</strong></span> <span class='ocrx_word' id='word_1_765' title='bbox 572 5088 739 5155; x_wconf 69' lang='lat' dir='ltr'><strong>LXX,</strong></span> <span class='ocrx_word' id='word_1_766' title='bbox 784 5090 1095 5157; x_wconf 90' lang='lat' dir='ltr'><strong>plerumque</strong></span> <span class='ocrx_word' id='word_1_767' title='bbox 1143 5105 1238 5143; x_wconf 85' lang='lat' dir='ltr'><strong>nec</strong></span> <span class='ocrx_word' id='word_1_768' title='bbox 1285 5090 1437 5143; x_wconf 75' lang='lat' dir='ltr'><strong>istius</strong></span> <span class='ocrx_word' id='word_1_769' title='bbox 1485 5090 1748 5143; x_wconf 85' lang='lat' dir='ltr'><strong>versionis</strong></span> 
     </span>
    </p>
   </div>
   <div class='ocr_carea' id='block_1_98' title="bbox 197 5158 1747 5227">
    <p class='ocr_par' dir='ltr' id='par_1_98' title="bbox 197 5158 1747 5227">
     <span class='ocr_line' id='line_1_98' title="bbox 197 5158 1747 5227; baseline 0.001 -16"><span class='ocrx_word' id='word_1_770' title='bbox 197 5166 328 5224; x_wconf 86' lang='lat' dir='ltr'><strong>sunt,</strong></span> <span class='ocrx_word' id='word_1_771' title='bbox 357 5174 450 5214; x_wconf 89' lang='lat' dir='ltr'><strong>nec</strong></span> <span class='ocrx_word' id='word_1_772' title='bbox 478 5160 738 5227; x_wconf 55' lang='lat' dir='ltr'><strong>Vulgata},</strong></span> <span class='ocrx_word' id='word_1_773' title='bbox 768 5168 824 5211; x_wconf 92' lang='lat' dir='ltr'><strong>ut</strong></span> <span class='ocrx_word' id='word_1_774' title='bbox 850 5158 1142 5212; x_wconf 82' lang='lat' dir='ltr'><strong>conferenti</strong></span> <span class='ocrx_word' id='word_1_775' title='bbox 1179 5160 1395 5225; x_wconf 83' lang='lat' dir='ltr'><strong>patebit.</strong></span> <span class='ocrx_word' id='word_1_776' title='bbox 1431 5160 1515 5213; x_wconf 88' lang='lat' dir='ltr'><strong>Sic</strong></span> <span class='ocrx_word' id='word_1_777' title='bbox 1554 5170 1607 5212; x_wconf 87' lang='lat' dir='ltr'><strong>et</strong></span> <span class='ocrx_word' id='word_1_778' title='bbox 1635 5160 1747 5212; x_wconf 90' lang='lat' dir='ltr'><strong>loca</strong></span> 
     </span>
    </p>
   </div>
   <div class='ocr_carea' id='block_1_99' title="bbox 200 5227 1744 5297">
    <p class='ocr_par' dir='ltr' id='par_1_99' title="bbox 200 5227 1744 5297">
     <span class='ocr_line' id='line_1_99' title="bbox 200 5227 1744 5297; baseline 0.001 -18"><span class='ocrx_word' id='word_1_779' title='bbox 200 5228 317 5281; x_wconf 78' lang='lat' dir='ltr'><strong>Novi</strong></span> <span class='ocrx_word' id='word_1_780' title='bbox 347 5229 668 5283; x_wconf 84' lang='lat' dir='ltr'><strong>Testamenti</strong></span> <span class='ocrx_word' id='word_1_781' title='bbox 703 5228 1019 5297; x_wconf 87' lang='lat' dir='ltr'><strong>quandoque</strong></span> <span class='ocrx_word' id='word_1_782' title='bbox 1062 5227 1224 5282; x_wconf 81' lang='lat' dir='ltr'><strong>textui</strong></span> <span class='ocrx_word' id='word_1_783' title='bbox 1254 5227 1439 5281; x_wconf 75' lang='lat' dir='ltr'><strong>Grmco</strong></span> <span class='ocrx_word' id='word_1_784' title='bbox 1465 5241 1583 5281; x_wconf 90' lang='lat' dir='ltr'><strong>sunt</strong></span> <span class='ocrx_word' id='word_1_785' title='bbox 1617 5244 1744 5281; x_wconf 90' lang='lat' dir='ltr'><strong>con-</strong></span> 
     </span>
    </p>
   </div>
   <div class='ocr_carea' id='block_1_100' title="bbox 198 5298 1752 5368">
    <p class='ocr_par' dir='ltr' id='par_1_100' title="bbox 198 5298 1752 5368">
     <span class='ocr_line' id='line_1_100' title="bbox 198 5298 1752 5368; baseline 0.001 -19"><span class='ocrx_word' id='word_1_786' title='bbox 198 5298 395 5362; x_wconf 76' lang='lat' dir='ltr'><strong>lonnia,</strong></span> <span class='ocrx_word' id='word_1_787' title='bbox 415 5302 697 5368; x_wconf 87' lang='lat' dir='ltr'><strong>aliquando</strong></span> <span class='ocrx_word' id='word_1_788' title='bbox 722 5308 915 5352; x_wconf 68' lang='lat' dir='ltr'><strong>nostrae</strong></span> <span class='ocrx_word' id='word_1_789' title='bbox 939 5299 1192 5367; x_wconf 68' lang='lat' dir='ltr'><strong>Vulgatae,</strong></span> <span class='ocrx_word' id='word_1_790' title='bbox 1218 5313 1593 5368; x_wconf 84' lang='lat' dir='ltr'><strong>nonnunquam</strong></span> <span class='ocrx_word' id='word_1_791' title='bbox 1619 5314 1752 5353; x_wconf 86' lang='lat' dir='ltr'><strong>neu-</strong></span> 
     </span>
    </p>
   </div>
   <div class='ocr_carea' id='block_1_101' title="bbox 198 5370 1288 5435">
    <p class='ocr_par' dir='ltr' id='par_1_101' title="bbox 198 5370 1288 5435">
     <span class='ocr_line' id='line_1_101' title="bbox 198 5370 1288 5435; baseline -0.001 -15"><span class='ocrx_word' id='word_1_792' title='bbox 198 5370 255 5420; x_wconf 87' lang='lat' dir='ltr'><strong>tri</strong></span> <span class='ocrx_word' id='word_1_793' title='bbox 284 5374 418 5435; x_wconf 83' lang='lat' dir='ltr'><strong>quod</strong></span> <span class='ocrx_word' id='word_1_794' title='bbox 448 5371 532 5424; x_wconf 83' lang='lat' dir='ltr'><strong>hic</strong></span> <span class='ocrx_word' id='word_1_795' title='bbox 558 5370 724 5422; x_wconf 86' lang='lat' dir='ltr'><strong>semel</strong></span> <span class='ocrx_word' id='word_1_796' title='bbox 754 5370 1022 5423; x_wconf 75' lang='lat' dir='ltr'><strong>monuisse</strong></span> <span class='ocrx_word' id='word_1_797' title='bbox 1046 5371 1173 5422; x_wconf 88' lang='lat' dir='ltr'><strong>satis</strong></span> <span class='ocrx_word' id='word_1_798' title='bbox 1202 5372 1288 5419; x_wconf 86' lang='lat' dir='ltr'><strong>sit.</strong></span> 
     </span>
    </p>
   </div>
   <div class='ocr_carea' id='block_1_102' title="bbox 258 5436 1748 5503">
    <p class='ocr_par' dir='ltr' id='par_1_102' title="bbox 258 5436 1748 5503">
     <span class='ocr_line' id='line_1_102' title="bbox 258 5436 1748 5503; baseline -0.001 -13"><span class='ocrx_word' id='word_1_799' title='bbox 258 5436 284 5473; x_wconf 71' lang='grc' dir='ltr'>δ</span> <span class='ocrx_word' id='word_1_800' title='bbox 310 5438 400 5491; x_wconf 88' lang='lat' dir='ltr'><strong>Sic</strong></span> <span class='ocrx_word' id='word_1_801' title='bbox 426 5456 485 5492; x_wconf 81' lang='lat' dir='ltr'><strong>ex</strong></span> <span class='ocrx_word' id='word_1_802' title='bbox 523 5439 680 5491; x_wconf 78' lang='lat' dir='ltr'><strong>codd.</strong></span> <span class='ocrx_word' id='word_1_803' title='bbox 716 5438 860 5490; x_wconf 88' lang='lat' dir='ltr'><strong>Port.</strong></span> <span class='ocrx_word' id='word_1_804' title='bbox 891 5446 943 5493; x_wconf 86' lang='lat' dir='ltr'><strong>et</strong></span> <span class='ocrx_word' id='word_1_805' title='bbox 969 5439 1128 5492; x_wconf 85' lang='lat' dir='ltr'><strong>Laud.</strong></span> <span class='ocrx_word' id='word_1_806' title='bbox 1162 5437 1314 5490; x_wconf 87' lang='lat' dir='ltr'><strong>simul</strong></span> <span class='ocrx_word' id='word_1_807' title='bbox 1344 5436 1543 5503; x_wconf 88' lang='lat' dir='ltr'><strong>junctis</strong></span> <span class='ocrx_word' id='word_1_808' title='bbox 1569 5439 1748 5501; x_wconf 87' lang='lat' dir='ltr'><strong>legen-</strong></span> 
     </span>
    </p>
   </div>
   <div class='ocr_carea' id='block_1_103' title="bbox 196 5505 1747 5575">
    <p class='ocr_par' dir='ltr' id='par_1_103' title="bbox 196 5505 1747 5575">
     <span class='ocr_line' id='line_1_103' title="bbox 196 5505 1747 5575; baseline -0.003 -13"><span class='ocrx_word' id='word_1_809' title='bbox 196 5505 309 5562; x_wconf 82' lang='lat' dir='ltr'><strong>dum</strong></span> <span class='ocrx_word' id='word_1_810' title='bbox 336 5522 451 5562; x_wconf 85' lang='lat' dir='ltr'><strong>esse</strong></span> <span class='ocrx_word' id='word_1_811' title='bbox 475 5512 799 5563; x_wconf 82' lang='lat' dir='ltr'><strong>censuimus.</strong></span> <span class='ocrx_word' id='word_1_812' title='bbox 825 5508 951 5560; x_wconf 85' lang='lat' dir='ltr'><strong>Nam</strong></span> <span class='ocrx_word' id='word_1_813' title='bbox 978 5509 1144 5562; x_wconf 86' lang='lat' dir='ltr'><strong>Laud.</strong></span> <span class='ocrx_word' id='word_1_814' title='bbox 1164 5508 1321 5561; x_wconf 85' lang='lat' dir='ltr'><strong>habet</strong></span> <span class='ocrx_word' id='word_1_815' title='bbox 1340 5508 1568 5560; x_wconf 78' lang='lat' dir='ltr'><strong>elementi</strong></span> <span class='ocrx_word' id='word_1_816' title='bbox 1589 5508 1747 5575; x_wconf 84' lang='lat' dir='ltr'><strong>signis</strong></span> 
     </span>
    </p>
   </div>
   <div class='ocr_carea' id='block_1_104' title="bbox 196 5575 1746 5649">
    <p class='ocr_par' dir='ltr' id='par_1_104' title="bbox 196 5575 1746 5649">
     <span class='ocr_line' id='line_1_104' title="bbox 196 5575 1746 5649; baseline -0.003 -16"><span class='ocrx_word' id='word_1_817' title='bbox 196 5577 430 5642; x_wconf 67' lang='lat' dir='ltr'><strong>Iumenta.</strong></span> <span class='ocrx_word' id='word_1_818' title='bbox 477 5578 650 5641; x_wconf 88' lang='lat' dir='ltr'><strong>Port.,</strong></span> <span class='ocrx_word' id='word_1_819' title='bbox 695 5578 951 5649; x_wconf 82' lang='lat' dir='ltr'><strong>elementis</strong></span> <span class='ocrx_word' id='word_1_820' title='bbox 1003 5580 1210 5649; x_wconf 81' lang='lat' dir='ltr'><strong>propria</strong></span> <span class='ocrx_word' id='word_1_821' title='bbox 1254 5577 1493 5647; x_wconf 77' lang='lat' dir='ltr'><strong>fomenta.</strong></span> <span class='ocrx_word' id='word_1_822' title='bbox 1520 5648 1523 5649; x_wconf 15' lang='grc' dir='ltr'><em>ν</em></span> <span class='ocrx_word' id='word_1_823' title='bbox 1550 5575 1746 5649; x_wconf 66' lang='lat' dir='ltr'><strong>Gmteri</strong></span> 
     </span>
    </p>
   </div>
   <div class='ocr_carea' id='block_1_105' title="bbox 196 5647 1743 5717">
    <p class='ocr_par' dir='ltr' id='par_1_105' title="bbox 196 5647 1743 5717">
     <span class='ocr_line' id='line_1_105' title="bbox 196 5647 1743 5717; baseline 0 -16"><span class='ocrx_word' id='word_1_824' title='bbox 196 5663 371 5704; x_wconf 78' lang='lat' dir='ltr'><strong>oruues</strong></span> <span class='ocrx_word' id='word_1_825' title='bbox 417 5664 543 5702; x_wconf 90' lang='lat' dir='ltr'><strong>mss.</strong></span> <span class='ocrx_word' id='word_1_826' title='bbox 588 5659 644 5703; x_wconf 88' lang='lat' dir='ltr'><strong>et</strong></span> <span class='ocrx_word' id='word_1_827' title='bbox 683 5648 809 5701; x_wconf 87' lang='lat' dir='ltr'><strong>editi</strong></span> <span class='ocrx_word' id='word_1_828' title='bbox 854 5664 868 5699; x_wconf 89' lang='lat'><strong>:</strong></span> <span class='ocrx_word' id='word_1_829' title='bbox 908 5647 1015 5717; x_wconf 79' lang='lat' dir='ltr'><strong>ipse</strong></span> <span class='ocrx_word' id='word_1_830' title='bbox 1050 5647 1257 5702; x_wconf 83' lang='lat' dir='ltr'><strong>rudibus</strong></span> <span class='ocrx_word' id='word_1_831' title='bbox 1297 5648 1585 5711; x_wconf 73' lang='lat' dir='ltr'><strong>elcnwntis;</strong></span> <span class='ocrx_word' id='word_1_832' title='bbox 1615 5647 1743 5716; x_wconf 85' lang='lat' dir='ltr'><strong>ignis</strong></span> 
     </span>
    </p>
   </div>
   <div class='ocr_carea' id='block_1_106' title="bbox 198 5719 924 5788">
    <p class='ocr_par' dir='ltr' id='par_1_106' title="bbox 198 5719 924 5788">
     <span class='ocr_line' id='line_1_106' title="bbox 198 5719 924 5788; baseline 0 -17"><span class='ocrx_word' id='word_1_833' title='bbox 198 5719 384 5786; x_wconf 68' lang='lat' dir='ltr'><strong>proprii</strong></span> <span class='ocrx_word' id='word_1_834' title='bbox 406 5719 624 5788; x_wconf 80' lang='lat' dir='ltr'><strong>fontenta</strong></span> <span class='ocrx_word' id='word_1_835' title='bbox 647 5725 924 5787; x_wconf 75' lang='lat' dir='ltr'><strong>p:a:staret.</strong></span> 
     </span>
    </p>
   </div>
   <div class='ocr_carea' id='block_1_107' title="bbox 1864 4605 3422 4676">
    <p class='ocr_par' dir='ltr' id='par_1_107' title="bbox 1864 4605 3422 4676">
     <span class='ocr_line' id='line_1_107' title="bbox 1864 4605 3422 4676; baseline 0 -12"><span class='ocrx_word' id='word_1_836' title='bbox 1864 4609 2274 4673; x_wconf 87' lang='lat' dir='ltr'><strong>tionisjubetur.</strong></span> <span class='ocrx_word' id='word_1_837' title='bbox 2308 4609 2395 4658; x_wconf 83' lang='lat' dir='ltr'><strong>Ait</strong></span> <span class='ocrx_word' id='word_1_838' title='bbox 2423 4605 2563 4657; x_wconf 90' lang='lat' dir='ltr'><strong>enim</strong></span> <span class='ocrx_word' id='word_1_839' title='bbox 2604 4605 2743 4658; x_wconf 88' lang='lat' dir='ltr'><strong>Deus</strong></span> <span class='ocrx_word' id='word_1_840' title='bbox 2773 4605 2836 4657; x_wconf 90' lang='lat' dir='ltr'><strong>ad</strong></span> <span class='ocrx_word' id='word_1_841' title='bbox 2878 4605 3095 4676; x_wconf 82' lang='lat' dir='ltr'><strong>Moysen</strong></span> <span class='ocrx_word' id='word_1_842' title='bbox 3121 4626 3137 4662; x_wconf 88' lang='lat'><strong>:</strong></span> <span class='ocrx_word' id='word_1_843' title='bbox 3165 4608 3253 4663; x_wconf 88' lang='lat' dir='ltr'><strong>Sic</strong></span> <span class='ocrx_word' id='word_1_844' title='bbox 3273 4611 3422 4665; x_wconf 88' lang='lat' dir='ltr'><strong>benc-</strong></span> 
     </span>
    </p>
   </div>
   <div class='ocr_carea' id='block_1_108' title="bbox 1865 4694 3425 4767">
    <p class='ocr_par' dir='ltr' id='par_1_108' title="bbox 1865 4694 3425 4767">
     <span class='ocr_line' id='line_1_108' title="bbox 1865 4694 3425 4767; baseline 0 -14"><span class='ocrx_word' id='word_1_845' title='bbox 1865 4702 1999 4754; x_wconf 82' lang='lat' dir='ltr'><strong>dices</strong></span> <span class='ocrx_word' id='word_1_846' title='bbox 2026 4698 2265 4767; x_wconf 77' lang='lat' dir='ltr'><strong>populant</strong></span> <span class='ocrx_word' id='word_1_847' title='bbox 2294 4711 2478 4761; x_wconf 83' lang='lat' dir='ltr'><strong>meum,</strong></span> <span class='ocrx_word' id='word_1_848' title='bbox 2506 4702 2555 4747; x_wconf 83' lang='lat' dir='ltr'><strong>et</strong></span> <span class='ocrx_word' id='word_1_849' title='bbox 2583 4711 2673 4763; x_wconf 87' lang='lat' dir='ltr'><strong>ego</strong></span> <span class='ocrx_word' id='word_1_850' title='bbox 2694 4694 2984 4749; x_wconf 84' lang='lat' dir='ltr'><strong>benedicam</strong></span> <span class='ocrx_word' id='word_1_851' title='bbox 3012 4696 3130 4752; x_wconf 84' lang='lat' dir='ltr'><strong>illos</strong></span> <span class='ocrx_word' id='word_1_852' title='bbox 3161 4713 3182 4753; x_wconf 92' lang='lat'><strong><em>:</em></strong></span> <span class='ocrx_word' id='word_1_853' title='bbox 3208 4697 3425 4755; x_wconf 80' lang='lat' dir='ltr'><strong>Benedi-</strong></span> 
     </span>
    </p>
   </div>
   <div class='ocr_carea' id='block_1_109' title="bbox 1928 4873 3424 4940">
    <p class='ocr_par' dir='ltr' id='par_1_109' title="bbox 1928 4873 3424 4940">
     <span class='ocr_line' id='line_1_109' title="bbox 1928 4873 3424 4940; baseline 0.002 -11"><span class='ocrx_word' id='word_1_854' title='bbox 1928 4888 1948 4915; x_wconf 78' lang='grc' dir='ltr'><strong>ο</strong></span> <span class='ocrx_word' id='word_1_855' title='bbox 1977 4876 2128 4930; x_wconf 88' lang='lat' dir='ltr'><strong>Colb.</strong></span> <span class='ocrx_word' id='word_1_856' title='bbox 2164 4876 2223 4938; x_wconf 85' lang='lat' dir='ltr'><strong>l,</strong></span> <span class='ocrx_word' id='word_1_857' title='bbox 2260 4875 2409 4928; x_wconf 87' lang='lat' dir='ltr'><strong>Mart.</strong></span> <span class='ocrx_word' id='word_1_858' title='bbox 2441 4883 2493 4927; x_wconf 92' lang='lat' dir='ltr'><strong>et</strong></span> <span class='ocrx_word' id='word_1_859' title='bbox 2521 4873 2678 4927; x_wconf 89' lang='lat' dir='ltr'><strong>Orth.</strong></span> <span class='ocrx_word' id='word_1_860' title='bbox 2721 4889 2839 4926; x_wconf 86' lang='lat' dir='ltr'><strong>cum</strong></span> <span class='ocrx_word' id='word_1_861' title='bbox 2872 4874 3140 4940; x_wconf 84' lang='lat' dir='ltr'><strong>Loricltio,</strong></span> <span class='ocrx_word' id='word_1_862' title='bbox 3168 4877 3220 4928; x_wconf 88' lang='lat' dir='ltr'><strong>in</strong></span> <span class='ocrx_word' id='word_1_863' title='bbox 3245 4893 3424 4932; x_wconf 88' lang='lat' dir='ltr'><strong>sacra-</strong></span> 
     </span>
    </p>
   </div>
   <div class='ocr_carea' id='block_1_110' title="bbox 1854 4945 3425 5018">
    <p class='ocr_par' dir='ltr' id='par_1_110' title="bbox 1854 4945 3425 5018">
     <span class='ocr_line' id='line_1_110' title="bbox 1854 4945 3425 5018; baseline 0 -18"><span class='ocrx_word' id='word_1_864' title='bbox 1854 4957 2018 5000; x_wconf 88' lang='lat' dir='ltr'><strong>mento</strong></span> <span class='ocrx_word' id='word_1_865' title='bbox 2046 4948 2212 5018; x_wconf 73' lang='lat' dir='ltr'><strong>unitas</strong></span> <span class='ocrx_word' id='word_1_866' title='bbox 2247 4945 2651 5018; x_wconf 74' lang='lat' dir='ltr'><strong>recurrit._Quin</strong></span> <span class='ocrx_word' id='word_1_867' title='bbox 2675 4952 2742 5018; x_wconf 88' lang='lat' dir='ltr'><strong>_et</strong></span> <span class='ocrx_word' id='word_1_868' title='bbox 2769 4945 3105 5018; x_wconf 75' lang='lat' dir='ltr'><strong>pauloante,</strong></span> <span class='ocrx_word' id='word_1_869' title='bbox 3147 4962 3241 5014; x_wconf 88' lang='lat' dir='ltr'><strong>pro</strong></span> <span class='ocrx_word' id='word_1_870' title='bbox 3274 4948 3425 5018; x_wconf 84' lang='lat' dir='ltr'><strong>plena</strong></span> 
     </span>
    </p>
   </div>
   <div class='ocr_carea' id='block_1_111' title="bbox 1853 5011 3047 5081">
    <p class='ocr_par' dir='ltr' id='par_1_111' title="bbox 1853 5011 3047 5081">
     <span class='ocr_line' id='line_1_111' title="bbox 1853 5011 3047 5081; baseline -0.004 -10"><span class='ocrx_word' id='word_1_871' title='bbox 1853 5018 2090 5079; x_wconf 77' lang='lat' dir='ltr'><strong>brevitas,</strong></span> <span class='ocrx_word' id='word_1_872' title='bbox 2125 5015 2400 5068; x_wconf 89' lang='lat' dir='ltr'><strong>Lorichius</strong></span> <span class='ocrx_word' id='word_1_873' title='bbox 2423 5014 2599 5081; x_wconf 86' lang='lat' dir='ltr'><strong>habet,</strong></span> <span class='ocrx_word' id='word_1_874' title='bbox 2632 5014 2785 5078; x_wconf 88' lang='lat' dir='ltr'><strong>plana</strong></span> <span class='ocrx_word' id='word_1_875' title='bbox 2816 5011 3047 5066; x_wconf 78' lang='lat' dir='ltr'><strong>brevitas.</strong></span> 
     </span>
    </p>
   </div>
   <div class='ocr_carea' id='block_1_112' title="bbox 1921 5083 3426 5149">
    <p class='ocr_par' dir='ltr' id='par_1_112' title="bbox 1921 5083 3426 5149">
     <span class='ocr_line' id='line_1_112' title="bbox 1921 5083 3426 5149; baseline 0.001 -10"><span class='ocrx_word' id='word_1_876' title='bbox 1921 5084 1949 5123; x_wconf 72' lang='grc' dir='ltr'><strong>ἀ</strong></span> <span class='ocrx_word' id='word_1_877' title='bbox 1982 5086 2147 5139; x_wconf 89' lang='lat' dir='ltr'><strong>Laud.</strong></span> <span class='ocrx_word' id='word_1_878' title='bbox 2178 5086 2333 5139; x_wconf 86' lang='lat' dir='ltr'><strong>Mart.</strong></span> <span class='ocrx_word' id='word_1_879' title='bbox 2360 5094 2413 5137; x_wconf 90' lang='lat' dir='ltr'><strong>et</strong></span> <span class='ocrx_word' id='word_1_880' title='bbox 2441 5083 2614 5146; x_wconf 83' lang='lat' dir='ltr'><strong>Orth.,</strong></span> <span class='ocrx_word' id='word_1_881' title='bbox 2640 5084 2691 5135; x_wconf 87' lang='lat' dir='ltr'><strong>in</strong></span> <span class='ocrx_word' id='word_1_882' title='bbox 2716 5083 2949 5149; x_wconf 86' lang='lat' dir='ltr'><strong>spiritum</strong></span> <span class='ocrx_word' id='word_1_883' title='bbox 2979 5092 3254 5149; x_wconf 83' lang='lat' dir='ltr'><strong>reputetur.</strong></span> <span class='ocrx_word' id='word_1_884' title='bbox 3281 5087 3426 5142; x_wconf 75' lang='lat' dir='ltr'><strong>licti-</strong></span> 
     </span>
    </p>
   </div>
   <div class='ocr_carea' id='block_1_113' title="bbox 1852 5153 3418 5221">
    <p class='ocr_par' dir='ltr' id='par_1_113' title="bbox 1852 5153 3418 5221">
     <span class='ocr_line' id='line_1_113' title="bbox 1852 5153 3418 5221; baseline -0.003 -12"><span class='ocrx_word' id='word_1_885' title='bbox 1852 5156 2023 5209; x_wconf 89' lang='lat' dir='ltr'><strong>nenda</strong></span> <span class='ocrx_word' id='word_1_886' title='bbox 2050 5166 2223 5207; x_wconf 87' lang='lat' dir='ltr'><strong>tamen</strong></span> <span class='ocrx_word' id='word_1_887' title='bbox 2251 5164 2427 5208; x_wconf 88' lang='lat' dir='ltr'><strong>nostra</strong></span> <span class='ocrx_word' id='word_1_888' title='bbox 2458 5154 2633 5208; x_wconf 84' lang='lat' dir='ltr'><strong>lectio.</strong></span> <span class='ocrx_word' id='word_1_889' title='bbox 2660 5153 2849 5205; x_wconf 86' lang='lat' dir='ltr'><strong>Tribus</strong></span> <span class='ocrx_word' id='word_1_890' title='bbox 2871 5160 3010 5206; x_wconf 84' lang='lat' dir='ltr'><strong>enim</strong></span> <span class='ocrx_word' id='word_1_891' title='bbox 3041 5155 3152 5207; x_wconf 79' lang='lat' dir='ltr'><strong>istis</strong></span> <span class='ocrx_word' id='word_1_892' title='bbox 3182 5159 3418 5221; x_wconf 54' lang='lat' dir='ltr'><strong>vocibnS,</strong></span> 
     </span>
    </p>
   </div>
   <div class='ocr_carea' id='block_1_114' title="bbox 1854 5223 3423 5294">
    <p class='ocr_par' dir='ltr' id='par_1_114' title="bbox 1854 5223 3423 5294">
     <span class='ocr_line' id='line_1_114' title="bbox 1854 5223 3423 5294; baseline 0.001 -18"><span class='ocrx_word' id='word_1_893' title='bbox 1854 5225 2091 5289; x_wconf 86' lang='lat' dir='ltr'><strong>Domini,</strong></span> <span class='ocrx_word' id='word_1_894' title='bbox 2131 5224 2291 5278; x_wconf 85' lang='lat' dir='ltr'><strong>Verbo</strong></span> <span class='ocrx_word' id='word_1_895' title='bbox 2320 5268 2333 5289; x_wconf 95' lang='lat'><strong>,</strong></span> <span class='ocrx_word' id='word_1_896' title='bbox 2379 5234 2432 5277; x_wconf 91' lang='lat' dir='ltr'><strong>et</strong></span> <span class='ocrx_word' id='word_1_897' title='bbox 2463 5224 2688 5294; x_wconf 86' lang='lat' dir='ltr'><strong>Spiritu,</strong></span> <span class='ocrx_word' id='word_1_898' title='bbox 2723 5223 2773 5275; x_wconf 92' lang='lat' dir='ltr'><strong>in</strong></span> <span class='ocrx_word' id='word_1_899' title='bbox 2806 5226 3009 5291; x_wconf 89' lang='lat' dir='ltr'><strong>psalmo</strong></span> <span class='ocrx_word' id='word_1_900' title='bbox 3040 5224 3281 5288; x_wconf 85' lang='lat' dir='ltr'><strong>laudatis.</strong></span> <span class='ocrx_word' id='word_1_901' title='bbox 3318 5235 3423 5279; x_wconf 89' lang='lat' dir='ltr'><strong>tres</strong></span> 
     </span>
    </p>
   </div>
   <div class='ocr_carea' id='block_1_115' title="bbox 1852 5294 3422 5361">
    <p class='ocr_par' dir='ltr' id='par_1_115' title="bbox 1852 5294 3422 5361">
     <span class='ocr_line' id='line_1_115' title="bbox 1852 5294 3422 5361; baseline -0.001 -13"><span class='ocrx_word' id='word_1_902' title='bbox 1852 5296 2128 5348; x_wconf 76' lang='lat' dir='ltr'><strong>Trinitatis</strong></span> <span class='ocrx_word' id='word_1_903' title='bbox 2156 5294 2501 5347; x_wconf 72' lang='lat' dir='ltr'><strong>sanctissume</strong></span> <span class='ocrx_word' id='word_1_904' title='bbox 2534 5307 2788 5359; x_wconf 66' lang='lat' dir='ltr'><strong>personas</strong></span> <span class='ocrx_word' id='word_1_905' title='bbox 2816 5308 3093 5361; x_wconf 80' lang='lat' dir='ltr'><strong>expressas</strong></span> <span class='ocrx_word' id='word_1_906' title='bbox 3114 5295 3275 5349; x_wconf 71' lang='lat' dir='ltr'><strong>fuisse</strong></span> <span class='ocrx_word' id='word_1_907' title='bbox 3295 5310 3422 5348; x_wconf 67' lang='lat' dir='ltr'><strong>sano</strong></span> 
     </span>
    </p>
   </div>
   <div class='ocr_carea' id='block_1_116' title="bbox 1851 5363 2773 5419">
    <p class='ocr_par' dir='ltr' id='par_1_116' title="bbox 1851 5363 2773 5419">
     <span class='ocr_line' id='line_1_116' title="bbox 1851 5363 2773 5419; baseline -0.004 0"><span class='ocrx_word' id='word_1_908' title='bbox 1851 5366 2074 5419; x_wconf 67' lang='lat' dir='ltr'><strong>crissimi</strong></span> <span class='ocrx_word' id='word_1_909' title='bbox 2104 5364 2435 5418; x_wconf 87' lang='lat' dir='ltr'><strong>conlessores</strong></span> <span class='ocrx_word' id='word_1_910' title='bbox 2462 5363 2773 5416; x_wconf 69' lang='lat' dir='ltr'><strong>oswndunt.</strong></span> 
     </span>
    </p>
   </div>
   <div class='ocr_carea' id='block_1_117' title="bbox 1924 5431 3415 5499">
    <p class='ocr_par' dir='ltr' id='par_1_117' title="bbox 1924 5431 3415 5499">
     <span class='ocr_line' id='line_1_117' title="bbox 1924 5431 3415 5499; baseline -0.001 -12"><span class='ocrx_word' id='word_1_911' title='bbox 1924 5443 1939 5469; x_wconf 74' lang='grc' dir='ltr'>ί</span> <span class='ocrx_word' id='word_1_912' title='bbox 1979 5434 2162 5487; x_wconf 89' lang='lat' dir='ltr'><strong>Plures</strong></span> <span class='ocrx_word' id='word_1_913' title='bbox 2209 5448 2335 5487; x_wconf 88' lang='lat' dir='ltr'><strong>mss.</strong></span> <span class='ocrx_word' id='word_1_914' title='bbox 2384 5449 2502 5487; x_wconf 91' lang='lat' dir='ltr'><strong>cum</strong></span> <span class='ocrx_word' id='word_1_915' title='bbox 2552 5434 2709 5486; x_wconf 80' lang='lat' dir='ltr'><strong>editis</strong></span> <span class='ocrx_word' id='word_1_916' title='bbox 2748 5432 2988 5499; x_wconf 89' lang='lat' dir='ltr'><strong>aliquot,</strong></span> <span class='ocrx_word' id='word_1_917' title='bbox 3033 5431 3415 5485; x_wconf 85' lang='lat' dir='ltr'><strong>similitudinem</strong></span> 
     </span>
    </p>
   </div>
   <div class='ocr_carea' id='block_1_118' title="bbox 1851 5500 3419 5573">
    <p class='ocr_par' dir='ltr' id='par_1_118' title="bbox 1851 5500 3419 5573">
     <span class='ocr_line' id='line_1_118' title="bbox 1851 5500 3419 5573; baseline 0 -18"><span class='ocrx_word' id='word_1_918' title='bbox 1851 5504 2062 5573; x_wconf 76' lang='lat' dir='ltr'><strong>profert,</strong></span> <span class='ocrx_word' id='word_1_919' title='bbox 2086 5503 2423 5569; x_wconf 73' lang='lat' dir='ltr'><strong>mortalitatem</strong></span> <span class='ocrx_word' id='word_1_920' title='bbox 2452 5503 2796 5573; x_wconf 76' lang='lat' dir='ltr'><strong>distinctionis</strong></span> <span class='ocrx_word' id='word_1_921' title='bbox 2809 5516 3133 5573; x_wconf 78' lang='lat' dir='ltr'><strong>personarum</strong></span> <span class='ocrx_word' id='word_1_922' title='bbox 3170 5500 3419 5573; x_wconf 82' lang='lat' dir='ltr'><strong>insinuat.</strong></span> 
     </span>
    </p>
   </div>
   <div class='ocr_carea' id='block_1_119' title="bbox 1852 5568 3421 5637">
    <p class='ocr_par' dir='ltr' id='par_1_119' title="bbox 1852 5568 3421 5637">
     <span class='ocr_line' id='line_1_119' title="bbox 1852 5568 3421 5637; baseline 0 -10"><span class='ocrx_word' id='word_1_923' title='bbox 1852 5568 1917 5626; x_wconf 78' lang='lat' dir='ltr'><strong>Et</strong></span> <span class='ocrx_word' id='word_1_924' title='bbox 1946 5568 2102 5636; x_wconf 81' lang='lat' dir='ltr'><strong>infra,</strong></span> <span class='ocrx_word' id='word_1_925' title='bbox 2136 5568 2415 5629; x_wconf 81' lang='lat' dir='ltr'><strong>similitudo</strong></span> <span class='ocrx_word' id='word_1_926' title='bbox 2441 5573 2755 5637; x_wconf 69' lang='lat' dir='ltr'><strong>dissentiens,</strong></span> <span class='ocrx_word' id='word_1_927' title='bbox 2784 5568 2950 5624; x_wconf 68' lang='lat' dir='ltr'><strong>Laud.</strong></span> <span class='ocrx_word' id='word_1_928' title='bbox 2976 5568 3133 5625; x_wconf 86' lang='lat' dir='ltr'><strong>habet</strong></span> <span class='ocrx_word' id='word_1_929' title='bbox 3153 5570 3421 5627; x_wconf 78' lang='lat' dir='ltr'><strong>dissimili-</strong></span> 
     </span>
    </p>
   </div>
   <div class='ocr_carea' id='block_1_120' title="bbox 1847 5643 2315 5698">
    <p class='ocr_par' dir='ltr' id='par_1_120' title="bbox 1847 5643 2315 5698">
     <span class='ocr_line' id='line_1_120' title="bbox 1847 5643 2315 5698; baseline 0.004 -4"><span class='ocrx_word' id='word_1_930' title='bbox 1847 5643 1971 5698; x_wconf 87' lang='lat' dir='ltr'><strong>tudo</strong></span> <span class='ocrx_word' id='word_1_931' title='bbox 2000 5643 2315 5697; x_wconf 83' lang='lat' dir='ltr'><strong>dissentiens.</strong></span> 
     </span>
    </p>
   </div>
  </div>
