3944 6176
521 336 624 395 9.9.7

1825 332 2134 388 VICTORIS
2175 332 2480 387 VITENSIS

3667 333 3775 389 29.8

523 462 605 505 cat
635 461 680 505 te
713 447 957 502 Dominus
988 454 1032 499 et
1062 444 1312 498 custodiat
1342 452 1408 497 te.
1446 442 1709 497 lllumiuet
1746 442 1991 496 Dominus
2023 443 2096 509 (a-
2129 448 2174 501 Α
2206 444 2361 511 longo
2387 446 2735 511 separationis
2764 444 3041 499 intervallo
3072 445 3275 500 divisi?
3299 446 3391 501 sed
3427 457 3548 511 tres,
3582 449 3769 518 inquit,

523 546 649 597 ciem
675 557 819 594 suam
846 554 993 608 super
1009 546 1076 600 te,
1099 545 1145 589 et
1174 537 1472 588 misereatur
1496 536 1591 588 tui.
1616 534 1827 586 Attoltat
1854 534 2099 585 Dominus

526 633 707 702 [aciem
737 646 884 683 suam
907 642 1059 694 suptr
1087 637 1151 691 te,
1181 635 1227 677 et
1272 627 1352 678 det
1383 626 1472 677 tibi
1499 640 1673 694 pacem
1702 623 1889 693 (Num.
1924 640 1996 685 vt,
2030 624 2101 677 ‘23

524 722 677 790 seq.).
725 720 876 788 Quod
918 720 1019 773 hoc
1062 718 1233 786 ipsum
1290 716 1546 784 propheta
1588 715 1751 769 David
1797 716 2097 777 conlirmat,

524 815 746 869 dicens:
783 810 1055 865 Benedicat
1094 826 1183 862 nos
1226 806 1383 871 Deus,
1422 808 1561 860 Dens
1602 817 1789 872 uoster,
1841 807 2100 858 benedicat

526 923 615 957 nos
660 903 814 967 Deus,
844 912 889 957 et
924 911 1146 954 metuant
1184 916 1297 952 eum
1346 916 1514 951 omnes
1556 902 1680 967 lines
1731 911 1875 951 terra:
1926 897 2097 967 (Psal.

528 1012 669 1060 ιχνι,
701 996 780 1064 8).
811 993 980 1060 Quam
1004 991 1281 1046 Trinitatis
1307 992 1562 1043 unitatem
1610 1006 1854 1055 superate
1889 990 2103 1059 angelo-

529 1103 645 1139 rum
672 1087 892 1139 virtutes
922 1084 1038 1155 [ms.
1081 1082 1137 1145 2,
1168 1084 1217 1136 in
1268 1079 1395 1150 uno]
1440 1082 1638 1151 hymno
1668 1090 2009 1145 venerantur,
2050 1092 2103 1135 et

528 1188 610 1231 ter
631 1192 878 1237 numero,
897 1176 1136 1237 Sanctus,
1154 1175 1392 1235 Sanctus,
1412 1174 1649 1237 Sanctus,
1681 1172 1929 1225 Dominus
1947 1171 2100 1235 Deus,

528 1268 734 1321 sabaoth
773 1266 928 1335 (Isai.
971 1280 1043 1329 vt,
1106 1266 1183 1332 ὅ),
1238 1263 1555 1318 indesiueuti
1604 1274 1830 1317 canente
1886 1278 1999 1327 ore,
2050 1266 2100 1316 in

529 1360 685 1413 unius
722 1357 988 1425 fastigium
1017 1355 1396 1408 dominationis
1436 1354 1657 1423 gloriam
1698 1354 1811 1422 ejus
1848 1356 2100 1408 exaltant.

528 1449 679 1516 Quod
707 1457 766 1501 ut
791 1448 965 1500 adhuc
993 1448 1231 1513 apertius
1260 1444 1488 1498 lidelium
1519 1444 1764 1497 sensibus
1787 1444 2102 1503 incufcetur.

528 1538 825 1593 caelestium
858 1538 1237 1605 mysteriorum
1268 1536 1542 1589 conscimn
1585 1537 1923 1603 producimus
1972 1536 2107 1588 Putt-

530 1629 659 1681 lum.
702 1629 790 1681 Ait
818 1626 961 1680 enim
1002 1644 1015 1680 :
1052 1626 1335 1680 Divisiones
1380 1637 1549 1679 autem
1593 1627 1929 1679 donationum
1966 1639 2103 1688 sunt,

529 1718 665 1771 idem
720 1727 891 1770 autem
946 1717 1203 1787 Spiritus;
1254 1727 1299 1769 et
1355 1718 1623 1771 divisiones
1676 1719 2106 1771 ministrationum

530 1818 667 1872 sunt,
697 1808 832 1859 idem
852 1819 1021 1859 autem
1055 1807 1337 1871 Dominus;
1366 1817 1412 1859 et
1452 1809 1722 1861 divisiones
1761 1810 2107 1876 operationum

532 1905 668 1963 sunt,
697 1899 830 1949 idem
854 1912 970 1950 vero
1002 1895 1163 1960 Deus,
1195 1900 1280 1966 qui
1317 1906 1553 1966 operatur
1574 1899 1746 1950 omnia
1784 1900 1835 1951 in
1880 1901 2107 1953 omnibus

534 1985 591 2053 (1
614 1986 732 2041 Cor.
768 2002 858 2054 xu,
883 1987 916 2040 4
947 1987 1103 2055 seq.),
1128 1994 1241 2041 etc.
1276 1988 1342 2040 Et
1365 1996 1511 2045 certe
1541 1988 1636 2041 has
1663 1989 1979 2043 divisionum
2012 1989 2109 2043 dil-

536 2080 788 2133 l‘erentias
815 2095 911 2147 pro
942 2080 1197 2148 qualitate
1223 2094 1285 2132 ac
1318 2081 1510 2133 merito
1542 2082 1962 2149 participantium
1992 2083 2109 2150 Spi-

536 2173 693 2225 ritum
724 2179 964 2225 sanctum
989 2180 1013 2207 ι
1044 2172 1223 2225 docuit
1252 2172 1483 2239 operari,
1510 2188 1628 2225 cum
1655 2174 1886 2240 ipsarum
1918 2175 2112 2243 gratia-

539 2276 653 2314 rum
681 2261 1008 2315 dill‘erentias
1038 2262 1344 2329 partiretur,
1378 2263 1427 2315 in
1457 2262 1653 2315 ultimis
1682 2264 1857 2316 intulit
1887 2265 2068 2317 dicens
2093 2282 2107 2319 :

538 2351 666 2405 llwc
704 2360 872 2403 autem
924 2356 1094 2403 omnia
1142 2362 1380 2419 operatur
1423 2369 1552 2405 unus
1590 2361 1739 2422 atque
1775 2354 1907 2405 idem
1944 2353 2020 2422 Sp
2041 2358 2111 2405 ri-

536 2454 638 2507 tus,
670 2444 897 2495 dividens
926 2444 1133 2510 propria
1156 2443 1429 2509 unicuique
1453 2453 1605 2513 prout
1645 2446 1748 2496 vult
1792 2443 1977 2514 (lbid.,
1999 2448 2021 2498 1
2044 2444 2107 2514 ι).

542 2534 691 2589 Unde
714 2536 888 2589 nullus
915 2535 1244 2604 ambiguitati
1289 2536 1603 2604 relinquitur
1637 2536 1804 2596 locus.
1848 2540 1971 2603 quin
2006 2539 2111 2606 29

535 2626 734 2679 clareat
759 2626 1012 2695 Spiritum
1034 2637 1275 2680 sanctum
1300 2636 1353 2681 et
1376 2627 1535 2680 Deum
1562 2642 1699 2692 esse,
1730 2640 1783 2681 et
1803 2643 1911 2681 sua:
1926 2632 2111 2681 volun-

538 2720 657 2770 tatis
687 2728 985 2783 auctorem,
1010 2719 1096 2787 qui
1126 2727 1312 2771 cuncta
1342 2722 1575 2786 Operari,
1599 2728 1654 2773 et
1681 2720 1971 2773 secundum
1995 2735 2112 2788 pro-

541 2810 667 2877 prius
700 2811 985 2863 voluntatis
1015 2811 1291 2863 arbitrium
1315 2810 1512 2863 divina:
1538 2810 1950 2878 dispensationis
1969 2811 2109 2865 dona

540 2901 715 2969 largiri
746 2902 1078 2970 apertissime
1104 2902 1517 2953 demonstratur.
1550 2902 1681 2967 Quia
1724 2902 1808 2955 ubi
1866 2902 2109 2956 volunta-

536 2992 611 3043 ria
638 2995 926 3059 gratiarum
968 2990 1271 3043 distributio
1316 2992 1647 3057 praedicatur,
1699 3006 1802 3044 non
1836 3002 2009 3059 potest
2033 2994 2110 3045 vi-

536 3082 650 3134 deri
694 3081 930 3134 conditio
966 3082 1278 3134 servitutis:
1324 3079 1377 3133 in
1410 3090 1655 3134 creatura
1700 3081 1839 3134 enim
1880 3086 2109 3136 servitus

540 3170 876 3239 intelligenda
904 3181 1007 3237 est,
1042 3172 1092 3223 in
1123 3171 1381 3224 Triuitate
1409 3186 1536 3225 vero
1556 3171 1844 3225 dominatio
1869 3188 1931 3226 ac
1950 3174 2106 3227 liber-
2136 3141 2183 3204 ο

537 3272 638 3315 tas.
673 3263 738 3314 Et
769 3273 822 3314 ut
866 3263 1037 3315 adhuc
1082 3263 1195 3314 luce
1231 3262 1423 3313 clarius
1462 3263 1616 3313 troius
1656 3262 1946 3316 divinitatis
1989 3279 2108 3317 esse

535 3369 654 3406 cum
688 3354 840 3406 Patre
859 3363 913 3407 et
942 3352 1074 3406 Filio
1100 3354 1348 3420 Spiritum
1373 3363 1608 3406 sanctum
1630 3353 2110 3420 doceatntts,Joan-

537 3445 617 3499 nis
633 3446 969 3514 evangelistam:
992 3444 1291 3498 testimonio
1311 3447 1707 3510 comprobatur.
1734 3444 1819 3497 Ait
1844 3460 2105 3514 namque:

538 3537 657 3590 Tres
690 3548 808 3591 sunt
839 3539 925 3607 qui
952 3539 1289 3590 testimonium
1327 3537 1583 3606 perhibent
1638 3540 1689 3589 in
1739 3538 1884 3601 cado,
1931 3537 2108 3603 Pater,

542 3629 776 3694 Verbum,
806 3639 854 3681 et
882 3629 1105 3699 Spiritus
1144 3638 1368 3689 sanctus,
1400 3640 1445 3681 et
1469 3627 1495 3665 δ
1525 3630 1574 3680 Iti
1607 3645 1704 3682 tres
1734 3644 1890 3681 unum
1918 3641 2035 3683 sunt
2059 3627 2111 3697 (I

536 3719 691 3773 Joau.
723 3737 775 3785 ιτ,
808 3722 886 3788 7).
922 3732 944 3758 ε
970 3719 1235 3789 Nunquid,
1265 3720 1359 3783 ait,
1397 3730 1504 3773 tres
1532 3722 1581 3772 in
1606 3719 1863 3774 dill'ereuti
1896 3724 2113 3789 :equali-

535 3820 641 3864 tate
688 3812 932 3879 sejuncti,
966 3822 1051 3864 aut
1082 3810 1406 3879 quibuslibet
1454 3811 1817 3867 diversitatqu
1858 3814 2112 3881 gradibus

608 4130 635 4158 ⁸
663 4119 842 4176 Chim.
872 4131 928 4176 et
948 4121 1058 4185 alii,
1084 4122 1287 4175 docens.
1321 4120 1602 4174 Loriehins
1625 4136 1752 4174 vero
1792 4122 1975 4185 habet,
2009 4124 2105 4173 do-

532 4193 635 4245 cuit
666 4192 888 4262 Operari,
922 4203 967 4243 et
997 4201 1049 4243 ut
1079 4195 1151 4245 sic
1176 4192 1860 4262 ipsaruntgratiarum.etc.

601 4262 630 4300 δ
667 4259 719 4314 ιιι
751 4262 871 4316 cod.
896 4262 1046 4313 Colb.
1077 4259 1338 4314 annOrum
1371 4259 1586 4312 circiter
1614 4260 1717 4312 7υο
1745 4260 1859 4313 1ΙὶΡο
1888 4261 2111 4312 habetur

529 4332 832 4385 observatio
863 4334 913 4384 in
953 4333 1191 4396 margine
1220 4347 1233 4380 :
1270 4330 1409 4381 Nota
1443 4330 1495 4380 in
1538 4330 1750 4397 epistola
1791 4330 1918 4382 beati
1946 4330 2111 4383 Joan-

530 4404 608 4454 nis
636 4404 706 4455 ita
730 4402 1015 4472 legendum.
1043 4401 1305 4455 Caeterum
1335 4398 1449 4451 haec
1478 4402 1661 4472 verba,
1691 4398 1813 4452 Tres
1840 4411 1955 4452 sunt
1985 4402 2072 4469 qui
2095 4443 2107 4463 ,

529 4482 659 4529 etc..
689 4470 805 4539 quae
828 4473 879 4525 iu
911 4472 1179 4525 nonnullis
1207 4483 1481 4524 sacrorum
1516 4470 1802 4522 Bibliorum
1832 4472 2107 4523 codicibus

2203 551 2356 586 unum
2385 543 2503 587 sunt

2276 624 2385 678 XII.
2420 625 2618 678 Creatio
2645 625 2772 693 ipsis
2819 635 2891 679 est
2940 643 3240 681 communis.
3273 656 3342 666 —
3373 627 3442 680 Ut
3469 635 3644 679 autem
3674 627 3773 679 ad-

2204 715 2305 768 lmc
2351 717 2518 783 magis
2562 718 2831 785 magisque
2878 718 3044 771 sancti
3076 719 3307 785 Spiritus
3352 734 3470 770 cum
3523 718 3673 770 l’atre
3721 726 3778 771 et

2202 804 2337 858 Filio
2366 820 2468 858 una
2497 803 2665 877 [Lor.,
2698 806 2950 876 dignitas]
2980 806 3230 861 divinitas
3263 809 3312 859 in
3342 807 3588 859 creandis
3612 808 3777 861 rebus

2201 900 2447 952 omnibus
2490 904 2914 962 demonstretur,
2963 902 3132 954 babes
3177 910 3469 954 creatorem
3515 902 3773 970 Spiritum

2200 1003 2440 1046 sanctum
2465 994 2515 1046 in
2546 993 2678 1046 libro
2702 993 2800 1046 Job
2824 1009 2837 1046 :
2867 993 3109 1061 Spiritus,
3142 992 3329 1061 inquit,
3358 993 3555 1043 divinus
3575 1003 3668 1056 est,
3690 996 3778 1060 qui

2202 1086 2316 1154 fecit
2349 1100 2462 1146 me;
2491 1095 2538 1137 et
2569 1084 2794 1151 Spiritus
2841 1084 3209 1153 Omnipotentis
3242 1084 3329 1152 qui
3369 1084 3507 1136 docet
3545 1100 3625 1137 me
3657 1083 3778 1156 (Job

2204 1191 2393 1237 χχχιιι,
2425 1176 2539 1245 24).
2576 1177 2639 1228 Et
2668 1175 2829 1228 David
2861 1176 2989 1228 dicit
3020 1193 3031 1226 :
3067 1174 3249 1227 Emitte
3280 1174 3527 1242 Spiritum
3554 1186 3699 1227 tuum
3732 1189 3778 1229 et

2203 1267 2521 1329 creabantur,
2561 1277 2606 1320 et
2636 1267 2895 1320 renovabis
2922 1267 3100 1337 faciem
3128 1276 3272 1318 terra:
3300 1264 3471 1335 (l’sal.
3501 1280 3623 1331 cut,
3658 1266 3773 1332 30).

2204 1358 2257 1412 Si
2285 1356 2481 1411 creatio
2508 1370 2559 1410 et
2584 1358 2861 1409 renovatio
2894 1373 2988 1423 per
3016 1355 3272 1423 Spiritum
3298 1355 3423 1415 erit.
3456 1357 3572 1409 sine
3605 1356 3774 1409 dubio

2203 1457 2257 1501 et
2280 1448 2594 1517 principium
2648 1448 2934 1501 creationis
2978 1448 3098 1500 sine
3124 1446 3327 1515 Spiritu
3358 1461 3461 1499 non
3505 1446 3617 1500 fuit.
3657 1448 3781 1499 Post

2204 1537 2523 1591 creationem
2556 1537 2714 1605 igitur
2758 1537 2944 1590 osteud
2984 1551 3103 1589 mus
3127 1577 3143 1603 ,
3176 1536 3298 1604 quia
3348 1535 3580 1589 viviﬁcat
3615 1538 3781 1589 etiam

2208 1626 2437 1694 Spiritus
2467 1637 2701 1689 sanctus,
2743 1627 2879 1681 sicut
2919 1625 3076 1679 Pater
3102 1636 3156 1680 et
3196 1626 3378 1679 Filius.
3423 1626 3685 1691 Equidem
3718 1630 3784 1678 de

2208 1731 2430 1784 persona
2461 1717 2627 1769 Patris
2655 1716 2817 1771 refert
2846 1717 3132 1786 Apostolus
3167 1733 3179 1768 :
3213 1715 3389 1769 Testor
3420 1716 3469 1767 in
3501 1726 3776 1785 conspectu

2140 1794 2181 1851 Β
2216 1808 2444 1873 Dei,qui
2480 1808 2695 1876 rioiﬁcat
2723 1809 2891 1860 omnia
2922 1805 2982 1878 (I
3017 1807 3145 1859 Tim.
3177 1821 3225 1859 Vl
3247 1846 3261 1867 ,
3306 1806 3415 1873 15).
3450 1806 3623 1859 Vitam
3657 1822 3788 1858 vero

2210 1898 2299 1951 dat
2325 1897 2584 1951 Christus.
2619 1898 2766 1963 Oves,
2799 1897 2991 1965 inquit,
3015 1911 3139 1947 mea:
3160 1910 3327 1947 vocem
3355 1909 3513 1946 meam
3542 1894 3786 1957 audiunt,

2208 1997 2253 2040 et
2284 2003 2373 2057 ego
2401 1989 2554 2039 vitam
2576 1996 2813 2039 reternam
2843 1987 2908 2038 do
2937 1984 3042 2037 illis
3068 1984 3119 2055 (J
3132 2000 3248 2036 oan.
3284 2000 3335 2047 ι,
3364 1983 3455 2045 27,
3487 1984 3602 2051 28).
3630 1983 3787 2035 Vivi-

2213 2078 2431 2130 ticamur
2454 2092 2583 2130 vero
2614 2092 2640 2127 a
2670 2076 2871 2143 Spiritu
2900 2085 3105 2138 sancto,
3142 2075 3255 2142 ipso
3272 2074 3483 2127 dicente
3516 2072 3748 2126 Domino
3774 2090 3787 2122 :

2214 2169 2436 2237 Spiritus
2465 2176 2533 2219 est
2558 2168 2641 2235 qui
2666 2167 2882 2233 vitii/ica!
2910 2164 3087 2235 (Joan.
3117 2180 3190 2227 γι,
3223 2166 3330 2229 64).
3366 2164 3500 2217 Ecce
3521 2178 3625 2217 una
3658 2162 3790 2215 vivi-

2214 2260 2386 2313 IiCatio
2417 2259 2587 2313 Patris
2628 2269 2681 2312 et
2729 2259 2847 2312 Filii
2895 2270 2948 2311 et
2996 2258 3224 2325 Spiritus
3254 2260 3422 2309 sancti
3471 2265 3657 2325 aperte
3694 2258 3791 2311 de-

2212 2360 2499 2404 monstrata
2532 2360 2631 2403 est.

2284 2442 2416 2495 Xlll.
2478 2441 2827 2495 Prtescieutia.
2868 2470 2938 2478 —
2991 2438 3386 2493 Prasscuentiam
3442 2453 3619 2494 rerum
3674 2456 3792 2493 om-

2214 2536 2356 2589 nium
2390 2536 2440 2587 in
2475 2535 2582 2588 Deo
2612 2518 2750 2598 esse,
2788 2541 2841 2588 et
2870 2532 3199 2586 occultorum
3232 2532 3624 2599 cognitionem,
3666 2532 3790 2587 licet

2214 2644 2369 2683 nemo
2414 2626 2748 2681 Christianus
2780 2625 3024 2694 ignoret,
3067 2632 3242 2677 tamen
3272 2638 3335 2677 ex
3381 2623 3613 2678 Danielis
3658 2624 3793 2676 libr.

2214 2719 2609 2774 monstrandum
2629 2724 2730 2771 est.
2752 2716 2905 2781 Deus,
2930 2716 3119 2783 inquit,
3135 2715 3541 2783 quioccultorum
3559 2717 3789 2785 cognitor

2214 2831 2285 2877 es,
2323 2814 2409 2881 qui
2446 2811 2681 2877 prtescius
2716 2826 2763 2861 es
2786 2809 3006 2860 omnium
3030 2815 3297 2874 antequam
3319 2815 3592 2858 nascantur
3623 2805 3790 2873 (Dan.

2215 2919 2334 2964 xui,
2367 2902 2477 2971 42).
2508 2902 2632 2955 llmc
2654 2900 2834 2954 eadem
2869 2897 3199 2966 praescieutia
3230 2899 3281 2949 in
3312 2895 3524 2950 Christo
3553 2905 3652 2957 est,
3689 2898 3792 2951 sic-

2214 3005 2267 3048 ut
2304 2994 2464 3049 refert
2507 2991 2838 3061 Evangelista
2872 3010 2883 3040 ;
2920 2990 2993 3041 Ab
3038 2989 3183 3041 initio
3222 2997 3390 3040 autem
3419 2988 3603 3040 sciebat
3636 2986 3791 3041 Jesus

2212 3086 2322 3155 quis
2353 3093 2479 3138 esset
2517 3100 2628 3137 eum
2674 3082 2980 3145 traditurus,
3005 3077 3079 3131 uel
3100 3079 3187 3149 qui
3208 3088 3370 3131 essent
3398 3094 3498 3131 non
3523 3077 3615 3150 [aL
3652 3082 3793 3133 dest

2215 3174 2342 3245 non]
2374 3175 2629 3227 credentes
2654 3175 2703 3225 in
2732 3188 2844 3225 eum
2875 3168 3053 3240 (Joan.
3086 3186 3136 3221 νι
3156 3210 3171 3230 ,
3199 3169 3311 3234 65).
3341 3169 3491 3235 Quod
3518 3169 3588 3222 sit
3609 3177 3792 3224 autem

2213 3269 2542 3322 oecndtorum
2591 3267 2852 3332 Cttgtlilttr,
2902 3279 2969 3316 ex
3000 3262 3099 3315 hoc
3146 3261 3482 3315 manifestum
3528 3268 3628 3328 est,
3667 3276 3792 3314 cum

2216 3361 2439 3413 obscura
2472 3358 2688 3411 C(ll.Sllla
2718 3354 3018 3408 Judteorum
3052 3352 3335 3406 traducens
3364 3352 3571 3405 dicebat
3602 3370 3615 3407 :
3652 3353 3794 3418 Quid

2215 3452 2447 3521 cogitatis
2478 3463 2691 3512 nequam
2737 3447 2792 3499 in
2835 3446 3068 3497 cordibus
3109 3446 3281 3496 vestris
3313 3444 3527 3515 (Matth.
3572 3458 3621 3497 II
3642 3483 3661 3498 .
3691 3444 3793 3511 ‘j?

2218 3540 2477 3597 Similiter
2520 3536 2770 3606 prtescire
2822 3534 2999 3587 omnia
3044 3535 3299 3602 Spiritum
3349 3546 3623 3597 sanctum,
3677 3536 3793 3601 ipse

2222 3630 2576 3687 nianil‘estavit
2603 3626 2786 3681 dicens
2816 3625 2879 3678 ad
2908 3628 3179 3693 aposmlos
3207 3640 3222 3677 :
3253 3625 3380 3676 Cum
3403 3624 3589 3677 venerit
3615 3623 3792 3691 Spiri-

2220 3736 2298 3776 tus
2324 3721 2573 3784 veritatis,
2600 3718 2794 3770 docebit
2816 3732 2901 3769 vos
2929 3717 3120 3777 omnia,
3148 3725 3192 3767 et
3220 3726 3426 3768 rentura
3463 3717 3790 3767 auuuntiabit

2222 3815 2354 3869 vobis
2381 3812 2559 3883 (Jonn.
2589 3825 2677 3862 χιιι
2698 3849 2713 3871 ,
2747 3808 2854 3878 l6).
2888 3807 2987 3874 Qui
3019 3814 3239 3860 ventura
3269 3805 3582 3859 annuntiare
3611 3806 3790 3875 perhi—

2216 4135 2329 4173 rum
2364 4120 2609 4173 eumdem
2642 4119 2813 4171 locum
2859 4118 3035 4172 laudat
3078 4118 3387 4186 Fulgentius
3432 4118 3483 4169 in
3537 4117 3675 4169 libro
3723 4120 3789 4169 (le.

2213 4191 2493 4245 Trinitate.
2521 4202 2573 4242 et
2597 4190 2647 4242 in
2670 4188 2774 4241 alio
2794 4189 3049 4243 adversus
3072 4189 3273 4241 Pintatn
3299 4188 3607 4255 episcopum
3631 4191 3793 4240 Aria-

2216 4276 2339 4313 nnm
2386 4262 2583 4326 scripto
2624 4277 2635 4309 :
2681 4273 2980 4325 quanquam
3031 4260 3182 4313 istius
3229 4271 3499 4311 auctorem
3549 4259 3715 4311 alium
3765 4277 3791 4307 τι

2218 4331 2495 4395 Fulgentio
2528 4330 2724 4391 fuisse,
2759 4329 2859 4392 ipsi
2889 4342 3062 4383 tamen
3092 4332 3370 4395 aequalem,
3403 4342 3657 4381 censeant
3688 4330 3791 4382 viri

2213 4404 2425 4454 eruditi.
2471 4402 2599 4454 Vide
2632 4399 2917 4451 Maliillouii
2955 4401 3302 4465 appendicem
3333 4405 3365 4449 2
3393 4398 3455 4450 ad
3495 4398 3790 4461 Liturgiam

2215 4471 2563 4531 Gallic-auum,
2601 4485 2716 4538 pag.
2746 4484 2953 4521 ccxm.
2978 4470 3173 4523 Tamen
3219 4473 3539 4535 Augustinus
3577 4468 3721 4520 liltro
3756 4488 3789 4520 lt

531 4531 905 4593 translatorum
944 4543 1254 4595 inﬁdelitate
1292 4540 1555 4593 excidisse
1602 4541 1945 4607 conqueritur
1984 4555 2106 4594 Sztn-
2139 4531 2186 4590 D
2213 4550 2393 4593 contra
2426 4531 2789 4599 Maximiano],
2812 4555 2927 4607 cap.
2952 4541 3271 4603 22,num.5,
3292 4531 3376 4592 ubi
3403 4540 3514 4592 hinc
3536 4539 3697 4592 verba
3723 4556 3790 4592 ex

530 4617 648 4661 ctus
672 4609 1046 4678 Hieronymus,
1067 4614 1148 4663 vel
1172 4610 1491 4678 quivisalius
1504 4620 1689 4662 auctor
1712 4612 1800 4678 qui
1819 4612 1918 4663 sub
1947 4610 2104 4678 hujus

528 4679 639 4747 80
662 4681 830 4732 sancti
854 4681 1089 4733 doctoris
1110 4683 1323 4734 nomine
1350 4682 1622 4750 prologum
1646 4684 1809 4733 edidit
1832 4683 1882 4734 in
1906 4682 2105 4747 episto-

532 4751 611 4801 las
664 4750 985 4811 cauOuicas,
1042 4752 1344 4817 religiosius
1402 4751 1452 4803 in
1509 4752 1781 4804 codicibus
1837 4750 2101 4804 Africanis

528 4830 836 4872 Conservam
869 4819 1028 4872 fuisse
1058 4829 1203 4887 patet
1231 4836 1292 4871 ex
1326 4822 1425 4872 hoc
1458 4822 1597 4882 loco,
1632 4822 1718 4873 ubi
1756 4823 1936 4873 Patres
1966 4822 2102 4873 Afri-

528 4892 644 4940 cani
681 4892 729 4941 in
762 4904 921 4940 unum
951 4890 1253 4956 congregati
1300 4904 1394 4953 pro
1426 4891 1713 4943 emittenda
1748 4891 1866 4944 ﬁdei
1901 4892 2101 4957 proles-

526 4958 676 5010 siooe
717 4976 775 5012 ett
819 4959 1196 5011 adhibui-inut.
1239 4959 1346 5012 Nec.
1387 4975 1614 5026 unquam
1648 4976 1707 5011 ea
1754 4963 1821 5013 de
1854 4976 1909 5013 re
1936 4964 2102 5013 recla-

527 5042 700 5080 [nasse
725 5030 942 5093 legimus
970 5030 1215 5091 Arianos,
1239 5030 1326 5097 qui
1350 5032 1507 5091 regali
1534 5040 1657 5082 tunc
1690 5032 1919 5097 polentia
1953 5030 2096 5093 freti,

527 5096 655 5149 nihil
690 5113 791 5149 non
826 5110 1066 5163 poterant
1096 5096 1349 5151 adverstts
1378 5096 1856 5166 catholicos.an
1888 5112 1941 5152 et
1972 5100 2091 5153 Ful-

525 5168 733 5233 gentius
761 5168 913 5234 paulo
940 5182 1054 5235 pOSl
1080 5172 1130 5221 in
1167 5169 1299 5221 libro
1321 5180 1503 5221 eontra
1531 5173 1755 5222 Arianos
1783 5172 1880 5223 sul)
1909 5173 2088 5230 linem,

524 5238 767 5290 eumdem
800 5237 973 5290 locmn
1012 5240 1255 5301 adducit,
1292 5255 1396 5291 non
1425 5241 1597 5293 solum
1624 5251 1870 5307 tanquam
1898 5255 1929 5293 e
1955 5243 2098 5294 Scri-

528 5315 675 5374 ptura
699 5317 987 5375 sumptum,
1019 5308 1109 5360 sed
1142 5319 1193 5360 et
1222 5324 1378 5374 quem
1420 5326 1445 5360 a
1492 5312 1646 5362 beato
1676 5313 1939 5379 (lypriano
1981 5313 2091 5363 lau-

525 5378 702 5430 datttm
727 5380 886 5430 luisse
907 5380 999 5438 ait,
1025 5380 1123 5431 sub
1146 5379 1431 5431 testimonii
1457 5396 1521 5433 ex
1544 5378 1816 5445 Scriptura
1842 5381 2053 5434 nomine
2079 5399 2089 5433 :

525 5445 823 5519 Cyprianus,
857 5446 1060 5519 inquit,
1097 5448 1216 5519 huc
1242 5450 1527 5501 testimonia
1555 5452 1617 5501 de
1648 5452 2090 5519 Scripturisinse-

526 5520 650 5587 ruit_.
680 5516 811 5572 Dicit
846 5516 1090 5571 Dominus
1122 5534 1139 5571 :
1174 5516 1281 5587 Ego
1303 5560 1317 5585 ,
1349 5528 1451 5571 etc.
1490 5520 1554 5572 Et
1583 5516 1776 5573 iterum
1798 5536 1812 5573 :
1834 5518 1909 5573 De
1935 5518 2090 5573 Patre

526 5594 573 5637 et
606 5584 742 5638 Filio
778 5599 822 5641 et
856 5589 1054 5658 Spiritu
1095 5584 1265 5642 sancto
1304 5584 1548 5657 scriptum
1574 5603 1685 5655 est;
1726 5601 1771 5643 et
1808 5601 1905 5643 tres
1932 5606 2091 5643 unum

524 5664 657 5727 sunt.
683 5658 977 5727 Cyprianus
1005 5670 1182 5713 autem
1213 5674 1332 5713 eum
1364 5660 1593 5712 laudavit
1623 5671 1731 5713 tum
1764 5660 1815 5715 in
1850 5661 1985 5713 libro
2025 5660 2092 5714 de

528 5724 738 5780 Uuitate
766 5730 1037 5796 Ecclesiae,
1071 5741 1179 5783 tum
1208 5731 1259 5785 in
1279 5729 1500 5797 epistola
1528 5730 1592 5783 ad
1624 5730 1956 5797 Jubajanum.
1995 5731 2092 5786 lte-

2211 4613 2348 4665 beati
2373 4610 2593 4663 Joannis
2630 4611 2873 4676 epzstola,
2906 4609 3027 4662 Tres
3058 4628 3213 4663 unum
3253 4622 3389 4664 sunt.
3424 4610 3658 4670 discutit,
3695 4624 3792 4662 εο-

2204 4683 2325 4733 dice
2364 4698 2488 4732 usus
2540 4684 2699 4734 fuisse
2743 4680 2949 4731 videtur
2991 4682 3043 4732 in
3086 4696 3191 4749 quo
3235 4690 3594 4733 testimonium
3643 4681 3787 4732 istud

2209 4749 2401 4810 Putris,
2429 4761 2557 4810 etc..
2591 4765 2906 4816 expressum
2937 4766 3039 4803 non
3069 4762 3200 4804 erat.
3231 4752 3372 4804 Idem
3404 4750 3687 4801 dicendum
3722 4752 3790 4801 de.

2210 4819 2459 4873 Facundo
2497 4822 2864 4873 Ilertttiunettsi
2900 4822 3033 4871 Iiltro
3075 4836 3087 4872 1
3135 4836 3228 4888 pro
3270 4820 3581 4874 defensith
3622 4820 3788 4871 trium

2205 4893 2576 4957 capitulorum.
2602 4892 2703 4943 Sed
2738 4906 2869 4957 opus
2900 4891 3033 4942 istud
3066 4892 3342 4944 Focum-lus
3373 4904 3519 4942 extra
3546 4888 3786 4941 Africam

2204 4959 2662 5026 Constantinopoli
2690 4962 2887 5027 degens
2910 4965 3245 5025 conscripsit.
3275 4964 3458 5015 Mirum
3482 4969 3786 5021 estautetu,

2204 5032 2340 5098 quovl
2379 5032 2427 5081 in
2462 5032 2727 5082 nonnullis
2763 5033 2918 5083 etiam
2949 5032 3319 5085 vetustissimis
3365 5030 3639 5083 hibliorutn
3686 5045 3789 5083 Cn-

2202 5100 2410 5152 dit'ibus
2442 5114 2568 5151 mss.
2604 5102 2905 5168 pradigatur
2932 5104 3176 5168 prol0gus
3204 5120 3359 5166 supra
3399 5104 3637 5152 laudatus
3664 5106 3787 5167 epi-

2200 5172 2355 5223 stolis
2385 5171 2673 5229 canonicis.
2699 5180 2753 5224 et
2782 5172 2993 5235 quidem
3028 5172 3126 5223 sub
3147 5175 3313 5224 sancti
3344 5172 3647 5239 llieronynti
3684 5187 3782 5221 no-

2202 5256 2377 5304 mine,
2412 5249 2463 5291 et
2494 5250 2666 5293 tamen
2711 5246 2758 5291 in
2794 5251 2935 5293 textu
2967 5244 3261 5294 versiculus
3296 5244 3385 5293 ille
3428 5243 3659 5293 omissus
3688 5247 3781 5292 sit.

2198 5311 2301 5363 Sed
2348 5312 2482 5362 hanc
2514 5314 2932 5363 controversiam
2957 5313 3255 5365 accuratius
3283 5311 3669 5365 discutiendam
3698 5327 3787 5362 re-

2201 5382 2487 5453 linquimus
2509 5380 2784 5434 sodalibus
2816 5384 3030 5446 uostris,
3065 5388 3151 5451 qui
3186 5382 3492 5453 llierOuymi
3521 5384 3785 5450 operibus

2199 5451 2542 5504 recensendis
2570 5465 2784 5519 operam
2817 5462 3028 5504 navant.

2270 5532 2291 5557 ε
2327 5521 2430 5573 Alii
2464 5521 2675 5575 codices
2714 5521 2909 5575 habent
2934 5521 2986 5573 iu
3010 5520 3593 5589 diﬁcrentimqualitnte.
3626 5522 3785 5573 Lori-

2195 5590 2754 5714 chiusmiudi/fereutiw
2796 5591 3059 5661 qualitate.
3095 5593 3409 5657 Rhenanus,
3463 5592 3786 5657 rudi/Ieremi

2195 5676 2337 5714 a'aua
2402 5669 2506 5713 ate.

2195 5669 2506 5730 a'quatttate.
