3944 6176
185 305 278 361 ειθ

183 426 336 483 betur,
363 420 603 487 praescire
653 422 831 475 omnia
883 437 988 475 non
1045 422 1320 476 dubitatur
1369 440 1380 474 :

182 518 457 565 'scrulatur
483 510 791 567 altitudines
811 510 998 575 Dei,et
1025 512 1173 566 novit
1193 511 1369 566 omnia
1397 527 1516 581 qua:
1539 515 1588 565 in
1619 511 1728 564 Deo

179 611 302 663 sunt,
343 602 473 652 sicut
518 608 785 654 memorat
824 601 1036 666 Paulus,
1066 601 1289 656 dicens:
1333 601 1563 668 Spiritus
1589 602 1725 653 enim

179 691 325 742 omnia
349 698 616 752 scrutatur,
648 690 801 742 etiam
829 690 1130 744 altitudines
1166 689 1263 742 Dei
1285 688 1340 758 (Ι
1370 688 1490 743 Cor.
1520 704 1576 754 tt,
1612 687 1722 756 IO).

179 786 284 836 ltetu
313 782 362 834 in
391 782 574 834 eodem
608 783 726 835 loco
762 798 776 837 :
807 781 950 836 Sicut
992 798 1142 835 nemo
1189 783 1282 835 scit
1313 782 1575 835 hominum
1611 795 1726 844 quae

175 884 268 926 sunt
293 875 531 938 hominis,
561 874 662 925 uisi
689 875 898 939 spiritus
923 877 1036 944 ejus
1055 875 1217 940 quiin
1245 875 1355 943 ipso
1381 882 1489 937 est;
1519 873 1590 924 ita
1627 886 1719 924 ne-

175 984 240 1018 mo
258 967 342 1018 scit
361 980 471 1032 quae
489 975 606 1018 sunt
640 963 732 1017 Dei
754 1004 768 1029 ,
801 965 900 1017 nisi
935 965 1161 1035 Spiritus
1195 962 1291 1018 Dei
1317 963 1476 1032 (Ibid.
1495 1002 1508 1026 ,
1534 963 1648 1028 II).

230 1054 351 1108 XIV.
377 1053 613 1107 Potentia
635 1055 792 1107 sancti
826 1054 1072 1121 Spiritus.
1101 1083 1174 1097 --
1203 1054 1284 1108 Ad
1317 1051 1716 1121 intelligendam

172 1161 275 1199 vero
301 1147 584 1213 potentiam
618 1144 854 1212 Spiritus
878 1143 1072 1211 sancti,
1097 1157 1267 1213 pauca
1289 1143 1358 1196 de
1387 1142 1716 1197 terribilibus

171 1236 486 1310 proferamus.
519 1235 844 1290 Vendiderat
884 1237 1313 1305 possessionem,
1357 1244 1414 1289 ut
1459 1238 1712 1310 scriptum

169 1336 236 1379 est
273 1328 322 1380 in
365 1304 588 1381 Aciibus
636 1304 996 1395 apostolorum
1046 1326 1195 1397 (Cap.
1230 1341 1282 1394 v,
1315 1323 1393 1395 2).
1426 1304 1711 1394 suppiessa

169 1427 290 1486 parte
316 1418 553 1485 pecunia:
579 1417 796 1470 dolosus
830 1417 1146 1485 discipulus,
1177 1417 1439 1485 reliquum
1473 1431 1568 1484 pro
1601 1427 1711 1471 toto

167 1518 266 1563 ante
300 1509 456 1576 pedes
501 1523 708 1577 ponens
745 1512 1131 1578 apostolorum,
1180 1508 1402 1563 ollcudit
1453 1509 1706 1574 Spiritum

167 1612 391 1661 saclum,
422 1614 581 1668 quem
621 1600 838 1666 putabat
880 1614 939 1653 se
993 1599 1181 1654 latere.
1204 1598 1310 1654 Sed
1337 1598 1461 1668 quid
1489 1599 1554 1651 ad
1585 1614 1704 1652 eum

167 1691 272 1743 dixit
295 1691 547 1744 continuo
583 1690 769 1744 beatus
795 1689 1019 1745 Petrus?
1044 1690 1266 1754 Anania,
1295 1705 1454 1759 quare
1482 1688 1705 1744 Satanas

1098 309 1180 364 DE
1221 304 1739 363 PERSECUTIDNE
1784 304 2167 361 VANDALICA
2210 307 2336 365 L'B.
2383 308 2465 363 Ill.

1434 422 1556 490 quia
1614 421 1729 487 ipse
1756 419 1808 480 Α
1833 419 1902 472 ait
1932 435 1948 473 :
1978 419 2202 489 Spiritus
2234 421 2438 476 Domini
2469 425 2676 490 replevit
2718 427 2888 481 orbein
2920 437 3193 496 terrarum,
3235 441 3283 486 et
3310 431 3408 486 hoc

3303 317 3406 374 250

1839 510 1975 567 quod
2003 511 2222 564 continet
2247 515 2418 566 omnia
2439 513 2703 568 scientiam
2731 516 2880 572 habet
2905 521 3204 592 vocis(Sap.
3239 539 3292 590 ι,
3324 526 3400 594 7).

1831 599 1959 654 Item
1987 601 2150 655 David
2179 602 2308 657 dicit
2334 620 2346 656 :
2375 603 2487 667 Quo
2509 605 2590 658 ibo
2611 624 2641 658 a
2668 606 2867 674 Spiritu
2900 621 3006 676 tuo,
3036 622 3082 665 et
3108 630 3139 664 a
3165 613 3294 682 facie
3317 624 3406 668 tuo

1828 707 1926 746 auo
1962 692 2192 762 fugiam?
2223 693 2283 748 Si
2313 696 2586 748 escendero
2611 697 2664 750 in
2686 699 2886 763 cretum,
2923 709 2978 753 tu
3001 702 3112 755 illic
3134 718 3220 768 es;
3249 704 3294 758 si
3312 704 3402 757 de.

1824 783 2067 837 scendero
2089 793 2111 820 ε
2140 785 2192 837 in
2217 785 2472 854 infernum
2493 788 2652 852 ades;
2683 789 2728 841 si
2763 805 3020 860 sumpsero
3047 810 3234 859 pennas
3265 813 3401 850 nicas

1822 871 1876 926 in
1904 873 2170 939 directum,
2200 884 2247 928 et
2283 877 2576 932 habitavere
2599 879 2651 932 in
2681 882 2916 934 extremis
2962 886 3120 936 maris
3149 901 3168 938 .'
3216 889 3399 941 etenim

1820 961 1943 1016 illuc
1987 979 2164 1018 manus
2216 976 2302 1018 tua
2331 967 2542 1020 deducet
2580 985 2678 1033 me,
2703 981 2751 1023 et
2777 972 3052 1026 continebit
3081 990 3158 1028 me
3183 975 3395 1031 dextera

1821 1066 1908 1112 tua
1929 1057 2100 1128 (Psal.
2117 1075 2370 1126 cxxxvtu,
2392 1063 2423 1115 7
2455 1062 2608 1134 seq.).

1891 1149 2028 1205 XVI.
2091 1152 2302 1207 Habitat
2356 1155 2495 1210 Deus
2558 1158 2609 1210 in
2669 1159 2868 1213 sanctis
2931 1161 3044 1215 suis
3105 1164 3393 1219 secundum

1821 1243 2223 1306 promissionem
2284 1262 2384 1315 qua
2443 1247 2650 1304 dixerat
2697 1267 2711 1302 :
2763 1250 3019 1306 Habitabo
3066 1255 3118 1308 in
3161 1256 3264 1309 illis
3306 1255 3388 1327 (II

1815 1330 1933 1386 Cor.
1967 1334 2165 1406 vr,lti).
2197 1337 2348 1402 Quod
2371 1354 2497 1393 vero
2526 1339 2783 1395 Dominus
2811 1343 2968 1398 Iesus
2990 1345 3120 1400 dicit
3142 1347 3191 1400 in
3217 1346 3392 1402 Evan-

1810 1429 1979 1492 gelio:
2001 1425 2199 1481 Maneto
2222 1430 2274 1482 in
2293 1447 2371 1484 me
2386 1441 2433 1485 et
2459 1449 2550 1500 ego
2571 1435 2622 1486 in
2643 1434 2779 1488 vobis
2801 1434 2976 1506 (Joan.
2996 1453 3084 1490 xv.
3103 1439 3182 1504 4).
3202 1440 3389 1507 probat

1812 1515 1911 1569 hoc
1937 1515 2132 1572 Paulus
2161 1519 2343 1575 dicens
2368 1539 2381 1575 :
2412 1524 2489 1576 An
2512 1526 2712 1578 nescitis
2749 1528 2867 1595 quia
2891 1526 3040 1582 Jesus
3062 1527 3294 1583 Christus
3315 1541 3388 1584 est

1808 1607 1858 1658 in
1881 1609 2015 1660 vobis
2040 1607 2126 1677 (II
2157 1610 2275 1664 Cor.
2304 1628 2416 1677 sui,
2437 1614 2529 1683 5)?
2551 1616 2658 1670 IIt-c
2686 1628 2861 1670 autem
2885 1626 3053 1672 totum
3076 1619 3127 1672 in
3158 1620 3387 1688 Spiritus

1810 1695 2135 1754 habitatione
2162 1703 2498 1770 atlimpletur,
2529 1707 2667 1760 sicut
2704 1719 2968 1762 memorat
2993 1709 3224 1764 Joannes
3252 1726 3266 1763 :
3303 1709 3387 1764 Ex

167 1783 335 1849 "illm"
358 1797 448 1836 ων
481 1794 625 1834 “mm
653 1790 710 1834 ατ
735 1781 1018 1835 ηιεηίίτετί³
1048 1780 1265 1851 8ρὲτὶιυὶ
1306 1791 1478 1834 εαηειο
1504 1779 1663 1846 (Ῑίνεά-
1685 1821 1701 1845 9
1738 1769 1781 1828 Β
1807 1790 1924 1856 hoc,
1954 1790 2142 1861 inquit,
2174 1795 2360 1850 scimus
2392 1798 2514 1865 quia
2543 1799 2596 1851 in
2623 1798 2766 1853 nobis
2808 1809 2881 1853 est
2903 1840 2917 1864 ,
2954 1802 3072 1869 quia
3095 1802 3157 1854 de
3186 1801 3384 1867 Spiritu

168 1875 318 1941 5)?Et
346 1874 483 1929 infra
515 1892 527 1926 :
563 1873 688 1928 Non
734 1890 787 1927 es
832 1875 1070 1926 mentitus
1115 1874 1422 1938 hominibus,
1473 1874 1558 1925 sed
1601 1870 1706 1924 Deo

167 1967 326 2034 (ltid.,
368 1967 449 2035 4).
500 1967 673 2034 Atque
726 1967 795 2018 ita
847 1980 1132 2034 percussus
1175 1967 1373 2018 virtute
1428 1965 1572 2033 ejus,
1620 1965 1703 2018 cui

164 2057 336 2110 mentiri
366 2057 616 2110 voluerat
644 2100 658 2120 ,
710 2057 1024 2124 exspiravit.
1053 2056 1191 2121 Quid
1239 2055 1323 2110 hic
1350 2055 1465 2108 vult
1515 2054 1704 2108 beatus

165 2149 316 2201 Petrus
342 2147 563 2215 intelligi
587 2146 839 2214 Spiritum
862 2147 1137 2199 sanctum?
1163 2146 1350 2210 Utique
1369 2147 1567 2198 clarum
1599 2152 1702 2209 est,

161 2251 256 2289 cum
274 2237 411 2302 dicit,
446 2235 569 2289 Non
595 2240 832 2289 mentitus
852 2251 903 2288 es
932 2234 1238 2297 hominibus,
1266 2232 1354 2286 sed
1388 2233 1511 2285 Deo.
1539 2233 1705 2286 Mani-

161 2327 316 2381 lestum
343 2339 428 2383 est
457 2341 606 2395 ergo,
640 2329 890 2394 quoniam
931 2325 1019 2394 qui
1065 2324 1321 2379 mentitur
1350 2324 1456 2392 3o
1485 2323 1700 2390 Spiritui

159 2431 328 2485 sancto,
351 2421 465 2475 Deo
494 2422 749 2474 mentitur
781 2436 795 2472 :
824 2428 878 2472 ct
899 2417 986 2486 qui
1009 2417 1180 2472 credit
1209 2417 1259 2469 iu
1297 2416 1550 2484 Spiritum
1580 2430 1703 2469 san-

157 2525 288 2574 etum,
308 2511 478 2566 credit
506 2512 558 2564 in
592 2511 774 2568 Deum.
799 2511 927 2563 Tale
949 2507 1169 2577 aliquid,
1197 2508 1302 2564 imo
1333 2507 1526 2560 fortius
1549 2508 1702 2575 quid-

157 2604 252 2655 dam
289 2604 540 2656 Dominus
571 2603 622 2655 in
655 2600 938 2670 Evangelio
977 2598 1237 2665 ostendit,
1270 2597 1456 2652 dicens
1489 2615 1504 2651 :
1540 2599 1700 2650 Omne

158 2703 377 2759 peccatum
403 2702 458 2744 et
491 2691 803 2758 blasphemia
832 2689 1110 2744 remittetur
1134 2690 1420 2742 hominibus
1450 2703 1468 2740 :
1489 2689 1575 2756 qui
1602 2704 1698 2741 au-

1806 1897 1896 1933 suo
1926 1882 2065 1934 dedit
2097 1884 2237 1937 nobis
2262 1885 2308 1954 (Ι
2340 1885 2498 1942 Joan.
2529 1904 2597 1954 Iv,
2631 1890 2742 1958 i3).
2780 1889 3040 1960 Similiter
3067 1901 3121 1945 et
3150 1891 3379 1947 Paulus:

1807 1971 2030 2026 Nescitis
2058 1977 2176 2043 quia
2211 1977 2448 2044 templum
2482 1977 2571 2031 Dei
2603 1981 2745 2044 estis,
2787 1991 2832 2034 et
2864 1981 3091 2047 Spiritus
3123 1981 3215 2036 Dei
3241 1983 3384 2037 habi-

1807 2069 1878 2112 tat
1905 2062 1958 2114 in
1987 2065 2119 2116 vobis
2147 2063 2197 2133 (I
2230 2066 2347 2119 Cor.
2381 2083 2466 2129 ut,
2494 2068 2621 2137 Ili)?
2658 2069 2722 2123 Et
2747 2069 2937 2124 iterum
2965 2070 3092 2124 dicit
3119 2088 3134 2126 :
3164 2070 3374 2140 Gloriﬁ-

1807 2162 1913 2204 cute
1942 2161 1988 2205 et
2020 2163 2214 2221 portate
2246 2155 2408 2209 Deum
2437 2158 2488 2210 in
2511 2175 2721 2226 corpore
2749 2169 2911 2214 vestro
2943 2159 2996 2230 (I
3023 2161 3140 2215 Cor.
3165 2176 3238 2226 vt,
3259 2161 3376 2230 20).

1803 2241 1970 2306 Quem
1996 2244 2197 2297 Deum?
2227 2247 2408 2314 utique
2439 2245 2455 2284 ί
2489 2248 2742 2316 Spiritum
2770 2260 3037 2318 sanctum,
3067 2251 3218 2320 cujus
3239 2260 3375 2307 tem-

1805 2335 1947 2401 plum
1977 2349 2097 2388 esse
2129 2335 2396 2390 videmur.

1874 2425 2034 2478 XVII.
2077 2427 2206 2480 Nam
2233 2427 2374 2496 quod
2426 2441 2606 2498 arguat
2641 2430 2820 2496 Pater,
2850 2439 3036 2500 arguat
3061 2431 3248 2495 Filius.
3283 2448 3375 2489 ar-

1803 2527 1930 2584 guat
1975 2517 2202 2586 Spiritus
2229 2531 2446 2575 sanctus
2474 2523 2545 2575 ita
2574 2522 2902 2590 probandum
2935 2536 3037 2578 est.
3083 2523 3137 2577 In
3170 2525 3377 2592 psalmo

1801 2607 2208 2676 quadragesimo
2262 2624 2402 2662 nouo
2447 2611 2638 2680 legitur
2689 2612 3001 2666 :Peccatori
3049 2623 3218 2667 autem
3254 2614 3376 2668 dicit

1802 2697 1934 2751 Deus
1961 2715 1980 2751 :
2008 2699 2174 2762 Quare
2205 2709 2258 2752 tu
2285 2697 2492 2754 enari'as
2519 2703 2968 2766 iustitiam'oteam,
2998 2713 3044 2755 et
3065 2706 3277 2757 assumis
3298 2715 3372 2757 lc-

155 2794 229 2833 Mil
251 2782 661 2851 blasphemaverit
689 2784 742 2834 in
764 2780 1016 2850 Sptritum
1041 2791 1292 2842 sanctum,
1337 2797 1437 2834 non
1475 2781 1698 2833 remitte-

1815 2797 2096 2842 itamentum
2123 2806 2284 2844 meum
2311 2808 2400 2858 per
2422 2809 2476 2844 os
2501 2799 2641 2844 tuum
2661 2791 2834 2860 (Psal.
2866 2808 3018 2857 mit,
3048 2794 3171 2862 Ib“)?
3203 2797 3264 2847 Et
3289 2795 3372 2847 in-

153 2885 214 2924 ter
250 2876 317 2940 ei,
345 2892 510 2945 neque
537 2876 590 2926 in
621 2875 714 2926 hoc
733 2874 950 2937 swculo,
982 2889 1138 2937 neque
1179 2873 1230 2925 in
1262 2873 1432 2942 futuro
1475 2870 1695 2936 (Matth.

155 2980 226 3029 xu,
243 2967 322 3030 5i,
345 2966 460 3034 53).
482 2967 507 3002 ι’
528 2968 666 3024 Ecce
698 2965 919 3020 terribili
949 2963 1212 3018 sententia
1237 2964 1599 3016 irreuussibile
1627 2963 1696 3015 di-

151 3060 316 3113 citesss
335 3071 612 3126 peccatum
634 3061 682 3111 ei
711 3058 796 3126 qui
815 3059 866 3110 in
897 3057 1149 3122 Spll‘llllﬂ]
1179 3065 1420 3109 sanctum
1451 3055 1696 3121 blasphe-

1797 2877 1912 2932 I'ra:
1945 2883 2170 2948 Arguam
2210 2890 2276 2946 te,
2305 2893 2348 2932 et
2371 2892 2586 2934 statuam
2605 2882 2793 2954 (Laud.
2831 2881 2969 2953 ante]
2991 2893 3167 2937 contra
3191 2884 3372 2953 faciem

1799 2979 1934 3022 luam
1962 2971 2122 3041 (Ibid.
2143 3011 2156 3032 ,
2189 2970 2303 3040 2i).
2334 2971 2494 3025 David
2519 2973 2760 3025 similiter
2787 2988 2944 3026 orans
2971 2974 3100 3026 dicit
3126 2974 3192 3026 ad
3221 2971 3375 3028 Chri-

1799 3070 1938 3115 stum
1967 3079 1979 3114 :
2017 3060 2244 3123 Domine,
2263 3078 2324 3115 ue
2357 3062 2411 3114 in
2440 3061 2520 3113 ira
2547 3070 2636 3114 tua
2664 3079 2850 3134 arguas
2873 3079 2950 3116 me
2981 3063 3154 3135 (I’sal.
3185 3079 3258 3126 vi,
3281 3063 3371 3130 2);

155 3153 356 3203 noverit.
382 3149 479 3221 [αι.
505 3148 810 3219 Comparatl
839 3148 1096 3212 Compara
1121 3147 1243 3200 huic
1269 3145 1546 3200 sententis:
1569 3145 1693 3198 illud
1725 3122 1770 3185 Β
1801 3153 1920 3218 quia
1952 3156 2064 3220 ipse
2093 3162 2348 3206 venturus
2373 3162 2456 3206 est
2480 3167 2704 3221 arguere
2728 3168 2941 3208 omnem
2972 3122 3205 3209 carnem.
3237 3155 3373 3221 Quid

155 3243 264 3309 quod
289 3245 546 3311 seriptum
576 3250 660 3294 est
688 3243 737 3294 itt
771 3242 902 3294 libro
929 3250 951 3277 ο
977 3239 1272 3308 Regnorum
1306 3255 1319 3291 :
1356 3238 1413 3290 Si
1442 3239 1699 3306 peccando

154 3335 395 3398 peccaverit
445 3333 528 3385 vir
563 3333 614 3384 in
649 3333 831 3395 virum,
855 3331 1067 3382 orabunt
1116 3345 1207 3396 pro
1236 3344 1292 3380 eo
1320 3343 1338 3380 :
1369 3329 1410 3379 si
1435 3339 1602 3379 autem
1647 3329 1697 3378 in

155 3420 281 3473 Deum
308 3424 618 3491 peccaverit,
649 3423 760 3489 quis
782 3421 941 3473 orabit
981 3435 1076 3486 pro
1114 3435 1174 3471 eo
1203 3417 1254 3483 (1
1291 3419 1416 3488 Reg.
1465 3433 1501 3472 ιι
1523 3460 1538 3482 ,
1564 3417 1696 3482 ‘25)?

151 3512 317 3583 Siergo
345 3515 721 3583 blaspliemare
770 3516 821 3567 in
868 3513 1125 3581 Spit-itum
1174 3522 1442 3574 sanctum,
1493 3522 1545 3565 et
1577 3527 1700 3579 pec-

153 3619 246 3660 care
267 3607 314 3660 in
345 3608 513 3662 Deum
549 3606 752 3672 simile,
791 3607 840 3659 id
871 3615 973 3667 est.
999 3605 1317 3672 inexpiabile
1342 3606 1547 3657 crimen
1578 3616 1652 3655 cst
1673 3646 1686 3668 ,

153 3698 232 3763 iam
256 3711 477 3767 quantus
507 3700 578 3752 sit
611 3697 836 3764 Spiritus
863 3704 1076 3754 sanctus
1105 3697 1468 3764 unusquisque
1498 3711 1696 3764 cogno-

153 3790 248 3842 :cit.

204 3880 300 3935 XV.
339 3880 628 3934 Prtrsentia
660 3877 753 3933 Dei
794 3879 991 3948 ubique.
1040 3910 1109 3920 —
1134 3878 1278 3934 Deus
1309 3878 1450 3948 quod
1501 3878 1696 3947 ubique

152 3970 199 4020 sit
217 3985 437 4037 praesens
467 3981 526 4028 et
566 3971 784 4039 impleat
826 3972 1024 4035 omnia,
1066 3985 1162 4024 ore
1208 3970 1462 4024 discimus
1489 3966 1515 4006 ἀ
1547 3969 1697 4023 Jere-

151 4064 243 4114 mia
270 4079 283 4114 :
311 4061 448 4131 Ego,
480 4062 683 4129 inquit,
718 4062 850 4115 Deus
881 4062 1271 4130 approximans,
1303 4072 1346 4115 et
1375 4077 1472 4113 non
1492 4061 1555 4114 de
1583 4062 1694 4114 lon-

150 4154 306 4224 ginquo
331 4172 348 4209 :
375 4157 420 4210 si
449 4156 780 4210 absconditus
803 4158 954 4226 fuerit
985 4157 1134 4210 homo
1163 4157 1216 4210 in
1253 4158 1583 4223 absconditis,
1613 4174 1695 4210 er-

149 4260 196 4308 go
212 4259 294 4312 ego
316 4262 416 4299 non
463 4246 642 4299 videbo
683 4248 836 4300 eum?
867 4245 1055 4300 Nonne
1083 4247 1264 4302 caelum
1289 4257 1333 4298 et
1379 4257 1566 4299 terram
1596 4263 1690 4316 ego

149 4334 300 4402 impleo
324 4335 459 4404 (Jer.
486 4351 646 4399 mit,
676 4334 767 4398 25,
795 4336 928 4406 24)?
957 4336 1096 4402 Quid
1126 4345 1303 4392 autem
1336 4337 1402 4390 de
1443 4351 1536 4389 sua
1570 4337 1688 4390 ubi-

1803 3257 1929 3296 vero
1955 3242 2023 3296 de
2051 3240 2250 3309 Spiritu
2289 3250 2475 3296 sancto
2509 3243 2753 3296 Salvator
2780 3243 2832 3296 iu
2867 3243 3154 3314 Evangelia
3194 3247 3373 3300 dicit?

1799 3334 1926 3390 Cum
1954 3337 2164 3400 venerit,
2210 3335 2399 3404 inquit,
2448 3333 2761 3397 Paraclitus,
2799 3337 2885 3388 ille
2914 3351 3087 3406 arguet
3120 3333 3366 3392 mundum

1797 3428 1860 3480 de
1886 3438 2110 3496 peccaro,
2134 3434 2178 3480 et
2203 3427 2264 3479 de
2287 3427 2500 3492 iustitia,
2532 3436 2578 3480 et
2607 3426 2669 3480 de
2688 3428 2887 3495 judicio
2916 3425 3093 3495 (Joan.
3126 3445 3211 3482 ινι
3233 3470 3250 3496 ,
3287 3433 3366 3499 8).

1799 3518 1909 3571 [loc
1939 3517 2235 3584 prmvizleus
2280 3515 2442 3570 David
2471 3516 2734 3570 clamabat
2775 3516 2840 3570 ad
2891 3518 3170 3571 Dominum
3199 3535 3213 3572 :
3249 3517 3364 3582 Quo

1795 3609 1878 3661 ibo
1905 3626 1936 3662 a
1960 3608 2158 3675 Spiritu
2190 3618 2293 3672 tuo,
2334 3618 2382 3661 et
2412 3623 2443 3659 a
2485 3607 2616 3675 facie
2650 3615 2740 3660 tua
2760 3624 2861 3677 quo
2911 3609 3104 3678 fugiam
3144 3606 3364 3680 (Psalm.

1796 3714 2058 3763 cxxxvut,
2092 3698 2186 3766 7)?

1869 3789 2051 3843 XVIII.
2100 3789 2228 3842 Nam
2256 3796 2312 3842 et
2339 3787 2480 3857 quod
2529 3788 2699 3842 bonus
2742 3787 2809 3842 sit
2852 3788 3024 3855 Pater,
3079 3789 3248 3844 bonus
3290 3791 3349 3846 Fi

1796 3881 1919 3946 lius,
1951 3882 2120 3935 bonus
2146 3880 2375 3949 Spiritus
2401 3890 2636 3945 sanctus,
2665 3879 2741 3933 sic
2771 3880 3044 3946 probatur.
3082 3881 3218 3936 Dicit
3249 3899 3372 3950 pro-

1798 3973 1950 4042 pheta
1985 3989 1998 4022 :
2033 3970 2202 4023 Bonus
2230 3986 2281 4023 es
2319 3979 2394 4034 tu,
2425 3967 2660 4032 Domine,
2704 3979 2753 4022 et
2782 3971 2832 4021 in
2881 3971 3100 4023 bonitate
3133 3981 3222 4025 tua
3249 3973 3375 4026 doce

1794 4080 1872 4118 me
1885 4063 2278 4133 justiﬁcationes
2299 4071 2410 4114 tuas
2435 4058 2604 4127 (Psal.
2633 4075 2793 4114 cxvm
2814 4103 2830 4126 ,
2855 4061 2968 4129 68).
3002 4061 3076 4115 De
3098 4077 3159 4117 se
3186 4075 3365 4117 autem

1796 4159 1908 4226 ipse
1935 4154 2248 4224 Unigenitus
2273 4171 2286 4207 :
2319 4153 2430 4225 Ego
2454 4169 2564 4206 sum
2587 4163 2758 4221 pastor
2785 4153 2940 4206 bonus
2961 4151 3137 4224 (Joan.
3167 4169 3219 4216 ι,
3256 4153 3366 4221 II).

1798 4250 1872 4302 De
1901 4248 2100 4315 Spiritu
2124 4260 2276 4316 aeque
2301 4254 2487 4299 Sancto
2517 4243 2680 4297 David
2709 4243 2761 4296 in
2795 4244 2997 4310 psalmo
3018 4243 3145 4298 dicit
3171 4245 3234 4296 ad
3270 4245 3371 4297 Do-

1797 4345 2038 4395 minum:
2086 4339 2310 4408 Spiritus
2357 4347 2470 4390 tuus
2518 4336 2680 4390 bonus
2709 4336 2922 4390 deducet
2968 4353 3044 4390 me
3090 4337 3141 4389 in
3178 4347 3368 4390 terram

149 4439 227 4490 que
254 4429 533 4494 pra-sentin
574 4427 817 4482 Salvator
860 4430 909 4488 in
954 4428 1240 4496 Evangelia
1269 4427 1433 4483 dicit?
1465 4427 1690 4482 Ubicun-
1724 4479 1773 4538 ι)
1798 4433 2016 4506 [Laud.,
2049 4428 2198 4500 viam]
2227 4439 2414 4483 rectam
2443 4426 2662 4496 (Psalm.
2697 4441 2858 4538 CXL'II.
2893 4426 3000 4538 Ile).

148 4529 242 4579 que,
269 4528 370 4583 ait,
405 4520 601 4587 fuerint
629 4519 732 4572 duo
762 4521 837 4574 vel
867 4529 966 4572 tres
997 4520 1192 4576 collecti
1236 4521 1292 4573 in
1321 4523 1522 4572 nomine
1551 4536 1690 4584 meo,

148 4606 200 4656 ibi
221 4616 262 4659 et
288 4626 374 4679 ego
400 4627 518 4663 sum
543 4612 599 4663 in
618 4613 781 4664 medio
807 4627 981 4666 eorum
1004 4612 1217 4684 (Matth.
1261 4628 1384 4666 xvut
1409 4653 1423 4676 ,
1465 4611 1581 4681 20).
1619 4614 1696 4666 De

149 4694 314 4762 Spiritu
340 4701 562 4770 adaque
583 4712 788 4764 sancto,
816 4702 957 4771 quod
987 4702 1129 4756 adsit
1158 4703 1376 4772 ubique,
1409 4705 1540 4756 dicit
1570 4720 1691 4771 prn-

149 4787 278 4852 pheta
305 4805 372 4844 ex
407 4807 634 4860 persona
664 4792 753 4845 Dei
787 4810 800 4844 :
827 4790 935 4862 Ego
964 4794 1016 4845 in
1037 4793 1196 4859 vobis,
1225 4805 1268 4846 et
1298 4794 1523 4863 Spiritus
1553 4811 1692 4848 meus

147 4881 292 4930 statin
314 4883 476 4935 medio
497 4891 716 4936 vestrum
745 4881 956 4944 (Ezech.
992 4899 1154 4938 xxxvi
1172 4924 1187 4951 ,
1218 4883 1331 4955 27).
1355 4886 1420 4939 Et
1440 4887 1689 4940 Salomon

202 5069 223 5096 ι
247 5058 396 5114 Colb.
429 5060 480 5121 I,
512 5059 786 5114 Scrutatur
813 5068 884 5113 est
913 5061 1218 5115 altitudinis.

200 5127 384 5194 lt-FuL,
417 5129 621 5194 Germ.,
653 5131 898 5202 Colb.};
932 5132 1188 5195 0rthod.,
1220 5132 1492 5189 Loricbius
1513 5176 1526 5200 ,
1560 5149 1686 5202 etc.,

146 5198 254 5251 Ecce
283 5201 517 5252 terribilis
543 5202 789 5253 sententia
807 5201 828 5253 .'
859 5199 1231 5266 lrremissibile,
1267 5217 1370 5258 etc.

203 5279 222 5306 ε
250 5269 355 5322 Afri
384 5272 577 5337 saepius
607 5271 746 5342 hunc
789 5272 996 5324 titulum
1027 5272 1174 5342 libris
1206 5275 1403 5342 [tegunt
1430 5277 1690 5331 attribue-

144 5350 245 5391 runt
267 5383 280 5406 ,
317 5351 372 5392 ut
404 5349 544 5406 patet
572 5355 640 5392 ex
674 5339 1004 5394 Tertulli-uo
1046 5341 1138 5394 lib.
1180 5357 1214 5394 II
1255 5339 1436 5397 contra
1468 5345 1687 5399 Marcio-

144 5424 275 5486 ttrtlt,
310 5411 464 5462 beato
478 5411 784 5486 ζδιιειιειίιιο
814 5412 1034 5486 passim_,
1067 5411 1291 5486 concilio
1333 5429 1390 5486 ιιι
1413 5414 1687 5486 Carthagi-

143 5481 299 5551 ueusi,
327 5489 436 5532 etc.
471 5479 605 5544 Quin
643 5490 948 5551 et_sanctus
983 5481 1311 5551 Cyprianus,
1351 5482 1532 5539 Graeca
1559 5479 1690 5541 voce

144 5548 438 5620 plerumque
479 5552 639 5605 libros
681 5548 952 5604 Basileicou
1003 5548 1253 5620 appellat.
1296 5552 1436 5607 Idem
1491 5555 1688 5609 faciunt

141 5619 281 5692 etiam
298 5621 550 5692 nonnulli
577 5636 640 5675 ex
663 5621 778 5674 aliis
801 5619 1084 5692 provinciis
1110 5620 1312 5684 Patres,
1343 5624 1483 5692 quod
1509 5633 1685 5679 tamen

142 5685 429 5755 improbare
472 5690 670 5745 videtur
712 5685 925 5745 san—ctus
975 5690 1324 5759 Hieronymus
1362 5685 1419 5748 in
1459 5696 1680 5762 prologo

1870 4523 2009 4577 XIX.
2051 4522 2180 4588 Quis
2207 4529 2384 4571 autem
2410 4518 2720 4586 dignitatem
2758 4515 2898 4567 illam
2937 4515 3167 4583 Spiritus
3195 4519 3364 4570 sancti

1802 4619 1969 4686 possit
1998 4613 2208 4667 tacere?
2251 4609 2468 4678 Antiqui
2512 4608 2655 4662 enim
2707 4607 2983 4675 propheta:
3021 4607 3371 4663 clamabant:

1801 4708 1928 4760 "me
1944 4707 2066 4758 dicit
2085 4703 2346 4755 Dominus.
2374 4701 2517 4752 I-Ianc
2540 4715 2722 4753 vocem
2747 4699 2990 4754 Christus
3007 4699 3295 4756 adveniens
3319 4702 3370 4754 in

1799 4800 1901 4868 31
1918 4812 2064 4850 suam
2086 4807 2360 4860 personam
2387 4799 2679 4852 revocant,
2702 4789 2918 4843 dicens:
2948 4790 2988 4841 Ε
2991 4807 3056 4860 go
3071 4799 3238 4842 autem
3259 4792 3372 4842 dico

1797 4889 1935 4944 vobis
1966 4885 2173 4960 (Matth.
2216 4898 2267 4946 v,
2301 4879 2414 4950 2‘2).
2456 4879 2586 4934 Novi
2616 4888 2791 4933 autem
2823 4881 3092 4948 prolihetze
3117 4880 3243 4950 quid
3273 4880 3367 4950 [αι.

1803 5067 2042 5122 Galeam.
2077 5060 2141 5114 Et
2169 5057 2380 5127 quidem
2407 5057 2686 5111 Lorichius
2715 5056 2798 5110 hic
2822 5057 2967 5125 legit,
2995 5056 3208 5178 Regum.

1871 5133 1895 5171 d
1932 5134 2118 5178 Plures
2155 5145 2282 5178 mss.
2321 5140 2374 5178 et
2415 5138 2622 5178 veteres
2660 5129 2785 5178 editi
2830 5127 3025 5178 habent
3089 5127 3208 5178 ἐαξη

1871 5133 1895 5171 ά
1931 5134 2118 5186 Plures
2154 5145 2282 5181 mss.
2321 5140 2374 5180 et
2415 5138 2622 5181 veteres
2660 5129 2785 5179 editi
2830 5127 3025 5179 habent
3059 5127 3246 5181 Esaitc.
3276 5128 3369 5182 llic

1801 5215 1974 5259 tamen
2008 5207 2151 5255 locus
2181 5211 2260 5252 ραι
2303 5214 2367 5250 ex
2403 5198 2631 5251 Ieremia
2668 5197 2999 5263 desumptus.

1870 5285 1892 5312 ε
1923 5273 2076 5328 Colb.
2117 5272 2140 5323 I
2187 5279 2240 5322 et
2276 5268 2574 5332 Lorichius,
2609 5268 2676 5319 ad
2704 5268 2981 5335 infernum.
3015 5266 3077 5320 Et
3117 5266 3272 5328 infra,
3306 5267 3366 5318 Si

1796 5339 2401 5414 sitmpset‘o.__Latidutt.,
2450 5337 2510 5392 Si
2559 5339 2981 5414 recipiairi.__l’ro_
3019 5337 3072 5387 in
3123 5337 3366 5388 direction

1797 5407 1949 5469 Coll).
1986 5414 2032 5473 I,
2068 5411 2328 5462 diluculo:
2349 5423 2444 5477 pro
2469 5410 2724 5470 extremis,
2753 5408 2902 5461 Colb.
2934 5407 3088 5466 alter,
3113 5416 3364 5477 extretno;

1799 5500 1893 5554 pro
1920 5475 2380 5554 contine_bit,AF_ul_.,
2404 5478 2607 5540 Germ.,
2631 5491 2684 5532 et
2715 5475 3239 5554 Lorichius,_tenebit.

1870 5553 1889 5590 ί
1923 5553 2074 5607 Colb.
2105 5549 2165 5613 I,
2197 5541 2445 5616 Spiritum
2475 5557 2705 5602 sanctum
2734 5559 2905 5610 vocat,
2944 5546 3093 5614 cujus
3121 5541 3364 5613 templum

1798 5639 1904 5678 esse
1931 5622 2184 5675 debemus.
