3944 6176
486 313 584 369 231

1781 302 2086 359 VICTORIS
2126 301 2442 357 VITENSIS

3626 295 3732 347 259.

487 428 601 501 qui]
628 423 961 481 clamabant?
992 422 1129 477 sicut
1165 419 1423 490 propheta
1477 417 1687 487 Agabns
1744 418 1799 470 in
1840 417 2057 471 Actibus
2086 420 2138 478 Α
2164 416 2311 480 dum,
2336 416 2380 469 si
2416 412 2641 482 judicat,
2671 413 2716 467 si
2747 413 2921 467 bonus
2962 419 3016 467 et
3046 419 3224 467 rectus
3246 421 3349 478 est,
3376 412 3421 465 si
3442 411 3509 465 de
3533 425 3600 465 eo
3626 414 3732 465 cla-

490 518 851 587 apostnlorum
878 532 889 567 :
921 514 1043 567 Hrec
1075 513 1194 565 dicit
1227 510 1449 580 Spiritus
1483 517 1688 562 sanctus
1737 507 1873 578 (Act.
1931 524 2022 561 ut
2046 549 2062 573 ,

490 611 604 670 Η).
650 609 716 661 Ει
763 605 955 660 Paulus
1003 604 1068 656 ad
1114 602 1449 656 Timotheum
1497 618 1506 650 :
1545 600 1799 669 Spiritus,
1858 600 2061 668 inquit,

489 701 757 769 manifeste
785 698 906 750 dicit
936 695 985 767 (Ι
1018 693 1151 747 Tim.
1208 708 1287 755 iv,
1323 694 1396 759 1).
1436 692 1565 756 Quae
1601 705 1698 744 vos
1731 692 1948 744 omnino
1976 691 2068 744 de-

491 798 755 845 monstrat
784 785 1188 841 indiﬁ'ereutiam
1216 783 1509 836 Trinitatis.
1545 780 1611 834 Et
1640 782 1831 835 Paulus
1855 780 2067 850 quidem

489 883 615 937 dicit
644 897 701 935 se
745 894 774 932 a
805 880 914 932 Deo
961 878 1114 930 Patre
1145 886 1198 929 et
1252 874 1464 928 Clnisto
1513 881 1759 925 vocatum
1808 871 1974 926 fuisse
2017 879 2073 925 et

490 977 711 1029 missum
743 989 759 1025 :
792 971 1025 1033 Paulus,
1059 967 1262 1036 inquit,
1309 963 1571 1030 apostolus
1599 981 1699 1017 non
1737 964 1800 1016 ab
1845 963 2069 1015 homini-

492 1067 583 1118 bus
629 1080 784 1133 neque
841 1079 930 1125 per
976 1061 1264 1123 hominem,
1307 1058 1394 1110 sed
1439 1074 1525 1125 per
1564 1056 1741 1110 Iesum
1775 1054 2032 1109 Christum
2054 1082 2079 1123 ,ι

493 1153 716 1225 [Laud.,
748 1150 861 1222 ad.)
890 1159 936 1204 et
963 1148 1126 1202 Deum
1157 1146 1363 1199 Patrem
1389 1144 1533 1216 (Gal.
1575 1162 1620 1209 ι,
1656 1147 1731 1212 1).
1766 1146 1819 1197 In
1850 1144 2075 1200 Actibus

493 1253 668 1298 autem
695 1241 1059 1311 apostolorum
1100 1238 1292 1304 legitur
1319 1236 1456 1304 quod
1497 1251 1525 1288 a
1554 1235 1754 1303 Spiritu
1785 1246 1970 1288 sancto
2005 1235 2074 1288 sit

495 1342 804 1402 segregatus
830 1339 885 1385 et
912 1329 1126 1383 missus.
1161 1326 1249 1382 Sic
1289 1327 1431 1379 enim
1480 1326 1742 1392 scriptum
1788 1334 1870 1378 est
1900 1342 1913 1376 :
1949 1322 2075 1376 Illac

495 1424 618 1476 dicit
669 1421 893 1490 Spiritus
942 1430 1196 1472 sanctus:
1243 1416 1520 1485 Segregaze
1547 1414 1669 1467 mihi
1712 1413 1999 1466 Barnabam
2027 1424 2077 1465 et

495 1513 785 1569 Saulumin
813 1527 940 1577 opus
965 1525 1063 1577 quo
1088 1508 1259 1560 vocavi
1285 1522 1369 1558 eos
1395 1506 1531 1575 (Act.
1563 1520 1689 1571 xm,
1723 1503 1801 1573 2).
1825 1504 1889 1555 Et
1918 1504 2074 1569 paulo

415 1667 425 1677 ,
497 1616 616 1675 post
646 1623 658 1657 :
694 1603 834 1672 Ipsi,
878 1601 1081 1670 inquit,
1122 1600 1259 1652 missi
1294 1615 1326 1650 a
1369 1596 1570 1666 Spiritu
1600 1605 1774 1649 sancto
1806 1594 2076 1648 descende-

498 1707 619 1751 runt
657 1693 943 1749 Seleuciam
969 1690 1167 1758 (Ibid.,
1200 1690 1275 1756 4).
1309 1687 1436 1742 Item
1466 1688 1517 1739 in
1552 1686 1740 1739 eodem
1774 1685 1951 1739 libro:
1987 1685 2079 1736 At-

2168 506 2513 563 maturzllwc
2537 506 2657 558 dicit
2682 504 2907 575 Spiritus
2927 513 3166 567 sanctus;
3194 505 3237 556 si
3269 503 3556 572 prophetas
3604 517 3735 556 con-

2168 600 2360 663 stituit,
2395 598 2438 652 si
2485 596 2759 667 apostolos
2793 595 2972 659 mittit,
2997 595 3041 648 si
3089 595 3366 663 episcopos
3417 592 3660 656 prreficit,
3690 590 3737 644 si

2169 691 2475 745 consolator
2509 698 2612 751 est,
2656 688 2699 740 si
2753 695 2941 739 cuncta
2988 684 3261 753 dispensat
3315 689 3479 751 prout
3517 682 3654 745 vult,
3691 681 3738 734 si

2170 782 2337 835 abluit
2381 790 2434 834 et
2473 778 2752 847 justifieat,
2784 777 2827 828 si
2877 782 3170 827 tentatorcs
3220 786 3344 825 suos
3372 771 3661 834 interﬁcit;
3692 770 3739 823 si

2171 872 2217 928 is
2262 873 2351 941 qui
2380 886 2500 925 eum
2544 867 2991 936 blasphemaverit
3023 879 3125 919 non
3159 864 3318 918 habet
3344 863 3742 926 remissionem,

2173 977 2347 1031 neque
2378 962 2430 1014 in
2467 961 2569 1013 hoc
2609 959 2828 1023 saeculo,
2858 971 3030 1025 neque
3060 957 3111 1008 iu
3162 954 3359 1021 futuro,
3392 954 3532 1022 quod
3562 954 3747 1017 utique

2174 1055 2286 1108 Deo
2325 1052 2594 1121 proprium
2626 1060 2709 1104 est
2740 1067 2754 1102 :
2787 1050 2900 1101 haec
2922 1047 3137 1116 cum_ita
3164 1047 3291 1109 sint,
3319 1059 3414 1097 cur
3452 1044 3519 1097 de
3546 1057 3614 1096 eo
3640 1042 3745 1094 duo

2173 1145 2393 1207 bitatur,
2416 1142 2554 1211 quod
2592 1152 2613 1179 ε
2644 1141 2784 1194 Deus
2812 1139 2904 1203 sit,
2948 1153 3068 1191 cum
3119 1151 3240 1190 eum
3289 1149 3509 1199 cperunt
3540 1132 3742 1200 magni-

2176 1238 2303 1292 tudo
2326 1236 2467 1304 quod
2497 1246 2578 1290 est
2607 1236 2721 1303 ipse
2770 1230 3107 1286 manifestet?
3135 1227 3250 1282 Non
3298 1226 3481 1304 utique
3535 1225 3751 1279 alienus

2176 1341 2259 1384 est
2288 1345 2317 1381 a
2345 1300 2527 1382 Patris
2551 1336 2605 1380 et
2629 1300 2752 1379 Filii
2785 1323 3082 1391 majestate,
3113 1319 3203 1387 qui
3252 1334 3357 1372 non
3387 1300 3477 1371 est.
3510 1316 3577 1369 ab
3617 1330 3750 1384 ope-

2177 1435 2293 1475 rum
2327 1418 2517 1471 virtute
2544 1417 2769 1469 alienus.
2813 1412 3030 1467 Frustra
3081 1409 3157 1463 illi
3207 1423 3401 1462 nomen
3454 1406 3751 1460 divinitatis

2179 1520 2422 1578 negatur,
2451 1508 2605 1576 cujus
2628 1515 2863 1574 potestas
2886 1519 2990 1555 non
3022 1510 3198 1570 potest
3220 1498 3491 1567 abnegari.
3526 1496 3748 1550 Frustra

2188 1601 2477 1671 prohibeor
2523 1613 2643 1651 eum
2681 1611 2800 1651 cum
2845 1595 3001 1648 Patre
3027 1603 3081 1647 et
3111 1592 3247 1646 Filio
3277 1592 3542 1653 venerari,
3586 1603 3750 1657 quem

2182 1691 2366 1758 exigor
2387 1703 2506 1742 cum
2538 1685 2694 1740 Patre
2723 1694 2775 1738 et
2808 1684 2941 1736 Filio
2971 1682 3237 1736 confiteri.
3264 1681 3320 1736 Si
3352 1681 3439 1733 ille
3470 1678 3600 1732 mihi
3627 1693 3751 1731 cum

500 1789 684 1842 ιεηάὶιε
720 1786 855 1839 vobis
893 1793 939 1837 et
988 1783 1219 1835 universo
1261 1779 1435 1850 gregi,
1467 1778 1519 1830 in
1566 1794 1665 1846 quo
1714 1791 1801 1828 vos
1853 1776 2079 1844 Spiritus
2112 1777 2153 1835 Β
2187 1781 2345 1834 Patre
2367 1787 2421 1830 et
2450 1778 2584 1831 Filio
2606 1777 2809 1829 confert
2832 1773 3201 1829 remissionem
3227 1783 3588 1839 peccatortnn,
3617 1784 3753 1822 cnn—

500 1888 704 1932 sanctus
732 1874 989 1929 constituit
1012 1873 1272 1941 episcopos
1296 1870 1433 1937 (Act.
1470 1882 1537 1920 xx
1562 1906 1576 1931 ,
1602 1865 1713 1931 ‘28).

575 1975 691 2029 XX.
716 1971 966 2027 Paracliti
1011 1986 1193 2025 nomen
1220 1983 1506 2023 commune.
1532 1995 1604 2007 —-
1629 1965 1705 2019 Ne
1739 1961 1858 2033 quis
1901 1970 2077 2013 autem

502 2066 761 2134 Spiritum
801 2074 1066 2127 sanctum,
1098 2063 1219 2131 quia
1250 2060 1544 2115 Paraclitus
1594 2058 1767 2111 dictus
1816 2064 1917 2121 est,
1950 2067 2080 2107 con-

505 2155 801 2223 temptibile
840 2152 1040 2222 aliquid
1084 2150 1371 2204 existimet.
1405 2148 1701 2203 Paraclitus
1747 2144 1890 2199 enim
1916 2142 2080 2196 advo-

505 2255 656 2299 catus
685 2256 787 2309 est,
820 2243 907 2297 vel
953 2245 1128 2311 potius
1157 2241 1462 2295 consolator
1500 2238 1791 2293 secundum
1838 2234 2078 2287 Latinam

509 2340 761 2407 linguam,
794 2351 913 2405 qua:
956 2332 1244 2402 appellatio
1289 2332 1448 2386 etiam
1496 2330 1628 2384 Filio
1658 2328 1752 2383 Dei
1781 2324 2081 2381 communis

507 2438 609 2492 est,
640 2428 778 2481 sicut
830 2426 961 2479 dicit
1015 2424 1249 2478 Joannes
1284 2441 1296 2475 :
1334 2421 1462 2475 Hinc
1502 2421 1693 2489 inquit,
1736 2417 1900 2471 scribo
1941 2415 2081 2468 vobis

509 2529 565 2572 ut
592 2535 692 2571 non
712 2519 953 2587 peccetis;
977 2515 1063 2569 sed
1091 2525 1137 2569 et
1158 2516 1201 2569 si
1220 2516 1333 2585 quis
1363 2514 1663 2583 peccaverit,
1708 2520 1733 2546 δ
1766 2509 2084 2563 Paraclitum

510 2614 747 2667 habemus
795 2612 934 2682 apud
992 2610 1200 2663 Patrem
1253 2610 1431 2661 Jesunt
1499 2606 1756 2659 Christum
1797 2606 1997 2673 justum
2029 2598 2081 2670 (I

510 2705 665 2759 Jaan.
696 2720 756 2771 ιι,
813 2704 899 2773 l).
958 2702 1086 2756 Nam
1136 2710 1189 2755 et
1236 2701 1350 2768 ipse
1407 2700 1659 2753 Dominus
1711 2713 1830 2751 cum
1862 2695 1987 2749 dicit
2018 2693 2082 2747 ad

517 2796 826 2864 apostolos,
882 2794 1111 2847 Alterum
1166 2791 1485 2844 Paraclitum
1529 2791 1689 2842 mittet
1732 2788 1867 2842 vobis
1929 2786 2086 2838 Pater

515 2886 704 2957 (Joan.
733 2899 842 2949 xiv,
874 2884 969 2951 16)
997 2923 1011 2947 ,
1046 2884 1161 2936 sine
1196 2882 1359 2935 dubio
1410 2897 1529 2935 cum
1560 2880 1689 2933 dicit
1734 2880 1948 2931 alterum
1980 2875 2088 2927 Pa-

514 2981 772 3044 raclitum,
795 2994 853 3034 se
894 2994 1105 3047 quoque
1136 2976 1455 3031 Paraclitum
1501 2975 1824 3030 manifestat.
1856 2973 1960 3029 Sed
1994 2990 2088 3026 ne-

515 3086 618 3140 que
640 3086 668 3122 a
695 3070 853 3123 Patre
883 3068 983 3120 hoc
1016 3082 1207 3122 nomen
1233 3067 1476 3121 Paracliti
1504 3068 1738 3120 alienum
1781 3075 1882 3118 est.
1919 3064 2085 3118 Bene-

2182 1872 2288 1925 fert
2334 1868 2810 1927 sanctificationem
2840 1872 2897 1918 et
2940 1866 3103 1917 vitam
3152 1872 3481 1931 perpttnam,
3515 1863 3756 1928 ingratus

2182 1976 2301 2016 sum
2325 1961 2481 2013 nimis
2500 1966 2554 2011 et
2577 1956 2938 2026 impiissimus,
2964 1955 3007 2007 si
3030 1955 3077 2007 ei
3100 1968 3220 2007 cum
3245 1953 3397 2006 Patre
3416 1962 3469 2005 et
3491 1952 3624 2004 Filio
3646 1964 3754 2004 non

2186 2053 2363 2108 refero
2388 2052 2627 2121 gloriam,
2662 2051 2767 2118 32
2802 2057 2892 2101 aut
2918 2046 2962 2099 si
2993 2060 3094 2099 non
3125 2055 3207 2099 est
3234 2058 3353 2097 cum
3386 2042 3543 2095 Patre
3572 2042 3759 2095 colen-

2186 2147 2285 2201 dus
2313 2157 2367 2201 et
2408 2146 2562 2209 Filio,
2593 2160 2720 2211 ergo
2758 2156 2855 2195 nec
2899 2138 3234 2193 confitendus
3260 2138 3419 2190 estin
3470 2134 3755 2201 bap'ismo.

2184 2240 2239 2294 Si
2283 2249 2459 2291 autem
2491 2234 2801 2289 omnimodo
2844 2231 3176 2288 confitendus
3219 2241 3303 2285 est
3337 2228 3632 2283 Secundum
3673 2226 3760 2280 tli-

2183 2342 2325 2385 ctum
2363 2327 2593 2392 Domini,
2624 2338 2677 2380 et
2709 2324 3047 2378 traditionem
3077 2321 3461 2392 apostolorum,
3486 2334 3554 2377 ne
3599 2316 3762 2372 semi-

2184 2423 2340 2491 plena
2366 2420 2435 2473 sit
2465 2418 2617 2481 ﬁdes,
2642 2417 2759 2487 quis
2791 2430 2877 2468 me
2908 2414 3102 2483 poterit
3138 2414 3205 2464 ab
3235 2411 3350 2479 ejus
3377 2410 3525 2464 cultu
3576 2406 3762 2477 prohi-

2181 2512 2343 2569 bere?
2377 2511 2430 2564 ln
2464 2524 2618 2578 quem
2648 2508 2790 2561 enim
2820 2505 3041 2559 credere
3066 2504 3278 2572 iubeor,
3304 2503 3353 2556 ei
3389 2500 3550 2554 etiam
3581 2498 3756 2552 debeo

2185 2604 2501 2673 supplicare.
2527 2600 2777 2655 Adorabo
2798 2611 2924 2666 ergo
2950 2598 3181 2657 Patrem,
3204 2594 3439 2647 adorabo
3461 2602 3511 2645 et
3533 2591 3755 2653 Filium,

2184 2695 2420 2749 adorabo
2448 2704 2501 2747 et
2545 2691 2803 2759 Spiritum
2834 2697 3098 2751 sanctum,
3125 2702 3223 2739 una
3252 2684 3548 2752 eademque
3595 2696 3761 2735 vene-

2186 2786 2413 2840 ratione.
2438 2782 2588 2850 Quod
2614 2783 2654 2835 si
2683 2782 2803 2850 quis
2834 2781 3023 2833 durum
3068 2778 3167 2830 hoc
3204 2785 3374 2842 putat,
3397 2774 3580 2828 audiat
3621 2787 3756 2841 quo-

2187 2877 2348 2930 modo
2377 2874 2541 2927 David
2570 2872 2636 2926 ad
2665 2872 2933 2926 culturam
2964 2870 3053 2923 Dei
3082 2868 3265 2921 ﬁdeles
3294 2866 3536 2919 hortatur
3564 2882 3579 2917 :
3610 2863 3753 2916 Ado-

2186 2978 2317 3032 rate,
2343 2966 2535 3033 inquit,
2561 2962 2840 3017 scabillum
2863 2962 3046 3030 pedum
3095 2962 3202 3029 ejus
3234 2960 3413 3033 (I’sal.
3460 2972 3641 3023 xcvm,
3671 2957 3758 3021 5).

2188 3065 2244 3116 Si
2295 3060 2566 3129 religionis
2607 3068 2690 3112 est
2743 3056 2968 3110 adorare
3018 3055 3306 3108 scabellnm
3361 3054 3552 3120 pedum
3611 3052 3767 3120 ejus,

517 3162 747 3215 licentia:
774 3162 916 3213 enim
948 3174 1143 3213 nomen
1187 3167 1284 3221 est,
1330 3173 1433 3211 non
1482 3169 1705 3211 naturae.
1754 3156 1993 3224 Denique
2022 3155 2087 3210 ad
2114 3126 2158 3187 ί)
2193 3138 2586 3221 quanto'magis
2616 3148 2924 3217 religiosum
2966 3145 3009 3199 si
3052 3145 3165 3213 ejus
3195 3145 3422 3213 Spiritus
3472 3140 3767 3196 adoretur?

516 3254 825 3308 Corinthios
854 3253 1047 3306 Paulus
1094 3253 1164 3304 ita
1197 3250 1384 3304 scribit
1413 3267 1424 3302 :
1459 3248 1765 3301 Benedictus
1817 3245 1958 3300 Deus
1992 3246 2094 3299 Pa-

522 3357 597 3399 ter
631 3344 835 3397 Domini
858 3343 1018 3396 nostri
1047 3342 1173 3395 Jesu
1200 3339 1406 3401 Christi,
1435 3339 1591 3391 Pater
1613 3338 2092 3401 misericordiarum,

520 3448 566 3491 et
585 3437 719 3491 Deus
740 3436 902 3489 omnis
926 3432 1406 3498 consolationis,qui
1432 3446 1523 3483 nos
1551 3429 1841 3481 consolatur
1866 3424 1951 3497 (11
1975 3424 2093 3478 Cor.

521 3546 565 3593 ι,
592 3528 717 3600 54).
747 3528 959 3583 Etcum
1001 3525 1307 3580 consolator
1346 3523 1538 3575 dicitur
1583 3520 1761 3583 Pater,
1791 3519 2096 3573 consolator

522 3621 713 3689 Filius,
738 3620 1044 3675 consolator
1064 3618 1222 3671 etiam
1250 3615 1483 3685 Spiritus
1512 3622 1749 3679 sanctus,
1783 3627 1885 3665 una
1919 3620 2095 3663 tamen

531 3715 685 3770 nobis
714 3712 1012 3769 consolatio
1041 3726 1070 3764 a
1106 3709 1366 3763 Trinitate
1398 3715 1709 3775 praestatur;
1737 3704 1874 3758 sicut
1908 3712 1961 3757 et
1990 3716 2093 3756 una

532 3806 778 3859 remissio
834 3811 1196 3870 peccatorum,
1230 3798 1486 3867 Apostolo
1537 3796 1872 3849 afﬁrmante:
1906 3794 2098 3857 Abluti,

533 3897 725 3967 inquit,
754 3895 869 3948 estis
898 3904 945 3947 et
966 3893 1259 3965 justi/icati,
1289 3901 1332 3943 et
1354 3889 1658 3957 sanctificati
1687 3889 1803 3941 estis
1824 3888 1877 3941 in
1898 3887 2101 3938 nomine

536 3984 745 4039 Domini
776 3983 935 4036 nostri
979 3979 1104 4033 Jesu
1151 3978 1360 4043 Christi,
1394 3988 1441 4031 et
1476 3977 1528 4030 in
1560 3976 1761 4046 Spiritu
1789 3975 1887 4028 Dei
1941 3973 2101 4027 nostri

528 4077 583 4151 (1
607 4076 726 4132 Cor.
773 4091 844 4139 vt,
891 4075 948 4128 ll
978 4072 1014 4143 ).
1049 4072 1332 4125 Possemus
1374 4071 1523 4138 plura
1577 4069 1750 4121 adhuc
1791 4066 1859 4121 de
1905 4064 2100 4120 divinis

530 4168 823 4239 SCrlplut‘iS
848 4164 1092 4235 proferre
1124 4162 1447 4224 testimonia,
1477 4174 1595 4229 quae
1619 4157 1647 4195 ι)
1674 4158 1821 4227 juxta
1851 4157 2100 4225 baptismi

524 4271 915 4318 sacramentum
959 4254 1273 4311 Trinitatem
1324 4253 1480 4306 unius
1532 4251 1738 4319 gloriae,
1771 4250 2100 4317 operationis

525 4370 589 4406 ac
622 4351 873 4421 potentia:
898 4346 1239 4401 manifestant
1271 4360 1284 4395 :
1316 4344 1407 4395 sed
1439 4342 1558 4411 quia
1593 4358 1660 4394 ex
1691 4341 1772 4393 his
1804 4342 1989 4409 plenus
2018 4351 2099 4394 est

527 4443 849 4510 Sapientium
897 4438 1217 4502 intellectus,
1271 4435 1434 4488 multa
1480 4432 1868 4502 praeterivimus
1922 4432 2099 4486 studio

528 4533 829 4587 brevitatis.

601 4621 740 4676 ΧΧΙ.
793 4621 1186 4690 Recapitulatio.
1212 4648 1280 4657 —
1302 4616 1582 4671 Faciamus
1624 4629 1749 4683 ergo
1783 4614 2097 4682 recapitula-

530 4714 725 4789 tionem
771 4709 1034 4765 dictetuui
1080 4719 1407 4762 nostrorum.
1457 4706 1513 4760 Si
1547 4707 1613 4760 de
1659 4706 1812 4757 Patre
1862 4703 2100 4772 procedit

530 4805 761 4873 Spiritus
802 4810 1038 4859 sanctus,
1071 4798 1112 4851 si
1144 4799 1353 4862 liberat,
1385 4800 1427 4850 si
1474 4797 1728 4851 Dominus
1776 4804 1858 4848 est
1895 4805 1949 4849 et
1979 4809 2102 4848 san-

530 4900 747 4963 ctiﬁcat,
772 4896 815 4952 si
840 4902 985 4949 creat
1008 4909 1126 4971 cuin
1149 4891 1302 4945 Patre
1316 4900 1369 4943 et
1392 4890 1527 4943 Filio
1548 4901 1600 4943 et
1624 4888 1872 4953 viviﬁcat,
1898 4886 1942 4940 si
1968 4902 2102 4954 pra:-

534 4989 811 5045 scientiam
843 4986 1003 5041 habet
1045 4999 1164 5037 cum
1199 4983 1354 5037 Patre
1383 4991 1438 5036 et
1466 4983 1620 5048 Filio,
1649 4984 1692 5036 si
1727 4981 1919 5049 ubique
1945 4990 2028 5034 est
2049 4990 2103 5034 et

531 5082 715 5152 implet
745 5080 946 5147 otnnia,
979 5078 1023 5132 si
1066 5077 1265 5130 habitat
1294 5075 1346 5128 in
1385 5075 1590 5139 electis,
1638 5074 1681 5127 si
1724 5073 1895 5143 arguit
1949 5090 2103 5127 mun-

602 5250 628 5277 ι
653 5238 897 5308 Vulgata,
918 5235 1244 5308 Advocatum,
1263 5233 1403 5299 quod
1434 5232 1572 5287 idem
1601 5241 1699 5285 est.
1720 5231 2096 5308 Grnzccusenim

531 5322 706 5367 textus
746 5300 902 5363 habet
926 5346 942 5370 ,
987 5305 1340 5378 nuptialem»,
1383 5320 1411 5356 a
1452 5317 1553 5372 qua
1581 5316 1727 5378 _voce
1770 5300 2058 5378 Paraclitus
2084 5344 2100 5369 ,

531 5388 690 5437 etiam
732 5395 824 5448 per
856 5374 1079 5430 litteram
1191 5376 1420 5448 breviter
1453 5383 1508 5448 ut
1545 5374 1691 5448 aiunt
1731 5374 2057 5448 enuntiatum
2085 5413 2101 5439 ,

533 5442 758 5507 derivari
790 5456 983 5519 potest,
1010 5442 1544 5519 utpluribusprobat
1572 5442 1631 5494 V.
1653 5442 1980 5519 C.__.loaunes
2007 5446 2106 5496 Da-

536 5526 693 5591 ptista
721 5513 1011 5591 Tlners,_in
1042 5514 1295 5591 singulari
1325 5514 1390 5591 de
1423 5516 1519 5591 hac
1547 5528 1675 5565 voce
1708 5513 2101 5591 dissertatione.

604 5590 632 5627 δ
661 5592 795 5654 Quia
844 5591 893 5642 iu
919 5581 1201 5653 baptismo
1237 5586 1455 5641 dicitur.
1492 5581 1557 5635 In
1588 5584 1786 5635 nomine
1825 5581 1997 5635 Patris
2018 5624 2031 5645 ,
2061 5592 2107 5635 et

541 5653 760 5738 Filii,’et
789 5660 1011 5738 Spiritus
1033 5657 1214 5722 sancti,
1244 5658 1348 5726 81
1377 5654 1568 5723 quibus
1598 5654 1770 5708 verbis
1797 5655 1968 5707 unitas
1987 5653 2105 5706 Tri-

538 5731 716 5784 nitatis
747 5730 1077 5791 exprimitur.

2197 3246 2289 3299 llte
2326 3244 2511 3310 utique
2559 3241 2809 3309 Spiritus,
2860 3252 3015 3306 quem
3067 3237 3253 3289 beatus
3284 3234 3473 3287 Petrus
3522 3236 3573 3285 in
3626 3242 3771 3286 tanta

2195 3336 2517 3389 Sublimitate
2545 3332 2868 3401 praedicavit,
2899 3330 3117 3382 dicens:
3154 3327 3356 3396 Spiritu
3398 3342 3489 3377 san
3513 3333 3577 3375 tto
3604 3325 3767 3375 misso

2198 3428 2260 3481 de
2319 3427 2495 3491 caelis,
2550 3425 2602 3477 in
2640 3440 2794 3490 quem
2835 3421 3197 3489 concupiscunt
3254 3420 3421 3487 angeli
3478 3418 3773 3487 prospicere

2200 3520 2251 3593 (1
2269 3520 2409 3573 Petr.
2446 3536 2481 3582 ι,
2498 3519 2608 3584 12).
2624 3516 2680 3571 Si
2697 3515 2869 3585 angeli
2891 3529 3010 3568 eum
3034 3512 3254 3581 cupiunt
3280 3510 3541 3577 aspicere,
3573 3516 3776 3574 quanto

2200 3617 2367 3687 magis
2398 3630 2492 3671 nos
2534 3613 2776 3668 homines
2815 3611 3067 3664 mortales
3097 3606 3123 3643 ά
3165 3621 3285 3660 eum
3327 3604 3606 3672 despicere
3661 3617 3767 3653 non

2208 3713 2488 3775 debemus,
2519 3724 2587 3764 ne
2617 3706 2752 3760 forte
2781 3714 2835 3759 et
2862 3703 3016 3757 nobis
3043 3700 3273 3761 dicatur,
3296 3698 3433 3751 sicut
3460 3695 3661 3748 dictum
3690 3702 3773 3745 est

2202 3806 2268 3859 ad
2300 3804 2563 3858 Judaaos:
2612 3799 2713 3852 Vos
2759 3810 2953 3867 semper
3004 3793 3222 3864 Spiritui
3276 3798 3451 3843 sancto
3495 3784 3774 3847 restitistis,

2204 3896 2334 3949 sicut
2372 3904 2419 3947 et
2448 3902 2620 3960 patres
2647 3889 2798 3941 vestri
2820 3886 2839 3958 (
2863 3888 2972 3939 Act.
2998 3899 3097 3947 vn,
3125 3883 3185 3937 51
3212 3881 3254 3949 ).

2280 3983 2447 4038 XXII.
2474 3980 2625 4049 Quod
2669 3980 2713 4033 si
2759 3978 2873 4031 haec
2913 3983 3060 4029 tanta
3098 3984 3151 4027 et
3182 3971 3304 4025 talia
3360 3982 3463 4023 non
3516 3963 3779 4020 inclinant

2203 4076 2438 4128 animum
2466 4073 2532 4126 ad
2555 4068 2915 4125 venerandum
2948 4065 3203 4134 Spiritum
3234 4068 3502 4122 sanctum,
3542 4056 3776 4125 accipite

2205 4169 2379 4222 adhuc
2420 4164 2615 4235 aliquid
2657 4162 2865 4217 fortius.
2895 4160 2984 4214 Sic
3009 4158 3150 4210 enim
3177 4154 3372 4208 Paulus
3404 4148 3621 4204 instruit
3649 4162 3779 4215 pro-

2204 4260 2391 4328 phetas
2406 4255 2750 4317 Ecclesite,in
2774 4251 2963 4320 quibus
2980 4248 3160 4316 utique
3184 4254 3241 4298 et
3262 4259 3354 4312 per
3380 4256 3514 4311 quos
3539 4240 3776 4307 Spiritus

2210 4358 2426 4402 Sanctus
2456 4345 2797 4413 loquebatur:
2823 4341 2905 4402 Si,
2928 4339 3118 4406 inquit,
3152 4350 3318 4389 omnes
3348 4331 3779 4403 prophetauerint,

2218 4438 2370 4490 intret
2397 4448 2563 4488 autem
2590 4433 2774 4501 aliquis
2797 4427 3039 4498 inﬁdelis,
3063 4436 3151 4479 aut
3176 4426 3355 4484 idiota,
3379 4421 3698 4475 convincitur
3717 4419 3781 4469 ab

2126 4498 2180 4559 D
2208 4510 2463 4590 omnibus,
2481 4523 2799 4577 rxarrzinatur
2820 4520 2881 4572 ab
2906 4518 3154 4580 omnibus,
3173 4514 3368 4568 occulta
3393 4526 3589 4581 quoque
3613 4507 3781 4561 cordis

2205 4622 2317 4691 ejus
2334 4616 2603 4685 manifesta
2626 4612 2718 4683 [ιιι.
2739 4609 2875 4679 sunt]
2902 4609 3030 4677 ﬁunt
3053 4618 3131 4660 :et
3164 4617 3281 4658 tunc
3311 4604 3494 4655 cadens
3517 4602 3570 4653 in
3600 4600 3781 4668 [aciem

2207 4710 2443 4763 adorabit
2473 4706 2659 4770 Deum,
2710 4702 3044 4773 pronuntians
3073 4698 3193 4763 quia
3218 4711 3329 4748 vere
3376 4693 3513 4746 Deus
3559 4692 3614 4743 in
3642 4688 3781 4741 vobis

2204 4810 2278 4855 est
2311 4798 2367 4871 (I
2402 4796 2522 4852 Cor.
2583 4811 2688 4858 xu',
2719 4793 2811 4856 2i,
2841 4790 2967 4859 9.5).
3003 4789 3068 4842 Et
3109 4788 3292 4855 utique
3338 4784 3389 4837 in
3429 4785 3507 4837 eis
3548 4780 3782 4848 Spiritus

2206 4900 2423 4949 sanctus
2442 4898 2543 4952 est,
2578 4887 2667 4958 qui
2698 4884 3036 4955 prephetant.
3066 4881 3120 4936 Si
3152 4894 3282 4947 ergo
3311 4873 3559 4930 inﬁdeles
3579 4872 3779 4926 cadunt

2209 4985 2260 5038 in
2295 4981 2503 5046 faciem,
2534 4987 2589 5032 et
2617 4978 2838 5030 adorant
2887 4974 3141 5041 Spiritum
3189 4978 3430 5023 sanctum
3478 4960 3774 5034 perterriti,

2208 5083 2262 5129 et
2282 5067 2807 5139 conﬁtentur[Lor.,
2828 5061 2986 5133 victi]
3017 5061 3165 5115 inviti
3192 5075 3207 5113 :
3233 5066 3432 5128 quanto
3459 5054 3628 5122 magis
3655 5052 3776 5105 ﬁde-

2284 5240 2306 5267 ε
2351 5228 2437 5283 Sic
2486 5224 2692 5285 Germ.,
2738 5222 2884 5283 Ful.,
2915 5220 3066 5275 Colh.
3098 5218 3146 5284 l,
3184 5215 3462 5271 Lorichius
3490 5222 3545 5267 et
3587 5210 3774 5266 Ortho-

2209 5301 2335 5356 dox.
2384 5301 2457 5351 At
2484 5295 2662 5348 caeteri
2714 5295 2929 5353 habt-nt,
2981 5290 3115 5341 Deus
3159 5304 3259 5341 non
3288 5297 3375 5352 sit,
3417 5300 3531 5337 cum
3575 5296 3780 5349 operum

2212 5369 2579 5439 magnitudine,
2613 5364 2748 5431 quod
2778 5373 2851 5439 est
2882 5362 2988 5428 ipse
3019 5362 3324 5439 manifestet:

2282 5421 2322 5477 δ’
2351 5421 2650 5499 ιυνιοιιίἱιέ,
2681 5449 2781 5485 non
2810 5421 3109 5497 den-egemus
3136 5421 3270 5480 eum.
3302 5426 3365 5479 Et
3388 5424 3630 5499 inferius,
3664 5421 3784 5488 Spi-

2211 5512 2334 5563 ritui
2362 5520 2532 5562 sancto
2563 5496 2835 5557 rest.'tistis.
2871 5496 3247 5567 luScrptnra:
3277 5505 3439 5567 textui
3459 5496 3678 5567 habt-tur
3708 5507 3785 5543 re-

2212 5562 2408 5635 sistitis.
2441 5578 2639 5632 Tamen
2691 5574 2741 5627 in
2774 5571 3033 5626 breviario
3081 5562 3202 5622 lidei
3248 5567 3384 5635 apud
3419 5562 3785 5621 Sirmondum,

2214 5652 2351 5705 sicut
2382 5659 2435 5704 et
2482 5648 2588 5708 hic,
2624 5644 2811 5713 legitur
2856 5639 3146 5713 restitistis;
3176 5652 3339 5713 quare
3387 5650 3570 5690 vocem
3622 5637 3779 5693 hanc,

2216 5736 2333 5787 quze
2363 5721 2412 5773 in
2443 5717 2599 5773 editis
2629 5708 2838 5769 et'mss.
2872 5711 3117 5773 habetur,
3151 5708 3480 5764 retinuitnus.
