  <div class='ocr_page' id='page_1' title='image "/cluster/home/n/w/nwhite01/storage/ocr_20150623/58/hvd.32044073505109/122.png"; bbox 0 0 3944 6176; ppageno 0'>
   <div class='ocr_carea' id='block_1_1' title="bbox 223 311 3367 382">
    <p class='ocr_par' dir='ltr' id='par_1_1' title="bbox 223 311 3367 382">
     <span class='ocr_line' id='line_1_1' title="bbox 223 311 3367 382; baseline 0.01 -29"><span class='ocrx_word' id='word_1_1' title='bbox 223 315 306 371; x_wconf 65' lang='grc' dir='ltr'><strong>εδδ</strong></span> <span class='ocrx_word' id='word_1_2' title='bbox 1092 314 1176 369; x_wconf 83' lang='lat' dir='ltr'><strong>DE</strong></span> <span class='ocrx_word' id='word_1_3' title='bbox 1219 313 1735 371; x_wconf 69' lang='lat' dir='ltr'><strong>PEIlSECLTlONE</strong></span> <span class='ocrx_word' id='word_1_4' title='bbox 1776 311 2156 368; x_wconf 62' lang='lat' dir='ltr'><strong>vasuauca</strong></span> <span class='ocrx_word' id='word_1_5' title='bbox 2196 313 2322 368; x_wconf 73' lang='lat' dir='ltr'><strong>Lm.</strong></span> <span class='ocrx_word' id='word_1_6' title='bbox 2367 314 2452 369; x_wconf 78' lang='lat' dir='ltr'><strong>tv.-</strong></span> <span class='ocrx_word' id='word_1_7' title='bbox 3280 376 3284 382; x_wconf 88' lang='lat'><strong>.</strong></span> <span class='ocrx_word' id='word_1_8' title='bbox 3343 325 3367 335; x_wconf 75' lang='lat'><strong>‘</strong></span> 
     </span>
    </p>
   </div>
   <div class='ocr_carea' id='block_1_2' title="bbox 223 421 3433 495">
    <p class='ocr_par' dir='ltr' id='par_1_2' title="bbox 223 421 3433 495">
     <span class='ocr_line' id='line_1_2' title="bbox 223 421 3433 495; baseline -0.001 -14"><span class='ocrx_word' id='word_1_9' title='bbox 223 430 333 482; x_wconf 86' lang='lat' dir='ltr'><strong>libus</strong></span> <span class='ocrx_word' id='word_1_10' title='bbox 359 425 572 493; x_wconf 87' lang='lat' dir='ltr'><strong>expedit</strong></span> <span class='ocrx_word' id='word_1_11' title='bbox 599 431 658 478; x_wconf 93' lang='lat' dir='ltr'><strong>ut</strong></span> <span class='ocrx_word' id='word_1_12' title='bbox 685 424 984 479; x_wconf 75' lang='lat' dir='ltr'><strong>voluntarie</strong></span> <span class='ocrx_word' id='word_1_13' title='bbox 1005 433 1059 478; x_wconf 91' lang='lat' dir='ltr'><strong>et</strong></span> <span class='ocrx_word' id='word_1_14' title='bbox 1086 441 1149 479; x_wconf 82' lang='lat' dir='ltr'><strong>ex</strong></span> <span class='ocrx_word' id='word_1_15' title='bbox 1173 425 1364 480; x_wconf 74' lang='lat' dir='ltr'><strong>affectu</strong></span> <span class='ocrx_word' id='word_1_16' title='bbox 1392 427 1614 480; x_wconf 78' lang='lat' dir='ltr'><strong>adorent</strong></span> <span class='ocrx_word' id='word_1_17' title='bbox 1635 426 1753 495; x_wconf 90' lang='lat' dir='ltr'><strong>Spi-</strong></span> <span class='ocrx_word' id='word_1_18' title='bbox 1782 428 1830 488; x_wconf 76' lang='grc' dir='ltr'><strong>Α</strong></span> <span class='ocrx_word' id='word_1_19' title='bbox 1856 424 2003 492; x_wconf 87' lang='lat' dir='ltr'><strong>quisi</strong></span> <span class='ocrx_word' id='word_1_20' title='bbox 2020 423 2355 476; x_wconf 87' lang='lat' dir='ltr'><strong>Christianus</strong></span> <span class='ocrx_word' id='word_1_21' title='bbox 2381 431 2621 487; x_wconf 76' lang='lat' dir='ltr'><strong>vocetur,</strong></span> <span class='ocrx_word' id='word_1_22' title='bbox 2644 431 2698 479; x_wconf 89' lang='lat' dir='ltr'><strong>et</strong></span> <span class='ocrx_word' id='word_1_23' title='bbox 2728 437 2832 478; x_wconf 92' lang='lat' dir='ltr'><strong>non</strong></span> <span class='ocrx_word' id='word_1_24' title='bbox 2862 421 3016 480; x_wconf 78' lang='lat' dir='ltr'><strong>fuerit</strong></span> <span class='ocrx_word' id='word_1_25' title='bbox 3035 421 3312 493; x_wconf 80' lang='lat' dir='ltr'><strong>spiritalis,</strong></span> <span class='ocrx_word' id='word_1_26' title='bbox 3335 438 3433 478; x_wconf 86' lang='lat' dir='ltr'><strong>nec</strong></span> 
     </span>
    </p>
   </div>
   <div class='ocr_carea' id='block_1_3' title="bbox 224 515 1760 585">
    <p class='ocr_par' dir='ltr' id='par_1_3' title="bbox 224 515 1760 585">
     <span class='ocr_line' id='line_1_3' title="bbox 224 515 1760 585; baseline -0.003 -12"><span class='ocrx_word' id='word_1_27' title='bbox 224 521 354 573; x_wconf 89' lang='lat' dir='ltr'><strong>ritutn</strong></span> <span class='ocrx_word' id='word_1_28' title='bbox 383 516 663 569; x_wconf 76' lang='lat' dir='ltr'><strong>sanctum?</strong></span> <span class='ocrx_word' id='word_1_29' title='bbox 710 515 976 568; x_wconf 77' lang='lat' dir='ltr'><strong>Atloratur</strong></span> <span class='ocrx_word' id='word_1_30' title='bbox 1003 525 1180 569; x_wconf 91' lang='lat' dir='ltr'><strong>autem</strong></span> <span class='ocrx_word' id='word_1_31' title='bbox 1235 515 1468 585; x_wconf 79' lang='lat' dir='ltr'><strong>Spiritus</strong></span> <span class='ocrx_word' id='word_1_32' title='bbox 1521 524 1760 579; x_wconf 90' lang='lat' dir='ltr'><strong>sanctus,</strong></span> 
     </span>
    </p>
   </div>
   <div class='ocr_carea' id='block_1_4' title="bbox 223 607 1764 676">
    <p class='ocr_par' dir='ltr' id='par_1_4' title="bbox 223 607 1764 676">
     <span class='ocr_line' id='line_1_4' title="bbox 223 607 1764 676; baseline -0.001 -14"><span class='ocrx_word' id='word_1_33' title='bbox 223 625 306 663; x_wconf 90' lang='lat' dir='ltr'><strong>non</strong></span> <span class='ocrx_word' id='word_1_34' title='bbox 325 608 472 676; x_wconf 87' lang='lat' dir='ltr'><strong>quasi</strong></span> <span class='ocrx_word' id='word_1_35' title='bbox 503 608 787 675; x_wconf 81' lang='lat' dir='ltr'><strong>separatim</strong></span> <span class='ocrx_word' id='word_1_36' title='bbox 822 621 971 660; x_wconf 90' lang='lat' dir='ltr'><strong>more</strong></span> <span class='ocrx_word' id='word_1_37' title='bbox 993 607 1293 675; x_wconf 78' lang='lat' dir='ltr'><strong>gentilium,</strong></span> <span class='ocrx_word' id='word_1_38' title='bbox 1315 609 1452 660; x_wconf 88' lang='lat' dir='ltr'><strong>sicut</strong></span> <span class='ocrx_word' id='word_1_39' title='bbox 1476 623 1572 661; x_wconf 90' lang='lat' dir='ltr'><strong>nec</strong></span> <span class='ocrx_word' id='word_1_40' title='bbox 1596 607 1764 660; x_wconf 89' lang='lat' dir='ltr'><strong>Filius</strong></span> 
     </span>
    </p>
   </div>
   <div class='ocr_carea' id='block_1_5' title="bbox 221 696 1763 766">
    <p class='ocr_par' dir='ltr' id='par_1_5' title="bbox 221 696 1763 766">
     <span class='ocr_line' id='line_1_5' title="bbox 221 696 1763 766; baseline -0.001 -15"><span class='ocrx_word' id='word_1_41' title='bbox 221 698 474 766; x_wconf 74' lang='lat' dir='ltr'><strong>separatim</strong></span> <span class='ocrx_word' id='word_1_42' title='bbox 529 699 803 760; x_wconf 87' lang='lat' dir='ltr'><strong>adoratur,</strong></span> <span class='ocrx_word' id='word_1_43' title='bbox 850 697 974 765; x_wconf 85' lang='lat' dir='ltr'><strong>quia</strong></span> <span class='ocrx_word' id='word_1_44' title='bbox 1021 696 1072 749; x_wconf 90' lang='lat' dir='ltr'><strong>in</strong></span> <span class='ocrx_word' id='word_1_45' title='bbox 1119 698 1334 750; x_wconf 85' lang='lat' dir='ltr'><strong>dextera</strong></span> <span class='ocrx_word' id='word_1_46' title='bbox 1371 697 1543 751; x_wconf 86' lang='lat' dir='ltr'><strong>Patris</strong></span> <span class='ocrx_word' id='word_1_47' title='bbox 1591 706 1702 761; x_wconf 90' lang='lat' dir='ltr'><strong>est;</strong></span> <span class='ocrx_word' id='word_1_48' title='bbox 1737 705 1763 733; x_wconf 72' lang='grc'>⁸</span> 
     </span>
    </p>
   </div>
   <div class='ocr_carea' id='block_1_6' title="bbox 219 788 1762 853">
    <p class='ocr_par' dir='ltr' id='par_1_6' title="bbox 219 788 1762 853">
     <span class='ocr_line' id='line_1_6' title="bbox 219 788 1762 853; baseline -0.001 -9"><span class='ocrx_word' id='word_1_49' title='bbox 219 791 292 844; x_wconf 86' lang='lat' dir='ltr'><strong>sed</strong></span> <span class='ocrx_word' id='word_1_50' title='bbox 316 805 430 842; x_wconf 89' lang='lat' dir='ltr'><strong>cum</strong></span> <span class='ocrx_word' id='word_1_51' title='bbox 456 789 750 843; x_wconf 80' lang='lat' dir='ltr'><strong>adoramus</strong></span> <span class='ocrx_word' id='word_1_52' title='bbox 782 788 1022 853; x_wconf 79' lang='lat' dir='ltr'><strong>Patrem,</strong></span> <span class='ocrx_word' id='word_1_53' title='bbox 1053 789 1322 843; x_wconf 83' lang='lat' dir='ltr'><strong>credimus</strong></span> <span class='ocrx_word' id='word_1_54' title='bbox 1366 804 1462 842; x_wconf 81' lang='lat' dir='ltr'><strong>nus</strong></span> <span class='ocrx_word' id='word_1_55' title='bbox 1491 800 1543 843; x_wconf 92' lang='lat' dir='ltr'><strong>et</strong></span> <span class='ocrx_word' id='word_1_56' title='bbox 1574 789 1762 842; x_wconf 83' lang='lat' dir='ltr'><strong>Filium</strong></span> 
     </span>
    </p>
   </div>
   <div class='ocr_carea' id='block_1_7' title="bbox 219 879 1760 948">
    <p class='ocr_par' dir='ltr' id='par_1_7' title="bbox 219 879 1760 948">
     <span class='ocr_line' id='line_1_7' title="bbox 219 879 1760 948; baseline 0 -16"><span class='ocrx_word' id='word_1_57' title='bbox 219 879 525 947; x_wconf 81' lang='lat' dir='ltr'><strong>ctSpiritum</strong></span> <span class='ocrx_word' id='word_1_58' title='bbox 554 889 794 932; x_wconf 89' lang='lat' dir='ltr'><strong>sanctum</strong></span> <span class='ocrx_word' id='word_1_59' title='bbox 838 880 1100 932; x_wconf 89' lang='lat' dir='ltr'><strong>adorare:</strong></span> <span class='ocrx_word' id='word_1_60' title='bbox 1148 881 1269 948; x_wconf 88' lang='lat' dir='ltr'><strong>quia</strong></span> <span class='ocrx_word' id='word_1_61' title='bbox 1297 891 1351 934; x_wconf 93' lang='lat' dir='ltr'><strong>et</strong></span> <span class='ocrx_word' id='word_1_62' title='bbox 1394 895 1516 934; x_wconf 91' lang='lat' dir='ltr'><strong>cum</strong></span> <span class='ocrx_word' id='word_1_63' title='bbox 1571 879 1760 932; x_wconf 82' lang='lat' dir='ltr'><strong>Filium</strong></span> 
     </span>
    </p>
   </div>
   <div class='ocr_carea' id='block_1_8' title="bbox 219 969 1761 1034">
    <p class='ocr_par' dir='ltr' id='par_1_8' title="bbox 219 969 1761 1034">
     <span class='ocr_line' id='line_1_8' title="bbox 219 969 1761 1034; baseline -0.001 -11"><span class='ocrx_word' id='word_1_64' title='bbox 219 972 521 1034; x_wconf 82' lang='lat' dir='ltr'><strong>invocamus,</strong></span> <span class='ocrx_word' id='word_1_65' title='bbox 564 969 776 1023; x_wconf 84' lang='lat' dir='ltr'><strong>Patrem</strong></span> <span class='ocrx_word' id='word_1_66' title='bbox 820 985 917 1022; x_wconf 91' lang='lat' dir='ltr'><strong>nos</strong></span> <span class='ocrx_word' id='word_1_67' title='bbox 954 969 1224 1023; x_wconf 90' lang='lat' dir='ltr'><strong>credimus</strong></span> <span class='ocrx_word' id='word_1_68' title='bbox 1255 970 1528 1030; x_wconf 77' lang='lat' dir='ltr'><strong>invoCare.</strong></span> <span class='ocrx_word' id='word_1_69' title='bbox 1565 979 1761 1022; x_wconf 88' lang='lat' dir='ltr'><strong>etcum</strong></span> 
     </span>
    </p>
   </div>
   <div class='ocr_carea' id='block_1_9' title="bbox 223 1059 1760 1130">
    <p class='ocr_par' dir='ltr' id='par_1_9' title="bbox 223 1059 1760 1130">
     <span class='ocr_line' id='line_1_9' title="bbox 223 1059 1760 1130; baseline -0.002 -14"><span class='ocrx_word' id='word_1_70' title='bbox 223 1063 408 1116; x_wconf 84' lang='lat' dir='ltr'><strong>Patrem</strong></span> <span class='ocrx_word' id='word_1_71' title='bbox 452 1075 721 1130; x_wconf 77' lang='lat' dir='ltr'><strong>rogamus,</strong></span> <span class='ocrx_word' id='word_1_72' title='bbox 753 1076 782 1114; x_wconf 90' lang='lat' dir='ltr'><strong>a</strong></span> <span class='ocrx_word' id='word_1_73' title='bbox 814 1059 947 1114; x_wconf 88' lang='lat' dir='ltr'><strong>Filio</strong></span> <span class='ocrx_word' id='word_1_74' title='bbox 988 1074 1085 1113; x_wconf 89' lang='lat' dir='ltr'><strong>nos</strong></span> <span class='ocrx_word' id='word_1_75' title='bbox 1133 1060 1374 1114; x_wconf 88' lang='lat' dir='ltr'><strong>exaudiri</strong></span> <span class='ocrx_word' id='word_1_76' title='bbox 1422 1060 1760 1126; x_wconf 90' lang='lat' dir='ltr'><strong>conﬁdimus,</strong></span> 
     </span>
    </p>
   </div>
   <div class='ocr_carea' id='block_1_10' title="bbox 217 1149 1763 1219">
    <p class='ocr_par' dir='ltr' id='par_1_10' title="bbox 217 1149 1763 1219">
     <span class='ocr_line' id='line_1_10' title="bbox 217 1149 1763 1219; baseline -0.003 -14"><span class='ocrx_word' id='word_1_77' title='bbox 217 1152 325 1205; x_wconf 77' lang='lat' dir='ltr'><strong>sicut</strong></span> <span class='ocrx_word' id='word_1_78' title='bbox 353 1157 468 1218; x_wconf 78' lang='lat' dir='ltr'><strong>Ipse</strong></span> <span class='ocrx_word' id='word_1_79' title='bbox 500 1152 750 1205; x_wconf 82' lang='lat' dir='ltr'><strong>Dominus</strong></span> <span class='ocrx_word' id='word_1_80' title='bbox 774 1151 906 1204; x_wconf 78' lang='lat' dir='ltr'><strong>dixit</strong></span> <span class='ocrx_word' id='word_1_81' title='bbox 939 1166 954 1204; x_wconf 90' lang='lat'><strong>:</strong></span> <span class='ocrx_word' id='word_1_82' title='bbox 992 1149 1255 1214; x_wconf 79' lang='lat' dir='ltr'><strong>Quidquid</strong></span> <span class='ocrx_word' id='word_1_83' title='bbox 1277 1150 1526 1219; x_wconf 75' lang='lat' dir='ltr'><strong>petieritis</strong></span> <span class='ocrx_word' id='word_1_84' title='bbox 1556 1149 1763 1202; x_wconf 79' lang='lat' dir='ltr'><strong>Patrem</strong></span> 
     </span>
    </p>
   </div>
   <div class='ocr_carea' id='block_1_11' title="bbox 217 1237 1760 1309">
    <p class='ocr_par' dir='ltr' id='par_1_11' title="bbox 217 1237 1760 1309">
     <span class='ocr_line' id='line_1_11' title="bbox 217 1237 1760 1309; baseline -0.001 -18"><span class='ocrx_word' id='word_1_85' title='bbox 217 1242 257 1291; x_wconf 87' lang='lat' dir='ltr'><strong>in</strong></span> <span class='ocrx_word' id='word_1_86' title='bbox 286 1241 481 1293; x_wconf 83' lang='lat' dir='ltr'><strong>nomine</strong></span> <span class='ocrx_word' id='word_1_87' title='bbox 508 1255 639 1306; x_wconf 88' lang='lat' dir='ltr'><strong>meo,</strong></span> <span class='ocrx_word' id='word_1_88' title='bbox 665 1257 754 1309; x_wconf 84' lang='lat' dir='ltr'><strong>ego</strong></span> <span class='ocrx_word' id='word_1_89' title='bbox 785 1240 994 1308; x_wconf 78' lang='lat' dir='ltr'><strong>faciam,</strong></span> <span class='ocrx_word' id='word_1_90' title='bbox 1030 1247 1082 1290; x_wconf 89' lang='lat' dir='ltr'><strong>ut</strong></span> <span class='ocrx_word' id='word_1_91' title='bbox 1111 1237 1469 1305; x_wconf 83' lang='lat' dir='ltr'><strong>honori/icetur</strong></span> <span class='ocrx_word' id='word_1_92' title='bbox 1507 1239 1660 1290; x_wconf 85' lang='lat' dir='ltr'><strong>Pater</strong></span> <span class='ocrx_word' id='word_1_93' title='bbox 1708 1239 1760 1290; x_wconf 84' lang='lat' dir='ltr'><strong>in</strong></span> 
     </span>
    </p>
   </div>
   <div class='ocr_carea' id='block_1_12' title="bbox 218 1330 1756 1402">
    <p class='ocr_par' dir='ltr' id='par_1_12' title="bbox 218 1330 1756 1402">
     <span class='ocr_line' id='line_1_12' title="bbox 218 1330 1756 1402; baseline -0.003 -17"><span class='ocrx_word' id='word_1_94' title='bbox 218 1331 330 1386; x_wconf 76' lang='lat' dir='ltr'><strong>Filio</strong></span> <span class='ocrx_word' id='word_1_95' title='bbox 358 1332 548 1402; x_wconf 84' lang='lat' dir='ltr'><strong>(Jonn.</strong></span> <span class='ocrx_word' id='word_1_96' title='bbox 582 1349 692 1396; x_wconf 88' lang='lat' dir='ltr'><strong>xtv,</strong></span> <span class='ocrx_word' id='word_1_97' title='bbox 728 1331 846 1400; x_wconf 80' lang='grc'><strong>15).</strong></span> <span class='ocrx_word' id='word_1_98' title='bbox 884 1332 1011 1384; x_wconf 83' lang='lat' dir='ltr'><strong>Etsi</strong></span> <span class='ocrx_word' id='word_1_99' title='bbox 1043 1330 1273 1398; x_wconf 89' lang='lat' dir='ltr'><strong>Spiritus</strong></span> <span class='ocrx_word' id='word_1_100' title='bbox 1317 1341 1533 1384; x_wconf 86' lang='lat' dir='ltr'><strong>sanctus</strong></span> <span class='ocrx_word' id='word_1_101' title='bbox 1563 1330 1756 1383; x_wconf 90' lang='lat' dir='ltr'><strong>adora-</strong></span> 
     </span>
    </p>
   </div>
   <div class='ocr_carea' id='block_1_13' title="bbox 216 1421 1759 1492">
    <p class='ocr_par' dir='ltr' id='par_1_13' title="bbox 216 1421 1759 1492">
     <span class='ocr_line' id='line_1_13' title="bbox 216 1421 1759 1492; baseline -0.004 -14"><span class='ocrx_word' id='word_1_102' title='bbox 216 1436 303 1487; x_wconf 91' lang='lat' dir='ltr'><strong>tur,</strong></span> <span class='ocrx_word' id='word_1_103' title='bbox 346 1425 435 1478; x_wconf 88' lang='lat' dir='ltr'><strong>ille</strong></span> <span class='ocrx_word' id='word_1_104' title='bbox 465 1426 646 1492; x_wconf 91' lang='lat' dir='ltr'><strong>utique</strong></span> <span class='ocrx_word' id='word_1_105' title='bbox 694 1422 949 1476; x_wconf 91' lang='lat' dir='ltr'><strong>adoratur</strong></span> <span class='ocrx_word' id='word_1_106' title='bbox 1004 1423 1154 1489; x_wconf 84' lang='lat' dir='ltr'><strong>cujus</strong></span> <span class='ocrx_word' id='word_1_107' title='bbox 1203 1431 1285 1475; x_wconf 89' lang='lat' dir='ltr'><strong>est</strong></span> <span class='ocrx_word' id='word_1_108' title='bbox 1336 1421 1585 1489; x_wconf 88' lang='lat' dir='ltr'><strong>Spiritus.</strong></span> <span class='ocrx_word' id='word_1_109' title='bbox 1628 1421 1759 1473; x_wconf 91' lang='lat' dir='ltr'><strong>Illud</strong></span> 
     </span>
    </p>
   </div>
   <div class='ocr_carea' id='block_1_14' title="bbox 213 1510 1757 1582">
    <p class='ocr_par' dir='ltr' id='par_1_14' title="bbox 213 1510 1757 1582">
     <span class='ocr_line' id='line_1_14' title="bbox 213 1510 1757 1582; baseline -0.004 -12"><span class='ocrx_word' id='word_1_110' title='bbox 213 1527 358 1570; x_wconf 78' lang='lat' dir='ltr'><strong>autem</strong></span> <span class='ocrx_word' id='word_1_111' title='bbox 388 1515 567 1568; x_wconf 83' lang='lat' dir='ltr'><strong>nullus</strong></span> <span class='ocrx_word' id='word_1_112' title='bbox 599 1515 825 1582; x_wconf 85' lang='lat' dir='ltr'><strong>ignorat,</strong></span> <span class='ocrx_word' id='word_1_113' title='bbox 859 1513 979 1582; x_wconf 88' lang='lat' dir='ltr'><strong>quia</strong></span> <span class='ocrx_word' id='word_1_114' title='bbox 1006 1513 1198 1566; x_wconf 69' lang='lat' dir='ltr'><strong>divina:</strong></span> <span class='ocrx_word' id='word_1_115' title='bbox 1221 1510 1486 1580; x_wconf 77' lang='lat' dir='ltr'><strong>majestati</strong></span> <span class='ocrx_word' id='word_1_116' title='bbox 1516 1525 1615 1564; x_wconf 90' lang='lat' dir='ltr'><strong>nec</strong></span> <span class='ocrx_word' id='word_1_117' title='bbox 1635 1510 1757 1564; x_wconf 87' lang='lat' dir='ltr'><strong>addi</strong></span> 
     </span>
    </p>
   </div>
   <div class='ocr_carea' id='block_1_15' title="bbox 215 1604 1759 1676">
    <p class='ocr_par' dir='ltr' id='par_1_15' title="bbox 215 1604 1759 1676">
     <span class='ocr_line' id='line_1_15' title="bbox 215 1604 1759 1676; baseline -0.003 -15"><span class='ocrx_word' id='word_1_118' title='bbox 215 1609 497 1676; x_wconf 86' lang='lat' dir='ltr'><strong>quidquam,</strong></span> <span class='ocrx_word' id='word_1_119' title='bbox 527 1621 625 1660; x_wconf 92' lang='lat' dir='ltr'><strong>nec</strong></span> <span class='ocrx_word' id='word_1_120' title='bbox 651 1605 814 1658; x_wconf 89' lang='lat' dir='ltr'><strong>minui</strong></span> <span class='ocrx_word' id='word_1_121' title='bbox 850 1605 1093 1657; x_wconf 88' lang='lat' dir='ltr'><strong>humanis</strong></span> <span class='ocrx_word' id='word_1_122' title='bbox 1139 1604 1617 1671; x_wconf 77' lang='lat' dir='ltr'><strong>Supplicationibus</strong></span> <span class='ocrx_word' id='word_1_123' title='bbox 1662 1617 1759 1670; x_wconf 91' lang='lat' dir='ltr'><strong>po-</strong></span> 
     </span>
    </p>
   </div>
   <div class='ocr_carea' id='block_1_16' title="bbox 217 1695 1758 1769">
    <p class='ocr_par' dir='ltr' id='par_1_16' title="bbox 217 1695 1758 1769">
     <span class='ocr_line' id='line_1_16' title="bbox 217 1695 1758 1769; baseline -0.003 -18"><span class='ocrx_word' id='word_1_124' title='bbox 217 1709 297 1752; x_wconf 69' lang='lat' dir='ltr'><strong>test</strong></span> <span class='ocrx_word' id='word_1_125' title='bbox 325 1697 379 1769; x_wconf 88' lang='lat'><strong>:[</strong></span> <span class='ocrx_word' id='word_1_126' title='bbox 407 1699 528 1751; x_wconf 83' lang='lat' dir='ltr'><strong>Lor.</strong></span> <span class='ocrx_word' id='word_1_127' title='bbox 567 1695 684 1766; x_wconf 86' lang='lat' dir='ltr'><strong>sic]</strong></span> <span class='ocrx_word' id='word_1_128' title='bbox 714 1696 805 1749; x_wconf 90' lang='lat' dir='ltr'><strong>sed</strong></span> <span class='ocrx_word' id='word_1_129' title='bbox 839 1696 1202 1763; x_wconf 87' lang='lat' dir='ltr'><strong>unusquisque</strong></span> <span class='ocrx_word' id='word_1_130' title='bbox 1237 1695 1526 1748; x_wconf 74' lang='lat' dir='ltr'><strong>secttndum</strong></span> <span class='ocrx_word' id='word_1_131' title='bbox 1558 1709 1758 1764; x_wconf 83' lang='lat' dir='ltr'><strong>propo-</strong></span> 
     </span>
    </p>
   </div>
   <div class='ocr_carea' id='block_1_17' title="bbox 215 1786 1836 1862">
    <p class='ocr_par' dir='ltr' id='par_1_17' title="bbox 215 1786 1836 1862">
     <span class='ocr_line' id='line_1_17' title="bbox 215 1786 1836 1862; baseline -0.001 -20"><span class='ocrx_word' id='word_1_132' title='bbox 215 1792 346 1842; x_wconf 84' lang='lat' dir='ltr'><strong>situm</strong></span> <span class='ocrx_word' id='word_1_133' title='bbox 377 1790 668 1843; x_wconf 83' lang='lat' dir='ltr'><strong>voluntatis</strong></span> <span class='ocrx_word' id='word_1_134' title='bbox 697 1803 829 1851; x_wconf 65' lang='lat' dir='ltr'><strong>Suae,</strong></span> <span class='ocrx_word' id='word_1_135' title='bbox 863 1797 953 1842; x_wconf 81' lang='lat' dir='ltr'><strong>aut</strong></span> <span class='ocrx_word' id='word_1_136' title='bbox 977 1789 1198 1856; x_wconf 79' lang='lat' dir='ltr'><strong>gloriam</strong></span> <span class='ocrx_word' id='word_1_137' title='bbox 1222 1787 1322 1841; x_wconf 85' lang='lat' dir='ltr'><strong>sibi</strong></span> <span class='ocrx_word' id='word_1_138' title='bbox 1365 1788 1593 1856; x_wconf 83' lang='lat' dir='ltr'><strong>acquirit</strong></span> <span class='ocrx_word' id='word_1_139' title='bbox 1622 1786 1754 1840; x_wconf 85' lang='lat' dir='ltr'><strong>ﬁde-</strong></span> <span class='ocrx_word' id='word_1_140' title='bbox 1789 1802 1836 1862; x_wconf 79' lang='grc' dir='ltr'><strong>Β</strong></span> 
     </span>
    </p>
   </div>
   <div class='ocr_carea' id='block_1_18' title="bbox 215 1878 1757 1946">
    <p class='ocr_par' dir='ltr' id='par_1_18' title="bbox 215 1878 1757 1946">
     <span class='ocr_line' id='line_1_18' title="bbox 215 1878 1757 1946; baseline -0.003 -13"><span class='ocrx_word' id='word_1_141' title='bbox 215 1882 311 1935; x_wconf 80' lang='lat' dir='ltr'><strong>liter</strong></span> <span class='ocrx_word' id='word_1_142' title='bbox 344 1881 673 1943; x_wconf 71' lang='lat' dir='ltr'><strong>tenerando,</strong></span> <span class='ocrx_word' id='word_1_143' title='bbox 705 1889 793 1931; x_wconf 90' lang='lat' dir='ltr'><strong>aut</strong></span> <span class='ocrx_word' id='word_1_144' title='bbox 835 1878 1201 1932; x_wconf 91' lang='lat' dir='ltr'><strong>confusionem</strong></span> <span class='ocrx_word' id='word_1_145' title='bbox 1233 1886 1542 1946; x_wconf 81' lang='lat' dir='ltr'><strong>perpetuam</strong></span> <span class='ocrx_word' id='word_1_146' title='bbox 1596 1878 1757 1945; x_wconf 85' lang='lat' dir='ltr'><strong>perti-</strong></span> 
     </span>
    </p>
   </div>
   <div class='ocr_carea' id='block_1_19' title="bbox 214 1967 1754 2037">
    <p class='ocr_par' dir='ltr' id='par_1_19' title="bbox 214 1967 1754 2037">
     <span class='ocr_line' id='line_1_19' title="bbox 214 1967 1754 2037; baseline -0.003 -13"><span class='ocrx_word' id='word_1_147' title='bbox 214 1973 386 2025; x_wconf 73' lang='lat' dir='ltr'><strong>naciier</strong></span> <span class='ocrx_word' id='word_1_148' title='bbox 433 1969 749 2024; x_wconf 87' lang='lat' dir='ltr'><strong>resistendo.</strong></span> <span class='ocrx_word' id='word_1_149' title='bbox 782 1967 1000 2023; x_wconf 87' lang='lat' dir='ltr'><strong>Certum</strong></span> <span class='ocrx_word' id='word_1_150' title='bbox 1031 1978 1112 2023; x_wconf 91' lang='lat' dir='ltr'><strong>est</strong></span> <span class='ocrx_word' id='word_1_151' title='bbox 1158 1969 1298 2022; x_wconf 90' lang='lat' dir='ltr'><strong>enim</strong></span> <span class='ocrx_word' id='word_1_152' title='bbox 1330 1968 1450 2037; x_wconf 90' lang='lat' dir='ltr'><strong>quia</strong></span> <span class='ocrx_word' id='word_1_153' title='bbox 1502 1969 1754 2035; x_wconf 86' lang='lat' dir='ltr'><strong>superbia</strong></span> 
     </span>
    </p>
   </div>
   <div class='ocr_carea' id='block_1_20' title="bbox 215 2057 1755 2128">
    <p class='ocr_par' dir='ltr' id='par_1_20' title="bbox 215 2057 1755 2128">
     <span class='ocr_line' id='line_1_20' title="bbox 215 2057 1755 2128; baseline -0.001 -15"><span class='ocrx_word' id='word_1_154' title='bbox 215 2071 259 2113; x_wconf 88' lang='lat' dir='ltr'><strong>et</strong></span> <span class='ocrx_word' id='word_1_155' title='bbox 282 2059 304 2097; x_wconf 71' lang='grc' dir='ltr'>δ</span> <span class='ocrx_word' id='word_1_156' title='bbox 326 2061 653 2128; x_wconf 88' lang='lat' dir='ltr'><strong>contemptio</strong></span> <span class='ocrx_word' id='word_1_157' title='bbox 680 2061 917 2124; x_wconf 87' lang='lat' dir='ltr'><strong>damnat,</strong></span> <span class='ocrx_word' id='word_1_158' title='bbox 947 2057 1345 2112; x_wconf 81' lang='lat' dir='ltr'><strong>honoriﬁcentia</strong></span> <span class='ocrx_word' id='word_1_159' title='bbox 1371 2072 1499 2110; x_wconf 91' lang='lat' dir='ltr'><strong>vero</strong></span> <span class='ocrx_word' id='word_1_160' title='bbox 1531 2062 1755 2116; x_wconf 76' lang='lat' dir='ltr'><strong>l‘ruetum</strong></span> 
     </span>
    </p>
   </div>
   <div class='ocr_carea' id='block_1_21' title="bbox 214 2147 1755 2219">
    <p class='ocr_par' dir='ltr' id='par_1_21' title="bbox 214 2147 1755 2219">
     <span class='ocr_line' id='line_1_21' title="bbox 214 2147 1755 2219; baseline -0.004 -14"><span class='ocrx_word' id='word_1_161' title='bbox 214 2154 486 2206; x_wconf 78' lang='lat' dir='ltr'><strong>devotionis</strong></span> <span class='ocrx_word' id='word_1_162' title='bbox 509 2159 809 2219; x_wconf 80' lang='lat' dir='ltr'><strong>exspectat.</strong></span> <span class='ocrx_word' id='word_1_163' title='bbox 835 2151 1010 2214; x_wconf 87' lang='lat' dir='ltr'><strong>Quare</strong></span> <span class='ocrx_word' id='word_1_164' title='bbox 1039 2157 1216 2203; x_wconf 91' lang='lat' dir='ltr'><strong>autem</strong></span> <span class='ocrx_word' id='word_1_165' title='bbox 1242 2149 1425 2203; x_wconf 89' lang='lat' dir='ltr'><strong>ﬁdeles</strong></span> <span class='ocrx_word' id='word_1_166' title='bbox 1455 2163 1558 2200; x_wconf 92' lang='lat' dir='ltr'><strong>non</strong></span> <span class='ocrx_word' id='word_1_167' title='bbox 1584 2147 1755 2200; x_wconf 90' lang='lat' dir='ltr'><strong>hono-</strong></span> 
     </span>
    </p>
   </div>
   <div class='ocr_carea' id='block_1_22' title="bbox 213 2240 1755 2310">
    <p class='ocr_par' dir='ltr' id='par_1_22' title="bbox 213 2240 1755 2310">
     <span class='ocr_line' id='line_1_22' title="bbox 213 2240 1755 2310; baseline -0.002 -15"><span class='ocrx_word' id='word_1_168' title='bbox 213 2243 393 2297; x_wconf 77' lang='lat' dir='ltr'><strong>r&#39;ﬁcent</strong></span> <span class='ocrx_word' id='word_1_169' title='bbox 447 2244 653 2310; x_wconf 85' lang='lat' dir='ltr'><strong>integre</strong></span> <span class='ocrx_word' id='word_1_170' title='bbox 699 2241 1044 2304; x_wconf 86' lang='lat' dir='ltr'><strong>Trinitatem,</strong></span> <span class='ocrx_word' id='word_1_171' title='bbox 1076 2241 1142 2294; x_wconf 91' lang='lat' dir='ltr'><strong>ad</strong></span> <span class='ocrx_word' id='word_1_172' title='bbox 1187 2257 1342 2308; x_wconf 84' lang='lat' dir='ltr'><strong>quam</strong></span> <span class='ocrx_word' id='word_1_173' title='bbox 1375 2255 1435 2294; x_wconf 89' lang='lat' dir='ltr'><strong>se</strong></span> <span class='ocrx_word' id='word_1_174' title='bbox 1485 2240 1755 2309; x_wconf 89' lang='lat' dir='ltr'><strong>pertinere</strong></span> 
     </span>
    </p>
   </div>
   <div class='ocr_carea' id='block_1_23' title="bbox 213 2329 1757 2400">
    <p class='ocr_par' dir='ltr' id='par_1_23' title="bbox 213 2329 1757 2400">
     <span class='ocr_line' id='line_1_23' title="bbox 213 2329 1757 2400; baseline -0.001 -16"><span class='ocrx_word' id='word_1_175' title='bbox 213 2332 500 2393; x_wconf 85' lang='lat' dir='ltr'><strong>conﬁdunt,</strong></span> <span class='ocrx_word' id='word_1_176' title='bbox 547 2331 703 2400; x_wconf 91' lang='lat' dir='ltr'><strong>cujus</strong></span> <span class='ocrx_word' id='word_1_177' title='bbox 751 2331 966 2383; x_wconf 88' lang='lat' dir='ltr'><strong>nomine</strong></span> <span class='ocrx_word' id='word_1_178' title='bbox 996 2344 1054 2384; x_wconf 92' lang='lat' dir='ltr'><strong>se</strong></span> <span class='ocrx_word' id='word_1_179' title='bbox 1105 2341 1342 2394; x_wconf 85' lang='lat' dir='ltr'><strong>renatos,</strong></span> <span class='ocrx_word' id='word_1_180' title='bbox 1374 2329 1526 2396; x_wconf 91' lang='lat' dir='ltr'><strong>cujus</strong></span> <span class='ocrx_word' id='word_1_181' title='bbox 1571 2342 1757 2383; x_wconf 92' lang='lat' dir='ltr'><strong>servos</strong></span> 
     </span>
    </p>
   </div>
   <div class='ocr_carea' id='block_1_24' title="bbox 211 2416 1756 2490">
    <p class='ocr_par' dir='ltr' id='par_1_24' title="bbox 211 2416 1756 2490">
     <span class='ocr_line' id='line_1_24' title="bbox 211 2416 1756 2490; baseline -0.002 -15"><span class='ocrx_word' id='word_1_182' title='bbox 211 2437 256 2475; x_wconf 60' lang='grc' dir='ltr'><strong>με</strong></span> <span class='ocrx_word' id='word_1_183' title='bbox 281 2423 534 2475; x_wconf 81' lang='lat' dir='ltr'><strong>nominari</strong></span> <span class='ocrx_word' id='word_1_184' title='bbox 565 2421 893 2489; x_wconf 75' lang='lat' dir='ltr'><strong>gloriantur?</strong></span> <span class='ocrx_word' id='word_1_185' title='bbox 916 2419 1046 2474; x_wconf 85' lang='lat' dir='ltr'><strong>Nam</strong></span> <span class='ocrx_word' id='word_1_186' title='bbox 1077 2419 1215 2473; x_wconf 85' lang='lat' dir='ltr'><strong>sicut</strong></span> <span class='ocrx_word' id='word_1_187' title='bbox 1235 2417 1340 2490; x_wconf 82' lang='lat' dir='ltr'><strong>[aL</strong></span> <span class='ocrx_word' id='word_1_188' title='bbox 1370 2419 1436 2472; x_wconf 89' lang='lat' dir='ltr'><strong>ad</strong></span> <span class='ocrx_word' id='word_1_189' title='bbox 1462 2416 1698 2488; x_wconf 86' lang='lat' dir='ltr'><strong>nomen]</strong></span> <span class='ocrx_word' id='word_1_190' title='bbox 1726 2435 1756 2472; x_wconf 86' lang='lat' dir='ltr'><strong>a</strong></span> 
     </span>
    </p>
   </div>
   <div class='ocr_carea' id='block_1_25' title="bbox 211 2511 1745 2581">
    <p class='ocr_par' dir='ltr' id='par_1_25' title="bbox 211 2511 1745 2581">
     <span class='ocr_line' id='line_1_25' title="bbox 211 2511 1745 2581; baseline -0.001 -14"><span class='ocrx_word' id='word_1_191' title='bbox 211 2517 399 2569; x_wconf 86' lang='lat' dir='ltr'><strong>nomine</strong></span> <span class='ocrx_word' id='word_1_192' title='bbox 429 2516 525 2568; x_wconf 88' lang='lat' dir='ltr'><strong>Dei</strong></span> <span class='ocrx_word' id='word_1_193' title='bbox 554 2515 724 2568; x_wconf 87' lang='lat' dir='ltr'><strong>Patris</strong></span> <span class='ocrx_word' id='word_1_194' title='bbox 753 2516 998 2567; x_wconf 84' lang='lat' dir='ltr'><strong>homines</strong></span> <span class='ocrx_word' id='word_1_195' title='bbox 1039 2513 1127 2565; x_wconf 90' lang='lat' dir='ltr'><strong>Dei</strong></span> <span class='ocrx_word' id='word_1_196' title='bbox 1174 2512 1530 2581; x_wconf 80' lang='lat' dir='ltr'><strong>appellantur.</strong></span> <span class='ocrx_word' id='word_1_197' title='bbox 1561 2522 1619 2564; x_wconf 91' lang='lat' dir='ltr'><strong>ut</strong></span> <span class='ocrx_word' id='word_1_198' title='bbox 1651 2511 1745 2565; x_wconf 87' lang='lat' dir='ltr'><strong>He-</strong></span> 
     </span>
    </p>
   </div>
   <div class='ocr_carea' id='block_1_26' title="bbox 212 2601 1758 2673">
    <p class='ocr_par' dir='ltr' id='par_1_26' title="bbox 212 2601 1758 2673">
     <span class='ocr_line' id='line_1_26' title="bbox 212 2601 1758 2673; baseline 0.001 -20"><span class='ocrx_word' id='word_1_199' title='bbox 212 2607 289 2658; x_wconf 89' lang='lat' dir='ltr'><strong>lias</strong></span> <span class='ocrx_word' id='word_1_200' title='bbox 318 2605 478 2659; x_wconf 90' lang='lat' dir='ltr'><strong>homo</strong></span> <span class='ocrx_word' id='word_1_201' title='bbox 509 2605 602 2659; x_wconf 87' lang='lat' dir='ltr'><strong>Dei</strong></span> <span class='ocrx_word' id='word_1_202' title='bbox 633 2605 807 2659; x_wconf 88' lang='lat' dir='ltr'><strong>dictus</strong></span> <span class='ocrx_word' id='word_1_203' title='bbox 833 2612 933 2666; x_wconf 91' lang='lat' dir='ltr'><strong>est,</strong></span> <span class='ocrx_word' id='word_1_204' title='bbox 959 2612 1018 2656; x_wconf 93' lang='lat' dir='ltr'><strong>ut</strong></span> <span class='ocrx_word' id='word_1_205' title='bbox 1049 2603 1256 2673; x_wconf 79' lang='lat' dir='ltr'><strong>Moyses</strong></span> <span class='ocrx_word' id='word_1_206' title='bbox 1285 2601 1442 2656; x_wconf 90' lang='lat' dir='ltr'><strong>homo</strong></span> <span class='ocrx_word' id='word_1_207' title='bbox 1465 2602 1558 2655; x_wconf 85' lang='lat' dir='ltr'><strong>Dei</strong></span> <span class='ocrx_word' id='word_1_208' title='bbox 1584 2601 1758 2671; x_wconf 85' lang='lat' dir='ltr'><strong>appel-</strong></span> 
     </span>
    </p>
   </div>
   <div class='ocr_carea' id='block_1_27' title="bbox 209 2693 1760 2762">
    <p class='ocr_par' dir='ltr' id='par_1_27' title="bbox 209 2693 1760 2762">
     <span class='ocr_line' id='line_1_27' title="bbox 209 2693 1760 2762; baseline 0.001 -16"><span class='ocrx_word' id='word_1_209' title='bbox 209 2696 325 2748; x_wconf 87' lang='lat' dir='ltr'><strong>latus</strong></span> <span class='ocrx_word' id='word_1_210' title='bbox 346 2706 462 2760; x_wconf 84' lang='lat' dir='ltr'><strong>est;</strong></span> <span class='ocrx_word' id='word_1_211' title='bbox 495 2697 573 2750; x_wconf 89' lang='lat' dir='ltr'><strong>sic</strong></span> <span class='ocrx_word' id='word_1_212' title='bbox 599 2711 629 2748; x_wconf 86' lang='lat' dir='ltr'><strong>a</strong></span> <span class='ocrx_word' id='word_1_213' title='bbox 675 2693 892 2748; x_wconf 88' lang='lat' dir='ltr'><strong>Christo</strong></span> <span class='ocrx_word' id='word_1_214' title='bbox 921 2693 1210 2748; x_wconf 88' lang='lat' dir='ltr'><strong>Christiani</strong></span> <span class='ocrx_word' id='word_1_215' title='bbox 1262 2707 1650 2762; x_wconf 90' lang='lat' dir='ltr'><strong>nuncupamur,</strong></span> <span class='ocrx_word' id='word_1_216' title='bbox 1680 2693 1760 2748; x_wconf 89' lang='lat' dir='ltr'><strong>sic</strong></span> 
     </span>
    </p>
   </div>
   <div class='ocr_carea' id='block_1_28' title="bbox 209 2783 1760 2856">
    <p class='ocr_par' dir='ltr' id='par_1_28' title="bbox 209 2783 1760 2856">
     <span class='ocr_line' id='line_1_28' title="bbox 209 2783 1760 2856; baseline -0.002 -17"><span class='ocrx_word' id='word_1_217' title='bbox 209 2787 346 2840; x_wconf 83' lang='lat' dir='ltr'><strong>etiam</strong></span> <span class='ocrx_word' id='word_1_218' title='bbox 373 2804 405 2840; x_wconf 82' lang='lat' dir='ltr'><strong>a</strong></span> <span class='ocrx_word' id='word_1_219' title='bbox 440 2787 642 2856; x_wconf 77' lang='lat' dir='ltr'><strong>Spiritu</strong></span> <span class='ocrx_word' id='word_1_220' title='bbox 689 2784 956 2853; x_wconf 83' lang='lat' dir='ltr'><strong>spiritales</strong></span> <span class='ocrx_word' id='word_1_221' title='bbox 994 2783 1346 2852; x_wconf 82' lang='lat' dir='ltr'><strong>appellamur.</strong></span> <span class='ocrx_word' id='word_1_222' title='bbox 1377 2784 1431 2838; x_wconf 88' lang='lat' dir='ltr'><strong>Si</strong></span> <span class='ocrx_word' id='word_1_223' title='bbox 1460 2787 1618 2852; x_wconf 80' lang='lat' dir='ltr'><strong>igitur</strong></span> <span class='ocrx_word' id='word_1_224' title='bbox 1664 2801 1760 2838; x_wconf 82' lang='lat' dir='ltr'><strong>v0-</strong></span> 
     </span>
    </p>
   </div>
   <div class='ocr_carea' id='block_1_29' title="bbox 207 2876 1762 2948">
    <p class='ocr_par' dir='ltr' id='par_1_29' title="bbox 207 2876 1762 2948">
     <span class='ocr_line' id='line_1_29' title="bbox 207 2876 1762 2948; baseline -0.001 -17"><span class='ocrx_word' id='word_1_225' title='bbox 207 2886 332 2931; x_wconf 82' lang='lat' dir='ltr'><strong>cetur</strong></span> <span class='ocrx_word' id='word_1_226' title='bbox 349 2880 470 2948; x_wconf 88' lang='lat' dir='ltr'><strong>quis</strong></span> <span class='ocrx_word' id='word_1_227' title='bbox 499 2878 660 2931; x_wconf 90' lang='lat' dir='ltr'><strong>homo</strong></span> <span class='ocrx_word' id='word_1_228' title='bbox 687 2876 802 2943; x_wconf 86' lang='lat' dir='ltr'><strong>Dei,</strong></span> <span class='ocrx_word' id='word_1_229' title='bbox 821 2883 878 2930; x_wconf 91' lang='lat' dir='ltr'><strong>et</strong></span> <span class='ocrx_word' id='word_1_230' title='bbox 902 2889 1005 2930; x_wconf 91' lang='lat' dir='ltr'><strong>non</strong></span> <span class='ocrx_word' id='word_1_231' title='bbox 1032 2877 1100 2930; x_wconf 87' lang='lat' dir='ltr'><strong>sit</strong></span> <span class='ocrx_word' id='word_1_232' title='bbox 1121 2876 1472 2942; x_wconf 87' lang='lat' dir='ltr'><strong>Christianus,</strong></span> <span class='ocrx_word' id='word_1_233' title='bbox 1502 2877 1630 2932; x_wconf 89' lang='lat' dir='ltr'><strong>nihil</strong></span> <span class='ocrx_word' id='word_1_234' title='bbox 1652 2886 1762 2944; x_wconf 87' lang='lat' dir='ltr'><strong>est;</strong></span> 
     </span>
    </p>
   </div>
   <div class='ocr_carea' id='block_1_30' title="bbox 265 3010 1759 3075">
    <p class='ocr_par' dir='ltr' id='par_1_30' title="bbox 265 3010 1759 3075">
     <span class='ocr_line' id='line_1_30' title="bbox 265 3010 1759 3075; baseline 0.001 -10"><span class='ocrx_word' id='word_1_235' title='bbox 265 3019 288 3046; x_wconf 76' lang='grc'>⁸</span> <span class='ocrx_word' id='word_1_236' title='bbox 325 3011 601 3065; x_wconf 87' lang='lat' dir='ltr'><strong>Lorichius</strong></span> <span class='ocrx_word' id='word_1_237' title='bbox 629 3011 841 3065; x_wconf 77' lang='lat' dir='ltr'><strong>brevius</strong></span> <span class='ocrx_word' id='word_1_238' title='bbox 876 3011 952 3065; x_wconf 87' lang='lat' dir='ltr'><strong>sic</strong></span> <span class='ocrx_word' id='word_1_239' title='bbox 995 3010 1175 3075; x_wconf 84' lang='lat' dir='ltr'><strong>habet,</strong></span> <span class='ocrx_word' id='word_1_240' title='bbox 1206 3011 1292 3064; x_wconf 84' lang='lat' dir='ltr'><strong>sed</strong></span> <span class='ocrx_word' id='word_1_241' title='bbox 1339 3030 1454 3064; x_wconf 81' lang='lat' dir='ltr'><strong>cum</strong></span> <span class='ocrx_word' id='word_1_242' title='bbox 1483 3013 1759 3067; x_wconf 78' lang='lat' dir='ltr'><strong>adoramus</strong></span> 
     </span>
    </p>
   </div>
   <div class='ocr_carea' id='block_1_31' title="bbox 211 3077 1758 3148">
    <p class='ocr_par' dir='ltr' id='par_1_31' title="bbox 211 3077 1758 3148">
     <span class='ocr_line' id='line_1_31' title="bbox 211 3077 1758 3148; baseline 0.004 -18"><span class='ocrx_word' id='word_1_243' title='bbox 211 3077 415 3146; x_wconf 84' lang='lat' dir='ltr'><strong>Patrem,</strong></span> <span class='ocrx_word' id='word_1_244' title='bbox 449 3083 707 3134; x_wconf 73' lang='lat' dir='ltr'><strong>credimus</strong></span> <span class='ocrx_word' id='word_1_245' title='bbox 736 3084 970 3133; x_wconf 79' lang='lat' dir='ltr'><strong>invocare</strong></span> <span class='ocrx_word' id='word_1_246' title='bbox 1001 3081 1251 3148; x_wconf 82' lang='lat' dir='ltr'><strong>Spiritum</strong></span> <span class='ocrx_word' id='word_1_247' title='bbox 1277 3095 1539 3143; x_wconf 84' lang='lat' dir='ltr'><strong>sanctum;</strong></span> <span class='ocrx_word' id='word_1_248' title='bbox 1569 3095 1615 3137; x_wconf 87' lang='lat' dir='ltr'><strong>et</strong></span> <span class='ocrx_word' id='word_1_249' title='bbox 1645 3101 1758 3136; x_wconf 87' lang='lat' dir='ltr'><strong>cum</strong></span> 
     </span>
    </p>
   </div>
   <div class='ocr_carea' id='block_1_32' title="bbox 210 3149 1756 3220">
    <p class='ocr_par' dir='ltr' id='par_1_32' title="bbox 210 3149 1756 3220">
     <span class='ocr_line' id='line_1_32' title="bbox 210 3149 1756 3220; baseline 0.004 -20"><span class='ocrx_word' id='word_1_250' title='bbox 210 3149 390 3220; x_wconf 82' lang='lat' dir='ltr'><strong>Patrem</strong></span> <span class='ocrx_word' id='word_1_251' title='bbox 419 3168 730 3217; x_wconf 80' lang='lat' dir='ltr'><strong>regamus,a</strong></span> <span class='ocrx_word' id='word_1_252' title='bbox 761 3149 900 3203; x_wconf 86' lang='lat' dir='ltr'><strong>Filio</strong></span> <span class='ocrx_word' id='word_1_253' title='bbox 921 3167 1012 3204; x_wconf 80' lang='lat' dir='ltr'><strong>nos</strong></span> <span class='ocrx_word' id='word_1_254' title='bbox 1041 3152 1274 3203; x_wconf 70' lang='lat' dir='ltr'><strong>exaudiri</strong></span> <span class='ocrx_word' id='word_1_255' title='bbox 1301 3153 1625 3220; x_wconf 75' lang='lat' dir='ltr'><strong>conﬁdimus,</strong></span> <span class='ocrx_word' id='word_1_256' title='bbox 1653 3166 1756 3207; x_wconf 86' lang='lat' dir='ltr'><strong>etc.</strong></span> 
     </span>
    </p>
   </div>
   <div class='ocr_carea' id='block_1_33' title="bbox 263 3218 1760 3289">
    <p class='ocr_par' dir='ltr' id='par_1_33' title="bbox 263 3218 1760 3289">
     <span class='ocr_line' id='line_1_33' title="bbox 263 3218 1760 3289; baseline 0.001 -14"><span class='ocrx_word' id='word_1_257' title='bbox 263 3218 288 3256; x_wconf 69' lang='grc' dir='ltr'>δ</span> <span class='ocrx_word' id='word_1_258' title='bbox 323 3221 410 3275; x_wconf 91' lang='lat' dir='ltr'><strong>Sic</strong></span> <span class='ocrx_word' id='word_1_259' title='bbox 460 3222 657 3283; x_wconf 83' lang='lat' dir='ltr'><strong>Mart.;</strong></span> <span class='ocrx_word' id='word_1_260' title='bbox 709 3236 827 3288; x_wconf 69' lang='lat' dir='ltr'><strong>quae</strong></span> <span class='ocrx_word' id='word_1_261' title='bbox 867 3222 1047 3289; x_wconf 91' lang='lat' dir='ltr'><strong>utique</strong></span> <span class='ocrx_word' id='word_1_262' title='bbox 1103 3221 1256 3274; x_wconf 90' lang='lat' dir='ltr'><strong>lectio</strong></span> <span class='ocrx_word' id='word_1_263' title='bbox 1301 3218 1507 3276; x_wconf 88' lang='lat' dir='ltr'><strong>videtur</strong></span> <span class='ocrx_word' id='word_1_264' title='bbox 1552 3225 1760 3277; x_wconf 73' lang='lat' dir='ltr'><strong>cmteris</strong></span> 
     </span>
    </p>
   </div>
   <div class='ocr_carea' id='block_1_34' title="bbox 207 3290 1760 3357">
    <p class='ocr_par' dir='ltr' id='par_1_34' title="bbox 207 3290 1760 3357">
     <span class='ocr_line' id='line_1_34' title="bbox 207 3290 1760 3357; baseline 0.004 -15"><span class='ocrx_word' id='word_1_265' title='bbox 207 3290 541 3356; x_wconf 61' lang='lat' dir='ltr'><strong>perferenda,</strong></span> <span class='ocrx_word' id='word_1_266' title='bbox 591 3305 709 3357; x_wconf 63' lang='lat' dir='ltr'><strong>quae</strong></span> <span class='ocrx_word' id='word_1_267' title='bbox 753 3292 969 3356; x_wconf 87' lang='lat' dir='ltr'><strong>habent,</strong></span> <span class='ocrx_word' id='word_1_268' title='bbox 1019 3292 1289 3345; x_wconf 81' lang='lat' dir='ltr'><strong>contentio.</strong></span> <span class='ocrx_word' id='word_1_269' title='bbox 1323 3290 1554 3345; x_wconf 89' lang='lat' dir='ltr'><strong>Lorichii</strong></span> <span class='ocrx_word' id='word_1_270' title='bbox 1596 3294 1760 3348; x_wconf 89' lang='lat' dir='ltr'><strong>editio</strong></span> 
     </span>
    </p>
   </div>
   <div class='ocr_carea' id='block_1_35' title="bbox 207 3361 1758 3433">
    <p class='ocr_par' dir='ltr' id='par_1_35' title="bbox 207 3361 1758 3433">
     <span class='ocr_line' id='line_1_35' title="bbox 207 3361 1758 3433; baseline 0.005 -24"><span class='ocrx_word' id='word_1_271' title='bbox 207 3361 424 3414; x_wconf 89' lang='lat' dir='ltr'><strong>eamdem</strong></span> <span class='ocrx_word' id='word_1_272' title='bbox 458 3373 698 3416; x_wconf 81' lang='lat' dir='ltr'><strong>nostram</strong></span> <span class='ocrx_word' id='word_1_273' title='bbox 727 3361 1008 3416; x_wconf 85' lang='lat' dir='ltr'><strong>lcetionem</strong></span> <span class='ocrx_word' id='word_1_274' title='bbox 1038 3361 1337 3426; x_wconf 89' lang='lat' dir='ltr'><strong>conﬁrmat,</strong></span> <span class='ocrx_word' id='word_1_275' title='bbox 1362 3363 1518 3416; x_wconf 87' lang='lat' dir='ltr'><strong>habet</strong></span> <span class='ocrx_word' id='word_1_276' title='bbox 1543 3365 1758 3433; x_wconf 87' lang='lat' dir='ltr'><strong>quippe,</strong></span> 
     </span>
    </p>
   </div>
   <div class='ocr_carea' id='block_1_36' title="bbox 207 3439 524 3498">
    <p class='ocr_par' dir='ltr' id='par_1_36' title="bbox 207 3439 524 3498">
     <span class='ocr_line' id='line_1_36' title="bbox 207 3439 524 3498; baseline 0.013 -18"><span class='ocrx_word' id='word_1_277' title='bbox 207 3439 524 3498; x_wconf 79' lang='lat' dir='ltr'><strong>contemptus.</strong></span> 
     </span>
    </p>
   </div>
   <div class='ocr_carea' id='block_1_37' title="bbox 266 3499 1761 3564">
    <p class='ocr_par' dir='ltr' id='par_1_37' title="bbox 266 3499 1761 3564">
     <span class='ocr_line' id='line_1_37' title="bbox 266 3499 1761 3564; baseline -0.001 -11"><span class='ocrx_word' id='word_1_278' title='bbox 266 3510 285 3536; x_wconf 71' lang='grc' dir='ltr'>ε</span> <span class='ocrx_word' id='word_1_279' title='bbox 323 3500 466 3553; x_wconf 90' lang='lat' dir='ltr'><strong>Inter</strong></span> <span class='ocrx_word' id='word_1_280' title='bbox 510 3500 789 3554; x_wconf 72' lang='lat' dir='ltr'><strong>Missurum</strong></span> <span class='ocrx_word' id='word_1_281' title='bbox 835 3499 1090 3555; x_wconf 87' lang='lat' dir='ltr'><strong>solemnia</strong></span> <span class='ocrx_word' id='word_1_282' title='bbox 1138 3511 1247 3556; x_wconf 91' lang='lat' dir='ltr'><strong>tum</strong></span> <span class='ocrx_word' id='word_1_283' title='bbox 1295 3502 1486 3564; x_wconf 67' lang='lat' dir='ltr'><strong>Graeci,</strong></span> <span class='ocrx_word' id='word_1_284' title='bbox 1519 3511 1628 3555; x_wconf 90' lang='lat' dir='ltr'><strong>tum</strong></span> <span class='ocrx_word' id='word_1_285' title='bbox 1660 3503 1761 3555; x_wconf 88' lang='lat' dir='ltr'><strong>La-</strong></span> 
     </span>
    </p>
   </div>
   <div class='ocr_carea' id='block_1_38' title="bbox 207 3567 1754 3640">
    <p class='ocr_par' dir='ltr' id='par_1_38' title="bbox 207 3567 1754 3640">
     <span class='ocr_line' id='line_1_38' title="bbox 207 3567 1754 3640; baseline 0.003 -20"><span class='ocrx_word' id='word_1_286' title='bbox 207 3567 308 3627; x_wconf 89' lang='lat' dir='ltr'><strong>tini,</strong></span> <span class='ocrx_word' id='word_1_287' title='bbox 339 3571 597 3639; x_wconf 82' lang='lat' dir='ltr'><strong>hymnum</strong></span> <span class='ocrx_word' id='word_1_288' title='bbox 644 3572 784 3622; x_wconf 90' lang='lat' dir='ltr'><strong>hunc</strong></span> <span class='ocrx_word' id='word_1_289' title='bbox 828 3579 1043 3625; x_wconf 88' lang='lat' dir='ltr'><strong>cantare</strong></span> <span class='ocrx_word' id='word_1_290' title='bbox 1086 3587 1299 3639; x_wconf 88' lang='lat' dir='ltr'><strong>semper</strong></span> <span class='ocrx_word' id='word_1_291' title='bbox 1343 3583 1754 3640; x_wconf 73' lang='lat' dir='ltr'><strong>consueverunt,</strong></span> 
     </span>
    </p>
   </div>
   <div class='ocr_carea' id='block_1_39' title="bbox 204 3640 1762 3710">
    <p class='ocr_par' dir='ltr' id='par_1_39' title="bbox 204 3640 1762 3710">
     <span class='ocr_line' id='line_1_39' title="bbox 204 3640 1762 3710; baseline 0.004 -20"><span class='ocrx_word' id='word_1_292' title='bbox 204 3640 326 3704; x_wconf 87' lang='lat' dir='ltr'><strong>quod</strong></span> <span class='ocrx_word' id='word_1_293' title='bbox 367 3655 491 3694; x_wconf 89' lang='lat' dir='ltr'><strong>cum</strong></span> <span class='ocrx_word' id='word_1_294' title='bbox 539 3640 776 3693; x_wconf 89' lang='lat' dir='ltr'><strong>nonnulli</strong></span> <span class='ocrx_word' id='word_1_295' title='bbox 807 3640 858 3693; x_wconf 93' lang='lat' dir='ltr'><strong>in</strong></span> <span class='ocrx_word' id='word_1_296' title='bbox 901 3641 1069 3694; x_wconf 88' lang='lat' dir='ltr'><strong>Callis</strong></span> <span class='ocrx_word' id='word_1_297' title='bbox 1096 3653 1243 3696; x_wconf 80' lang='lat' dir='ltr'><strong>extra</strong></span> <span class='ocrx_word' id='word_1_298' title='bbox 1291 3645 1480 3696; x_wconf 86' lang='lat' dir='ltr'><strong>missas</strong></span> <span class='ocrx_word' id='word_1_299' title='bbox 1521 3643 1762 3710; x_wconf 83' lang='lat' dir='ltr'><strong>publicas</strong></span> 
     </span>
    </p>
   </div>
   <div class='ocr_carea' id='block_1_40' title="bbox 206 3711 1756 3779">
    <p class='ocr_par' dir='ltr' id='par_1_40' title="bbox 206 3711 1756 3779">
     <span class='ocr_line' id='line_1_40' title="bbox 206 3711 1756 3779; baseline 0.005 -21"><span class='ocrx_word' id='word_1_300' title='bbox 206 3711 556 3776; x_wconf 73' lang='lat' dir='ltr'><strong>negligerent,</strong></span> <span class='ocrx_word' id='word_1_301' title='bbox 607 3711 788 3762; x_wconf 85' lang='lat' dir='ltr'><strong>statuit</strong></span> <span class='ocrx_word' id='word_1_302' title='bbox 851 3712 1085 3779; x_wconf 82' lang='lat' dir='ltr'><strong>synodus</strong></span> <span class='ocrx_word' id='word_1_303' title='bbox 1135 3713 1383 3766; x_wconf 86' lang='lat' dir='ltr'><strong>Vasensis</strong></span> <span class='ocrx_word' id='word_1_304' title='bbox 1449 3728 1588 3764; x_wconf 80' lang='lat' dir='ltr'><strong>anno</strong></span> <span class='ocrx_word' id='word_1_305' title='bbox 1632 3711 1756 3777; x_wconf 78' lang='lat'><strong>529,</strong></span> 
     </span>
    </p>
   </div>
   <div class='ocr_carea' id='block_1_41' title="bbox 206 3779 1761 3848">
    <p class='ocr_par' dir='ltr' id='par_1_41' title="bbox 206 3779 1761 3848">
     <span class='ocr_line' id='line_1_41' title="bbox 206 3779 1761 3848; baseline 0.005 -22"><span class='ocrx_word' id='word_1_306' title='bbox 206 3791 306 3829; x_wconf 84' lang='lat' dir='ltr'><strong>can.</strong></span> <span class='ocrx_word' id='word_1_307' title='bbox 334 3779 384 3833; x_wconf 83' lang='grc'><strong>5.</strong></span> <span class='ocrx_word' id='word_1_308' title='bbox 417 3791 474 3831; x_wconf 86' lang='lat' dir='ltr'><strong>ut</strong></span> <span class='ocrx_word' id='word_1_309' title='bbox 508 3782 560 3830; x_wconf 86' lang='lat' dir='ltr'><strong>in</strong></span> <span class='ocrx_word' id='word_1_310' title='bbox 587 3780 816 3831; x_wconf 85' lang='lat' dir='ltr'><strong>omnibus</strong></span> <span class='ocrx_word' id='word_1_311' title='bbox 843 3780 1027 3844; x_wconf 79' lang='lat' dir='ltr'><strong>missis,</strong></span> <span class='ocrx_word' id='word_1_312' title='bbox 1054 3783 1155 3834; x_wconf 85' lang='lat' dir='ltr'><strong>sive</strong></span> <span class='ocrx_word' id='word_1_313' title='bbox 1182 3783 1464 3843; x_wconf 83' lang='lat' dir='ltr'><strong>matutinis,</strong></span> <span class='ocrx_word' id='word_1_314' title='bbox 1496 3784 1596 3834; x_wconf 78' lang='lat' dir='ltr'><strong>sive</strong></span> <span class='ocrx_word' id='word_1_315' title='bbox 1634 3799 1761 3848; x_wconf 85' lang='lat' dir='ltr'><strong>qua-</strong></span> 
     </span>
    </p>
   </div>
   <div class='ocr_carea' id='block_1_42' title="bbox 204 3849 1763 3918">
    <p class='ocr_par' dir='ltr' id='par_1_42' title="bbox 204 3849 1763 3918">
     <span class='ocr_line' id='line_1_42' title="bbox 204 3849 1763 3918; baseline 0.003 -20"><span class='ocrx_word' id='word_1_316' title='bbox 204 3849 640 3916; x_wconf 77' lang='lat' dir='ltr'><strong>dragesimattbus,</strong></span> <span class='ocrx_word' id='word_1_317' title='bbox 688 3851 763 3901; x_wconf 83' lang='lat' dir='ltr'><strong>vel</strong></span> <span class='ocrx_word' id='word_1_318' title='bbox 807 3865 921 3918; x_wconf 70' lang='lat' dir='ltr'><strong>qua:</strong></span> <span class='ocrx_word' id='word_1_319' title='bbox 967 3851 1020 3902; x_wconf 87' lang='lat' dir='ltr'><strong>in</strong></span> <span class='ocrx_word' id='word_1_320' title='bbox 1065 3852 1618 3904; x_wconf 79' lang='lat' dir='ltr'><strong>commemorationibus</strong></span> <span class='ocrx_word' id='word_1_321' title='bbox 1674 3851 1763 3903; x_wconf 83' lang='lat' dir='ltr'><strong>de-</strong></span> 
     </span>
    </p>
   </div>
   <div class='ocr_carea' id='block_1_43' title="bbox 205 3918 1759 3990">
    <p class='ocr_par' dir='ltr' id='par_1_43' title="bbox 205 3918 1759 3990">
     <span class='ocr_line' id='line_1_43' title="bbox 205 3918 1759 3990; baseline 0.003 -23"><span class='ocrx_word' id='word_1_322' title='bbox 205 3918 484 3990; x_wconf 61' lang='lat' dir='ltr'><strong>functorum</strong></span> <span class='ocrx_word' id='word_1_323' title='bbox 517 3921 668 3985; x_wconf 79' lang='lat' dir='ltr'><strong>fiunt,</strong></span> <span class='ocrx_word' id='word_1_324' title='bbox 697 3935 892 3990; x_wconf 70' lang='lat' dir='ltr'><strong>semper</strong></span> <span class='ocrx_word' id='word_1_325' title='bbox 915 3935 972 3971; x_wconf 78' lang='lat' dir='ltr'><strong>eo</strong></span> <span class='ocrx_word' id='word_1_326' title='bbox 997 3922 1176 3974; x_wconf 87' lang='lat' dir='ltr'><strong>ordine</strong></span> <span class='ocrx_word' id='word_1_327' title='bbox 1218 3938 1319 3990; x_wconf 84' lang='lat' dir='ltr'><strong>quo</strong></span> <span class='ocrx_word' id='word_1_328' title='bbox 1351 3924 1417 3974; x_wconf 86' lang='lat' dir='ltr'><strong>ad</strong></span> <span class='ocrx_word' id='word_1_329' title='bbox 1445 3925 1620 3973; x_wconf 63' lang='lat' dir='ltr'><strong>missas</strong></span> <span class='ocrx_word' id='word_1_330' title='bbox 1663 3937 1759 3986; x_wconf 84' lang='lat' dir='ltr'><strong>pu-</strong></span> 
     </span>
    </p>
   </div>
   <div class='ocr_carea' id='block_1_44' title="bbox 205 3987 1760 4045">
    <p class='ocr_par' dir='ltr' id='par_1_44' title="bbox 205 3987 1760 4045">
     <span class='ocr_line' id='line_1_44' title="bbox 205 3987 1760 4045; baseline 0.005 -10"><span class='ocrx_word' id='word_1_331' title='bbox 205 3987 340 4040; x_wconf 79' lang='lat' dir='ltr'><strong>blicas</strong></span> <span class='ocrx_word' id='word_1_332' title='bbox 367 3990 662 4043; x_wconf 84' lang='lat' dir='ltr'><strong>diceretur.</strong></span> <span class='ocrx_word' id='word_1_333' title='bbox 718 3987 978 4045; x_wconf 43' lang='lat' dir='ltr'><strong>De&#39;variis</strong></span> <span class='ocrx_word' id='word_1_334' title='bbox 1009 3991 1122 4043; x_wconf 80' lang='lat' dir='ltr'><strong>istis</strong></span> <span class='ocrx_word' id='word_1_335' title='bbox 1147 3987 1325 4045; x_wconf 84' lang='lat' dir='ltr'><strong>missis</strong></span> <span class='ocrx_word' id='word_1_336' title='bbox 1355 3991 1551 4045; x_wconf 71' lang='lat' dir='ltr'><strong>videsis</strong></span> <span class='ocrx_word' id='word_1_337' title='bbox 1575 3990 1760 4043; x_wconf 80' lang='lat' dir='ltr'><strong>Malti-</strong></span> 
     </span>
    </p>
   </div>
   <div class='ocr_carea' id='block_1_45' title="bbox 204 4056 1762 4128">
    <p class='ocr_par' dir='ltr' id='par_1_45' title="bbox 204 4056 1762 4128">
     <span class='ocr_line' id='line_1_45' title="bbox 204 4056 1762 4128; baseline 0.003 -20"><span class='ocrx_word' id='word_1_338' title='bbox 204 4056 382 4128; x_wconf 74' lang='lat' dir='ltr'><strong>lotiiittn</strong></span> <span class='ocrx_word' id='word_1_339' title='bbox 412 4059 507 4111; x_wconf 88' lang='lat' dir='ltr'><strong>tib.</strong></span> <span class='ocrx_word' id='word_1_340' title='bbox 534 4075 549 4112; x_wconf 87' lang='lat' dir='ltr'><strong>t</strong></span> <span class='ocrx_word' id='word_1_341' title='bbox 581 4061 648 4112; x_wconf 90' lang='lat' dir='ltr'><strong>de</strong></span> <span class='ocrx_word' id='word_1_342' title='bbox 675 4058 905 4126; x_wconf 82' lang='lat' dir='ltr'><strong>Liturgia</strong></span> <span class='ocrx_word' id='word_1_343' title='bbox 937 4058 1229 4122; x_wconf 83' lang='lat' dir='ltr'><strong>Gallicana,</strong></span> <span class='ocrx_word' id='word_1_344' title='bbox 1256 4075 1373 4128; x_wconf 89' lang='lat' dir='ltr'><strong>cap.</strong></span> <span class='ocrx_word' id='word_1_345' title='bbox 1404 4061 1458 4122; x_wconf 86' lang='lat'><strong>6,</strong></span> <span class='ocrx_word' id='word_1_346' title='bbox 1493 4062 1572 4114; x_wconf 83' lang='lat' dir='ltr'><strong>vel</strong></span> <span class='ocrx_word' id='word_1_347' title='bbox 1601 4061 1668 4113; x_wconf 90' lang='lat' dir='ltr'><strong>de</strong></span> <span class='ocrx_word' id='word_1_348' title='bbox 1700 4061 1762 4113; x_wconf 87' lang='lat' dir='ltr'><strong>iis</strong></span> 
     </span>
    </p>
   </div>
   <div class='ocr_carea' id='block_1_46' title="bbox 204 4125 1761 4196">
    <p class='ocr_par' dir='ltr' id='par_1_46' title="bbox 204 4125 1761 4196">
     <span class='ocr_line' id='line_1_46' title="bbox 204 4125 1761 4196; baseline 0.005 -21"><span class='ocrx_word' id='word_1_349' title='bbox 204 4125 356 4196; x_wconf 85' lang='lat' dir='ltr'><strong>fusius</strong></span> <span class='ocrx_word' id='word_1_350' title='bbox 385 4130 742 4183; x_wconf 80' lang='lat' dir='ltr'><strong>disserentem</strong></span> <span class='ocrx_word' id='word_1_351' title='bbox 793 4125 888 4196; x_wconf 62' lang='lat' dir='ltr'><strong>pia:</strong></span> <span class='ocrx_word' id='word_1_352' title='bbox 929 4130 1202 4183; x_wconf 61' lang='lat' dir='ltr'><strong>memorias</strong></span> <span class='ocrx_word' id='word_1_353' title='bbox 1245 4125 1571 4184; x_wconf 76' lang='lat' dir='ltr'><strong>cardinalem</strong></span> <span class='ocrx_word' id='word_1_354' title='bbox 1622 4133 1761 4184; x_wconf 81' lang='lat' dir='ltr'><strong>Bona</strong></span> 
     </span>
    </p>
   </div>
   <div class='ocr_carea' id='block_1_47' title="bbox 202 4195 1764 4269">
    <p class='ocr_par' dir='ltr' id='par_1_47' title="bbox 202 4195 1764 4269">
     <span class='ocr_line' id='line_1_47' title="bbox 202 4195 1764 4269; baseline 0.006 -24"><span class='ocrx_word' id='word_1_355' title='bbox 202 4195 282 4249; x_wconf 85' lang='lat' dir='ltr'><strong>lib.</strong></span> <span class='ocrx_word' id='word_1_356' title='bbox 310 4213 324 4250; x_wconf 93' lang='grc' dir='ltr'><strong>ι</strong></span> <span class='ocrx_word' id='word_1_357' title='bbox 359 4199 560 4252; x_wconf 75' lang='lat' dir='ltr'><strong>Rerum</strong></span> <span class='ocrx_word' id='word_1_358' title='bbox 592 4195 867 4266; x_wconf 86' lang='lat' dir='ltr'><strong>Liturgic.,</strong></span> <span class='ocrx_word' id='word_1_359' title='bbox 899 4214 1016 4265; x_wconf 85' lang='lat' dir='ltr'><strong>cap.</strong></span> <span class='ocrx_word' id='word_1_360' title='bbox 1051 4201 1116 4253; x_wconf 78' lang='grc'>15</span> <span class='ocrx_word' id='word_1_361' title='bbox 1146 4210 1200 4254; x_wconf 80' lang='lat' dir='ltr'><strong>et</strong></span> <span class='ocrx_word' id='word_1_362' title='bbox 1229 4201 1764 4269; x_wconf 43' lang='lat' dir='ltr'><strong>sequentibusrCave</strong></span> 
     </span>
    </p>
   </div>
   <div class='ocr_carea' id='block_1_48' title="bbox 201 4268 1762 4340">
    <p class='ocr_par' dir='ltr' id='par_1_48' title="bbox 201 4268 1762 4340">
     <span class='ocr_line' id='line_1_48' title="bbox 201 4268 1762 4340; baseline 0.003 -22"><span class='ocrx_word' id='word_1_363' title='bbox 201 4277 364 4340; x_wconf 69' lang='lat' dir='ltr'><strong>autem</strong></span> <span class='ocrx_word' id='word_1_364' title='bbox 417 4286 487 4322; x_wconf 90' lang='lat' dir='ltr'><strong>ne</strong></span> <span class='ocrx_word' id='word_1_365' title='bbox 531 4272 824 4340; x_wconf 83' lang='lat' dir='ltr'><strong>confundas</strong></span> <span class='ocrx_word' id='word_1_366' title='bbox 870 4269 1021 4340; x_wconf 90' lang='lat' dir='ltr'><strong>hunc</strong></span> <span class='ocrx_word' id='word_1_367' title='bbox 1068 4268 1347 4339; x_wconf 85' lang='lat' dir='ltr'><strong>hymnum,</strong></span> <span class='ocrx_word' id='word_1_368' title='bbox 1395 4286 1550 4340; x_wconf 88' lang='lat' dir='ltr'><strong>quem</strong></span> <span class='ocrx_word' id='word_1_369' title='bbox 1595 4268 1762 4323; x_wconf 64' lang='lat' dir='ltr'><strong>Graeci</strong></span> 
     </span>
    </p>
   </div>
   <div class='ocr_carea' id='block_1_49' title="bbox 204 4337 1763 4409">
    <p class='ocr_par' dir='ltr' id='par_1_49' title="bbox 204 4337 1763 4409">
     <span class='ocr_line' id='line_1_49' title="bbox 204 4337 1763 4409; baseline 0.003 -23"><span class='ocrx_word' id='word_1_370' title='bbox 204 4337 424 4392; x_wconf 71' lang='grc' dir='ltr'><strong>ἐπινίκιον</strong></span> <span class='ocrx_word' id='word_1_371' title='bbox 472 4354 567 4392; x_wconf 88' lang='lat' dir='ltr'><strong>seu</strong></span> <span class='ocrx_word' id='word_1_372' title='bbox 599 4338 954 4408; x_wconf 79' lang='lat' dir='ltr'><strong>triumphalem</strong></span> <span class='ocrx_word' id='word_1_373' title='bbox 999 4337 1292 4407; x_wconf 83' lang='lat' dir='ltr'><strong>appellant,</strong></span> <span class='ocrx_word' id='word_1_374' title='bbox 1340 4337 1424 4395; x_wconf 49' lang='lat' dir='ltr'><strong>de&#39;</strong></span> <span class='ocrx_word' id='word_1_375' title='bbox 1457 4356 1562 4409; x_wconf 90' lang='lat' dir='ltr'><strong>quo</strong></span> <span class='ocrx_word' id='word_1_376' title='bbox 1605 4340 1763 4392; x_wconf 89' lang='lat' dir='ltr'><strong>Isaias</strong></span> 
     </span>
    </p>
   </div>
   <div class='ocr_carea' id='block_1_50' title="bbox 199 4410 1764 4480">
    <p class='ocr_par' dir='ltr' id='par_1_50' title="bbox 199 4410 1764 4480">
     <span class='ocr_line' id='line_1_50' title="bbox 199 4410 1764 4480; baseline 0.003 -22"><span class='ocrx_word' id='word_1_377' title='bbox 199 4418 304 4474; x_wconf 83' lang='lat' dir='ltr'><strong>cap.</strong></span> <span class='ocrx_word' id='word_1_378' title='bbox 337 4425 410 4480; x_wconf 79' lang='lat' dir='ltr'><strong>vt,</strong></span> <span class='ocrx_word' id='word_1_379' title='bbox 437 4418 516 4480; x_wconf 15' lang='lat' dir='ltr'><strong>iet</strong></span> <span class='ocrx_word' id='word_1_380' title='bbox 557 4410 788 4463; x_wconf 81' lang='lat' dir='ltr'><strong>Joannes</strong></span> <span class='ocrx_word' id='word_1_381' title='bbox 840 4410 901 4480; x_wconf 85' lang='lat' dir='ltr'><strong>in</strong></span> <span class='ocrx_word' id='word_1_382' title='bbox 945 4411 1256 4480; x_wconf 75' lang='lat' dir='ltr'><strong>Apocalypsi</strong></span> <span class='ocrx_word' id='word_1_383' title='bbox 1289 4426 1404 4477; x_wconf 85' lang='lat' dir='ltr'><strong>cap.</strong></span> <span class='ocrx_word' id='word_1_384' title='bbox 1438 4426 1508 4477; x_wconf 89' lang='lat' dir='ltr'><strong>tv,</strong></span> <span class='ocrx_word' id='word_1_385' title='bbox 1535 4427 1654 4463; x_wconf 93' lang='lat' dir='ltr'><strong>cutn</strong></span> <span class='ocrx_word' id='word_1_386' title='bbox 1700 4427 1764 4463; x_wconf 90' lang='lat' dir='ltr'><strong>eo</strong></span> 
     </span>
    </p>
   </div>
   <div class='ocr_carea' id='block_1_51' title="bbox 202 4479 1759 4554">
    <p class='ocr_par' dir='ltr' id='par_1_51' title="bbox 202 4479 1759 4554">
     <span class='ocr_line' id='line_1_51' title="bbox 202 4479 1759 4554; baseline 0 -24"><span class='ocrx_word' id='word_1_387' title='bbox 202 4479 542 4554; x_wconf 68' lang='lat' dir='ltr'><strong>quemiidem</strong></span> <span class='ocrx_word' id='word_1_388' title='bbox 572 4481 832 4554; x_wconf 63' lang='grc' dir='ltr'><strong>τρισᾲγιον</strong></span> <span class='ocrx_word' id='word_1_389' title='bbox 876 4479 1396 4554; x_wconf 71' lang='lat' dir='ltr'><strong>dicunt;_quemque</strong></span> <span class='ocrx_word' id='word_1_390' title='bbox 1440 4481 1512 4533; x_wconf 88' lang='lat' dir='ltr'><strong>illi</strong></span> <span class='ocrx_word' id='word_1_391' title='bbox 1545 4481 1759 4554; x_wconf 63' lang='lat' dir='ltr'><strong>saepius,</strong></span> 
     </span>
    </p>
   </div>
   <div class='ocr_carea' id='block_1_52' title="bbox 202 4543 1759 4609">
    <p class='ocr_par' dir='ltr' id='par_1_52' title="bbox 202 4543 1759 4609">
     <span class='ocr_line' id='line_1_52' title="bbox 202 4543 1759 4609; baseline 0.004 -13"><span class='ocrx_word' id='word_1_392' title='bbox 202 4543 363 4602; x_wconf 83' lang='lat' dir='ltr'><strong>Latini</strong></span> <span class='ocrx_word' id='word_1_393' title='bbox 397 4566 530 4602; x_wconf 90' lang='lat' dir='ltr'><strong>vero</strong></span> <span class='ocrx_word' id='word_1_394' title='bbox 555 4543 802 4602; x_wconf 63' lang='lat' dir='ltr'><strong>se&#39;mel&#39;in</strong></span> <span class='ocrx_word' id='word_1_395' title='bbox 832 4563 992 4609; x_wconf 90' lang='lat' dir='ltr'><strong>anno.</strong></span> <span class='ocrx_word' id='word_1_396' title='bbox 1023 4543 1163 4603; x_wconf 56' lang='lat' dir='ltr'><strong>feria&#39;</strong></span> <span class='ocrx_word' id='word_1_397' title='bbox 1191 4543 1394 4604; x_wconf 80' lang='lat' dir='ltr'><strong>scilicet</strong></span> <span class='ocrx_word' id='word_1_398' title='bbox 1420 4561 1568 4604; x_wconf 78' lang='lat' dir='ltr'><strong>sexta</strong></span> <span class='ocrx_word' id='word_1_399' title='bbox 1601 4543 1759 4603; x_wconf 78' lang='lat' dir='ltr'><strong>Para-</strong></span> 
     </span>
    </p>
   </div>
   <div class='ocr_carea' id='block_1_53' title="bbox 200 4619 1766 4688">
    <p class='ocr_par' dir='ltr' id='par_1_53' title="bbox 200 4619 1766 4688">
     <span class='ocr_line' id='line_1_53' title="bbox 200 4619 1766 4688; baseline 0.002 -20"><span class='ocrx_word' id='word_1_400' title='bbox 200 4630 396 4688; x_wconf 66' lang='lat' dir='ltr'><strong>sceves,</strong></span> <span class='ocrx_word' id='word_1_401' title='bbox 431 4632 650 4672; x_wconf 84' lang='lat' dir='ltr'><strong>cantare</strong></span> <span class='ocrx_word' id='word_1_402' title='bbox 686 4620 878 4672; x_wconf 84' lang='lat' dir='ltr'><strong>solent.</strong></span> <span class='ocrx_word' id='word_1_403' title='bbox 914 4619 1133 4672; x_wconf 85' lang='lat' dir='ltr'><strong>Sanctus</strong></span> <span class='ocrx_word' id='word_1_404' title='bbox 1182 4620 1339 4684; x_wconf 84' lang='lat' dir='ltr'><strong>Deus,</strong></span> <span class='ocrx_word' id='word_1_405' title='bbox 1383 4630 1608 4683; x_wconf 74' lang='lat' dir='ltr'><strong>sanctus,</strong></span> <span class='ocrx_word' id='word_1_406' title='bbox 1660 4621 1766 4688; x_wconf 78' lang='lat' dir='ltr'><strong>for-</strong></span> 
     </span>
    </p>
   </div>
   <div class='ocr_carea' id='block_1_54' title="bbox 201 4686 1762 4757">
    <p class='ocr_par' dir='ltr' id='par_1_54' title="bbox 201 4686 1762 4757">
     <span class='ocr_line' id='line_1_54' title="bbox 201 4686 1762 4757; baseline 0.003 -21"><span class='ocrx_word' id='word_1_407' title='bbox 201 4686 274 4757; x_wconf 78' lang='lat' dir='ltr'><strong>tis,</strong></span> <span class='ocrx_word' id='word_1_408' title='bbox 304 4698 408 4740; x_wconf 84' lang='lat' dir='ltr'><strong>etc.</strong></span> <span class='ocrx_word' id='word_1_409' title='bbox 437 4689 513 4742; x_wconf 92' lang='lat' dir='ltr'><strong>De</strong></span> <span class='ocrx_word' id='word_1_410' title='bbox 535 4690 616 4741; x_wconf 89' lang='lat' dir='ltr'><strong>his</strong></span> <span class='ocrx_word' id='word_1_411' title='bbox 636 4691 853 4742; x_wconf 82' lang='lat' dir='ltr'><strong>consule</strong></span> <span class='ocrx_word' id='word_1_412' title='bbox 877 4699 1114 4742; x_wconf 90' lang='lat' dir='ltr'><strong>nostrum</strong></span> <span class='ocrx_word' id='word_1_413' title='bbox 1147 4691 1417 4757; x_wconf 83' lang='lat' dir='ltr'><strong>llngonem</strong></span> <span class='ocrx_word' id='word_1_414' title='bbox 1454 4686 1762 4743; x_wconf 82' lang='lat' dir='ltr'><strong>Menardunt</strong></span> 
     </span>
    </p>
   </div>
   <div class='ocr_carea' id='block_1_55' title="bbox 201 4754 1756 4828">
    <p class='ocr_par' dir='ltr' id='par_1_55' title="bbox 201 4754 1756 4828">
     <span class='ocr_line' id='line_1_55' title="bbox 201 4754 1756 4828; baseline 0.005 -24"><span class='ocrx_word' id='word_1_415' title='bbox 201 4754 246 4828; x_wconf 69' lang='lat' dir='ltr'><strong>in</strong></span> <span class='ocrx_word' id='word_1_416' title='bbox 277 4758 412 4828; x_wconf 83' lang='lat' dir='ltr'><strong>notis</strong></span> <span class='ocrx_word' id='word_1_417' title='bbox 446 4761 511 4810; x_wconf 86' lang='lat' dir='ltr'><strong>ad</strong></span> <span class='ocrx_word' id='word_1_418' title='bbox 553 4759 1026 4812; x_wconf 85' lang='lat' dir='ltr'><strong>sacramentariutu</strong></span> <span class='ocrx_word' id='word_1_419' title='bbox 1070 4754 1477 4828; x_wconf 48' lang='lat' dir='ltr'><strong>Grego&#39;rianutn,</strong></span> <span class='ocrx_word' id='word_1_420' title='bbox 1516 4775 1631 4828; x_wconf 82' lang='lat' dir='ltr'><strong>pag.</strong></span> <span class='ocrx_word' id='word_1_421' title='bbox 1669 4761 1756 4826; x_wconf 80' lang='grc'>10,</span> 
     </span>
    </p>
   </div>
   <div class='ocr_carea' id='block_1_56' title="bbox 200 4824 1414 4883">
    <p class='ocr_par' dir='ltr' id='par_1_56' title="bbox 200 4824 1414 4883">
     <span class='ocr_line' id='line_1_56' title="bbox 200 4824 1414 4883; baseline 0.006 -9"><span class='ocrx_word' id='word_1_422' title='bbox 200 4824 258 4877; x_wconf 90' lang='lat' dir='ltr'><strong>de</strong></span> <span class='ocrx_word' id='word_1_423' title='bbox 284 4827 363 4880; x_wconf 82' lang='lat' dir='ltr'><strong>his</strong></span> <span class='ocrx_word' id='word_1_424' title='bbox 395 4828 556 4882; x_wconf 88' lang='lat' dir='ltr'><strong>rebus</strong></span> <span class='ocrx_word' id='word_1_425' title='bbox 583 4830 698 4882; x_wconf 85' lang='lat' dir='ltr'><strong>fuse</strong></span> <span class='ocrx_word' id='word_1_426' title='bbox 723 4838 774 4883; x_wconf 90' lang='lat' dir='ltr'><strong>et</strong></span> <span class='ocrx_word' id='word_1_427' title='bbox 799 4829 1006 4882; x_wconf 83' lang='lat' dir='ltr'><strong>erudite</strong></span> <span class='ocrx_word' id='word_1_428' title='bbox 1041 4824 1414 4883; x_wconf 70' lang='lat' dir='ltr'><strong>disserentem.</strong></span> 
     </span>
    </p>
   </div>
   <div class='ocr_carea' id='block_1_57' title="bbox 1865 512 2688 569">
    <p class='ocr_par' dir='ltr' id='par_1_57' title="bbox 1865 512 2688 569">
     <span class='ocr_line' id='line_1_57' title="bbox 1865 512 2688 569; baseline -0.002 -1"><span class='ocrx_word' id='word_1_429' title='bbox 1865 515 1966 569; x_wconf 84' lang='lat' dir='ltr'><strong>sibi</strong></span> <span class='ocrx_word' id='word_1_430' title='bbox 1990 518 2118 568; x_wconf 84' lang='lat' dir='ltr'><strong>satis</strong></span> <span class='ocrx_word' id='word_1_431' title='bbox 2151 515 2216 567; x_wconf 91' lang='lat' dir='ltr'><strong>de</strong></span> <span class='ocrx_word' id='word_1_432' title='bbox 2247 515 2419 568; x_wconf 89' lang='lat' dir='ltr'><strong>salute</strong></span> <span class='ocrx_word' id='word_1_433' title='bbox 2440 512 2688 567; x_wconf 88' lang='lat' dir='ltr'><strong>conﬁdat.</strong></span> 
     </span>
    </p>
   </div>
   <div class='ocr_carea' id='block_1_58' title="bbox 1935 603 3430 673">
    <p class='ocr_par' dir='ltr' id='par_1_58' title="bbox 1935 603 3430 673">
     <span class='ocr_line' id='line_1_58' title="bbox 1935 603 3430 673; baseline -0.002 -15"><span class='ocrx_word' id='word_1_434' title='bbox 1935 603 2121 658; x_wconf 74' lang='lat' dir='ltr'><strong>XXlll.</strong></span> <span class='ocrx_word' id='word_1_435' title='bbox 2143 604 2223 660; x_wconf 91' lang='lat' dir='ltr'><strong>Sit</strong></span> <span class='ocrx_word' id='word_1_436' title='bbox 2251 619 2379 673; x_wconf 86' lang='lat' dir='ltr'><strong>ergo</strong></span> <span class='ocrx_word' id='word_1_437' title='bbox 2410 604 2560 658; x_wconf 84' lang='lat' dir='ltr'><strong>nobis</strong></span> <span class='ocrx_word' id='word_1_438' title='bbox 2584 606 2872 659; x_wconf 88' lang='lat' dir='ltr'><strong>secundum</strong></span> <span class='ocrx_word' id='word_1_439' title='bbox 2900 605 3149 659; x_wconf 88' lang='lat' dir='ltr'><strong>salutaris</strong></span> <span class='ocrx_word' id='word_1_440' title='bbox 3181 603 3430 673; x_wconf 85' lang='lat' dir='ltr'><strong>baptismi</strong></span> 
     </span>
    </p>
   </div>
   <div class='ocr_carea' id='block_1_59' title="bbox 1867 694 3430 764">
    <p class='ocr_par' dir='ltr' id='par_1_59' title="bbox 1867 694 3430 764">
     <span class='ocr_line' id='line_1_59' title="bbox 1867 694 3430 764; baseline 0.001 -16"><span class='ocrx_word' id='word_1_441' title='bbox 1867 695 2255 748; x_wconf 82' lang='lat' dir='ltr'><strong>enttfessiotiem</strong></span> <span class='ocrx_word' id='word_1_442' title='bbox 2283 696 2411 749; x_wconf 87' lang='lat' dir='ltr'><strong>ﬁdes</strong></span> <span class='ocrx_word' id='word_1_443' title='bbox 2440 694 2644 764; x_wconf 85' lang='lat' dir='ltr'><strong>integra</strong></span> <span class='ocrx_word' id='word_1_444' title='bbox 2676 695 2969 763; x_wconf 88' lang='lat' dir='ltr'><strong>Trinitatis,</strong></span> <span class='ocrx_word' id='word_1_445' title='bbox 2997 699 3065 751; x_wconf 89' lang='lat' dir='ltr'><strong>sit</strong></span> <span class='ocrx_word' id='word_1_446' title='bbox 3093 713 3194 750; x_wconf 91' lang='lat' dir='ltr'><strong>una</strong></span> <span class='ocrx_word' id='word_1_447' title='bbox 3217 698 3430 751; x_wconf 85' lang='lat' dir='ltr'><strong>devotio</strong></span> 
     </span>
    </p>
   </div>
   <div class='ocr_carea' id='block_1_60' title="bbox 1867 787 3432 857">
    <p class='ocr_par' dir='ltr' id='par_1_60' title="bbox 1867 787 3432 857">
     <span class='ocr_line' id='line_1_60' title="bbox 1867 787 3432 857; baseline 0.003 -19"><span class='ocrx_word' id='word_1_448' title='bbox 1867 787 2078 854; x_wconf 81' lang='lat' dir='ltr'><strong>pietatis</strong></span> <span class='ocrx_word' id='word_1_449' title='bbox 2109 804 2122 840; x_wconf 94' lang='lat'><strong>:</strong></span> <span class='ocrx_word' id='word_1_450' title='bbox 2156 803 2254 842; x_wconf 91' lang='lat' dir='ltr'><strong>nec</strong></span> <span class='ocrx_word' id='word_1_451' title='bbox 2279 802 2427 843; x_wconf 93' lang='lat' dir='ltr'><strong>more</strong></span> <span class='ocrx_word' id='word_1_452' title='bbox 2448 788 2723 857; x_wconf 84' lang='lat' dir='ltr'><strong>gentilium</strong></span> <span class='ocrx_word' id='word_1_453' title='bbox 2749 799 3069 856; x_wconf 84' lang='lat' dir='ltr'><strong>potestatum</strong></span> <span class='ocrx_word' id='word_1_454' title='bbox 3098 789 3432 844; x_wconf 70' lang='lat' dir='ltr'><strong>diversitates</strong></span> 
     </span>
    </p>
   </div>
   <div class='ocr_carea' id='block_1_61' title="bbox 1865 879 3430 948">
    <p class='ocr_par' dir='ltr' id='par_1_61' title="bbox 1865 879 3430 948">
     <span class='ocr_line' id='line_1_61' title="bbox 1865 879 3430 948; baseline 0.001 -19"><span class='ocrx_word' id='word_1_455' title='bbox 1865 879 2168 945; x_wconf 81' lang='lat' dir='ltr'><strong>Opinemur,</strong></span> <span class='ocrx_word' id='word_1_456' title='bbox 2198 887 2291 931; x_wconf 91' lang='lat' dir='ltr'><strong>aut</strong></span> <span class='ocrx_word' id='word_1_457' title='bbox 2321 888 2622 932; x_wconf 90' lang='lat' dir='ltr'><strong>creaturam</strong></span> <span class='ocrx_word' id='word_1_458' title='bbox 2673 889 2927 948; x_wconf 89' lang='lat' dir='ltr'><strong>quantum</strong></span> <span class='ocrx_word' id='word_1_459' title='bbox 2968 879 3032 932; x_wconf 89' lang='lat' dir='ltr'><strong>ad</strong></span> <span class='ocrx_word' id='word_1_460' title='bbox 3080 881 3332 933; x_wconf 88' lang='lat' dir='ltr'><strong>deitatem</strong></span> <span class='ocrx_word' id='word_1_461' title='bbox 3379 881 3430 933; x_wconf 92' lang='lat' dir='ltr'><strong>in</strong></span> 
     </span>
    </p>
   </div>
   <div class='ocr_carea' id='block_1_62' title="bbox 1868 966 3432 1036">
    <p class='ocr_par' dir='ltr' id='par_1_62' title="bbox 1868 966 3432 1036">
     <span class='ocr_line' id='line_1_62' title="bbox 1868 966 3432 1036; baseline 0.002 -17"><span class='ocrx_word' id='word_1_462' title='bbox 1868 966 2128 1020; x_wconf 80' lang='lat' dir='ltr'><strong>Trinitate</strong></span> <span class='ocrx_word' id='word_1_463' title='bbox 2159 971 2510 1036; x_wconf 81' lang='lat' dir='ltr'><strong>suspicemur.</strong></span> <span class='ocrx_word' id='word_1_464' title='bbox 2559 968 2665 1022; x_wconf 89' lang='lat' dir='ltr'><strong>Sed</strong></span> <span class='ocrx_word' id='word_1_465' title='bbox 2698 985 2797 1023; x_wconf 90' lang='lat' dir='ltr'><strong>nec</strong></span> <span class='ocrx_word' id='word_1_466' title='bbox 2842 968 3148 1022; x_wconf 73' lang='lat' dir='ltr'><strong>Judzeorutn</strong></span> <span class='ocrx_word' id='word_1_467' title='bbox 3181 971 3432 1023; x_wconf 83' lang='lat' dir='ltr'><strong>seandalo</strong></span> 
     </span>
    </p>
   </div>
   <div class='ocr_carea' id='block_1_63' title="bbox 1866 1059 3430 1130">
    <p class='ocr_par' dir='ltr' id='par_1_63' title="bbox 1866 1059 3430 1130">
     <span class='ocr_line' id='line_1_63' title="bbox 1866 1059 3430 1130; baseline 0.003 -20"><span class='ocrx_word' id='word_1_468' title='bbox 1866 1074 2198 1124; x_wconf 88' lang='lat' dir='ltr'><strong>moveamur,</strong></span> <span class='ocrx_word' id='word_1_469' title='bbox 2227 1062 2312 1128; x_wconf 89' lang='lat' dir='ltr'><strong>qui</strong></span> <span class='ocrx_word' id='word_1_470' title='bbox 2341 1059 2528 1112; x_wconf 89' lang='lat' dir='ltr'><strong>Filium</strong></span> <span class='ocrx_word' id='word_1_471' title='bbox 2563 1060 2654 1113; x_wconf 86' lang='lat' dir='ltr'><strong>Dei</strong></span> <span class='ocrx_word' id='word_1_472' title='bbox 2687 1060 2790 1130; x_wconf 79' lang='lat'><strong>33</strong></span> <span class='ocrx_word' id='word_1_473' title='bbox 2810 1069 3024 1129; x_wconf 88' lang='lat' dir='ltr'><strong>negant,</strong></span> <span class='ocrx_word' id='word_1_474' title='bbox 3055 1061 3145 1130; x_wconf 88' lang='lat' dir='ltr'><strong>qui</strong></span> <span class='ocrx_word' id='word_1_475' title='bbox 3174 1061 3430 1130; x_wconf 90' lang='lat' dir='ltr'><strong>Spiritum</strong></span> 
     </span>
    </p>
   </div>
   <div class='ocr_carea' id='block_1_64' title="bbox 1865 1150 3430 1220">
    <p class='ocr_par' dir='ltr' id='par_1_64' title="bbox 1865 1150 3430 1220">
     <span class='ocr_line' id='line_1_64' title="bbox 1865 1150 3430 1220; baseline 0.003 -18"><span class='ocrx_word' id='word_1_476' title='bbox 1865 1160 2108 1202; x_wconf 88' lang='lat' dir='ltr'><strong>sanctum</strong></span> <span class='ocrx_word' id='word_1_477' title='bbox 2159 1166 2262 1202; x_wconf 87' lang='lat' dir='ltr'><strong>non</strong></span> <span class='ocrx_word' id='word_1_478' title='bbox 2303 1150 2560 1215; x_wconf 81' lang='lat' dir='ltr'><strong>ad0iant;</strong></span> <span class='ocrx_word' id='word_1_479' title='bbox 2593 1151 2687 1204; x_wconf 91' lang='lat' dir='ltr'><strong>sed</strong></span> <span class='ocrx_word' id='word_1_480' title='bbox 2722 1151 2895 1219; x_wconf 88' lang='lat' dir='ltr'><strong>potius</strong></span> <span class='ocrx_word' id='word_1_481' title='bbox 2927 1151 3216 1220; x_wconf 82' lang='lat' dir='ltr'><strong>perfectam</strong></span> <span class='ocrx_word' id='word_1_482' title='bbox 3247 1153 3430 1208; x_wconf 85' lang='lat' dir='ltr'><strong>Trini-</strong></span> 
     </span>
    </p>
   </div>
   <div class='ocr_carea' id='block_1_65' title="bbox 1869 1241 3432 1317">
    <p class='ocr_par' dir='ltr' id='par_1_65' title="bbox 1869 1241 3432 1317">
     <span class='ocr_line' id='line_1_65' title="bbox 1869 1241 3432 1317; baseline 0.003 -22"><span class='ocrx_word' id='word_1_483' title='bbox 1869 1249 2030 1295; x_wconf 91' lang='lat' dir='ltr'><strong>tatem</strong></span> <span class='ocrx_word' id='word_1_484' title='bbox 2058 1241 2348 1295; x_wconf 84' lang='lat' dir='ltr'><strong>adurantes</strong></span> <span class='ocrx_word' id='word_1_485' title='bbox 2397 1253 2450 1295; x_wconf 91' lang='lat' dir='ltr'><strong>et</strong></span> <span class='ocrx_word' id='word_1_486' title='bbox 2474 1243 2891 1311; x_wconf 86' lang='lat' dir='ltr'><strong>magniﬁcantes,</strong></span> <span class='ocrx_word' id='word_1_487' title='bbox 2923 1244 3059 1297; x_wconf 91' lang='lat' dir='ltr'><strong>sicut</strong></span> <span class='ocrx_word' id='word_1_488' title='bbox 3085 1255 3106 1282; x_wconf 82' lang='grc' dir='ltr'><strong>ο</strong></span> <span class='ocrx_word' id='word_1_489' title='bbox 3139 1247 3190 1298; x_wconf 93' lang='lat' dir='ltr'><strong>in</strong></span> <span class='ocrx_word' id='word_1_490' title='bbox 3235 1257 3432 1317; x_wconf 85' lang='lat' dir='ltr'><strong>mystc-</strong></span> 
     </span>
    </p>
   </div>
   <div class='ocr_carea' id='block_1_66' title="bbox 1864 1330 3428 1400">
    <p class='ocr_par' dir='ltr' id='par_1_66' title="bbox 1864 1330 3428 1400">
     <span class='ocr_line' id='line_1_66' title="bbox 1864 1330 3428 1400; baseline 0.003 -17"><span class='ocrx_word' id='word_1_491' title='bbox 1864 1330 1955 1383; x_wconf 87' lang='lat' dir='ltr'><strong>riis</strong></span> <span class='ocrx_word' id='word_1_492' title='bbox 1977 1346 2074 1384; x_wconf 83' lang='lat' dir='ltr'><strong>ore</strong></span> <span class='ocrx_word' id='word_1_493' title='bbox 2121 1342 2306 1384; x_wconf 84' lang='lat' dir='ltr'><strong>nostro</strong></span> <span class='ocrx_word' id='word_1_494' title='bbox 2347 1331 2594 1396; x_wconf 89' lang='lat' dir='ltr'><strong>dicimus,</strong></span> <span class='ocrx_word' id='word_1_495' title='bbox 2630 1332 2698 1385; x_wconf 89' lang='lat' dir='ltr'><strong>ita</strong></span> <span class='ocrx_word' id='word_1_496' title='bbox 2750 1334 3075 1387; x_wconf 87' lang='lat' dir='ltr'><strong>conscientia</strong></span> <span class='ocrx_word' id='word_1_497' title='bbox 3132 1344 3428 1400; x_wconf 88' lang='lat' dir='ltr'><strong>teneamus,</strong></span> 
     </span>
    </p>
   </div>
   <div class='ocr_carea' id='block_1_67' title="bbox 1865 1421 3431 1487">
    <p class='ocr_par' dir='ltr' id='par_1_67' title="bbox 1865 1421 3431 1487">
     <span class='ocr_line' id='line_1_67' title="bbox 1865 1421 3431 1487; baseline 0.004 -12"><span class='ocrx_word' id='word_1_498' title='bbox 1865 1421 2108 1487; x_wconf 86' lang='lat' dir='ltr'><strong>Sanctus,</strong></span> <span class='ocrx_word' id='word_1_499' title='bbox 2133 1421 2377 1485; x_wconf 84' lang='lat' dir='ltr'><strong>Sanctus,</strong></span> <span class='ocrx_word' id='word_1_500' title='bbox 2395 1421 2616 1476; x_wconf 86' lang='lat' dir='ltr'><strong>Sanctus</strong></span> <span class='ocrx_word' id='word_1_501' title='bbox 2635 1422 2882 1477; x_wconf 81' lang='lat' dir='ltr'><strong>Dominus</strong></span> <span class='ocrx_word' id='word_1_502' title='bbox 2913 1424 3052 1478; x_wconf 76' lang='lat' dir='ltr'><strong>Deus</strong></span> <span class='ocrx_word' id='word_1_503' title='bbox 3071 1427 3301 1481; x_wconf 85' lang='lat' dir='ltr'><strong>sabaoth.</strong></span> <span class='ocrx_word' id='word_1_504' title='bbox 3327 1427 3431 1482; x_wconf 85' lang='lat' dir='ltr'><strong>Ter</strong></span> 
     </span>
    </p>
   </div>
   <div class='ocr_carea' id='block_1_68' title="bbox 1863 1511 3427 1582">
    <p class='ocr_par' dir='ltr' id='par_1_68' title="bbox 1863 1511 3427 1582">
     <span class='ocr_line' id='line_1_68' title="bbox 1863 1511 3427 1582; baseline 0.004 -19"><span class='ocrx_word' id='word_1_505' title='bbox 1863 1511 2104 1565; x_wconf 87' lang='lat' dir='ltr'><strong>dicentes</strong></span> <span class='ocrx_word' id='word_1_506' title='bbox 2145 1511 2366 1565; x_wconf 77' lang='lat' dir='ltr'><strong>Sanctus</strong></span> <span class='ocrx_word' id='word_1_507' title='bbox 2411 1527 2564 1566; x_wconf 87' lang='lat' dir='ltr'><strong>unam</strong></span> <span class='ocrx_word' id='word_1_508' title='bbox 2608 1513 3046 1581; x_wconf 87' lang='lat' dir='ltr'><strong>omnipotentiam</strong></span> <span class='ocrx_word' id='word_1_509' title='bbox 3087 1516 3427 1582; x_wconf 88' lang='lat' dir='ltr'><strong>conﬁtemur,</strong></span> 
     </span>
    </p>
   </div>
   <div class='ocr_carea' id='block_1_69' title="bbox 1862 1601 3430 1672">
    <p class='ocr_par' dir='ltr' id='par_1_69' title="bbox 1862 1601 3430 1672">
     <span class='ocr_line' id='line_1_69' title="bbox 1862 1601 3430 1672; baseline 0.004 -18"><span class='ocrx_word' id='word_1_510' title='bbox 1862 1601 1984 1668; x_wconf 90' lang='lat' dir='ltr'><strong>quia</strong></span> <span class='ocrx_word' id='word_1_511' title='bbox 2010 1617 2110 1654; x_wconf 91' lang='lat' dir='ltr'><strong>una</strong></span> <span class='ocrx_word' id='word_1_512' title='bbox 2155 1611 2234 1655; x_wconf 91' lang='lat' dir='ltr'><strong>est</strong></span> <span class='ocrx_word' id='word_1_513' title='bbox 2287 1601 2489 1670; x_wconf 80' lang='lat' dir='ltr'><strong>religio,</strong></span> <span class='ocrx_word' id='word_1_514' title='bbox 2526 1617 2630 1656; x_wconf 88' lang='lat' dir='ltr'><strong>una</strong></span> <span class='ocrx_word' id='word_1_515' title='bbox 2682 1603 2999 1671; x_wconf 85' lang='lat' dir='ltr'><strong>gloriﬁcatio</strong></span> <span class='ocrx_word' id='word_1_516' title='bbox 3042 1605 3340 1672; x_wconf 86' lang='lat' dir='ltr'><strong>Trinitatis,</strong></span> <span class='ocrx_word' id='word_1_517' title='bbox 3375 1616 3430 1660; x_wconf 86' lang='lat' dir='ltr'><strong>ut</strong></span> 
     </span>
    </p>
   </div>
   <div class='ocr_carea' id='block_1_70' title="bbox 1861 1689 3425 1762">
    <p class='ocr_par' dir='ltr' id='par_1_70' title="bbox 1861 1689 3425 1762">
     <span class='ocr_line' id='line_1_70' title="bbox 1861 1689 3425 1762; baseline 0.005 -21"><span class='ocrx_word' id='word_1_518' title='bbox 1861 1689 2142 1744; x_wconf 87' lang='lat' dir='ltr'><strong>audiamus</strong></span> <span class='ocrx_word' id='word_1_519' title='bbox 2174 1691 2242 1744; x_wconf 90' lang='lat' dir='ltr'><strong>ab</strong></span> <span class='ocrx_word' id='word_1_520' title='bbox 2285 1693 2561 1762; x_wconf 86' lang='lat' dir='ltr'><strong>Apostolo,</strong></span> <span class='ocrx_word' id='word_1_521' title='bbox 2609 1693 2746 1746; x_wconf 89' lang='lat' dir='ltr'><strong>sicut</strong></span> <span class='ocrx_word' id='word_1_522' title='bbox 2793 1694 3076 1749; x_wconf 77' lang='lat' dir='ltr'><strong>audierunt</strong></span> <span class='ocrx_word' id='word_1_523' title='bbox 3121 1697 3425 1751; x_wconf 59' lang='lat' dir='ltr'><strong>Corinthii:</strong></span> 
     </span>
    </p>
   </div>
   <div class='ocr_carea' id='block_1_71' title="bbox 1863 1778 3428 1849">
    <p class='ocr_par' dir='ltr' id='par_1_71' title="bbox 1863 1778 3428 1849">
     <span class='ocr_line' id='line_1_71' title="bbox 1863 1778 3428 1849; baseline 0.004 -18"><span class='ocrx_word' id='word_1_524' title='bbox 1863 1778 2040 1831; x_wconf 82' lang='lat' dir='ltr'><strong>Gratia</strong></span> <span class='ocrx_word' id='word_1_525' title='bbox 2089 1779 2290 1832; x_wconf 87' lang='lat' dir='ltr'><strong>Domini</strong></span> <span class='ocrx_word' id='word_1_526' title='bbox 2331 1782 2486 1834; x_wconf 83' lang='lat' dir='ltr'><strong>nostri</strong></span> <span class='ocrx_word' id='word_1_527' title='bbox 2528 1781 2655 1834; x_wconf 85' lang='lat' dir='ltr'><strong>Jesu</strong></span> <span class='ocrx_word' id='word_1_528' title='bbox 2684 1781 2894 1848; x_wconf 79' lang='lat' dir='ltr'><strong>Christi,</strong></span> <span class='ocrx_word' id='word_1_529' title='bbox 2925 1793 2971 1837; x_wconf 87' lang='lat' dir='ltr'><strong>et</strong></span> <span class='ocrx_word' id='word_1_530' title='bbox 2999 1787 3201 1838; x_wconf 85' lang='lat' dir='ltr'><strong>dilectio</strong></span> <span class='ocrx_word' id='word_1_531' title='bbox 3236 1787 3348 1849; x_wconf 85' lang='lat' dir='ltr'><strong>Dei,</strong></span> <span class='ocrx_word' id='word_1_532' title='bbox 3380 1801 3428 1840; x_wconf 85' lang='lat' dir='ltr'><strong>et</strong></span> 
     </span>
    </p>
   </div>
   <div class='ocr_carea' id='block_1_72' title="bbox 1862 1873 3426 1940">
    <p class='ocr_par' dir='ltr' id='par_1_72' title="bbox 1862 1873 3426 1940">
     <span class='ocr_line' id='line_1_72' title="bbox 1862 1873 3426 1940; baseline 0.006 -17"><span class='ocrx_word' id='word_1_533' title='bbox 1862 1873 2250 1926; x_wconf 87' lang='lat' dir='ltr'><strong>communicatio</strong></span> <span class='ocrx_word' id='word_1_534' title='bbox 2323 1873 2550 1940; x_wconf 87' lang='lat' dir='ltr'><strong>Spiritus</strong></span> <span class='ocrx_word' id='word_1_535' title='bbox 2621 1878 2782 1928; x_wconf 83' lang='lat' dir='ltr'><strong>sancti</strong></span> <span class='ocrx_word' id='word_1_536' title='bbox 2827 1893 2940 1928; x_wconf 89' lang='lat' dir='ltr'><strong>cum</strong></span> <span class='ocrx_word' id='word_1_537' title='bbox 3006 1880 3234 1931; x_wconf 82' lang='lat' dir='ltr'><strong>omnibus</strong></span> <span class='ocrx_word' id='word_1_538' title='bbox 3288 1881 3426 1932; x_wconf 80' lang='lat' dir='ltr'><strong>vobis</strong></span> 
     </span>
    </p>
   </div>
   <div class='ocr_carea' id='block_1_73' title="bbox 1866 1961 3429 2035">
    <p class='ocr_par' dir='ltr' id='par_1_73' title="bbox 1866 1961 3429 2035">
     <span class='ocr_line' id='line_1_73' title="bbox 1866 1961 3429 2035; baseline 0.004 -20"><span class='ocrx_word' id='word_1_539' title='bbox 1866 1961 1967 2030; x_wconf 86' lang='lat' dir='ltr'><strong>(ll</strong></span> <span class='ocrx_word' id='word_1_540' title='bbox 2000 1962 2118 2016; x_wconf 88' lang='lat' dir='ltr'><strong>Cor.</strong></span> <span class='ocrx_word' id='word_1_541' title='bbox 2147 1979 2257 2028; x_wconf 66' lang='grc' dir='ltr'>χιιι,</span> <span class='ocrx_word' id='word_1_542' title='bbox 2284 1965 2349 2018; x_wconf 82' lang='grc'>15</span> <span class='ocrx_word' id='word_1_543' title='bbox 2372 1964 2412 2031; x_wconf 94' lang='grc'><strong>).</strong></span> <span class='ocrx_word' id='word_1_544' title='bbox 2440 1965 2556 2019; x_wconf 73' lang='lat' dir='ltr'><strong>llzec</strong></span> <span class='ocrx_word' id='word_1_545' title='bbox 2592 1975 2672 2020; x_wconf 66' lang='lat' dir='ltr'><strong>est</strong></span> <span class='ocrx_word' id='word_1_546' title='bbox 2719 1966 2846 2020; x_wconf 82' lang='lat' dir='ltr'><strong>ﬁdes</strong></span> <span class='ocrx_word' id='word_1_547' title='bbox 2876 1975 3079 2033; x_wconf 80' lang='lat' dir='ltr'><strong>nostra,</strong></span> <span class='ocrx_word' id='word_1_548' title='bbox 3110 1969 3429 2035; x_wconf 61' lang='lat' dir='ltr'><strong>evangelicis</strong></span> 
     </span>
    </p>
   </div>
   <div class='ocr_carea' id='block_1_74' title="bbox 1862 2054 3430 2126">
    <p class='ocr_par' dir='ltr' id='par_1_74' title="bbox 1862 2054 3430 2126">
     <span class='ocr_line' id='line_1_74' title="bbox 1862 2054 3430 2126; baseline 0.003 -19"><span class='ocrx_word' id='word_1_549' title='bbox 1862 2062 1918 2107; x_wconf 91' lang='lat' dir='ltr'><strong>et</strong></span> <span class='ocrx_word' id='word_1_550' title='bbox 1963 2055 2266 2122; x_wconf 88' lang='lat' dir='ltr'><strong>apostolicis</strong></span> <span class='ocrx_word' id='word_1_551' title='bbox 2316 2055 2689 2109; x_wconf 83' lang='lat' dir='ltr'><strong>traditionibus</strong></span> <span class='ocrx_word' id='word_1_552' title='bbox 2736 2067 2894 2126; x_wconf 89' lang='lat' dir='ltr'><strong>atque</strong></span> <span class='ocrx_word' id='word_1_553' title='bbox 2921 2054 2946 2093; x_wconf 75' lang='grc' dir='ltr'>ἀ</span> <span class='ocrx_word' id='word_1_554' title='bbox 2982 2064 3300 2113; x_wconf 83' lang='lat' dir='ltr'><strong>auctoritate</strong></span> <span class='ocrx_word' id='word_1_555' title='bbox 3340 2061 3430 2112; x_wconf 91' lang='lat' dir='ltr'><strong>ﬁr-</strong></span> 
     </span>
    </p>
   </div>
   <div class='ocr_carea' id='block_1_75' title="bbox 1864 2147 3425 2215">
    <p class='ocr_par' dir='ltr' id='par_1_75' title="bbox 1864 2147 3425 2215">
     <span class='ocr_line' id='line_1_75' title="bbox 1864 2147 3425 2215; baseline 0.001 -13"><span class='ocrx_word' id='word_1_556' title='bbox 1864 2155 2028 2209; x_wconf 86' lang='lat' dir='ltr'><strong>mata,</strong></span> <span class='ocrx_word' id='word_1_557' title='bbox 2060 2162 2110 2200; x_wconf 88' lang='lat' dir='ltr'><strong>et</strong></span> <span class='ocrx_word' id='word_1_558' title='bbox 2141 2147 2378 2200; x_wconf 92' lang='lat' dir='ltr'><strong>omnium</strong></span> <span class='ocrx_word' id='word_1_559' title='bbox 2401 2162 2516 2215; x_wconf 66' lang='lat' dir='ltr'><strong>quas</strong></span> <span class='ocrx_word' id='word_1_560' title='bbox 2545 2148 2594 2200; x_wconf 93' lang='lat' dir='ltr'><strong>in</strong></span> <span class='ocrx_word' id='word_1_561' title='bbox 2628 2147 2826 2202; x_wconf 92' lang='lat' dir='ltr'><strong>mundo</strong></span> <span class='ocrx_word' id='word_1_562' title='bbox 2872 2158 2998 2202; x_wconf 90' lang='lat' dir='ltr'><strong>sunt</strong></span> <span class='ocrx_word' id='word_1_563' title='bbox 3043 2150 3425 2204; x_wconf 88' lang='lat' dir='ltr'><strong>catholicarum</strong></span> 
     </span>
    </p>
   </div>
   <div class='ocr_carea' id='block_1_76' title="bbox 1864 2237 3429 2309">
    <p class='ocr_par' dir='ltr' id='par_1_76' title="bbox 1864 2237 3429 2309">
     <span class='ocr_line' id='line_1_76' title="bbox 1864 2237 3429 2309; baseline 0.001 -17"><span class='ocrx_word' id='word_1_564' title='bbox 1864 2237 2213 2292; x_wconf 90' lang='lat' dir='ltr'><strong>ecclesiarum</strong></span> <span class='ocrx_word' id='word_1_565' title='bbox 2246 2239 2502 2291; x_wconf 86' lang='lat' dir='ltr'><strong>societate</strong></span> <span class='ocrx_word' id='word_1_566' title='bbox 2539 2238 2776 2304; x_wconf 86' lang='lat' dir='ltr'><strong>fundata,</strong></span> <span class='ocrx_word' id='word_1_567' title='bbox 2806 2238 2859 2292; x_wconf 92' lang='lat' dir='ltr'><strong>in</strong></span> <span class='ocrx_word' id='word_1_568' title='bbox 2903 2255 3003 2309; x_wconf 84' lang='lat' dir='ltr'><strong>qua</strong></span> <span class='ocrx_word' id='word_1_569' title='bbox 3027 2255 3125 2294; x_wconf 87' lang='lat' dir='ltr'><strong>nos</strong></span> <span class='ocrx_word' id='word_1_570' title='bbox 3172 2257 3264 2309; x_wconf 89' lang='lat' dir='ltr'><strong>per</strong></span> <span class='ocrx_word' id='word_1_571' title='bbox 3311 2257 3429 2309; x_wconf 81' lang='lat' dir='ltr'><strong>gra-</strong></span> 
     </span>
    </p>
   </div>
   <div class='ocr_carea' id='block_1_77' title="bbox 1859 2328 3426 2401">
    <p class='ocr_par' dir='ltr' id='par_1_77' title="bbox 1859 2328 3426 2401">
     <span class='ocr_line' id='line_1_77' title="bbox 1859 2328 3426 2401; baseline 0.002 -18"><span class='ocrx_word' id='word_1_572' title='bbox 1859 2329 1984 2383; x_wconf 89' lang='lat' dir='ltr'><strong>tiam</strong></span> <span class='ocrx_word' id='word_1_573' title='bbox 2037 2329 2130 2383; x_wconf 90' lang='lat' dir='ltr'><strong>Dei</strong></span> <span class='ocrx_word' id='word_1_574' title='bbox 2177 2328 2557 2397; x_wconf 89' lang='lat' dir='ltr'><strong>omnipotentis</strong></span> <span class='ocrx_word' id='word_1_575' title='bbox 2613 2344 2926 2398; x_wconf 87' lang='lat' dir='ltr'><strong>permanere</strong></span> <span class='ocrx_word' id='word_1_576' title='bbox 2973 2347 3140 2401; x_wconf 88' lang='lat' dir='ltr'><strong>usque</strong></span> <span class='ocrx_word' id='word_1_577' title='bbox 3171 2331 3236 2385; x_wconf 90' lang='lat' dir='ltr'><strong>ad</strong></span> <span class='ocrx_word' id='word_1_578' title='bbox 3270 2332 3426 2386; x_wconf 89' lang='lat' dir='ltr'><strong>ﬁnem</strong></span> 
     </span>
    </p>
   </div>
   <div class='ocr_carea' id='block_1_78' title="bbox 1859 2419 2940 2489">
    <p class='ocr_par' dir='ltr' id='par_1_78' title="bbox 1859 2419 2940 2489">
     <span class='ocr_line' id='line_1_78' title="bbox 1859 2419 2940 2489; baseline 0 -16"><span class='ocrx_word' id='word_1_579' title='bbox 1859 2419 1982 2473; x_wconf 85' lang='lat' dir='ltr'><strong>vitae</strong></span> <span class='ocrx_word' id='word_1_580' title='bbox 2014 2420 2169 2486; x_wconf 86' lang='lat' dir='ltr'><strong>hujus</strong></span> <span class='ocrx_word' id='word_1_581' title='bbox 2197 2419 2520 2473; x_wconf 89' lang='lat' dir='ltr'><strong>conﬁdimus</strong></span> <span class='ocrx_word' id='word_1_582' title='bbox 2549 2427 2602 2473; x_wconf 90' lang='lat' dir='ltr'><strong>et</strong></span> <span class='ocrx_word' id='word_1_583' title='bbox 2640 2434 2940 2489; x_wconf 87' lang='lat' dir='ltr'><strong>speramus.</strong></span> 
     </span>
    </p>
   </div>
   <div class='ocr_carea' id='block_1_79' title="bbox 1933 2509 3430 2583">
    <p class='ocr_par' dir='ltr' id='par_1_79' title="bbox 1933 2509 3430 2583">
     <span class='ocr_line' id='line_1_79' title="bbox 1933 2509 3430 2583; baseline 0.003 -19"><span class='ocrx_word' id='word_1_584' title='bbox 1933 2509 2165 2580; x_wconf 86' lang='lat' dir='ltr'><strong>Explicit</strong></span> <span class='ocrx_word' id='word_1_585' title='bbox 2195 2510 2404 2564; x_wconf 87' lang='lat' dir='ltr'><strong>libellus</strong></span> <span class='ocrx_word' id='word_1_586' title='bbox 2437 2510 2672 2564; x_wconf 91' lang='lat' dir='ltr'><strong>directus</strong></span> <span class='ocrx_word' id='word_1_587' title='bbox 2704 2511 2803 2565; x_wconf 92' lang='lat' dir='ltr'><strong>sub</strong></span> <span class='ocrx_word' id='word_1_588' title='bbox 2836 2511 2922 2565; x_wconf 93' lang='lat' dir='ltr'><strong>die</strong></span> <span class='ocrx_word' id='word_1_589' title='bbox 2955 2511 3049 2583; x_wconf 74' lang='grc' dir='ltr'><strong>[αι.</strong></span> <span class='ocrx_word' id='word_1_590' title='bbox 3076 2511 3207 2582; x_wconf 86' lang='lat' dir='ltr'><strong>xvtt]</strong></span> <span class='ocrx_word' id='word_1_591' title='bbox 3237 2528 3311 2565; x_wconf 87' lang='lat' dir='ltr'><strong>xtl</strong></span> <span class='ocrx_word' id='word_1_592' title='bbox 3339 2528 3430 2568; x_wconf 49' lang='lat' dir='ltr'><strong>ca.</strong></span> 
     </span>
    </p>
   </div>
   <div class='ocr_carea' id='block_1_80' title="bbox 1861 2601 3427 2672">
    <p class='ocr_par' dir='ltr' id='par_1_80' title="bbox 1861 2601 3427 2672">
     <span class='ocr_line' id='line_1_80' title="bbox 1861 2601 3427 2672; baseline -0.001 -15"><span class='ocrx_word' id='word_1_593' title='bbox 1861 2601 2142 2657; x_wconf 91' lang='lat' dir='ltr'><strong>lendarum</strong></span> <span class='ocrx_word' id='word_1_594' title='bbox 2193 2602 2446 2656; x_wconf 86' lang='lat' dir='ltr'><strong>Maiarum</strong></span> <span class='ocrx_word' id='word_1_595' title='bbox 2499 2617 2595 2672; x_wconf 88' lang='lat' dir='ltr'><strong>per</strong></span> <span class='ocrx_word' id='word_1_596' title='bbox 2641 2601 2948 2656; x_wconf 87' lang='lat' dir='ltr'><strong>Januarium</strong></span> <span class='ocrx_word' id='word_1_597' title='bbox 2985 2613 3007 2639; x_wconf 75' lang='grc' dir='ltr'><strong>ο</strong></span> <span class='ocrx_word' id='word_1_598' title='bbox 3034 2603 3427 2670; x_wconf 86' lang='lat' dir='ltr'><strong>Zattarensem,</strong></span> 
     </span>
    </p>
   </div>
   <div class='ocr_carea' id='block_1_81' title="bbox 1868 2691 3430 2763">
    <p class='ocr_par' dir='ltr' id='par_1_81' title="bbox 1868 2691 3430 2763">
     <span class='ocr_line' id='line_1_81' title="bbox 1868 2691 3430 2763; baseline 0.003 -17"><span class='ocrx_word' id='word_1_599' title='bbox 1868 2693 2164 2748; x_wconf 79' lang='lat' dir='ltr'><strong>Villaticum</strong></span> <span class='ocrx_word' id='word_1_600' title='bbox 2196 2708 2226 2747; x_wconf 91' lang='lat' dir='ltr'><strong>a</strong></span> <span class='ocrx_word' id='word_1_601' title='bbox 2253 2691 2699 2748; x_wconf 84' lang='lat' dir='ltr'><strong>Casis-Medianis</strong></span> <span class='ocrx_word' id='word_1_602' title='bbox 2737 2694 3020 2763; x_wconf 85' lang='lat' dir='ltr'><strong>episcOpos</strong></span> <span class='ocrx_word' id='word_1_603' title='bbox 3050 2695 3338 2761; x_wconf 76' lang='lat' dir='ltr'><strong>Numidiae,</strong></span> <span class='ocrx_word' id='word_1_604' title='bbox 3377 2709 3430 2752; x_wconf 90' lang='lat' dir='ltr'><strong>et</strong></span> 
     </span>
    </p>
   </div>
   <div class='ocr_carea' id='block_1_82' title="bbox 1867 2784 3429 2848">
    <p class='ocr_par' dir='ltr' id='par_1_82' title="bbox 1867 2784 3429 2848">
     <span class='ocr_line' id='line_1_82' title="bbox 1867 2784 3429 2848; baseline 0.003 -9"><span class='ocrx_word' id='word_1_605' title='bbox 1867 2785 2193 2840; x_wconf 91' lang='lat' dir='ltr'><strong>Bonifacium</strong></span> <span class='ocrx_word' id='word_1_606' title='bbox 2227 2784 2661 2839; x_wconf 81' lang='lat' dir='ltr'><strong>Foratianensem</strong></span> <span class='ocrx_word' id='word_1_607' title='bbox 2682 2825 2695 2848; x_wconf 95' lang='lat'><strong>,</strong></span> <span class='ocrx_word' id='word_1_608' title='bbox 2738 2795 2791 2838; x_wconf 91' lang='lat' dir='ltr'><strong>et</strong></span> <span class='ocrx_word' id='word_1_609' title='bbox 2831 2785 3157 2842; x_wconf 87' lang='lat' dir='ltr'><strong>Bonifacium</strong></span> <span class='ocrx_word' id='word_1_610' title='bbox 3185 2786 3204 2825; x_wconf 68' lang='grc' dir='ltr'><strong><em>ί</em></strong></span> <span class='ocrx_word' id='word_1_611' title='bbox 3225 2788 3429 2843; x_wconf 82' lang='lat' dir='ltr'><strong>Gratia-</strong></span> 
     </span>
    </p>
   </div>
   <div class='ocr_carea' id='block_1_83' title="bbox 1869 2875 3052 2946">
    <p class='ocr_par' dir='ltr' id='par_1_83' title="bbox 1869 2875 3052 2946">
     <span class='ocr_line' id='line_1_83' title="bbox 1869 2875 3052 2946; baseline -0.001 -15"><span class='ocrx_word' id='word_1_612' title='bbox 1869 2893 2088 2932; x_wconf 89' lang='lat' dir='ltr'><strong>nensem</strong></span> <span class='ocrx_word' id='word_1_613' title='bbox 2119 2878 2399 2946; x_wconf 79' lang='lat' dir='ltr'><strong>episcOpos</strong></span> <span class='ocrx_word' id='word_1_614' title='bbox 2430 2875 2718 2945; x_wconf 77' lang='lat' dir='ltr'><strong>provincia:</strong></span> <span class='ocrx_word' id='word_1_615' title='bbox 2748 2875 3052 2946; x_wconf 77' lang='lat' dir='ltr'><strong>Byzacenze.</strong></span> 
     </span>
    </p>
   </div>
   <div class='ocr_carea' id='block_1_84' title="bbox 1931 3013 3461 3083">
    <p class='ocr_par' dir='ltr' id='par_1_84' title="bbox 1931 3013 3461 3083">
     <span class='ocr_line' id='line_1_84' title="bbox 1931 3013 3461 3083; baseline 0.001 -13"><span class='ocrx_word' id='word_1_616' title='bbox 1931 3013 1958 3051; x_wconf 73' lang='grc' dir='ltr'>ἀ</span> <span class='ocrx_word' id='word_1_617' title='bbox 2003 3015 2202 3070; x_wconf 86' lang='lat' dir='ltr'><strong>Desunt</strong></span> <span class='ocrx_word' id='word_1_618' title='bbox 2249 3015 2362 3069; x_wconf 77' lang='lat' dir='ltr'><strong>haec</strong></span> <span class='ocrx_word' id='word_1_619' title='bbox 2405 3015 2511 3068; x_wconf 85' lang='lat' dir='ltr'><strong>duo</strong></span> <span class='ocrx_word' id='word_1_620' title='bbox 2543 3014 2724 3078; x_wconf 89' lang='lat' dir='ltr'><strong>verba,</strong></span> <span class='ocrx_word' id='word_1_621' title='bbox 2772 3016 3070 3068; x_wconf 83' lang='lat' dir='ltr'><strong>auctoritate</strong></span> <span class='ocrx_word' id='word_1_622' title='bbox 3106 3017 3340 3083; x_wconf 69' lang='lat' dir='ltr'><strong>ﬁrmata,</strong></span> <span class='ocrx_word' id='word_1_623' title='bbox 3379 3018 3461 3075; x_wconf 14' lang='lat' dir='ltr'><strong>in.</strong></span> 
     </span>
    </p>
   </div>
   <div class='ocr_carea' id='block_1_85' title="bbox 1862 3083 3024 3148">
    <p class='ocr_par' dir='ltr' id='par_1_85' title="bbox 1862 3083 3024 3148">
     <span class='ocr_line' id='line_1_85' title="bbox 1862 3083 3024 3148; baseline 0.002 -10"><span class='ocrx_word' id='word_1_624' title='bbox 1862 3083 2015 3138; x_wconf 92' lang='lat' dir='ltr'><strong>Colb.</strong></span> <span class='ocrx_word' id='word_1_625' title='bbox 2046 3085 2099 3148; x_wconf 71' lang='lat'><strong>2,</strong></span> <span class='ocrx_word' id='word_1_626' title='bbox 2132 3085 2356 3139; x_wconf 70' lang='lat' dir='ltr'><strong>Orthoit.</strong></span> <span class='ocrx_word' id='word_1_627' title='bbox 2390 3083 2636 3139; x_wconf 81' lang='lat' dir='ltr'><strong>thenan.</strong></span> <span class='ocrx_word' id='word_1_628' title='bbox 2669 3095 2724 3140; x_wconf 89' lang='lat' dir='ltr'><strong>et</strong></span> <span class='ocrx_word' id='word_1_629' title='bbox 2756 3085 3024 3140; x_wconf 80' lang='lat' dir='ltr'><strong>Lorit-ltio.</strong></span> 
     </span>
    </p>
   </div>
   <div class='ocr_carea' id='block_1_86' title="bbox 1936 3154 3427 3220">
    <p class='ocr_par' dir='ltr' id='par_1_86' title="bbox 1936 3154 3427 3220">
     <span class='ocr_line' id='line_1_86' title="bbox 1936 3154 3427 3220; baseline 0.002 -12"><span class='ocrx_word' id='word_1_630' title='bbox 1936 3165 1958 3190; x_wconf 74' lang='grc' dir='ltr'>θ</span> <span class='ocrx_word' id='word_1_631' title='bbox 1989 3156 2231 3218; x_wconf 88' lang='lat' dir='ltr'><strong>Plerique</strong></span> <span class='ocrx_word' id='word_1_632' title='bbox 2255 3169 2408 3220; x_wconf 89' lang='lat' dir='ltr'><strong>tnss.,</strong></span> <span class='ocrx_word' id='word_1_633' title='bbox 2432 3154 2794 3208; x_wconf 81' lang='lat' dir='ltr'><strong>Zatterensem.</strong></span> <span class='ocrx_word' id='word_1_634' title='bbox 2813 3154 2962 3208; x_wconf 83' lang='lat' dir='ltr'><strong>Colb.</strong></span> <span class='ocrx_word' id='word_1_635' title='bbox 2992 3156 3041 3218; x_wconf 95' lang='grc'><strong>1,</strong></span> <span class='ocrx_word' id='word_1_636' title='bbox 3060 3154 3427 3212; x_wconf 85' lang='lat' dir='ltr'><strong>Zaitarensem.</strong></span> 
     </span>
    </p>
   </div>
   <div class='ocr_carea' id='block_1_87' title="bbox 1865 3224 3445 3281">
    <p class='ocr_par' dir='ltr' id='par_1_87' title="bbox 1865 3224 3445 3281">
     <span class='ocr_line' id='line_1_87' title="bbox 1865 3224 3445 3281; baseline 0.001 -3"><span class='ocrx_word' id='word_1_637' title='bbox 1865 3224 1921 3278; x_wconf 86' lang='lat' dir='ltr'><strong>In</strong></span> <span class='ocrx_word' id='word_1_638' title='bbox 1953 3224 2144 3278; x_wconf 84' lang='lat' dir='ltr'><strong>Notitia</strong></span> <span class='ocrx_word' id='word_1_639' title='bbox 2176 3226 2420 3279; x_wconf 74' lang='lat' dir='ltr'><strong>Africana</strong></span> <span class='ocrx_word' id='word_1_640' title='bbox 2451 3226 2502 3278; x_wconf 90' lang='lat' dir='ltr'><strong>in</strong></span> <span class='ocrx_word' id='word_1_641' title='bbox 2534 3239 2633 3278; x_wconf 89' lang='lat' dir='ltr'><strong>ms.</strong></span> <span class='ocrx_word' id='word_1_642' title='bbox 2668 3225 2832 3278; x_wconf 80' lang='lat' dir='ltr'><strong>Laud.</strong></span> <span class='ocrx_word' id='word_1_643' title='bbox 2865 3226 3058 3279; x_wconf 86' lang='lat' dir='ltr'><strong>dicitur</strong></span> <span class='ocrx_word' id='word_1_644' title='bbox 3093 3225 3445 3281; x_wconf 64' lang='lat' dir='ltr'><strong>Jacterensis.</strong></span> 
     </span>
    </p>
   </div>
   <div class='ocr_carea' id='block_1_88' title="bbox 1868 3294 3442 3362">
    <p class='ocr_par' dir='ltr' id='par_1_88' title="bbox 1868 3294 3442 3362">
     <span class='ocr_line' id='line_1_88' title="bbox 1868 3294 3442 3362; baseline 0.002 -15"><span class='ocrx_word' id='word_1_645' title='bbox 1868 3295 1999 3348; x_wconf 79' lang='lat' dir='ltr'><strong>Vide</strong></span> <span class='ocrx_word' id='word_1_646' title='bbox 2024 3310 2142 3362; x_wconf 66' lang='lat' dir='ltr'><strong>qua:</strong></span> <span class='ocrx_word' id='word_1_647' title='bbox 2170 3297 2220 3348; x_wconf 91' lang='lat' dir='ltr'><strong>in</strong></span> <span class='ocrx_word' id='word_1_648' title='bbox 2251 3296 2389 3348; x_wconf 90' lang='lat' dir='ltr'><strong>notis</strong></span> <span class='ocrx_word' id='word_1_649' title='bbox 2416 3294 2483 3347; x_wconf 91' lang='lat' dir='ltr'><strong>ad</strong></span> <span class='ocrx_word' id='word_1_650' title='bbox 2514 3295 2680 3362; x_wconf 87' lang='lat' dir='ltr'><strong>ipsam</strong></span> <span class='ocrx_word' id='word_1_651' title='bbox 2711 3294 2961 3348; x_wconf 87' lang='lat' dir='ltr'><strong>Notitiam</strong></span> <span class='ocrx_word' id='word_1_652' title='bbox 2989 3297 3336 3349; x_wconf 82' lang='lat' dir='ltr'><strong>observamus</strong></span> <span class='ocrx_word' id='word_1_653' title='bbox 3362 3298 3442 3351; x_wconf 88' lang='lat' dir='ltr'><strong>de-</strong></span> 
     </span>
    </p>
   </div>
   <div class='ocr_carea' id='block_1_89' title="bbox 1865 3364 3427 3434">
    <p class='ocr_par' dir='ltr' id='par_1_89' title="bbox 1865 3364 3427 3434">
     <span class='ocr_line' id='line_1_89' title="bbox 1865 3364 3427 3434; baseline 0.002 -17"><span class='ocrx_word' id='word_1_654' title='bbox 1865 3364 1966 3418; x_wconf 90' lang='lat' dir='ltr'><strong>hac</strong></span> <span class='ocrx_word' id='word_1_655' title='bbox 1987 3365 2137 3419; x_wconf 89' lang='lat' dir='ltr'><strong>urbe.</strong></span> <span class='ocrx_word' id='word_1_656' title='bbox 2170 3365 2336 3420; x_wconf 87' lang='lat' dir='ltr'><strong>Porro</strong></span> <span class='ocrx_word' id='word_1_657' title='bbox 2367 3364 2644 3418; x_wconf 89' lang='lat' dir='ltr'><strong>Lorichius</strong></span> <span class='ocrx_word' id='word_1_658' title='bbox 2672 3379 2766 3434; x_wconf 90' lang='lat' dir='ltr'><strong>pro</strong></span> <span class='ocrx_word' id='word_1_659' title='bbox 2810 3364 3115 3418; x_wconf 83' lang='lat' dir='ltr'><strong>Januarium</strong></span> <span class='ocrx_word' id='word_1_660' title='bbox 3148 3365 3308 3421; x_wconf 88' lang='lat' dir='ltr'><strong>habet</strong></span> <span class='ocrx_word' id='word_1_661' title='bbox 3335 3365 3427 3420; x_wconf 84' lang='lat' dir='ltr'><strong>Je-</strong></span> 
     </span>
    </p>
   </div>
   <div class='ocr_carea' id='block_1_90' title="bbox 1788 3435 2128 3515">
    <p class='ocr_par' dir='ltr' id='par_1_90' title="bbox 1788 3435 2128 3515">
     <span class='ocr_line' id='line_1_90' title="bbox 1788 3435 2128 3515; baseline 0.012 -30"><span class='ocrx_word' id='word_1_662' title='bbox 1788 3453 1833 3515; x_wconf 69' lang='grc' dir='ltr'>ο</span> <span class='ocrx_word' id='word_1_663' title='bbox 1867 3435 2128 3515; x_wconf 52' lang='lat' dir='ltr'><strong>&quot;uarium:</strong></span> 
     </span>
    </p>
   </div>
   <div class='ocr_carea' id='block_1_91' title="bbox 1940 3501 3428 3569">
    <p class='ocr_par' dir='ltr' id='par_1_91' title="bbox 1940 3501 3428 3569">
     <span class='ocr_line' id='line_1_91' title="bbox 1940 3501 3428 3569; baseline 0.002 -13"><span class='ocrx_word' id='word_1_664' title='bbox 1940 3503 1959 3540; x_wconf 73' lang='grc' dir='ltr'><strong>ί</strong></span> <span class='ocrx_word' id='word_1_665' title='bbox 2004 3504 2155 3556; x_wconf 89' lang='lat' dir='ltr'><strong>Colb.</strong></span> <span class='ocrx_word' id='word_1_666' title='bbox 2190 3505 2239 3569; x_wconf 87' lang='grc'><strong>1,</strong></span> <span class='ocrx_word' id='word_1_667' title='bbox 2274 3503 2542 3566; x_wconf 83' lang='lat' dir='ltr'><strong>Rhenan.,</strong></span> <span class='ocrx_word' id='word_1_668' title='bbox 2574 3512 2628 3557; x_wconf 89' lang='lat' dir='ltr'><strong>et</strong></span> <span class='ocrx_word' id='word_1_669' title='bbox 2657 3501 2830 3568; x_wconf 86' lang='lat' dir='ltr'><strong>Bald.,</strong></span> <span class='ocrx_word' id='word_1_670' title='bbox 2873 3501 3248 3556; x_wconf 74' lang='lat' dir='ltr'><strong>Gatiune—nsem.</strong></span> <span class='ocrx_word' id='word_1_671' title='bbox 3282 3503 3428 3559; x_wconf 85' lang='lat' dir='ltr'><strong>Port.</strong></span> 
     </span>
    </p>
   </div>
   <div class='ocr_carea' id='block_1_92' title="bbox 1863 3569 3429 3638">
    <p class='ocr_par' dir='ltr' id='par_1_92' title="bbox 1863 3569 3429 3638">
     <span class='ocr_line' id='line_1_92' title="bbox 1863 3569 3429 3638; baseline 0 -12"><span class='ocrx_word' id='word_1_672' title='bbox 1863 3583 1918 3626; x_wconf 87' lang='lat' dir='ltr'><strong>et</strong></span> <span class='ocrx_word' id='word_1_673' title='bbox 1964 3574 2116 3626; x_wconf 85' lang='lat' dir='ltr'><strong>Urth.</strong></span> <span class='ocrx_word' id='word_1_674' title='bbox 2168 3588 2290 3626; x_wconf 92' lang='lat' dir='ltr'><strong>cum</strong></span> <span class='ocrx_word' id='word_1_675' title='bbox 2337 3573 2605 3633; x_wconf 86' lang='lat' dir='ltr'><strong>Lorichio,</strong></span> <span class='ocrx_word' id='word_1_676' title='bbox 2656 3572 3021 3625; x_wconf 78' lang='lat' dir='ltr'><strong>Gazanensem.</strong></span> <span class='ocrx_word' id='word_1_677' title='bbox 3067 3569 3221 3626; x_wconf 92' lang='lat' dir='ltr'><strong>Colb.</strong></span> <span class='ocrx_word' id='word_1_678' title='bbox 3273 3575 3429 3638; x_wconf 83' lang='lat' dir='ltr'><strong>alter,</strong></span> 
     </span>
    </p>
   </div>
   <div class='ocr_carea' id='block_1_93' title="bbox 1861 3640 3430 3706">
    <p class='ocr_par' dir='ltr' id='par_1_93' title="bbox 1861 3640 3430 3706">
     <span class='ocr_line' id='line_1_93' title="bbox 1861 3640 3430 3706; baseline 0.001 -11"><span class='ocrx_word' id='word_1_679' title='bbox 1861 3643 2040 3706; x_wconf 80' lang='lat' dir='ltr'><strong>Mart.,</strong></span> <span class='ocrx_word' id='word_1_680' title='bbox 2083 3641 2224 3705; x_wconf 88' lang='lat' dir='ltr'><strong>Ful.,</strong></span> <span class='ocrx_word' id='word_1_681' title='bbox 2262 3652 2317 3695; x_wconf 92' lang='lat' dir='ltr'><strong>et</strong></span> <span class='ocrx_word' id='word_1_682' title='bbox 2359 3642 2566 3706; x_wconf 87' lang='lat' dir='ltr'><strong>Germ.,</strong></span> <span class='ocrx_word' id='word_1_683' title='bbox 2602 3640 2963 3694; x_wconf 79' lang='lat' dir='ltr'><strong>Gazanensem.</strong></span> <span class='ocrx_word' id='word_1_684' title='bbox 2995 3641 3051 3694; x_wconf 84' lang='grc' dir='ltr'><strong>ιη</strong></span> <span class='ocrx_word' id='word_1_685' title='bbox 3083 3644 3259 3695; x_wconf 91' lang='lat' dir='ltr'><strong>collat.</strong></span> <span class='ocrx_word' id='word_1_686' title='bbox 3305 3644 3430 3697; x_wconf 84' lang='lat' dir='ltr'><strong>Car-</strong></span> 
     </span>
    </p>
   </div>
   <div class='ocr_carea' id='block_1_94' title="bbox 1864 3711 3430 3778">
    <p class='ocr_par' dir='ltr' id='par_1_94' title="bbox 1864 3711 3430 3778">
     <span class='ocr_line' id='line_1_94' title="bbox 1864 3711 3430 3778; baseline 0.001 -14"><span class='ocrx_word' id='word_1_687' title='bbox 1864 3712 2032 3778; x_wconf 84' lang='lat' dir='ltr'><strong>tbag.,</strong></span> <span class='ocrx_word' id='word_1_688' title='bbox 2060 3727 2174 3778; x_wconf 90' lang='lat' dir='ltr'><strong>cap.</strong></span> <span class='ocrx_word' id='word_1_689' title='bbox 2214 3712 2336 3767; x_wconf 85' lang='grc'><strong>198.</strong></span> <span class='ocrx_word' id='word_1_690' title='bbox 2385 3711 2524 3764; x_wconf 89' lang='lat' dir='ltr'><strong>inter</strong></span> <span class='ocrx_word' id='word_1_691' title='bbox 2553 3713 2829 3778; x_wconf 70' lang='lat' dir='ltr'><strong>episcoms</strong></span> <span class='ocrx_word' id='word_1_692' title='bbox 2862 3711 3163 3763; x_wconf 75' lang='lat' dir='ltr'><strong>Donatistas</strong></span> <span class='ocrx_word' id='word_1_693' title='bbox 3189 3728 3430 3766; x_wconf 83' lang='lat' dir='ltr'><strong>recense-</strong></span> 
     </span>
    </p>
   </div>
   <div class='ocr_carea' id='block_1_95' title="bbox 1863 3780 3430 3851">
    <p class='ocr_par' dir='ltr' id='par_1_95' title="bbox 1863 3780 3430 3851">
     <span class='ocr_line' id='line_1_95' title="bbox 1863 3780 3430 3851; baseline 0.001 -17"><span class='ocrx_word' id='word_1_694' title='bbox 1863 3791 1948 3834; x_wconf 90' lang='lat' dir='ltr'><strong>tur</strong></span> <span class='ocrx_word' id='word_1_695' title='bbox 1980 3781 2149 3833; x_wconf 85' lang='lat' dir='ltr'><strong>Victor</strong></span> <span class='ocrx_word' id='word_1_696' title='bbox 2186 3781 2449 3851; x_wconf 78' lang='lat' dir='ltr'><strong>episcopus</strong></span> <span class='ocrx_word' id='word_1_697' title='bbox 2473 3780 2841 3834; x_wconf 75' lang='lat' dir='ltr'><strong>Gratianensis.</strong></span> <span class='ocrx_word' id='word_1_698' title='bbox 2867 3781 3032 3833; x_wconf 89' lang='lat' dir='ltr'><strong>Porro</strong></span> <span class='ocrx_word' id='word_1_699' title='bbox 3061 3781 3182 3851; x_wconf 86' lang='lat' dir='ltr'><strong>licet</strong></span> <span class='ocrx_word' id='word_1_700' title='bbox 3203 3783 3289 3834; x_wconf 87' lang='lat' dir='ltr'><strong>alii</strong></span> <span class='ocrx_word' id='word_1_701' title='bbox 3323 3796 3430 3836; x_wconf 81' lang='lat' dir='ltr'><strong>tres</strong></span> 
     </span>
    </p>
   </div>
   <div class='ocr_carea' id='block_1_96' title="bbox 1863 3850 3433 3918">
    <p class='ocr_par' dir='ltr' id='par_1_96' title="bbox 1863 3850 3433 3918">
     <span class='ocr_line' id='line_1_96' title="bbox 1863 3850 3433 3918; baseline -0.001 -14"><span class='ocrx_word' id='word_1_702' title='bbox 1863 3852 2099 3918; x_wconf 81' lang='lat' dir='ltr'><strong>episcopi</strong></span> <span class='ocrx_word' id='word_1_703' title='bbox 2129 3850 2215 3903; x_wconf 89' lang='lat' dir='ltr'><strong>hic</strong></span> <span class='ocrx_word' id='word_1_704' title='bbox 2260 3853 2536 3904; x_wconf 89' lang='lat' dir='ltr'><strong>memorati</strong></span> <span class='ocrx_word' id='word_1_705' title='bbox 2569 3861 2950 3904; x_wconf 89' lang='lat' dir='ltr'><strong>recenseantur</strong></span> <span class='ocrx_word' id='word_1_706' title='bbox 2994 3852 3044 3903; x_wconf 91' lang='lat' dir='ltr'><strong>in</strong></span> <span class='ocrx_word' id='word_1_707' title='bbox 3073 3850 3266 3905; x_wconf 82' lang='lat' dir='ltr'><strong>Notitia</strong></span> <span class='ocrx_word' id='word_1_708' title='bbox 3297 3853 3433 3905; x_wconf 81' lang='lat' dir='ltr'><strong>Afri-</strong></span> 
     </span>
    </p>
   </div>
   <div class='ocr_carea' id='block_1_97' title="bbox 1864 3919 3434 3990">
    <p class='ocr_par' dir='ltr' id='par_1_97' title="bbox 1864 3919 3434 3990">
     <span class='ocr_line' id='line_1_97' title="bbox 1864 3919 3434 3990; baseline 0 -16"><span class='ocrx_word' id='word_1_709' title='bbox 1864 3935 2014 3982; x_wconf 90' lang='lat' dir='ltr'><strong>cana,</strong></span> <span class='ocrx_word' id='word_1_710' title='bbox 2060 3921 2131 3974; x_wconf 89' lang='lat' dir='ltr'><strong>ibi</strong></span> <span class='ocrx_word' id='word_1_711' title='bbox 2181 3933 2353 3974; x_wconf 90' lang='lat' dir='ltr'><strong>tamen</strong></span> <span class='ocrx_word' id='word_1_712' title='bbox 2386 3921 2717 3974; x_wconf 88' lang='lat' dir='ltr'><strong>desideratur</strong></span> <span class='ocrx_word' id='word_1_713' title='bbox 2747 3919 3002 3990; x_wconf 78' lang='lat' dir='ltr'><strong>Bonifacii</strong></span> <span class='ocrx_word' id='word_1_714' title='bbox 3049 3921 3201 3985; x_wconf 89' lang='lat' dir='ltr'><strong>hujus</strong></span> <span class='ocrx_word' id='word_1_715' title='bbox 3230 3920 3434 3976; x_wconf 84' lang='lat' dir='ltr'><strong>Gratia-</strong></span> 
     </span>
    </p>
   </div>
   <div class='ocr_carea' id='block_1_98' title="bbox 1864 3991 3432 4058">
    <p class='ocr_par' dir='ltr' id='par_1_98' title="bbox 1864 3991 3432 4058">
     <span class='ocr_line' id='line_1_98' title="bbox 1864 3991 3432 4058; baseline 0.002 -15"><span class='ocrx_word' id='word_1_716' title='bbox 1864 3992 2034 4043; x_wconf 80' lang='lat' dir='ltr'><strong>nensis</strong></span> <span class='ocrx_word' id='word_1_717' title='bbox 2061 4005 2252 4044; x_wconf 89' lang='lat' dir='ltr'><strong>nomen</strong></span> <span class='ocrx_word' id='word_1_718' title='bbox 2285 4007 2296 4040; x_wconf 88' lang='lat'>:</span> <span class='ocrx_word' id='word_1_719' title='bbox 2325 3991 2463 4057; x_wconf 85' lang='lat' dir='ltr'><strong>quod</strong></span> <span class='ocrx_word' id='word_1_720' title='bbox 2510 4004 2638 4044; x_wconf 90' lang='lat' dir='ltr'><strong>sane</strong></span> <span class='ocrx_word' id='word_1_721' title='bbox 2666 3991 2856 4043; x_wconf 88' lang='lat' dir='ltr'><strong>tnirnm</strong></span> <span class='ocrx_word' id='word_1_722' title='bbox 2884 3999 2981 4044; x_wconf 86' lang='lat' dir='ltr'><strong>cst.</strong></span> <span class='ocrx_word' id='word_1_723' title='bbox 3011 3991 3120 4044; x_wconf 84' lang='lat' dir='ltr'><strong>Nisi</strong></span> <span class='ocrx_word' id='word_1_724' title='bbox 3153 4007 3206 4045; x_wconf 76' lang='grc' dir='ltr'><strong>ιε’</strong></span> <span class='ocrx_word' id='word_1_725' title='bbox 3224 3993 3336 4058; x_wconf 87' lang='lat' dir='ltr'><strong>ipse</strong></span> <span class='ocrx_word' id='word_1_726' title='bbox 3365 4002 3432 4046; x_wconf 83' lang='lat' dir='ltr'><strong>sit</strong></span> 
     </span>
    </p>
   </div>
   <div class='ocr_carea' id='block_1_99' title="bbox 1865 4060 3433 4130">
    <p class='ocr_par' dir='ltr' id='par_1_99' title="bbox 1865 4060 3433 4130">
     <span class='ocr_line' id='line_1_99' title="bbox 1865 4060 3433 4130; baseline 0.001 -17"><span class='ocrx_word' id='word_1_727' title='bbox 1865 4062 2215 4130; x_wconf 85' lang='lat' dir='ltr'><strong>cujuspriuto</strong></span> <span class='ocrx_word' id='word_1_728' title='bbox 2242 4060 2358 4113; x_wconf 81' lang='lat' dir='ltr'><strong>lOCU</strong></span> <span class='ocrx_word' id='word_1_729' title='bbox 2385 4060 2686 4130; x_wconf 65' lang='lat' dir='ltr'><strong>memorati</strong></span> <span class='ocrx_word' id='word_1_730' title='bbox 2708 4075 2900 4130; x_wconf 89' lang='lat' dir='ltr'><strong>nomen</strong></span> <span class='ocrx_word' id='word_1_731' title='bbox 2941 4061 3170 4130; x_wconf 66' lang='lat' dir='ltr'><strong>excidit;</strong></span> <span class='ocrx_word' id='word_1_732' title='bbox 3206 4071 3433 4130; x_wconf 82' lang='lat' dir='ltr'><strong>tuncque</strong></span> 
     </span>
    </p>
   </div>
   <div class='ocr_carea' id='block_1_100' title="bbox 1824 4128 3435 4196">
    <p class='ocr_par' dir='ltr' id='par_1_100' title="bbox 1824 4128 3435 4196">
     <span class='ocr_line' id='line_1_100' title="bbox 1824 4128 3435 4196; baseline 0.001 -14"><span class='ocrx_word' id='word_1_733' title='bbox 1824 4146 1961 4196; x_wconf 84' lang='lat' dir='ltr'><strong>-pro</strong></span> <span class='ocrx_word' id='word_1_734' title='bbox 1995 4129 2415 4194; x_wconf 77' lang='lat' dir='ltr'><strong>Vassinassensis,</strong></span> <span class='ocrx_word' id='word_1_735' title='bbox 2449 4139 2505 4181; x_wconf 91' lang='lat' dir='ltr'><strong>ut</strong></span> <span class='ocrx_word' id='word_1_736' title='bbox 2555 4129 2626 4184; x_wconf 90' lang='lat' dir='ltr'><strong>ibi</strong></span> <span class='ocrx_word' id='word_1_737' title='bbox 2676 4128 2917 4191; x_wconf 91' lang='lat' dir='ltr'><strong>habetur,</strong></span> <span class='ocrx_word' id='word_1_738' title='bbox 2966 4129 3244 4196; x_wconf 82' lang='lat' dir='ltr'><strong>legendum</strong></span> <span class='ocrx_word' id='word_1_739' title='bbox 3292 4128 3435 4184; x_wconf 80' lang='lat' dir='ltr'><strong>esset</strong></span> 
     </span>
    </p>
   </div>
   <div class='ocr_carea' id='block_1_101' title="bbox 1865 4197 3433 4268">
    <p class='ocr_par' dir='ltr' id='par_1_101' title="bbox 1865 4197 3433 4268">
     <span class='ocr_line' id='line_1_101' title="bbox 1865 4197 3433 4268; baseline 0.001 -15"><span class='ocrx_word' id='word_1_740' title='bbox 1865 4200 2237 4253; x_wconf 77' lang='lat' dir='ltr'><strong>Gratianensis.</strong></span> <span class='ocrx_word' id='word_1_741' title='bbox 2287 4199 2355 4252; x_wconf 89' lang='lat' dir='ltr'><strong>Et</strong></span> <span class='ocrx_word' id='word_1_742' title='bbox 2399 4200 2610 4268; x_wconf 86' lang='lat' dir='ltr'><strong>quidem</strong></span> <span class='ocrx_word' id='word_1_743' title='bbox 2661 4199 2846 4251; x_wconf 86' lang='lat' dir='ltr'><strong>Petrus</strong></span> <span class='ocrx_word' id='word_1_744' title='bbox 2888 4197 3053 4268; x_wconf 74' lang='lat' dir='ltr'><strong>abbas</strong></span> <span class='ocrx_word' id='word_1_745' title='bbox 3103 4199 3156 4250; x_wconf 87' lang='lat' dir='ltr'><strong>in</strong></span> <span class='ocrx_word' id='word_1_746' title='bbox 3207 4203 3433 4254; x_wconf 78' lang='lat' dir='ltr'><strong>concilio</strong></span> 
     </span>
    </p>
   </div>
   <div class='ocr_carea' id='block_1_102' title="bbox 1866 4267 3432 4338">
    <p class='ocr_par' dir='ltr' id='par_1_102' title="bbox 1866 4267 3432 4338">
     <span class='ocr_line' id='line_1_102' title="bbox 1866 4267 3432 4338; baseline -0.001 -17"><span class='ocrx_word' id='word_1_747' title='bbox 1866 4270 2266 4335; x_wconf 79' lang='lat' dir='ltr'><strong>Carthaginensi</strong></span> <span class='ocrx_word' id='word_1_748' title='bbox 2297 4271 2396 4322; x_wconf 86' lang='lat' dir='ltr'><strong>sub</strong></span> <span class='ocrx_word' id='word_1_749' title='bbox 2419 4267 2715 4332; x_wconf 81' lang='lat' dir='ltr'><strong>Bonifacio,</strong></span> <span class='ocrx_word' id='word_1_750' title='bbox 2751 4268 2992 4321; x_wconf 88' lang='lat' dir='ltr'><strong>meminit</strong></span> <span class='ocrx_word' id='word_1_751' title='bbox 3020 4267 3272 4338; x_wconf 78' lang='lat' dir='ltr'><strong>B_onifacii</strong></span> <span class='ocrx_word' id='word_1_752' title='bbox 3298 4268 3432 4322; x_wconf 83' lang='lat' dir='ltr'><strong>Gru-</strong></span> 
     </span>
    </p>
   </div>
   <div class='ocr_carea' id='block_1_103' title="bbox 1866 4336 3433 4409">
    <p class='ocr_par' dir='ltr' id='par_1_103' title="bbox 1866 4336 3433 4409">
     <span class='ocr_line' id='line_1_103' title="bbox 1866 4336 3433 4409; baseline 0.001 -18"><span class='ocrx_word' id='word_1_753' title='bbox 1866 4341 2106 4393; x_wconf 75' lang='lat' dir='ltr'><strong>tianensis</strong></span> <span class='ocrx_word' id='word_1_754' title='bbox 2136 4341 2355 4408; x_wconf 82' lang='lat' dir='ltr'><strong>episcopi</strong></span> <span class='ocrx_word' id='word_1_755' title='bbox 2385 4341 2561 4409; x_wconf 72' lang='lat' dir='ltr'><strong>prima:</strong></span> <span class='ocrx_word' id='word_1_756' title='bbox 2593 4339 2723 4391; x_wconf 74' lang='lat' dir='ltr'><strong>sedis</strong></span> <span class='ocrx_word' id='word_1_757' title='bbox 2757 4339 3026 4409; x_wconf 72' lang='lat' dir='ltr'><strong>provincia:</strong></span> <span class='ocrx_word' id='word_1_758' title='bbox 3045 4336 3341 4405; x_wconf 74' lang='lat' dir='ltr'><strong>Byzacente,</strong></span> <span class='ocrx_word' id='word_1_759' title='bbox 3367 4341 3433 4392; x_wconf 88' lang='lat' dir='ltr'><strong>ad</strong></span> 
     </span>
    </p>
   </div>
   <div class='ocr_carea' id='block_1_104' title="bbox 1867 4408 3432 4476">
    <p class='ocr_par' dir='ltr' id='par_1_104' title="bbox 1867 4408 3432 4476">
     <span class='ocr_line' id='line_1_104' title="bbox 1867 4408 3432 4476; baseline -0.001 -16"><span class='ocrx_word' id='word_1_760' title='bbox 1867 4421 2023 4476; x_wconf 85' lang='lat' dir='ltr'><strong>quem</strong></span> <span class='ocrx_word' id='word_1_761' title='bbox 2055 4419 2355 4463; x_wconf 84' lang='lat' dir='ltr'><strong>recurrerat</strong></span> <span class='ocrx_word' id='word_1_762' title='bbox 2383 4408 2604 4462; x_wconf 88' lang='lat' dir='ltr'><strong>absente</strong></span> <span class='ocrx_word' id='word_1_763' title='bbox 2625 4409 2876 4475; x_wconf 80' lang='lat' dir='ltr'><strong>episcopo</strong></span> <span class='ocrx_word' id='word_1_764' title='bbox 2899 4408 3320 4474; x_wconf 81' lang='lat' dir='ltr'><strong>Carthaginensi.</strong></span> <span class='ocrx_word' id='word_1_765' title='bbox 3347 4413 3432 4464; x_wconf 89' lang='lat' dir='ltr'><strong>cui</strong></span> 
     </span>
    </p>
   </div>
   <div class='ocr_carea' id='block_1_105' title="bbox 1869 4477 3480 4545">
    <p class='ocr_par' dir='ltr' id='par_1_105' title="bbox 1869 4477 3480 4545">
     <span class='ocr_line' id='line_1_105' title="bbox 1869 4477 3480 4545; baseline 0.001 -14"><span class='ocrx_word' id='word_1_766' title='bbox 1869 4480 2248 4532; x_wconf 85' lang='lat' dir='ltr'><strong>monasterium</strong></span> <span class='ocrx_word' id='word_1_767' title='bbox 2276 4479 2390 4545; x_wconf 88' lang='lat' dir='ltr'><strong>ejus</strong></span> <span class='ocrx_word' id='word_1_768' title='bbox 2413 4478 2556 4531; x_wconf 87' lang='lat' dir='ltr'><strong>nullo</strong></span> <span class='ocrx_word' id='word_1_769' title='bbox 2586 4478 2759 4529; x_wconf 83' lang='lat' dir='ltr'><strong>medio</strong></span> <span class='ocrx_word' id='word_1_770' title='bbox 2783 4477 3077 4542; x_wconf 87' lang='lat' dir='ltr'><strong>subjectum</strong></span> <span class='ocrx_word' id='word_1_771' title='bbox 3108 4488 3241 4531; x_wconf 88' lang='lat' dir='ltr'><strong>erat.</strong></span> <span class='ocrx_word' id='word_1_772' title='bbox 3277 4479 3436 4533; x_wconf 83' lang='lat' dir='ltr'><strong>Boni-</strong></span> <span class='ocrx_word' id='word_1_773' title='bbox 3475 4477 3480 4489; x_wconf 75' lang='grc'><em>’</em></span> 
     </span>
    </p>
   </div>
   <div class='ocr_carea' id='block_1_106' title="bbox 1870 4545 3436 4615">
    <p class='ocr_par' dir='ltr' id='par_1_106' title="bbox 1870 4545 3436 4615">
     <span class='ocr_line' id='line_1_106' title="bbox 1870 4545 3436 4615; baseline 0.003 -16"><span class='ocrx_word' id='word_1_774' title='bbox 1870 4552 2034 4602; x_wconf 69' lang='lat' dir='ltr'><strong>t‘acius</strong></span> <span class='ocrx_word' id='word_1_775' title='bbox 2063 4561 2259 4610; x_wconf 90' lang='lat' dir='ltr'><strong>tamen,</strong></span> <span class='ocrx_word' id='word_1_776' title='bbox 2293 4549 2380 4614; x_wconf 83' lang='lat' dir='ltr'><strong>qui</strong></span> <span class='ocrx_word' id='word_1_777' title='bbox 2431 4548 2550 4600; x_wconf 91' lang='lat' dir='ltr'><strong>huic</strong></span> <span class='ocrx_word' id='word_1_778' title='bbox 2599 4547 2775 4600; x_wconf 85' lang='lat' dir='ltr'><strong>libello</strong></span> <span class='ocrx_word' id='word_1_779' title='bbox 2807 4545 2925 4598; x_wconf 87' lang='lat' dir='ltr'><strong>ﬁdei</strong></span> <span class='ocrx_word' id='word_1_780' title='bbox 2965 4546 3299 4615; x_wconf 78' lang='lat' dir='ltr'><strong>subscripsit,</strong></span> <span class='ocrx_word' id='word_1_781' title='bbox 3332 4566 3436 4604; x_wconf 89' lang='lat' dir='ltr'><strong>non</strong></span> 
     </span>
    </p>
   </div>
   <div class='ocr_carea' id='block_1_107' title="bbox 1869 4616 3475 4686">
    <p class='ocr_par' dir='ltr' id='par_1_107' title="bbox 1869 4616 3475 4686">
     <span class='ocr_line' id='line_1_107' title="bbox 1869 4616 3475 4686; baseline 0.001 -17"><span class='ocrx_word' id='word_1_782' title='bbox 1869 4621 2079 4672; x_wconf 88' lang='lat' dir='ltr'><strong>videtur</strong></span> <span class='ocrx_word' id='word_1_783' title='bbox 2108 4619 2268 4670; x_wconf 89' lang='lat' dir='ltr'><strong>fuisse</strong></span> <span class='ocrx_word' id='word_1_784' title='bbox 2294 4616 2514 4684; x_wconf 82' lang='lat' dir='ltr'><strong>primas,</strong></span> <span class='ocrx_word' id='word_1_785' title='bbox 2538 4633 2658 4669; x_wconf 89' lang='lat' dir='ltr'><strong>cum</strong></span> <span class='ocrx_word' id='word_1_786' title='bbox 2690 4626 2808 4683; x_wconf 82' lang='lat' dir='ltr'><strong>post</strong></span> <span class='ocrx_word' id='word_1_787' title='bbox 2839 4616 3158 4669; x_wconf 81' lang='lat' dir='ltr'><strong>Bonit&#39;acium</strong></span> <span class='ocrx_word' id='word_1_788' title='bbox 3191 4619 3434 4672; x_wconf 80' lang='lat' dir='ltr'><strong>Furatia-</strong></span> <span class='ocrx_word' id='word_1_789' title='bbox 3459 4657 3475 4686; x_wconf 43' lang='grc' dir='ltr'><strong>η</strong></span> 
     </span>
    </p>
   </div>
   <div class='ocr_carea' id='block_1_108' title="bbox 1869 4686 3473 4754">
    <p class='ocr_par' dir='ltr' id='par_1_108' title="bbox 1869 4686 3473 4754">
     <span class='ocr_line' id='line_1_108' title="bbox 1869 4686 3473 4754; baseline 0 -13"><span class='ocrx_word' id='word_1_790' title='bbox 1869 4704 2086 4742; x_wconf 81' lang='lat' dir='ltr'><strong>ttensem</strong></span> <span class='ocrx_word' id='word_1_791' title='bbox 2117 4688 2509 4751; x_wconf 76' lang='lat' dir='ltr'><strong>subscripserit,</strong></span> <span class='ocrx_word' id='word_1_792' title='bbox 2542 4687 2628 4753; x_wconf 89' lang='lat' dir='ltr'><strong>qui</strong></span> <span class='ocrx_word' id='word_1_793' title='bbox 2675 4686 2887 4754; x_wconf 86' lang='lat' dir='ltr'><strong>quidem</strong></span> <span class='ocrx_word' id='word_1_794' title='bbox 2940 4686 3238 4740; x_wconf 77' lang='lat' dir='ltr'><strong>Bonifacius</strong></span> <span class='ocrx_word' id='word_1_795' title='bbox 3271 4689 3433 4741; x_wconf 82' lang='lat' dir='ltr'><strong>Fnra-</strong></span> <span class='ocrx_word' id='word_1_796' title='bbox 3470 4689 3473 4694; x_wconf 78' lang='grc'><em>’</em></span> 
     </span>
    </p>
   </div>
   <div class='ocr_carea' id='block_1_109' title="bbox 1873 4755 3436 4828">
    <p class='ocr_par' dir='ltr' id='par_1_109' title="bbox 1873 4755 3436 4828">
     <span class='ocr_line' id='line_1_109' title="bbox 1873 4755 3436 4828; baseline 0 -20"><span class='ocrx_word' id='word_1_797' title='bbox 1873 4760 2124 4812; x_wconf 78' lang='lat' dir='ltr'><strong>tiancnsis</strong></span> <span class='ocrx_word' id='word_1_798' title='bbox 2157 4759 2206 4810; x_wconf 91' lang='lat' dir='ltr'><strong>in</strong></span> <span class='ocrx_word' id='word_1_799' title='bbox 2253 4755 2447 4809; x_wconf 84' lang='lat' dir='ltr'><strong>Notitia</strong></span> <span class='ocrx_word' id='word_1_800' title='bbox 2500 4757 2710 4820; x_wconf 73' lang='lat' dir='ltr'><strong>Africaa,</strong></span> <span class='ocrx_word' id='word_1_801' title='bbox 2752 4755 2888 4808; x_wconf 88' lang='lat' dir='ltr'><strong>inter</strong></span> <span class='ocrx_word' id='word_1_802' title='bbox 2922 4755 3104 4810; x_wconf 78' lang='lat' dir='ltr'><strong>Patres</strong></span> <span class='ocrx_word' id='word_1_803' title='bbox 3139 4757 3436 4828; x_wconf 77' lang='lat' dir='ltr'><strong>Byzacenus</strong></span> 
     </span>
    </p>
   </div>
   <div class='ocr_carea' id='block_1_110' title="bbox 1791 4815 2850 4896">
    <p class='ocr_par' dir='ltr' id='par_1_110' title="bbox 1791 4815 2850 4896">
     <span class='ocr_line' id='line_1_110' title="bbox 1791 4815 2850 4896; baseline -0.002 -16"><span class='ocrx_word' id='word_1_804' title='bbox 1791 4815 1840 4874; x_wconf 80' lang='grc' dir='ltr'><strong>Ι)</strong></span> <span class='ocrx_word' id='word_1_805' title='bbox 1865 4829 2230 4896; x_wconf 74' lang='lat' dir='ltr'><strong>sexagesimus</strong></span> <span class='ocrx_word' id='word_1_806' title='bbox 2259 4839 2475 4879; x_wconf 86' lang='lat' dir='ltr'><strong>octavus</strong></span> <span class='ocrx_word' id='word_1_807' title='bbox 2504 4815 2850 4879; x_wconf 76' lang='lat' dir='ltr'><strong>memoratur.</strong></span> 
     </span>
    </p>
   </div>
   <div class='ocr_carea' id='block_1_111' title="bbox 219 4951 3416 4982">
    <p class='ocr_par' dir='ltr' id='par_1_111' title="bbox 219 4951 3416 4982">
     <span class='ocr_line' id='line_1_111' title="bbox 219 4951 3416 4982; baseline 0.001 -5"><span class='ocrx_word' id='word_1_808' title='bbox 219 4951 3416 4982; x_wconf 53' lang='lat' dir='ltr'><em>W</em></span> 
     </span>
    </p>
   </div>
   <div class='ocr_carea' id='block_1_112' title="bbox 1112 5057 2471 5187">
    <p class='ocr_par' dir='ltr' id='par_1_112' title="bbox 1112 5057 2471 5187">
     <span class='ocr_line' id='line_1_112' title="bbox 1112 5057 2471 5187; baseline -0.001 -24"><span class='ocrx_word' id='word_1_809' title='bbox 1112 5058 1589 5163; x_wconf 84' lang='lat' dir='ltr'><strong>LIBER</strong></span> <span class='ocrx_word' id='word_1_810' title='bbox 1678 5064 1776 5187; x_wconf 83' lang='lat' dir='ltr'><em>Q</em></span> <span class='ocrx_word' id='word_1_811' title='bbox 1798 5059 2113 5164; x_wconf 70' lang='grc' dir='ltr'><strong>[ΓΑΒ</strong></span> <span class='ocrx_word' id='word_1_812' title='bbox 2138 5057 2471 5162; x_wconf 86' lang='lat' dir='ltr'><strong>TU&#39;S.</strong></span> 
     </span>
    </p>
   </div>
   <div class='ocr_carea' id='block_1_113' title="bbox 1015 5222 2616 5283">
    <p class='ocr_par' dir='ltr' id='par_1_113' title="bbox 1015 5222 2616 5283">
     <span class='ocr_line' id='line_1_113' title="bbox 1015 5222 2616 5283; baseline -0.002 -2"><span class='ocrx_word' id='word_1_813' title='bbox 1015 5222 1329 5282; x_wconf 71' lang='lat' dir='ltr'><strong>HUNEBICI</strong></span> <span class='ocrx_word' id='word_1_814' title='bbox 1386 5240 1655 5282; x_wconf 67' lang='lat' dir='ltr'><strong>SEVITIA</strong></span> <span class='ocrx_word' id='word_1_815' title='bbox 1714 5241 1776 5283; x_wconf 78' lang='lat' dir='ltr'><strong>IN</strong></span> <span class='ocrx_word' id='word_1_816' title='bbox 1837 5237 2166 5280; x_wconf 82' lang='lat' dir='ltr'><strong>EPISCUPOS</strong></span> <span class='ocrx_word' id='word_1_817' title='bbox 2210 5237 2616 5279; x_wconf 79' lang='lat' dir='ltr'><strong>CATHOLICOS.</strong></span> 
     </span>
    </p>
   </div>
   <div class='ocr_carea' id='block_1_114' title="bbox 261 5339 1762 5411">
    <p class='ocr_par' dir='ltr' id='par_1_114' title="bbox 261 5339 1762 5411">
     <span class='ocr_line' id='line_1_114' title="bbox 261 5339 1762 5411; baseline 0.001 -19"><span class='ocrx_word' id='word_1_818' title='bbox 261 5340 299 5396; x_wconf 86' lang='lat' dir='ltr'><strong>l.</strong></span> <span class='ocrx_word' id='word_1_819' title='bbox 344 5344 654 5394; x_wconf 81' lang='lat' dir='ltr'><strong>Arianorum</strong></span> <span class='ocrx_word' id='word_1_820' title='bbox 683 5341 971 5394; x_wconf 66' lang='lat' dir='ltr'><strong>calumnia.</strong></span> <span class='ocrx_word' id='word_1_821' title='bbox 1009 5371 1081 5381; x_wconf 90' lang='lat'><strong>—</strong></span> <span class='ocrx_word' id='word_1_822' title='bbox 1119 5341 1218 5408; x_wconf 89' lang='lat' dir='ltr'><strong>Qui</strong></span> <span class='ocrx_word' id='word_1_823' title='bbox 1247 5339 1339 5411; x_wconf 79' lang='grc' dir='ltr'>[αι.</span> <span class='ocrx_word' id='word_1_824' title='bbox 1382 5341 1612 5411; x_wconf 86' lang='lat' dir='ltr'><strong>cunque]</strong></span> <span class='ocrx_word' id='word_1_825' title='bbox 1641 5355 1762 5393; x_wconf 87' lang='lat' dir='ltr'><strong>cum</strong></span> 
     </span>
    </p>
   </div>
   <div class='ocr_carea' id='block_1_115' title="bbox 195 5432 1764 5501">
    <p class='ocr_par' dir='ltr' id='par_1_115' title="bbox 195 5432 1764 5501">
     <span class='ocr_line' id='line_1_115' title="bbox 195 5432 1764 5501; baseline 0.001 -20"><span class='ocrx_word' id='word_1_826' title='bbox 195 5443 373 5486; x_wconf 88' lang='lat' dir='ltr'><strong>noster</strong></span> <span class='ocrx_word' id='word_1_827' title='bbox 423 5433 633 5486; x_wconf 88' lang='lat' dir='ltr'><strong>libellus</strong></span> <span class='ocrx_word' id='word_1_828' title='bbox 683 5436 969 5501; x_wconf 82' lang='lat' dir='ltr'><strong>legeretur,</strong></span> <span class='ocrx_word' id='word_1_829' title='bbox 1015 5432 1254 5498; x_wconf 45' lang='lat' dir='ltr'><strong>,oblatum</strong></span> <span class='ocrx_word' id='word_1_830' title='bbox 1300 5432 1541 5485; x_wconf 85' lang='lat' dir='ltr'><strong>veritatis</strong></span> <span class='ocrx_word' id='word_1_831' title='bbox 1587 5433 1764 5484; x_wconf 85' lang='lat' dir='ltr'><strong>lumen</strong></span> 
     </span>
    </p>
   </div>
   <div class='ocr_carea' id='block_1_116' title="bbox 193 5521 1766 5592">
    <p class='ocr_par' dir='ltr' id='par_1_116' title="bbox 193 5521 1766 5592">
     <span class='ocr_line' id='line_1_116' title="bbox 193 5521 1766 5592; baseline -0.002 -17"><span class='ocrx_word' id='word_1_832' title='bbox 193 5539 530 5592; x_wconf 84' lang='lat' dir='ltr'><strong>nequaquam</strong></span> <span class='ocrx_word' id='word_1_833' title='bbox 556 5522 781 5577; x_wconf 72' lang='lat' dir='ltr'><strong>sufferre</strong></span> <span class='ocrx_word' id='word_1_834' title='bbox 809 5521 967 5576; x_wconf 63' lang='lat' dir='ltr'><strong>cacis</strong></span> <span class='ocrx_word' id='word_1_835' title='bbox 993 5523 1160 5576; x_wconf 90' lang='lat' dir='ltr'><strong>oculis</strong></span> <span class='ocrx_word' id='word_1_836' title='bbox 1188 5529 1474 5589; x_wconf 90' lang='lat' dir='ltr'><strong>potuerunt</strong></span> <span class='ocrx_word' id='word_1_837' title='bbox 1500 5521 1766 5573; x_wconf 86' lang='lat' dir='ltr'><strong>insanien-</strong></span> 
     </span>
    </p>
   </div>
   <div class='ocr_carea' id='block_1_117' title="bbox 193 5610 1768 5682">
    <p class='ocr_par' dir='ltr' id='par_1_117' title="bbox 193 5610 1768 5682">
     <span class='ocr_line' id='line_1_117' title="bbox 193 5610 1768 5682; baseline -0.001 -18"><span class='ocrx_word' id='word_1_838' title='bbox 193 5627 288 5678; x_wconf 58' lang='lat' dir='ltr'><strong>tes,</strong></span> <span class='ocrx_word' id='word_1_839' title='bbox 311 5614 542 5667; x_wconf 84' lang='lat' dir='ltr'><strong>vocibus</strong></span> <span class='ocrx_word' id='word_1_840' title='bbox 569 5614 936 5676; x_wconf 75' lang='lat' dir='ltr'><strong>intremen&#39;es,</strong></span> <span class='ocrx_word' id='word_1_841' title='bbox 961 5615 1296 5682; x_wconf 89' lang='lat' dir='ltr'><strong>graviterque</strong></span> <span class='ocrx_word' id='word_1_842' title='bbox 1326 5610 1579 5673; x_wconf 86' lang='lat' dir='ltr'><strong>ferentes,</strong></span> <span class='ocrx_word' id='word_1_843' title='bbox 1603 5625 1768 5676; x_wconf 89' lang='lat' dir='ltr'><strong>quare</strong></span> 
     </span>
    </p>
   </div>
   <div class='ocr_carea' id='block_1_118' title="bbox 192 5701 1767 5770">
    <p class='ocr_par' dir='ltr' id='par_1_118' title="bbox 192 5701 1767 5770">
     <span class='ocr_line' id='line_1_118' title="bbox 192 5701 1767 5770; baseline -0.002 -11"><span class='ocrx_word' id='word_1_844' title='bbox 192 5723 283 5760; x_wconf 89' lang='lat' dir='ltr'><strong>nos</strong></span> <span class='ocrx_word' id='word_1_845' title='bbox 323 5706 550 5760; x_wconf 82' lang='lat' dir='ltr'><strong>nomine</strong></span> <span class='ocrx_word' id='word_1_846' title='bbox 587 5716 770 5759; x_wconf 82' lang='lat' dir='ltr'><strong>nostro</strong></span> <span class='ocrx_word' id='word_1_847' title='bbox 797 5705 1087 5758; x_wconf 77' lang='lat' dir='ltr'><strong>catholicos</strong></span> <span class='ocrx_word' id='word_1_848' title='bbox 1115 5704 1429 5759; x_wconf 83' lang='lat' dir='ltr'><strong>dixerimus.</strong></span> <span class='ocrx_word' id='word_1_849' title='bbox 1474 5701 1767 5770; x_wconf 91' lang='lat' dir='ltr'><strong>Statimque</strong></span> 
     </span>
    </p>
   </div>
   <div class='ocr_carea' id='block_1_119' title="bbox 487 5794 988 5855">
    <p class='ocr_par' dir='ltr' id='par_1_119' title="bbox 487 5794 988 5855">
     <span class='ocr_line' id='line_1_119' title="bbox 487 5794 988 5855; baseline -0.002 -2"><span class='ocrx_word' id='word_1_850' title='bbox 487 5795 748 5855; x_wconf 69' lang='grc' dir='ltr'><strong>Ρλτκοι..</strong></span> <span class='ocrx_word' id='word_1_851' title='bbox 797 5794 988 5854; x_wconf 78' lang='lat' dir='ltr'><strong>LVIII</strong></span> 
     </span>
    </p>
   </div>
   <div class='ocr_carea' id='block_1_120' title="bbox 1872 5338 3434 5416">
    <p class='ocr_par' dir='ltr' id='par_1_120' title="bbox 1872 5338 3434 5416">
     <span class='ocr_line' id='line_1_120' title="bbox 1872 5338 3434 5416; baseline 0.005 -24"><span class='ocrx_word' id='word_1_852' title='bbox 1872 5339 2191 5392; x_wconf 88' lang='lat' dir='ltr'><strong>mentientes</strong></span> <span class='ocrx_word' id='word_1_853' title='bbox 2222 5346 2513 5407; x_wconf 69' lang='lat' dir='ltr'><strong>Stsggeruttt</strong></span> <span class='ocrx_word' id='word_1_854' title='bbox 2541 5338 2649 5407; x_wconf 84' lang='lat' dir='ltr'><strong>regi</strong></span> <span class='ocrx_word' id='word_1_855' title='bbox 2683 5339 2748 5393; x_wconf 90' lang='lat' dir='ltr'><strong>de</strong></span> <span class='ocrx_word' id='word_1_856' title='bbox 2781 5342 2953 5405; x_wconf 88' lang='lat' dir='ltr'><strong>nobis,</strong></span> <span class='ocrx_word' id='word_1_857' title='bbox 2985 5356 3051 5395; x_wconf 91' lang='lat' dir='ltr'><strong>eo</strong></span> <span class='ocrx_word' id='word_1_858' title='bbox 3081 5343 3217 5409; x_wconf 88' lang='lat' dir='ltr'><strong>quod</strong></span> <span class='ocrx_word' id='word_1_859' title='bbox 3248 5347 3434 5416; x_wconf 76' lang='lat' dir='ltr'><strong>strepi~</strong></span> 
     </span>
    </p>
   </div>
   <div class='ocr_carea' id='block_1_121' title="bbox 1873 5429 3436 5498">
    <p class='ocr_par' dir='ltr' id='par_1_121' title="bbox 1873 5429 3436 5498">
     <span class='ocr_line' id='line_1_121' title="bbox 1873 5429 3436 5498; baseline 0.008 -17"><span class='ocrx_word' id='word_1_860' title='bbox 1873 5439 1978 5481; x_wconf 90' lang='lat' dir='ltr'><strong>tum</strong></span> <span class='ocrx_word' id='word_1_861' title='bbox 2011 5429 2313 5493; x_wconf 81' lang='lat' dir='ltr'><strong>fecerimus,</strong></span> <span class='ocrx_word' id='word_1_862' title='bbox 2334 5430 2655 5484; x_wconf 89' lang='lat' dir='ltr'><strong>audientiam</strong></span> <span class='ocrx_word' id='word_1_863' title='bbox 2689 5430 2966 5498; x_wconf 69' lang='lat' dir='ltr'><strong>fugientes,</strong></span> <span class='ocrx_word' id='word_1_864' title='bbox 2993 5435 3078 5498; x_wconf 83' lang='lat' dir='ltr'><strong>qui</strong></span> <span class='ocrx_word' id='word_1_865' title='bbox 3103 5433 3284 5487; x_wconf 83' lang='lat' dir='ltr'><strong>edem</strong></span> <span class='ocrx_word' id='word_1_866' title='bbox 3311 5440 3436 5492; x_wconf 89' lang='lat' dir='ltr'><strong>hora</strong></span> 
     </span>
    </p>
   </div>
   <div class='ocr_carea' id='block_1_122' title="bbox 1871 5518 3437 5598">
    <p class='ocr_par' dir='ltr' id='par_1_122' title="bbox 1871 5518 3437 5598">
     <span class='ocr_line' id='line_1_122' title="bbox 1871 5518 3437 5598; baseline 0.005 -28"><span class='ocrx_word' id='word_1_867' title='bbox 1871 5533 2125 5572; x_wconf 56' lang='lat' dir='ltr'><strong>accensus</strong></span> <span class='ocrx_word' id='word_1_868' title='bbox 2151 5528 2205 5572; x_wconf 87' lang='lat' dir='ltr'><strong>et</strong></span> <span class='ocrx_word' id='word_1_869' title='bbox 2234 5518 2463 5572; x_wconf 89' lang='lat' dir='ltr'><strong>credens</strong></span> <span class='ocrx_word' id='word_1_870' title='bbox 2486 5521 2786 5584; x_wconf 89' lang='lat' dir='ltr'><strong>mendacio,</strong></span> <span class='ocrx_word' id='word_1_871' title='bbox 2811 5522 3072 5574; x_wconf 77' lang='lat' dir='ltr'><strong>festinavit</strong></span> <span class='ocrx_word' id='word_1_872' title='bbox 3104 5522 3277 5577; x_wconf 86' lang='lat' dir='ltr'><strong>facere</strong></span> <span class='ocrx_word' id='word_1_873' title='bbox 3299 5536 3437 5598; x_wconf 77' lang='lat' dir='ltr'><strong>quod</strong></span> 
     </span>
    </p>
   </div>
   <div class='ocr_carea' id='block_1_123' title="bbox 1871 5610 3439 5688">
    <p class='ocr_par' dir='ltr' id='par_1_123' title="bbox 1871 5610 3439 5688">
     <span class='ocr_line' id='line_1_123' title="bbox 1871 5610 3439 5688; baseline 0.009 -24"><span class='ocrx_word' id='word_1_874' title='bbox 1871 5611 2105 5664; x_wconf 85' lang='lat' dir='ltr'><strong>volebat.</strong></span> <span class='ocrx_word' id='word_1_875' title='bbox 2160 5611 2224 5665; x_wconf 88' lang='lat' dir='ltr'><strong>Et</strong></span> <span class='ocrx_word' id='word_1_876' title='bbox 2257 5610 2364 5680; x_wconf 90' lang='lat' dir='ltr'><strong>jam</strong></span> <span class='ocrx_word' id='word_1_877' title='bbox 2408 5615 2768 5680; x_wconf 84' lang='lat' dir='ltr'><strong>conscriptum</strong></span> <span class='ocrx_word' id='word_1_878' title='bbox 2798 5613 3070 5668; x_wconf 89' lang='lat' dir='ltr'><strong>decretum</strong></span> <span class='ocrx_word' id='word_1_879' title='bbox 3115 5616 3342 5688; x_wconf 88' lang='lat' dir='ltr'><strong>habens,</strong></span> <span class='ocrx_word' id='word_1_880' title='bbox 3383 5632 3439 5677; x_wconf 78' lang='lat' dir='ltr'><strong>et</strong></span> 
     </span>
    </p>
   </div>
   <div class='ocr_carea' id='block_1_124' title="bbox 1871 5703 3438 5779">
    <p class='ocr_par' dir='ltr' id='par_1_124' title="bbox 1871 5703 3438 5779">
     <span class='ocr_line' id='line_1_124' title="bbox 1871 5703 3438 5779; baseline 0.008 -22"><span class='ocrx_word' id='word_1_881' title='bbox 1871 5703 2080 5758; x_wconf 87' lang='lat' dir='ltr'><strong>occulte</strong></span> <span class='ocrx_word' id='word_1_882' title='bbox 2117 5718 2239 5757; x_wconf 91' lang='lat' dir='ltr'><strong>cum</strong></span> <span class='ocrx_word' id='word_1_883' title='bbox 2269 5704 2456 5760; x_wconf 89' lang='lat' dir='ltr'><strong>eodem</strong></span> <span class='ocrx_word' id='word_1_884' title='bbox 2488 5705 2703 5760; x_wconf 89' lang='lat' dir='ltr'><strong>decreto</strong></span> <span class='ocrx_word' id='word_1_885' title='bbox 2745 5720 2837 5773; x_wconf 85' lang='lat' dir='ltr'><strong>per</strong></span> <span class='ocrx_word' id='word_1_886' title='bbox 2866 5705 3102 5762; x_wconf 70' lang='lat' dir='ltr'><strong>diversas</strong></span> <span class='ocrx_word' id='word_1_887' title='bbox 3139 5711 3438 5779; x_wconf 70' lang='lat' dir='ltr'><strong>provincias</strong></span> 
     </span>
    </p>
   </div>
   <div class='ocr_carea' id='block_1_125' title="bbox 3100 5803 3136 5856">
    <p class='ocr_par' dir='ltr' id='par_1_125' title="bbox 3100 5803 3136 5856">
     <span class='ocr_line' id='line_1_125' title="bbox 3100 5803 3136 5856; baseline 0 -2"><span class='ocrx_word' id='word_1_888' title='bbox 3100 5803 3136 5856; x_wconf 81' lang='lat'>8</span> 
     </span>
    </p>
   </div>
  </div>
