3944 6176
474 265 578 318 23-5

1783 262 2095 318 V.CTORlS
2138 263 2439 319 VlTiiNSIS

3609 277 3710 330 236

476 391 600 440 suos
627 374 865 428 homines
888 373 1138 442 dirigens,
1173 374 1438 444 episc0pis
1464 371 1787 442 Carthagine
1828 373 2035 441 positis,
2069 376 2111 432 Λ
2141 389 2200 428 se
2223 377 2489 430 conﬂictui
2525 388 2737 447 paratos
2764 390 3086 445 aSIrucreut,
3119 381 3288 448 primo
3317 385 3401 437 die
3431 399 3461 438 a
3487 402 3711 442 vvnvra-

476 481 577 518 una
599 465 683 518 die
710 465 971 517 universa:
993 465 1187 518 Africae
1208 466 1459 519 ecclesias
1481 465 1691 525 clausit,
1716 463 2042 516 universam-

475 570 579 619 que
621 553 971 607 substantiam
1015 554 1386 622 episcOporum
1436 563 1489 608 et
1535 553 1885 607 ecclesiarum
1933 554 2043 606 suis

475 645 733 712 σξρίεροιιὶε
765 660 985 698 munere
1014 644 1355 697 condonavit.
1398 643 1650 697 Nesciens
1677 658 1885 712 qttoque
1916 643 2041 711 quid

476 737 798 804 loqueretur,
828 750 998 804 neque
1027 735 1095 789 de
1124 734 1314 802 quibus
1343 732 1665 798 afﬁrmabat,
1691 733 1858 802 legem
1883 749 2040 801 quam

475 828 668 881 dudum
697 827 985 881 Christiani
1030 828 1380 895 imperatores
1424 829 1591 880 nostri
1624 838 1809 881 contra
1856 841 1950 879 eos
1992 835 2043 879 et

475 929 661 972 contra
705 921 838 971 alios
881 920 1162 972 haereticos
1203 933 1299 987 pro
1344 918 1744 972 honoriﬁcentia
1789 918 2042 972 Ecclesia:

475 1009 749 1063 catholica“:
777 1010 1033 1064 dederant
1057 1010 1340 1063 adversum
1369 1024 1465 1061 nos
1493 1009 1568 1063 illi
1596 1023 1893 1078 proponere
1936 1023 2040 1061 non

474 1103 830 1167 erubuerunt,
879 1103 1136 1157 addentes
1180 1105 1343 1156 multa
1383 1102 1450 1156 de
1491 1103 1630 1168 suis,
1674 1104 1812 1157 sicut
1852 1102 2046 1170 placuit

475 1193 763 1261 tyrannicae
787 1195 1054 1262 potestati.
1087 1193 1209 1248 lianc
1230 1202 1312 1246 est
1330 1193 1471 1246 enim
1494 1194 1659 1247 series
1681 1194 1820 1246 data:
1843 1201 1895 1245 et
1923 1206 2045 1259 pro-

471 1285 662 1352 positae
689 1284 836 1353 legis.

570 1373 631 1427 ll.
676 1372 914 1427 Edictum
945 1373 995 1426 11
1003 1374 1193 1427 unerici
1222 1375 1354 1445 regis
1382 1375 1622 1429 adversus
1653 1373 1948 1428 catholicos.

548 1464 657 1517 lies
694 1465 929 1519 lluuerix
969 1465 1327 1520 Vandalorum
1362 1476 1416 1520 et
1439 1467 1756 1533 Alanorum,
1783 1465 2044 1525 universis

473 1555 679 1624 βομυῐίδ
705 1567 889 1608 nostro
913 1572 1077 1623 regno
1101 1556 1356 1626 subjectis
1384 1575 1397 1608 :

549 1664 566 1694 ι
586 1645 942 1712 Triumphalis
967 1647 1258 1713 majestatis
1279 1654 1334 1699 et
1353 1645 1513 1715 regiae
1535 1646 1786 1714 probatur
1805 1646 1914 1717 3h,
1925 1661 2044 1700 esse

2149 465 2337 518 bilibus
2364 468 2628 536 episcopis
2660 470 2856 523 nostris
2886 471 2964 523 eis
2990 469 3195 524 videtur
3222 487 3342 526 esse
3367 477 3711 542 propositum,

2146 566 2202 607 ul
2224 555 2513 624 ὁμοούσιον,
2544 559 2684 611 sicut
2707 561 2890 614 moniti
2915 574 3088 628 erattl,
3111 578 3177 617 ex
3205 563 3399 616 divinis
3425 566 3713 632 Scripturis

2146 647 2358 714 proprie
2379 648 2738 716 approbarent
2761 667 2773 702 :
2807 662 2894 704 aut
2919 662 3065 707 certe
3086 653 3225 721 quod
3247 670 3275 705 a
3299 655 3444 710 mille
3468 666 3490 692 ο
3512 667 3565 709 et
3587 669 3714 725 quot

2145 745 2464 801 excurrunt,
2514 739 2851 805 pontiﬁcibus
2881 741 2949 794 de
2991 749 3099 794 toto
3139 743 3268 796 orbe
3312 746 3364 798 in
3395 745 3711 802 Aritninensi

2146 826 2396 893 concilio,
2429 827 2511 881 vel
2541 830 2678 896 apud
2709 829 3006 885 Seleuciam
3049 843 3376 898 amputatum
3418 846 3529 898 est,
3575 853 3714 905 pra:-

2143 915 2481 971 damnarent.
2521 918 2670 985 Quod
2701 935 3031 991 nequaquam
3063 923 3235 979 lacere
3263 926 3566 991 voluerunt,
3599 930 3716 984 uni-

2144 1023 2298 1061 versa
2327 1010 2392 1062 ad
2424 1011 2740 1066 seditionem
2775 1029 2869 1082 per
2898 1028 2956 1067 se
2976 1011 3002 1050 ἀ
3025 1017 3288 1070 concitato
3331 1020 3524 1087 populo
3563 1037 3716 1076 revo-

2143 1109 2347 1155 cantes.
2370 1101 2620 1166 Quinimo
2642 1114 2696 1158 et
2715 1107 2944 1160 secunda
2969 1107 3080 1170 die,
3096 1108 3220 1162 dum
3244 1110 3321 1164 eis
3343 1113 3717 1168 mandaremus

2144 1200 2199 1244 ut
2231 1191 2297 1246 de
2335 1193 2521 1248 eadem
2551 1195 2676 1262 ﬁde,
2706 1195 2862 1250 sicuti
2889 1213 3023 1268 prop
3045 1200 3217 1253 isitnm
3252 1200 3456 1268 fuerat,
3493 1220 3719 1271 respon-

2143 1283 2332 1337 derent
2360 1300 2374 1338 :
2414 1294 2437 1321 ο
2464 1285 2564 1338 huc
2595 1285 2845 1341 videntur
2873 1291 3226 1356 assumpsisse
3255 1291 3319 1343 ad
3366 1296 3717 1349 temeritatem

2144 1381 2496 1442 transactam,
2531 1385 2590 1430 ιιι
2631 1377 2894 1432 seditione
2933 1387 2988 1432 et
3029 1380 3350 1435 clamoribus
3389 1387 3565 1438 omnia
3599 1401 3718 1453 per-

2147 1466 2451 1527 turbantes,
2488 1465 2554 1519 ad
2582 1467 2883 1521 conﬂictum
2913 1468 3151 1523 lacerent
3181 1471 3398 1524 minime
3429 1476 3718 1540 perveniri.

2222 1576 2240 1605 ι
2275 1553 2292 1591 ί
2318 1555 2518 1622 Quibus
2549 1559 2983 1626 provocantibus,
3014 1562 3301 1615 statuimus
3329 1572 3383 1614 ut
3413 1579 3598 1616 eorum
3631 1583 3722 1617 ec-

2145 1645 2323 1699 clesias
2351 1647 2742 1708 clauderentur.
2779 1649 2876 1702 hac
2906 1649 3012 1704 illis
3039 1650 3344 1706 conditione
3375 1655 3712 1722 pra-scripta.

473 1736 679 1790 virtutis
706 1737 845 1789 mala
892 1739 941 1789 in
974 1748 1220 1791 auctores
1249 1738 1472 1791 consilia
1504 1749 1833 1808 retorquere.
1883 1740 2042 1804 Quis-
2075 1725 2121 1784 B
2150 1744 2205 1788 ut
2235 1735 2419 1789 tandiu
2447 1745 2630 1792 essent
2657 1738 2853 1792 clausa:
2879 1740 3112 1809 quandiu
3137 1741 3230 1813 [aL
3255 1743 3492 1814 mallent]
3515 1747 3723 1799 nollent

472 1829 590 1894 quis
617 1829 759 1881 enim
796 1828 990 1897 aliquid
1035 1829 1309 1896 pravitatis
1339 1829 1626 1891 invenerit,
1674 1829 1772 1880 sibi
1817 1829 2044 1898 imputet

471 1917 610 1983 quod
655 1918 896 1971 incurrit.
948 1918 1001 1971 ltt
1035 1933 1139 1986 qua
1179 1934 1238 1974 re
1278 1925 1461 1972 nutum
1504 1916 1669 1972 divini
1709 1918 1893 1986 iudicii
1932 1919 2043 1974 cle-

471 2013 668 2066 utentia
701 2023 877 2068 nostra
911 2023 1090 2068 secuta
1124 2024 1235 2077 est,
1277 2014 1417 2082 quod
1448 2013 1746 2083 quibusque
1779 2016 2040 2082 personis,

472 2113 628 2174 prout
671 2120 854 2159 eorum
897 2105 1031 2159 facta
1082 2107 1406 2170 meruerint,
1447 2121 1540 2160 seu
1573 2106 1739 2171 bona,
1782 2121 1875 2161 seu
1908 2108 2042 2160 forte

470 2197 660 2250 talibus
685 2206 708 2232 α
727 2197 1026 2264 contraria,
1071 2198 1195 2251 dum
1224 2197 1350 2251 facit
1380 2199 1641 2265 exuendi,
1688 2198 1843 2252 simul
1881 2197 2038 2253 etiam

470 2289 715 2354 provenit
752 2288 1109 2356 compensati.
1157 2288 1342 2357 Itaque
1386 2287 1470 2343 his
1511 2288 1920 2358 provocantibus
1950 2291 2039 2358 qui

468 2389 653 2432 contra
705 2381 1118 2450 praeceptionem
1170 2381 1383 2452 inclytae
1430 2381 1817 2437 recordationis
1875 2383 2041 2448 patris

471 2470 670 2532 nostri,
713 2471 794 2523 vel
842 2471 1264 2525 mansuetudinis
1311 2479 1507 2524 nostrae
1551 2471 1880 2526 crediderint
1923 2487 2041 2526 esse

465 2561 821 2622 reniteudum,
847 2575 1128 2616 censuram
1154 2561 1453 2615 severitatis
1473 2563 1815 2615 assumimus.
1846 2563 2040 2616 Aucto-

467 2653 712 2706 ritatibus
739 2653 882 2704 enim
914 2654 1122 2707 cunctis
1163 2654 1372 2722 populis
1404 2651 1624 2706 fecimus
1653 2653 1943 2716 innotesci,
1987 2662 2043 2707 ut

468 2743 521 2796 in
551 2744 779 2798 sci-tibus
808 2745 1165 2799 Vandalorum
1208 2745 1381 2798 nullos
1421 2756 1712 2799 conventus
1743 2747 2041 2800 omousiani

459 2835 770 2888 sacerdotes
810 2845 1180 2898 assuntercnt,
1233 2849 1332 2888 nec
1376 2834 1574 2905 aliquid
1625 2836 2037 2906 mysteriorum,

464 2941 582 2992 qua:
613 2928 781 2992 magis
810 2927 1077 2993 polluant.
1109 2927 1323 2980 sibimet
1352 2925 1716 2979 vindicarent:
1746 2927 1885 2995 quod
1917 2942 2037 2981 cum

459 3015 769 3068 videremus
797 3029 918 3068 esse
944 3016 1266 3082 neglectum,
1289 3023 1342 3070 et
1368 3015 1628 3083 plurimos
1651 3029 1772 3070 esse
1797 3028 2038 3083 repertos

2145 1830 2208 1882 ad
2240 1829 2545 1884 conﬂictum
2577 1833 2906 1899 prepositnm
2938 1835 3243 1902 pervenire.
3285 1835 3435 1901 Quod
3464 1852 3524 1889 ea
3553 1839 3724 1891 obsti-

2147 1920 2359 1975 natione
2387 1919 2564 1975 facere
2594 1921 2913 1991 voluerunt,
2958 1939 3117 1990 quam
3150 1926 3324 1988 pravis
3354 1925 3605 1981 videntur
3637 1944 3723 1982 as-

2144 2011 2438 2076 sumpsisse
2464 2012 2722 2064 consiliis.
2767 2011 2916 2066 Adeo
2945 2013 2998 2067 in
3033 2015 3130 2066 hos
3155 2025 3237 2068 est
3265 2017 3627 2070 necessarimn
3663 2034 3725 2072 ac

2140 2098 2496 2167 iustissimum
2528 2110 2858 2170 retorquere,
2889 2102 3029 2172 quod
3062 2104 3295 2172 ipsarum
3341 2104 3517 2174 legum
3548 2110 3722 2162 conti—

2145 2194 2323 2246 nentia
2347 2194 2764 2262 demonstratur,
2788 2210 2918 2263 quas
2941 2195 3170 2249 inductis
3193 2211 3375 2251 secum
3400 2198 3451 2250 in
3476 2214 3723 2254 errorem

2144 2283 2553 2352 imperatoribus
2576 2294 2600 2331 ε
2623 2285 2954 2338 diversorum
2988 2296 3286 2354 temporum
3330 2297 3456 2341 tunc
3496 2289 3726 2358 contigit

2145 2374 2490 2444 promulgari.
2537 2375 2769 2439 Quarum
2804 2376 2930 2428 illud
2965 2375 3173 2429 videtur
3205 2385 3386 2431 tenere
3411 2385 3724 2446 conceptio,

2145 2475 2200 2518 ut
2230 2465 2370 2520 nulla
2403 2467 2640 2533 exceptis
2672 2465 3024 2521 institutionis
3054 2483 3165 2521 suae
3193 2468 3517 2524 antistitibus
3546 2473 3726 2526 eccle-

2143 2559 2222 2612 sia
2252 2568 2482 2626 pateret;
2513 2559 2642 2612 nulli
2675 2559 2863 2613 liceret
2895 2560 2962 2613 ali
2995 2570 3084 2612 aut
3116 2561 3388 2614 convictus
3416 2578 3597 2629 agere,
3632 2577 3724 2619 aut

2143 2664 2397 2703 exercere
2424 2661 2748 2713 conventus;
2792 2665 2891 2704 nec
2932 2651 3188 2704 ecclesias
3231 2663 3321 2704 aut
3365 2653 3416 2706 in
3461 2655 3720 2718 urbibus,

2142 2749 2237 2794 aut
2264 2741 2317 2795 in
2345 2741 2663 2810 quibusdam
2696 2743 3022 2810 parvissimis
3048 2742 3203 2811 locis,
3235 2746 3441 2812 penitus
3471 2747 3725 2802 obtinere

2143 2846 2315 2899 neque
2345 2843 2694 2898 construere;
2739 2835 2830 2885 sed
2862 2843 3184 2900 praesumpta
3219 2835 3328 2888 ﬁsci
3357 2835 3569 2903 juribus
3593 2837 3724 2904 jun-

2141 2930 2421 2990 gvrentur;
2469 2923 2561 2976 sed
2592 2922 2749 2976 etiam
2792 2931 2847 2976 et
2887 2937 3072 2975 eorum
3105 2926 3440 2990 patrimonia,
3473 2929 3725 2982 ecclesiis

2141 3025 2251 3064 suze
2283 3011 2405 3065 ﬁdei
2430 3012 2652 3074 sociita,
2683 3013 2794 3064 suis
2821 3011 3151 3065 antistitibus
3184 3013 3569 3081 provenirent;
3617 3032 3723 3070 nec

459 3106 704 3159 dit-entes
745 3120 803 3158 se
849 3107 1104 3175 integram
1141 3107 1260 3160 ﬁdei
1310 3109 1542 3173 regulam
1584 3107 1844 3172 retinere,
1892 3119 2026 3177 post-
2064 3084 2112 3148 ο
2144 3101 2170 3139 ¹ι
2193 3102 2520 3158 commeandi
2552 3102 2617 3155 ad
2648 3117 2976 3172 quarcunque
3009 3102 3121 3156 loca
3155 3103 3344 3157 talibus
3376 3105 3590 3160 licentia
3629 3123 3726 3176 pa-

468 3197 680 3251 modutn
712 3195 988 3251 universos
1016 3205 1226 3250 constat
1255 3195 1417 3250 fuisse
1447 3197 1823 3262 commonitos,
1864 3200 2038 3266 spatio

469 3287 719 3352 temporis
767 3293 1062 3355 prteritgato
1110 3287 1374 3340 mensium
1424 3300 1657 3350 ηονιοιη,
1709 3285 1738 3324 δ
1780 3303 2038 3357 ηονωφιθ

466 3378 826 3432 contentionis
881 3377 965 3442 (si
1017 3376 1141 3445 qttid
1189 3377 1254 3428 ad
1305 3391 1488 3430 eorum
1539 3377 1808 3445 preposita
1855 3388 2036 3446 posset

467 3468 684 3537 aptari),
726 3479 779 3520 nt
809 3467 874 3521 ad
901 3467 1151 3522 calendas
1181 3468 1498 3523 Februarias
1527 3467 1650 3522 anni
1679 3470 1850 3522 octavi
1883 3470 2031 3538 regni

467 3562 669 3622 nostri,
711 3560 827 3614 sine
853 3571 996 3612 metu
1026 3560 1199 3627 aliquo
1228 3560 1599 3612 convenirent.
1625 3558 1724 3625 Qui
1763 3559 1888 3613 dum
1933 3561 2034 3616 huc

466 3653 530 3706 ad
559 3651 1031 3720 Carthaginensem
1063 3651 1393 3704 conﬂuerent
1419 3651 1717 3717 civitatem,
1759 3665 1879 3720 post
1919 3670 2032 3707 mo-

466 3759 576 3798 rnm
619 3746 872 3812 temporis
914 3745 1225 3813 praestituti,
1269 3744 1425 3798 aliam
1467 3760 1678 3816 quoque
1719 3747 2030 3802 dilationem

468 3836 857 3903 aliquanterum
883 3834 1092 3888 dierum
1121 3834 1332 3889 dedisse
1358 3838 1747 3903 cognoscimur.
1799 3841 1866 3892 Et
1904 3840 2029 3892 dum

532 3994 640 4064 82
669 4002 690 4028 δ
721 3990 1004 4046 Loricbius
1031 3999 1084 4043 et
1109 3990 1354 4053 Ortbod.,
1389 4001 1579 4064 secuta,
1613 3993 1839 4058 personis
1881 4001 2030 4064 prout

467 4062 637 4117 eorum
669 4066 870 4132 facta...
895 4064 1151 4114 contraria
1173 4063 1404 4114 decrevit.
1433 4062 1630 4132 itaque,
1654 4072 1758 4114 etc.
1785 4065 1847 4114 Ει
1869 4063 2023 4126 intra,

467 4135 643 4198 Urtb.,
670 4131 1030 4200 Prn'ceptiani.
1057 4133 1206 4184 Colb.
1241 4132 1292 4195 l,
1335 4131 1482 4184 Bald.
1532 4132 1728 4200 ltlten.,
1760 4143 1812 4183 et
1844 4132 2020 4199 Bign.,

467 4206 551 4274 qui
583 4199 1028 4274 pratteptionem...
1070 4217 1175 4274 esse
1213 4202 1546 4274 temnendam.
1593 4199 1768 4274 thiﬁ.
1816 4210 1867 4254 et
1913 4203 2022 4264 alii,

466 4268 737 4334 mendose,
765 4272 849 4342 qui
882 4273 1349 4342 prcc_reptionem....
1383 4268 1714 4322 retinendam.

537 4343 560 4381 δ
588 4340 793 4396 Cotini
845 4349 900 4394 et
949 4340 1136 4404 Mart.,
1184 4355 1392 4402 novem,
1441 4354 1550 4402 quia
1601 4340 1931 4392 contentionis
1982 4341 2025 4392 si

463 4414 587 4481 quid
611 4416 673 4464 ab
697 4428 868 4465 eorum
896 4410 1153 4481 proposito
1178 4413 1356 4477 possit.
1387 4408 1489 4461 Alii
1517 4423 1647 4461 mss.
1673 4420 1730 4462 ut
1759 4410 1809 4462 in
1833 4409 2020 4481 editis;

464 4479 556 4536 sed
597 4496 692 4548 pro
736 4479 970 4550 novaeque
1015 4479 1212 4535 habent
1251 4494 1583 4550 ttovaeﬂutv;
1631 4489 1686 4532 et
1731 4479 2026 4550 Orth.7pro

465 4547 793 4603 contentionis
835 4547 991 4604 habet
1017 4550 1377 4602 contentiones.
1407 4547 1683 4602 Lorichius
1711 4550 1786 4603 sic
1827 4549 1980 4602 habet
2008 4566 2021 4600 :

466 4622 582 4685 ﬁdei
610 4623 834 4686 regulam
873 4621 1123 4671 custodire
1150 4617 1226 4671 vel
1252 4621 1487 4678 retinere,
1531 4620 1789 4672 universos
1827 4628 2026 4671 constat

464 4693 621 4758 fuisse
642 4688 967 4758 commonitos
998 4687 1065 4738 ad
1093 4689 1259 4753 spatia
1289 4689 1525 4757 temporis
1574 4697 1842 4756 prorogata
1887 4704 2026 4740 men-

461 4757 593 4814 sium
618 4773 812 4812 novent.
847 4757 974 4822 Qua:
993 4759 1324 4827 contentionis
1351 4760 1393 4810 si
1419 4760 1608 4826 quid...
1646 4759 1804 4825 possit
1833 4758 2022 4827 aptari,

461 4833 530 4883 od
556 4829 793 4882 calendas
818 4827 1004 4879 scilicet
1036 4823 1359 4890 Februarias,
1388 4823 1493 4881 etc.

402 4905 408 4963 :
535 4909 557 4937 α
599 4897 782 4951 Modus
807 4894 1057 4963 loquendi
1085 4895 1222 4960 apud
1245 4895 1398 4948 Alt-os
1428 4897 1669 4958 usitatus,
1697 4904 1758 4950 ut
1781 4906 1922 4963 patet
1955 4911 2019 4949 ex

404 4971 407 4982 '
455 4967 657 5034 Optato
688 4967 780 5019 lib.
807 4982 824 5020 ι
854 4976 1036 5020 contra
1065 4965 1494 5028 Parmenianum,
1517 4966 1810 5029 Augustino
1835 4967 1926 5019 lib.
1950 4981 2022 5019 vn

461 5039 528 5090 de
557 5036 843 5100 Baptismo,
876 5050 993 5103 cap.
1019 5037 1073 5100 7,
1106 5035 1295 5093 quibus
1318 5036 1518 5096 verbis.
1566 5037 1680 5099 plus
1720 5037 1906 5096 minus,
1941 5037 2021 5090 vel

459 5107 636 5174 potius
663 5114 707 5155 ρι
734 5105 970 5174 αηιριὶιω.
1001 5103 1344 5172 signiﬁcatur.
1382 5104 1547 5159 Porro
1576 5121 1604 5158 a
1636 5105 1774 5159 mille
1809 5105 2023 5158 circiter

462 5173 724 5244 cpi-copis
767 5173 955 5242 degma
1000 5173 1380 5244 catholicorum
1429 5177 1734 5230 damnatum
1781 5177 1942 5229 luisse
1970 5176 2020 5230 in

461 5243 781 5301 Aiiminensi
819 5243 1064 5308 concilio,
1096 5257 1190 5296 seu
1235 5243 1375 5310 apud
1406 5243 1729 5310 Seleuciam,
1762 5244 1892 5296 dicit
1939 5247 2022 5298 hic

457 5329 752 5386 tyrannus:
785 5327 1083 5383 quanquam
1116 5312 1344 5386 ipsontet
1371 5316 1663 5386 Athanasio
1715 5322 2015 5386 attestante,

459 5381 597 5440 haud
643 5381 822 5453 plures
861 5397 1018 5452 quam
1057 5381 1427 5450 quadringenti
1464 5384 1782 5446 Ariminum,
1833 5382 2018 5438 Seleu-

454 5458 588 5508 ciam
652 5471 778 5510 vero
830 5463 1041 5508 centum
1093 5461 1150 5505 et
1199 5453 1468 5514 sexaginta
1512 5455 1878 5508 convenerint.
1914 5454 2017 5508 Sed

456 5527 632 5578 Ariani
683 5535 958 5594 postquam
1003 5524 1191 5591 partim
1237 5521 1444 5575 callidis
1487 5525 1713 5594 artibus,
1747 5526 1934 5591 partim
1958 5525 2017 5594 ivi

449 5594 738 5648 calhnlirus
768 5593 1031 5649 antistites
1056 5594 1120 5648 ad
1151 5606 1275 5647 suas
1305 5603 1481 5658 partes
1529 5593 1894 5654 inclinassent,
1922 5593 2020 5646 alio

453 5675 576 5724 u'mt
607 5677 666 5720 cx
696 5665 883 5728 scipsis
909 5664 1236 5731 delegerunt,
1261 5665 1347 5731 qui
1379 5677 1472 5730 per
1503 5665 1661 5718 urbes
1689 5663 2013 5731 provincias-

2144 3201 2308 3255 teret,
2341 3192 2433 3246 sed
2463 3201 2703 3246 extorres
2735 3193 2982 3245 omnibus
3019 3192 3238 3246 urbibus
3269 3193 3626 3250 redderentur
3669 3209 3724 3252 et

2143 3285 2310 3349 locis;
2351 3298 2448 3338 nec
2478 3283 2810 3353 baptismatis
2837 3285 3096 3337 haberent
3123 3285 3342 3339 omnino
3371 3286 3600 3355 aliquam
3642 3291 3726 3343 fa-

2137 3378 2409 3435 ettltatem,
2440 3383 2530 3428 attt
2553 3375 2689 3429 forte
2711 3377 2777 3430 dc
2801 3375 3056 3444 religione
3083 3375 3409 3444 disputandi,
3433 3389 3487 3432 et
3511 3381 3721 3436 nullam

2137 3466 2416 3520 ordinandi
2449 3466 2711 3520 haberent
2756 3463 3062 3531 licentiam,
3105 3467 3217 3522 sive
3245 3467 3552 3538 episcopos,
3600 3473 3723 3528 sive

2141 3558 2530 3629 przrsbyteros,
2583 3558 2662 3610 vel
2713 3556 2846 3610 alios
2896 3571 3028 3624 quos
3073 3557 3138 3610 ad
3188 3560 3388 3612 clerum
3443 3563 3721 3629 pertinere

2139 3652 2505 3718 contingeret,
2550 3647 2819 3715 proposita
2861 3647 3151 3701 severitate
3180 3649 3456 3716 vindictae,
3506 3662 3562 3704 ut
3602 3666 3715 3708 tam

2143 3746 2193 3796 hi
2241 3743 2330 3811 qui
2377 3757 2436 3796 se
2486 3748 2790 3809 paterentur
2822 3739 3124 3804 huiusmodi
3168 3740 3396 3795 honores
3440 3745 3713 3812 accipere,

2137 3849 2294 3903 quam
2321 3832 2480 3887 etiam
2513 3830 2611 3899 ipsi
2640 3829 2975 3883 ordinatores
3003 3829 3154 3883 denis
3196 3829 3341 3884 libris
3370 3833 3481 3885 auri
3513 3836 3716 3901 Singuli

2137 4005 2240 4058 que
2267 3988 2594 4049 cursitando,
2626 3988 2903 4055 episcopos
2932 3986 3020 4056 qui
3067 3986 3313 4039 absentes
3361 3987 3585 4051 fuerant,
3640 3995 3709 4046 ad

2136 4060 2491 4121 subsignanda
2542 4059 2750 4110 illorum
2797 4058 3042 4125 dogmata
3106 4068 3413 4124 coegerunt.
3469 4058 3713 4127 Utraque

2135 4139 2312 4182 autem
2345 4128 2429 4180 illa
2475 4127 2711 4194 synodus
2755 4143 2896 4179 anno
2939 4127 3268 4196 5397coacta
3319 4127 3437 4196 l‘uzt,
3478 4129 3712 4196 jubente

2133 4197 2446 4250 Constantio
2491 4200 2758 4266 Angusto,
2810 4197 2897 4263 qui
2944 4195 3312 4251 Occidentales
3363 4198 3708 4264 Ariminum,

2132 4267 2429 4321 Orientales
2459 4259 2906 4322 verovSeleuciam
2935 4266 3147 4321 Isauriae
3190 4269 3372 4322 urbem
3412 4259 3711 4326 convenire

2132 4339 2491 4391 mandaverat.

2201 4406 2228 4445 ἀ
2269 4409 2359 4463 Sic
2387 4410 2444 4460 υι
2462 4409 2539 4460 th.
2567 4405 2781 4472 Cteteri,
2809 4405 3048 4457 concitati
3069 4406 3267 4473 pepuli.

2204 4488 2227 4515 ε
2268 4477 2420 4530 Colb.
2450 4477 2503 4540 ‘2,
2535 4475 2739 4540 Chil'll.,
2781 4475 2954 4538 Bald.,
2987 4475 3252 4535 Rhenan..
3295 4485 3349 4531 et
3375 4477 3549 4546 Βῖθυν..
3593 4478 3710 4535 Iloc

2129 4549 2377 4601 erislenter
2407 4561 2724 4610 assumpsere
2749 4548 3024 4597 temeritate
3045 4555 3318 4600 transacta.
3349 4549 3524 4607 .\l;irt..
3553 4549 3699 4612 Ful.,

2129 4615 2335 4681 Germ.,
2387 4616 2599 4683 Comp,
2656 4614 2954 4678 Lorichius,
2988 4623 3042 4667 et
3085 4614 3260 4678 0rth.,
3305 4616 3424 4671 Hoc
3464 4621 3708 4674 videntur

2128 4688 2462 4753 assumpsisse
2489 4686 2767 4737 temeritate
2797 4694 3073 4736 transacta.

2203 4755 2220 4794 t
2263 4755 2462 4819 Chitﬁ.,
2493 4766 2624 4819 etc.,
2671 4753 2862 4817 Quibus
2904 4753 2998 4806 hoc
3040 4755 3443 4819 pronominibus.
3493 4758 3704 4824 then.,

2131 4825 2319 4890 Quibus
2348 4826 2442 4878 hoc
2468 4835 2813 4894 provocantes.

2199 4905 2224 4941 ις
2267 4896 2386 4958 Alii,
2418 4893 2798 4964 imperatoribus
2822 4893 3050 4946 diversis.
3087 4894 3256 4958 Port.,
3300 4911 3425 4964 quas
3459 4898 3706 4950 inductos

2124 4982 2292 5018 serum
2322 4966 2372 5015 in
2419 4979 2640 5015 errorem
2685 4963 3010 5033 imperatores
3053 4963 3362 5016 diversorum
3411 4976 3703 5033 temporum

2126 5036 2447 5102 promulgare
2475 5042 2594 5084 tunc
2620 5033 2848 5102 contigit.
2883 5032 3050 5101 Leges
3087 5050 3205 5102 qua!
3253 5034 3338 5087 hic
3385 5034 3698 5102 laudantur,

2125 5092 2182 5157 ut
2214 5092 2494 5171 plurimum
2546 5092 2812 5171 habentur
2850 5103 2899 5155 in
2953 5092 3150 5155 Codice
3178 5103 3555 5158 Theodosiano
3601 5092 3696 5160 1ι1οξ

2122 5170 2232 5236 xvt,
2267 5175 2345 5225 tit.
2379 5174 2432 5242 5.
2464 5170 2724 5242 capitibus
2755 5171 2956 5233 multis,
2986 5188 3210 5242 quarum
3255 5175 3525 5242 epitomen
3559 5190 3696 5242 pro-

2124 5244 2226 5296 l'ert
2255 5242 2339 5295 hic
2371 5241 2656 5294 Vandalus.
2688 5240 2951 5296 Caeterum
2982 5244 3136 5310 paulo
3164 5240 3320 5306 infra,
3353 5259 3446 5310 pro
3471 5240 3698 5310 concep-

2123 5314 2214 5372 tio.
2262 5312 2413 5382 Orth.
2479 5322 2533 5366 et
2585 5311 2859 5382 Lorichius
2917 5311 3113 5364 habent
3159 5315 3430 5366 contextio.
3486 5313 3551 5367 Et
3597 5330 3700 5382 pro

2121 5383 2358 5445 exceptis.
2392 5381 2566 5435 Rhen.
2596 5391 2644 5434 et
2672 5380 2850 5433 Chilil.
2877 5383 3263 5450 supercxcrptis.

2193 5450 2221 5488 ιι
2266 5452 2413 5506 lluuc
2443 5453 2610 5505 lucum
2642 5467 2704 5504 ex
2737 5450 2984 5503 Loricbio
3013 5461 3065 5504 et
3086 5451 3309 5506 Orlhod.
3337 5453 3698 5508 restituitnus.

2120 5520 2397 5589 Colb.,nec
2423 5521 2752 5582 vertit-adimi,
2785 5530 2885 5573 etc.
2910 5519 3099 5574 Caneri
3132 5531 3330 5576 mss.et
3357 5524 3507 5590 editi,
3541 5538 3702 5579 men-

2122 5595 2275 5656 dosc,
2307 5607 2699 5647 commemorare
2727 5607 3054 5660 qna't'ttnqtte,
3073 5600 3190 5647 .etc.
