3944 6176
287 316 375 371 957

1203 303 1290 359 DE
1328 300 1852 361 PERSECUTIONE
1892 300 2280 358 VANDALICA
2320 301 2446 361 LIB.
2487 300 2570 358 IV.

3392 312 3497 368 258

285 426 625 482 multarentur,
648 432 715 473 eo
740 416 969 487 adjecto,
991 424 1053 473 ut
1074 417 1249 471 nullus
1279 418 1358 472 eis
1384 417 1534 471 locus
1562 424 1707 470 esset
1733 414 1815 469 vel
1844 414 1894 475 Δ
1920 413 1989 469 de
2038 414 2353 483 primatibus
2397 414 2696 471 ofﬁciorum
2737 425 2847 473 tres
2893 434 3115 477 numero
3162 424 3496 495 punirentur,

285 515 474 569 audims
497 507 840 577 supplicandi,
874 506 965 560 sed
993 509 1153 560 etiam
1183 515 1209 543 ἰ
1231 506 1275 560 si
1306 521 1406 575 qua
1437 506 1684 573 specialia
1712 520 1825 559 mc—

285 606 518 665 ruisscnt,
551 598 764 652 tninime
794 596 1183 666 prmvalerent:
1216 608 1267 652 et
1300 597 1343 651 si
1376 597 1429 650 in
1465 597 1564 650 hac
1591 595 1824 665 pernicie

285 695 623 763 perdurarent,
639 690 705 742 de
726 686 943 757 pr0prio
965 687 1080 741 solo
1103 686 1263 740 ablati
1286 686 1338 739 in
1362 685 1822 757 exsiliuru35sub

282 784 361 856 [πί.
387 779 765 851 ρτοςιιουιὶοηε]
796 776 1170 847 persecutione
1222 776 1413 830 idonea
1464 778 1818 831 mitterentur.

281 879 326 932 lu
353 875 560 945 populos
588 887 801 941 qtmquc
832 870 1034 939 praefati
1065 870 1417 938 imperatores
1445 868 1693 923 similiter
1720 882 1823 921 sa!-

278 971 477 1028 vieutcs,
508 964 644 1033 quod
677 965 753 1017 eis
781 977 877 1016 nec
902 959 1132 1014 donandi
1163 959 1407 1026 libertas,
1444 974 1543 1013 nec
1572 960 1821 1023 testandi,

277 1067 354 1111 aut
380 1054 635 1121 capiendi,
660 1054 741 1108 vel
770 1054 837 1106 ah
867 1051 987 1106 aliis
1015 1051 1260 1105 relictum
1289 1050 1501 1119 penitus
1523 1048 1619 1120 [αι.
1645 1048 1825 1115 subia-

276 1147 424 1220 Cere’]
463 1148 549 1214 jus
596 1155 775 1209 esset;
829 1159 936 1197 non
985 1141 1382 1197 ﬁdeicommissi
1432 1142 1665 1201 nomine,
1716 1155 1821 1192 non

278 1239 443 1307 legati,
493 1251 596 1290 non
626 1234 1033 1298 donationibus,
1065 1243 1155 1287 aut
1182 1232 1462 1287 relictione
1489 1246 1606 1298 quae
1638 1232 1823 1285 mortis

276 1344 414 1383 causa
442 1327 760 1401 appellatur,
790 1324 869 1380 vel
901 1324 1142 1394 quolibet
1164 1322 1446 1385 codicillo,
1490 1322 1679 1375 aliisve
1710 1320 1821 1373 for-

276 1421 394 1473 sitan
434 1418 735 1485 scripturis,
770 1416 840 1469 ita
869 1422 927 1469 ut
953 1413 1112 1469 etiam
1142 1414 1229 1482 qui
1258 1413 1311 1467 in
1344 1402 1455 1467 Suis
1484 1409 1692 1479 palatiis
1718 1409 1822 1464 mi-

276 1512 489 1576 litarent,
545 1505 979 1562 eondemnationi
1026 1504 1357 1576 gravissimae
1406 1518 1502 1571 pro
1547 1500 1823 1571 dignitatis

274 1601 443 1655 merito
464 1600 703 1653 facerent
732 1597 1025 1667 subiectos.
1049 1607 1108 1649 ttt
1131 1596 1275 1649 omni
1307 1594 1525 1649 honoris
1550 1593 1822 1663 privilegio

271 1691 531 1759 exspoliati
561 1690 834 1744 infamiam
866 1697 1232 1753 incurrerent,
1275 1696 1329 1742 et
1370 1688 1582 1757 publico
1611 1686 1819 1741 crimini

1925 506 2043 562 aliis
2064 509 2247 575 viginti
2283 508 2535 563 librarum
2566 509 2684 563 auri
2717 512 3161 570 condetnnatione
3187 517 3494 577 multandis.

2003 618 2020 651 ι
2049 600 2221 665 Quare
2252 600 2332 653 his
2371 615 2590 655 necesse
2636 610 2718 655 est
2762 604 3224 662 constitutionibus
3270 608 3492 680 obligari

1924 692 2264 746 ominusianos
2293 708 2500 759 omnes,
2533 707 2665 760 quos
2713 694 3013 764 huiusmodi
3035 695 3062 734 ἀ
3095 702 3249 755 mala:
3277 704 3494 771 perstra-

1924 784 2091 837 sionis
2119 791 2330 838 constat
2360 784 2595 838 tenuisse
2625 792 2679 839 et
2719 792 2898 841 tenere
2929 788 3222 843 materiam.
3258 789 3401 857 Quos
3428 792 3495 845 ah

1923 871 2170 927 omnibus
2197 874 2518 943 supradictis
2551 874 2822 929 abstinere
2850 874 3211 939 decernimus,
3238 878 3287 931 in
3312 858 3495 947 prose.

1924 966 2192 1021 cntionem
2224 967 2463 1020 venturis
2510 980 2603 1033 per
2632 967 2849 1021 ordines
2894 978 3203 1023 cunctarum
3250 971 3490 1031 urbium;

1923 1057 2016 1112 sed
2043 1057 2201 1112 etiam
2223 1056 2431 1127 iudices
2460 1057 2549 1126 qui
2573 1057 2934 1124 superioribus
2960 1058 3215 1128 neglectis
3238 1059 3349 1113 dira
3378 1075 3476 1129 sup

1926 1146 2079 1214 plicia
2109 1147 2337 1201 diversis
2359 1162 2465 1201 non
2491 1146 2733 1201 intulisse
2754 1158 3132 1203 monstrantur.
3151 1149 3348 1204 Omnes
3368 1166 3495 1219 ergo

1914 1238 2242 1307 supradictae
2272 1238 2393 1293 fidei
2423 1235 2699 1309 ὁμοοόσιον
2725 1239 2998 1293 erroribus
3028 1240 3347 1308 implicatos,
3378 1256 3496 1310 quae

1924 1337 2116 1381 cuncto
2159 1327 2515 1396 prmdamnata
2559 1337 2642 1382 est
2688 1329 2917 1382 concilio
2959 1339 3225 1384 tantorum
3275 1346 3496 1385 nurnero

1924 1421 2285 1485 sacerdotum,
2316 1419 2580 1475 universis
2607 1420 2768 1475 rebus
2800 1420 3088 1488 praedictis,
3133 1429 3183 1474 ct
3212 1423 3497 1477 contracti~

1926 1511 2025 1565 bus
2052 1510 2388 1580 praecipimus
2425 1510 2714 1575 abstinere,
2754 1509 2899 1579 quod
2942 1511 3073 1564 nihil
3115 1510 3216 1565 sibi
3248 1513 3493 1566 noverint

1924 1615 2043 1656 esse
2070 1603 2383 1668 permissum
2408 1616 2422 1665 ;
2456 1600 2549 1654 sed
2586 1599 2863 1654 universos
2891 1600 3083 1655 similis
3109 1615 3261 1669 pmna
3286 1612 3495 1658 maneat

1923 1702 1978 1747 et
2004 1692 2279 1761 astringat,
2326 1692 2369 1746 si
2398 1690 2463 1745 ad
2493 1706 2669 1745 veram
2716 1690 3051 1760 religionem,
3080 1707 3239 1760 quant
3272 1708 3495 1746 venera-

274 1783 554 1852 huinsrnodi
588 1797 835 1851 personat
861 1796 919 1835 se
949 1788 1337 1848 cognoscerent
1376 1795 1496 1834 esse
1525 1779 1821 1847 subiectas;
1858 1781 1904 1841 Β
1933 1798 2052 1836 mur
2096 1791 2151 1837 et
2178 1782 2422 1844 colimus,
2472 1781 2609 1835 intra
2654 1780 2794 1835 diem
2825 1781 3167 1835 calendarutn
3218 1780 3493 1837 Juniarum

273 1873 567 1927 officialibus
615 1874 775 1928 etiam
821 1872 1055 1942 iudicum
1106 1872 1439 1926 diversorum
1493 1875 1692 1925 tricena
1739 1884 1827 1924 ar-

272 1964 394 2033 genti
422 1963 602 2032 pondo
631 1978 785 2034 poena
817 1964 1087 2032 proposita
1113 1980 1126 2015 :
1160 1976 1318 2031 quam
1349 1962 1393 2015 si
1422 1961 1657 2031 quinque
1685 1960 1822 2015 vici-

277 2057 356 2111 bus
382 2057 431 2109 iu
463 2070 656 2111 errore
688 2055 1098 2124 perdurantibus
1126 2054 1438 2123 contigisset
1466 2054 1681 2118 inferre,
1714 2063 1825 2107 tum

273 2147 459 2201 demum
504 2147 648 2199 tales
692 2144 947 2207 convicti,
989 2154 1147 2211 atque
1190 2143 1451 2212 soliiu,ati
1490 2143 1824 2207 verberibus,

273 2236 315 2289 in
349 2237 596 2290 exsilium
639 2234 996 2288 mitterentur.
1052 2232 1251 2287 Deinde
1293 2234 1509 2287 codices
1550 2233 1826 2289 universos

270 2327 611 2388 sacerdotum,
637 2338 770 2393 quos
799 2321 1272 2391 persequebantur,
1300 2333 1664 2390 praeceperant
1692 2324 1827 2393 igni-

269 2414 352 2469 bus
378 2416 536 2470 tradi.
568 2416 720 2480 Quod
746 2414 814 2468 de
841 2412 989 2467 libris
1020 2412 1344 2480 huiusmodi,
1374 2414 1568 2482 quibus
1600 2414 1701 2468 sibi
1731 2429 1823 2468 no-

269 2511 405 2564 minis
436 2510 588 2565 illius
621 2522 859 2564 errorem
889 2506 1154 2576 persuasit
1181 2506 1451 2576 iniquitas,
1487 2507 1825 2576 praecipimus

269 2603 573 2656 faciendum.
625 2599 750 2657 Haec
779 2598 946 2662 enim,
976 2606 1035 2652 ut
1063 2596 1265 2652 dictum
1296 2608 1408 2664 est,
1460 2613 1559 2667 pro
1601 2598 1825 2668 singulis

266 2694 549 2764 quibusque
577 2690 817 2762 personis
848 2689 924 2744 illi
951 2688 1282 2744 observanda
1314 2697 1714 2757 praeceperant,
1765 2698 1827 2744 ut

265 2783 289 2824 δ
304 2786 531 2840 illustres
552 2784 856 2855 singulatim
880 2784 992 2837 auri
1018 2781 1197 2845 pondo
1220 2783 1590 2851 quinquagena
1612 2782 1822 2847 darent,

265 2879 572 2947 spectabiles
615 2879 728 2933 auri
776 2876 957 2946 pondo
984 2874 1352 2946 quadragena,
1386 2885 1663 2931 senatores
1705 2878 1821 2931 auri

266 2972 420 3039 pondo
450 2972 686 3028 tricena.
735 2968 1018 3038 populares
1046 2966 1167 3021 auri
1194 2966 1371 3035 pondo
1397 2968 1579 3020 vicena
1598 3008 1613 3030 ,
1631 2983 1825 3038 sacer-

262 3061 395 3115 dotes
440 3062 565 3116 auri
620 3059 794 3128 pondo
840 3060 1066 3123 tricena,
1115 3059 1432 3113 decurimies
1477 3059 1595 3112 auri
1644 3058 1823 3129 pondo

1926 1869 2051 1924 anni
2079 1871 2248 1923 octavi
2291 1868 2437 1938 regni
2468 1868 2657 1934 nostri,
2689 1870 2931 1924 conversi
2961 1884 3065 1923 non
3100 1869 3313 1925 fuerint.
3345 1871 3493 1924 Diem

1906 1970 2102 2016 ‘autem
2133 1960 2490 2030 praestitutum
2527 1960 2649 2014 ideo
2678 1958 2847 2030 pietas
2880 1969 3061 2015 nostra
3110 1964 3408 2028 constituit,
3442 1973 3497 2019 ut

1927 2051 2414 2121 prmdamnantibus
2452 2065 2690 2107 errorem
2723 2051 3052 2121 indulgentia
3101 2068 3206 2107 non
3254 2065 3493 2123 negetur,

1926 2153 1981 2197 et
2008 2143 2305 2199 obstinatos
2340 2143 2552 2197 animos
2578 2142 2837 2213 supplicia
2876 2143 3032 2213 digna
3064 2156 3366 2199 coerceant.
3396 2145 3495 2212 Qui

1927 2249 2106 2291 autem
2151 2238 2204 2291 in
2254 2236 2442 2291 eodem
2484 2250 2671 2291 errore
2716 2236 3128 2306 permanserint,
3176 2251 3269 2290 seu
3308 2237 3497 2293 domus

1929 2339 2127 2405 nostrte
2155 2328 2395 2398 occupati
2428 2326 2635 2391 militia,
2688 2342 2783 2381 seu
2817 2326 3037 2380 forsitan
3072 2326 3300 2380 diversis
3332 2327 3497 2381 tituiis

1928 2419 2440 2488 necessitatibusque
2457 2418 2748 2487 praepositi,
2769 2418 2878 2488 36
2896 2433 2990 2486 pro
3010 2417 3261 2487 gradibus
3275 2419 3383 2471 suis
3406 2420 3499 2472 de-

1929 2509 2155 2578 scriptas
2175 2509 2419 2578 superius
2446 2509 2729 2563 multarum
2771 2509 3037 2563 illationes
3064 2518 3320 2578 cogantur
3349 2510 3499 2563 exci-

1928 2615 2077 2671 pere,
2111 2599 2238 2654 nihil
2267 2597 2512 2652 valituris
2540 2614 2660 2668 quas
2705 2598 2925 2652 forsitan
2966 2613 3061 2667 per
3100 2598 3497 2667 subreptionem

1926 2704 2249 2759 quemquam
2297 2689 2481 2743 talium
2525 2687 2747 2758 contigit
2790 2688 3103 2758 promereri.
3160 2690 3215 2741 In
3264 2689 3499 2758 privatas

1927 2780 2111 2846 etiam,
2163 2780 2244 2834 vel
2275 2779 2637 2848 cujuscunque
2666 2779 2858 2848 gradus
2902 2789 2957 2835 et
2984 2778 3085 2834 loci
3115 2794 3371 2849 personas
3397 2782 3500 2835 hoc

1927 2872 2109 2926 nostra
2159 2870 2518 2941 promulgatio
2569 2871 2823 2941 praecepit
2874 2870 3299 2937 observandum,
3357 2873 3499 2943 quod

1927 2962 2068 3017 circa
2099 2962 2233 3016 tales
2276 2961 2597 3031 supradictis
2646 2961 2850 3030 legibus
2878 2962 3156 3017 videbatur
3187 2977 3499 3032 expressum

1927 3066 1984 3110 ut
2013 3054 2185 3124 pinnis
2207 3055 2457 3121 congruis
2502 3053 2879 3109 subderentur.
2927 3054 3142 3110 Judices
3170 3064 3345 3109 autem
3378 3069 3502 3124 pro-

263 3142 1899 3224 [αι.ιετ‹ιιιίηη]ιιιιίηει,ηρςοιίτιιυιιεεειυτίμουσοαυῐηαφιθ-Ο
1930 3146 2228 3200 vinciarum
2276 3142 2419 3213 quod
2463 3152 2719 3197 statutum
2768 3153 2849 3198 est
2901 3143 3231 3212 negligentes
3258 3145 3499 3213 exsequi,

262 3243 351 3297 lieii
368 3244 476 3298 auri
501 3243 684 3313 pondo
705 3244 888 3312 quina,
902 3242 1359 3297 circumcelliones
1379 3252 1401 3279 ο
1418 3244 1622 3310 argenti
1649 3242 1826 3310 pondo

260 3335 400 3391 dena.
453 3336 529 3390 Et
556 3336 600 3389 si
629 3335 719 3405 qui
755 3335 888 3389 forte
929 3335 982 3388 in
1016 3334 1114 3389 hac
1145 3333 1382 3403 pernicie
1418 3342 1822 3403 permanerent,

260 3428 550 3481 confiscatis
585 3427 833 3480 omnibus
858 3425 1017 3480 rebus
1044 3427 1154 3479 suis
1172 3467 1191 3493 ,
1230 3426 1418 3480 exsilio
1445 3426 1822 3480 multarentur.

262 3517 466 3573 Ordines
526 3527 703 3571 autem
751 3517 1062 3583 civitatum,
1112 3517 1206 3571 sed
1254 3526 1309 3571 et
1353 3527 1726 3586 procuratores
1772 3527 1827 3570 et

259 3610 604 3663 conductores
632 3608 1028 3676 possessionum
1053 3609 1144 3662 tali
1168 3622 1319 3677 paena
1349 3608 1673 3677 jubebantur
1691 3608 1827 3663 affli-

261 3709 388 3768 gere,
418 3710 476 3754 ut
520 3701 564 3754 si
606 3700 742 3754 forte
772 3700 907 3755 tales
931 3700 1106 3755 celare
1136 3699 1470 3770 deligerent,
1518 3710 1573 3757 et
1610 3702 1826 3757 minime

260 3793 634 3857 publicassent,
663 3800 717 3846 et
742 3791 839 3864 fat.
866 3800 1040 3845 tantos
1066 3788 1213 3862 in...]
1237 3801 1470 3847 retentos
1492 3793 1696 3861 indicio
1719 3810 1823 3846 non

261 3882 479 3938 facerent
534 3882 891 3951 praesentari,
944 3882 1046 3950 ipsi
1092 3892 1406 3938 tenerentur
1455 3883 1521 3938 ad
1571 3897 1822 3953 pinnam;

262 3974 669 4029 conductoribus
698 3973 858 4027 etiam
887 3972 1141 4041 regalium
1172 3972 1491 4043 praediorum
1534 3974 1631 4029 hac
1660 3975 1826 4029 multa

263 4066 555 4130 proposita,
608 4074 666 4119 ut
692 4072 949 4133 quantum
975 4064 1154 4119 domui
1188 4066 1348 4135 regia:
1378 4067 1664 4132 inferrent,
1712 4077 1830 4122 tan-

261 4164 361 4211 tum
380 4158 540 4211 etiam
566 4156 721 4223 fisco,
743 4169 914 4225 pinnat
936 4156 1173 4221 nomine,
1190 4167 1513 4226 cogerentur
1528 4159 1822 4213 exsolvere.

262 4247 307 4300 id
338 4248 661 4314 generaliter
689 4246 741 4301 in
773 4246 1021 4301 omnibus
1047 4246 1470 4303 conductoribus
1494 4247 1577 4302 vel
1612 4263 1826 4316 posses-

262 4340 477 4404 soribus,
495 4340 585 4410 qui
610 4339 660 4392 in
679 4337 868 4392 eadem
890 4338 1266 4406 superstitione
1285 4338 1609 4394 crediderint
1629 4339 1824 4407 perdu-

261 4430 496 4493 randum,
522 4429 917 4484 constituerunt
938 4428 1231 4484 observari.
1274 4429 1351 4485 De
1370 4429 1637 4497 iudicibus
1658 4432 1820 4486 etiam

1928 3236 2190 3304 superiori
2223 3250 2399 3304 poena,
2447 3249 2569 3306 quae
2610 3234 2801 3290 talibus
2832 3245 2916 3289 est
2945 3235 3274 3304 prteseripta,
3305 3236 3503 3289 censti-

1930 3326 2129 3381 tuimus
2149 3326 2488 3397 obligandos.

2001 3436 2022 3470 ‹
2062 3418 2214 3472 Veris
2237 3428 2413 3472 autem
2439 3416 2730 3487 maiestatis
2763 3416 2960 3473 divina:
2997 3417 3312 3487 cultoribus,
3340 3417 3390 3472 id
3420 3427 3504 3472 est

1925 3510 2295 3565 sacerdotibus
2324 3511 2546 3573 nostris,
2589 3510 2847 3563 ecclesias
2875 3510 3174 3575 univer~as,
3227 3510 3308 3562 vel
3342 3510 3504 3563 totius

1924 3610 2055 3665 cleri
2082 3609 2313 3665 nominis
2336 3609 2624 3678 supradicti
2647 3609 3055 3679 quibuscunque
3078 3609 3232 3663 terris
3255 3617 3309 3664 et
3330 3608 3502 3678 regio-

1927 3710 2081 3763 nilms
2106 3709 2444 3776 constitutus,
2494 3723 2636 3778 quae,
2685 3709 2909 3778 propitia
2941 3707 3245 3774 Divinitate,
3293 3709 3501 3779 imperii

1926 3809 2095 3862 nostri
2122 3808 2381 3878 regimine
2410 3808 2770 3877 possidentur,
2822 3824 2924 3863 una
2954 3825 3072 3864 cum
3102 3811 3264 3866 rebus
3292 3826 3411 3879 quae
3431 3811 3500 3865 ad

1925 3907 2139 3981 easdem
2163 3907 2453 3978 pertinent,
2474 3907 2576 3963 hoc
2599 3907 2821 3964 decreto
2848 3910 3130 3965 statuimus
3156 3910 3357 3967 debere
3380 3926 3502 3980 pro-

1926 4008 2123 4074 iicere;
2170 4022 2277 4063 non
2304 4006 2616 4062 dubitantes
2647 4009 2767 4077 plus
2796 4008 3064 4063 alimoniae
3097 4010 3317 4079 inopum
3344 4012 3506 4075 proti-

1923 4122 2068 4173 cere,
2093 4105 2235 4177 quod
2263 4106 2619 4161 sacrosanctis
2649 4106 2991 4175 pontificibus
3024 4114 3049 4143 ο
3076 4107 3219 4176 iuste
3241 4107 3492 4161 collatum

1925 4219 2026 4264 est.
2055 4206 2201 4262 Hane
2225 4220 2354 4277 ergo
2395 4206 2589 4275 legem,
2620 4221 2652 4261 e
2678 4206 2825 4261 fonte
2864 4205 3084 4276 iustitiae
3126 4206 3503 4277 proﬂuentem,

1929 4310 2139 4363 cunctis
2164 4306 2502 4377 przecipimus
2531 4306 2886 4375 innotescere,
2931 4308 3179 4376 quatinus
3208 4307 3382 4361 nullus
3404 4307 3503 4362 sibi

1926 4408 2163 4478 ignotum
2193 4422 2312 4463 esse
2350 4406 2490 4478 quod
2522 4416 2846 4476 praeceptum
2885 4414 2969 4459 est
2997 4406 3164 4475 possit
3191 4406 3502 4461 obtendere.

264 4521 339 4587 qui
361 4520 484 4574 huic
506 4521 584 4575 rei
611 4519 993 4573 instantissime
1014 4535 1117 4573 non
1140 4520 1506 4589 imminebant,
1526 4536 1682 4592 ptena
1708 4538 1825 4591 pro-

1934 4512 2188 4580 Optamus
2217 4522 2312 4563 vos
2343 4509 2480 4562 bene
2523 4508 2721 4563 valere.
2754 4507 2881 4561 Data
2920 4506 3023 4560 sub
3055 4506 3141 4561 die
3163 4522 3214 4561 vr
3253 4508 3506 4564 calendas

262 4613 558 4679 scriptimiis
583 4618 638 4663 et
685 4611 961 4679 sanguinis
986 4609 1247 4679 supplicio
1272 4611 1607 4680 punirentur.
1642 4611 1747 4668 Sed
1774 4622 1829 4667 et

324 4753 348 4781 ⁸
385 4747 614 4813 Comp.,
665 4744 726 4796 Si
766 4758 881 4811 quas
919 4743 1160 4796 minuisse
1200 4746 1403 4809 vellent,
1454 4745 1679 4809 minime,
1720 4758 1824 4800 e'c.

262 4812 549 4872 Lortelaith,
590 4816 648 4867 Si
675 4831 774 4883 qua
806 4813 974 4865 mium
993 4814 1200 4883 minime
1224 4816 1577 4883 praevalerent.

323 4888 428 4955 33
470 4886 496 4922 ιι
531 4882 693 4939 Colb.
722 4887 776 4955 2,
812 4882 1165 4955 Μειτιηηῖυιη
1206 4882 1407 4955 ϐαίη..
1442 4885 1736 4946 Lorichius,
1777 4895 1831 4939 et

264 4952 509 5020 0rﬂi6d.,
534 4958 731 5007 ornissa
749 4954 926 5006 linea:
958 4952 1194 5025 “lustres
1208 4952 1508 5025 singillatim
1531 4956 1644 5025 auri
1662 4957 1829 5024 pondo

266 5027 602 5095 quadragena,
631 5025 925 5095 populares,
956 5031 1057 5076 etc.
1094 5023 1196 5095 Pro
1223 5023 1523 5095 singillatim
1553 5024 1829 5079 Lorichius

267 5094 414 5147 habet
444 5091 654 5163 Euryali.
692 5096 743 5149 In
771 5092 922 5146 Colb.
957 5095 1133 5157 tertio,
1156 5091 1342 5161 Comp.
1374 5105 1426 5148 et
1454 5094 1700 5148 Lorichio
1723 5110 1830 5148 non

266 5176 602 5219 recensentur
620 5165 781 5219 etiam
803 5173 1097 5224 senatores,
1119 5172 1174 5216 et
1196 5165 1570 5231 negotiatores.
1594 5165 1747 5218 Colb.
1776 5167 1828 5230 1,

266 5235 527 5297 “bonam,
560 5234 858 5295 Lorichius,
887 5243 941 5285 et
972 5232 1147 5297 Bald.,
1181 5248 1276 5301 pro
1304 5237 1588 5287 sacerdotes
1625 5234 1833 5290 habent

263 5306 616 5367 mcmiotales,
645 5314 700 5357 et
723 5303 893 5355 Rha-n.
922 5318 1025 5373 non
1057 5312 1296 5357 recenset
1325 5305 1705 5373 negotiatores.

331 5385 355 5412 ε
396 5376 491 5430 Sic
518 5377 668 5427 (loli).
698 5372 748 5434 1,
797 5372 936 5435 Ful.,
968 5371 1174 5436 ϐυτ-ιιι..
1206 5371 1422 5439 Cottth
1451 5374 1746 5436 Lorichius,
1778 5382 1834 5428 et

263 5442 417 5498 Orth.
446 5445 571 5511 Ald,
597 5444 737 5497 auri.
773 5444 958 5496 Nostra
992 5443 1147 5496 lecti.)
1179 5443 1368 5496 melor
1396 5458 1410 5495 :
1446 5460 1548 5496 non
1579 5448 1720 5498 enim
1748 5446 1833 5498 isti

263 5523 393 5567 tit-na
442 5516 559 5569 auri
602 5516 909 5577 solvissent,
944 5515 1208 5581 prioribus
1254 5514 1414 5581 quina
1466 5515 1834 5568 tantummodo

265 5585 623 5641 adventibus.

337 5648 362 5687 *
402 5654 667 5716 tthenan.,
694 5652 836 5705 ntuli.
866 5652 1020 5707 Orth.
1062 5667 1181 5704 cum
1216 5651 1484 5715 Lorichio,
1527 5654 1675 5706 matis
1720 5668 1840 5715 per-

262 5740 450 5778 suasae
475 5726 619 5793 ignis.
649 5725 803 5779 Colb.
826 5725 880 5789 ‘2,
905 5736 958 5779 et
985 5722 1195 5790 Comp.,
1218 5724 1364 5778 matis
1393 5728 1647 5798 persuasi:
1681 5726 1835 5795 ignis.

1934 4611 2168 4676 Martias,
2208 4607 2227 4647 τ
2259 4608 2595 4678 Carthagine.
2628 4628 2648 4661 ι

1933 4744 1996 4798 Et
2046 4742 2287 4805 inferius,
2319 4740 2377 4794 ab
2410 4741 2659 4807 omnibus,
2703 4749 2807 4796 etc.
2843 4738 3056 4809 Comp.,
3101 4741 3402 4809 Lorichius,
3454 4756 3507 4799 et

1938 4814 2249 4875 Ilhenanns,
2279 4813 2341 4864 ab
2391 4812 2695 4864 hominibus.
2742 4810 2883 4879 l"ul.,
2931 4814 3134 4879 Germ.,
3181 4812 3333 4867 Colb.
3373 4814 3425 4875 1.
3454 4825 3507 4869 et

1933 4884 2183 4944 (ιτιιιιιάη
2215 4881 2864 4936 hontiuibus....'obtinere.
2895 4882 2963 4937 Et
3007 4897 3105 4946 pro
3151 4884 3359 4936 diversis
3405 4901 3507 4938 non

1933 4954 2187 5017 intulisse,
2220 4952 2373 5006 Colb.
2419 4954 2470 5018 1,
2504 4952 2658 5006 Mart.
2690 4952 2877 5021 Comp.
2921 4963 2975 5006 et
3003 4950 3257 5020 0rthod.,
3283 4954 3508 5008 aduersis

1934 5025 2184 5076 intulisse.

2010 5102 2033 5130 ο
2078 5093 2129 5145 Id
2177 5106 2410 5162 quoque,
2465 5090 2846 5158 imperatorum
2894 5092 3153 5156 evemplis
3198 5094 3337 5149 male
3381 5110 3509 5148 usus

1939 5164 2231 5216 Iluuericos
2277 5162 2536 5223 decrevit,
2588 5162 2731 5229 quod
2781 5178 2875 5228 pro
2921 5164 3198 5218 catholicis
3255 5167 3510 5218 adversus

1940 5233 2239 5285 Donatistas
2262 5232 2409 5298 iuste
2440 5232 2631 5284 factum
2666 5232 2826 5285 fuisse
2858 5233 3049 5297 probat
3079 5251 3181 5288 non
3214 5235 3377 5288 semel
3402 5237 3505 5286 Att-

1937 5306 2203 5373 gustirttts,
2238 5302 2567 5370 potissimum
2598 5311 2819 5373 tractatu
2848 5303 2879 5356 6
2910 5305 2958 5354 in
2993 5302 3273 5367 Joannem,
3298 5318 3507 5356 numer.

1937 5374 2027 5429 25.
2065 5375 2196 5425 lihro
2228 5388 2264 5424 ll
2295 5382 2477 5424 contra
2513 5372 2851 5437 Peailianum,
2886 5387 3001 5437 cap.
3037 5373 3103 5426 58
3133 5382 3185 5425 et
3213 5387 3328 5439 seq.

2018 5442 2037 5479 τ
2085 5442 2180 5496 llic
2209 5443 2260 5496 iu
2307 5456 2405 5495 ms.
2435 5439 2588 5495 Colb.
2621 5458 2765 5495 num.
2810 5442 2966 5502 1746.
2997 5444 3061 5494 ab
3099 5442 3250 5494 annis
3296 5440 3511 5495 circiter

1943 5512 2044 5568 700
2070 5513 2293 5579 scripto,
2341 5511 2589 5581 adjicitur
2631 5526 2869 5581 sequens,
2889 5512 3099 5574 lemma,
3128 5510 3267 5580 quod
3294 5512 3392 5564 etsi
3425 5512 3513 5567 Vi-

1940 5584 2105 5636 ctoris
2137 5585 2302 5636 nostri
2331 5597 2452 5635 esse
2476 5582 2634 5637 nobis
2664 5580 2768 5635 nun
2793 5580 3052 5641 videatur,
3087 5581 3188 5634 hue
3222 5592 3396 5636 tamen
3430 5600 3514 5637 re-

1943 5653 2084 5706 ferre
2112 5667 2289 5719 operte
2320 5654 2547 5720 pretium
2594 5648 2888 5720 erit._Ha:c
2926 5659 2998 5720 est
3044 5650 3145 5717 lex,
3181 5652 3278 5704 hoc
3324 5669 3511 5719 prtere-

1944 5732 2083 5790 ptum
2112 5718 2415 5791 iniquissimi
2464 5723 2594 5793 regis
2625 5730 2672 5775 et
2715 5718 2823 5774 Deo
2871 5718 3073 5775 adibitis
3117 5718 3381 5781 "anniti,
3416 5721 3514 5787 [itii
