3944 6176
394 278 502 333 υς)

1659 272 1971 331 Vtcronts
2012 240 2318 331 Vl'l‘ENSfS

3534 273 3640 330 9.ιο

428 358 434 366 ’
466 390 552 445 lll.
587 387 795 443 Swoitia
830 390 889 443 in
929 388 1188 459 episcopos
1233 385 1532 441 catholicos.
1571 413 1641 427 —
1676 385 1804 440 Post
1847 386 1960 440 haec
1986 389 2039 448 Α
2064 386 2199 440 cturi
2229 398 2411 439 sumus
2435 400 2448 437 :
2470 382 2760 439 Christiani
2782 397 2990 448 sumus,
3023 382 3127 454 31
3158 381 3392 453 episcopi
3430 396 3635 451 sumus,

395 479 566 534 edicta
616 479 797 534 feralia
847 493 1053 533 veneno
1086 486 1113 515 ι
1146 477 1381 532 toxicato
1432 486 1761 543 transversa,
1812 476 1965 546 jubet

395 579 616 625 cunctos
642 572 922 639 episcopos
949 569 1038 637 qui
1067 567 1380 637 Carthagine
1404 566 1614 622 fuerant
1634 566 1963 636 congregati,

396 675 619 730 quorum
638 660 746 728 jam
768 660 1046 725 ecclesias,
1070 657 1258 712 domos
1276 667 1330 711 et
1354 657 1705 710 substantiam
1729 663 1961 724 ceperat,

398 752 453 805 in
481 749 724 819 hospitiis
755 750 948 819 quibus
989 758 1143 804 erant
1188 747 1499 816 exspoliari,
1547 756 1599 801 et
1639 747 1966 814 exspoliatos

400 843 542 897 foras
570 857 753 896 muros
783 841 1027 910 propelli.
1068 839 1183 893 Non
1221 838 1439 905 animal,
1490 853 1595 891 non
1626 852 1831 904 servus,
1861 853 1965 891 non

399 934 649 989 mutanda
674 948 793 1003 quas
841 932 1080 987 ferebant
1109 930 1425 985 vestimenta
1456 930 1667 998 penitus
1694 929 1969 983 dimittun-

401 1035 505 1080 tur.
551 1025 767 1080 Addens
794 1023 968 1078 adhuc
995 1032 1051 1078 ut
1081 1022 1255 1076 nullus
1283 1023 1588 1091 quempiam
1620 1022 1830 1077 illorum
1862 1022 1959 1074 lio-

398 1119 558 1189 spitio
586 1121 868 1187 reciperet,
901 1125 993 1170 aut
1016 1113 1319 1169 alimoniam
1346 1122 1640 1182 pmstaret.
1664 1112 1765 1179 Qui
1789 1124 1965 1167 autem

398 1211 500 1264 hoc
524 1207 880 1264 miserationis
905 1219 1065 1261 causa
1097 1203 1272 1259 facere
1290 1211 1564 1266 tentasset,
1584 1219 1704 1258 cum
1724 1204 1967 1258 universa

395 1294 557 1355 demo
580 1313 675 1353 sua
694 1296 941 1351 incendio
964 1303 1320 1350 cremaretur.
1351 1293 1638 1363 Sapienter
1659 1305 1786 1348 tunc
1807 1294 1967 1349 etiam

388 1387 619 1459 projecti
655 1386 890 1455 episcopi
943 1384 1213 1447 fecerunt,
1268 1393 1357 1450 ut,
1410 1384 1539 1438 licet
1578 1385 1965 1452 mendicantes,

395 1477 590 1534 exinde
616 1493 721 1532 non
742 1476 986 1531 abirent:
1010 1476 1132 1546 quia
1153 1475 1198 1529 si
1225 1476 1558 1540 recederent,
1580 1472 1608 1513 δ
1631 1490 1736 1529 non
1765 1484 1969 1528 tantum

395 1569 660 1625 violenter
681 1567 901 1620 omnino
932 1573 1329 1629 revocarentur,
1382 1563 1478 1618 sed
1522 1574 1579 1619 et
1617 1564 1971 1619 mentirentur

396 1674 510 1719 eos.
538 1661 677 1713 sicut
706 1656 910 1711 mentiti
940 1664 1084 1719 sunt,
1127 1654 1326 1723 fugisse
1370 1654 1707 1721 conflictum;
1742 1656 1971 1711 maxime

2065 478 2410 546 apostolicam
2436 476 2592 530 fidem
2623 491 2780 529 unam
2807 484 2859 530 et
2882 489 3062 530 veram
3093 474 3638 543 tenemus.Factoque

2068 583 2186 634 post
2213 568 2607 623 confessionem
2627 567 2746 620 fidei
2774 565 2986 620 silentio
3007 565 3240 628 modico,
3268 565 3339 617 illi
3356 567 3443 633 qui
3461 581 3489 617 a
3514 580 3637 634 rege

2070 658 2278 713 fuerant
2325 658 2573 712 destinati
2625 656 2950 712 feStiuabant
2993 664 3315 725 extorquere
3374 656 3641 724 episcopis

2067 757 2478 803 sacramentum.
2532 746 2683 801 Tunc
2712 746 2850 800 beati
2891 745 2988 798 viri
3021 754 3042 783 ε
3070 745 3393 799 Hortuluuus
3434 755 3486 799 et
3516 745 3640 799 Flo-

2069 837 2344 891 rentianns
2372 838 2607 907 episcopi
2650 852 2746 906 pro
2774 836 3022 889 omnibus
3046 845 3101 888 et
3129 852 3247 888 cum
3288 835 3536 891 omnibus
3558 836 3644 890 di-

2071 937 2299 982 xerunt:
2331 927 2577 996 Nunquid
2619 927 2867 981 animalia
2895 941 2994 981 nos
3024 926 3407 980 irrationabilia
3435 942 3642 993 smnus,

2071 1028 2128 1071 ut
2156 1018 2455 1072 nescientes
2480 1018 2605 1087 quid
2632 1019 2817 1071 charta
2844 1017 3115 1071 contineat
3145 1015 3302 1069 facile
3323 1025 3413 1069 aut
3442 1027 3647 1070 tenere

2067 1109 2344 1180 juremus?
2369 1108 2816 1164 Acceleraverunt
2839 1123 3049 1177 quoque
3077 1105 3153 1161 illi
3181 1121 3211 1158 a
3239 1120 3364 1175 rege
3391 1106 3645 1160 destinati
3728 1146 3737 1155 .

2070 1203 2351 1271 scripturas
2375 1204 2454 1255 eis
2485 1200 2761 1270 propalare
2789 1207 3050 1260 tenorem,
3074 1198 3164 1267 qui
3198 1197 3499 1265 hujusmodi
3531 1212 3647 1259 ser-

2072 1292 2317 1347 monibus
2343 1292 2514 1345 fuerat
2535 1291 2825 1345 coloratus.
2853 1290 2943 1343 Sic
2961 1289 3104 1343 enim
3126 1285 3451 1341 calmuniosa
3476 1285 3648 1341 series

2070 1384 2398 1441 continebat.
2426 1382 2631 1447 Jurate,
2658 1384 2702 1437 si
2736 1393 2856 1451 post
2881 1384 3081 1437 obitum
3109 1380 3312 1438 domini
3345 1382 3513 1437 nostri
3549 1397 3645 1434 re-

2072 1477 2174 1544 gis,
2203 1476 2318 1545 ejus
2348 1474 2513 1529 filium
2546 1473 2815 1529 llilderich
2842 1473 3156 1529 desideratis
3178 1488 3299 1528 esse
3329 1488 3528 1542 regem,
3557 1471 3644 1525 vel

2072 1570 2115 1620 si
2146 1568 2321 1621 nullus
2352 1574 2587 1621 vestrum
2612 1566 2677 1619 ad
2710 1565 2955 1635 regiones
2981 1567 3364 1622 transmarinas
3385 1565 3646 1634 epistolas

2073 1659 2264 1729 diriget
2297 1676 2311 1711 :
2340 1661 2462 1728 quia
2508 1658 2553 1712 si
2601 1668 2995 1712 sacramentum
3044 1657 3201 1726 hujus
3239 1659 3314 1712 rei
3362 1657 3644 1722 dederitis,

395 1752 517 1817 quia
539 1751 629 1807 ubi
656 1757 1069 1812 reverterentur,
1096 1747 1204 1815 jam
1234 1761 1568 1815 nequaquam
1592 1747 1766 1803 fuerat
1789 1748 1964 1802 eccle-

2083 1753 2315 1807 restitnet
2355 1766 2451 1806 vos
2478 1750 2719 1806 ecclesiis
2756 1751 2969 1806 vestris.
3000 1751 3262 1820 Cogitavit
3290 1758 3414 1803 tunc
3442 1750 3646 1802 multo-

392 1843 491 1898 siis
520 1842 812 1897 substantia
838 1840 925 1895 vel
963 1838 1213 1894 domibus
1240 1839 1532 1907 occupatis.
1563 1839 1696 1893 Dum
1724 1854 1854 1907 ergo
1877 1856 1970 1909 ge-

398 1946 605 1990 mentes
634 1935 687 1989 in
713 1934 942 1991 circuitu
968 1947 1244 1988 murorum
1272 1933 1415 1986 nudo
1437 1933 1537 1986 sub
1562 1949 1685 1986 aere
1706 1932 1969 2001 jacereut,

392 2026 594 2080 factum
623 2035 707 2081 est
733 2033 790 2078 ut
819 2039 911 2079 rex
940 2024 1135 2091 impius
1157 2022 1225 2077 ad
1253 2024 1484 2089 piscinas
1506 2022 1726 2084 exisset,
1752 2023 1838 2078 cui
1856 2025 1974 2077 uni-

397 2116 541 2170 versi
573 2130 861 2171 occurrere
891 2114 1210 2177 maluerunt,
1243 2112 1517 2168 dicentes:
1550 2112 1617 2167 Ut
1641 2112 1768 2182 quid
1797 2116 1974 2168 taziter

392 2207 723 2277 aﬂligimur?
771 2221 868 2275 pro
913 2205 1108 2275 quibus
1153 2205 1309 2259 malis
1352 2204 1494 2259 forte
1531 2205 1832 2260 commissis
1872 2205 1973 2258 ista

392 2296 768 2366 perpetimur?
813 2297 868 2351 Si
916 2295 984 2350 ad
1006 2296 1416 2364 disputationem
1437 2298 1741 2365 congregati
1766 2309 1971 2360 sumus,

398 2402 566 2457 quare
588 2386 974 2455 exspoliamur,
1003 2400 1171 2455 quare
1202 2384 1549 2450 traducimur,
1582 2400 1749 2455 quare
1776 2383 1976 2439 differi-

395 2494 541 2544 nur,
571 2487 627 2534 et
651 2479 768 2534 sine
794 2479 1060 2542 ecclesiis,
1092 2486 1147 2531 et
1169 2477 1416 2532 domibus
1444 2478 1643 2531 nostris
1671 2476 1813 2530 foras
1838 2476 1973 2531 civi-

401 2579 562 2626 tatem
586 2568 726 2624 fame
751 2579 804 2624 et
821 2570 1062 2624 nuditate
1083 2569 1415 2633 laborantes,
1435 2567 1624 2623 mediis
1649 2567 1975 2622 stercoribus

401 2661 737 2717 volutantur?
759 2660 911 2728 .Quos
940 2660 1029 2715 ille
1063 2658 1235 2713 torvis
1258 2660 1426 2713 oculis
1455 2658 1771 2726 respiciens,
1800 2657 1974 2726 prius-

402 2767 560 2822 quam
589 2755 987 2824 suggestionem
1021 2768 1206 2809 eorum
1236 2752 1495 2815 audisset,
1516 2751 1674 2819 jussit
1696 2765 1863 2820 super
1880 2764 1976 2805 eos

403 2858 522 2898 cum
549 2844 849 2899 sessoribus
876 2858 1044 2913 equos
1066 2843 1258 2897 dimitti
1282 2850 1340 2896 ut
1365 2841 1456 2897 tali
1482 2841 1735 2896 violentia
1758 2847 1978 2910 possent

404 2947 512 3009 non
546 2933 721 2988 solum
759 2934 989 3000 conteri,
1025 2947 1209 2987 verum
1252 2933 1414 2987 etiam
1449 2932 1681 2987 enecari.
1740 2932 1976 2998 Quorum

404 3035 530 3079 tunc
556 3024 710 3079 multi
730 3025 945 3079 contriti
965 3032 1110 3087 sunt,
1127 3025 1471 3093 etpraecipue
1496 3038 1655 3079 senes
1679 3032 1733 3079 et
1755 3025 1974 3079 infirmi.

2074 1858 2193 1899 rum
2224 1846 2306 1912 pia
2336 1842 2666 1912 simplicitas,
2711 1843 2871 1897 etiam
2898 1850 3083 1897 contra
3118 1841 3249 1910 proli
3273 1841 3528 1895 bitionem
3560 1840 3650 1893 di-

2074 1935 2274 1998 vinam,
2301 1941 2692 1989 sacramentum
2727 1932 2878 1998 dare,
2912 1947 2978 1986 ne
3007 1932 3097 1986 Dei
3126 1933 3349 2000 populus
3376 1932 3425 1984 in
3460 1940 3648 2000 poste-

2076 2042 2193 2081 rum
2224 2026 2449 2091 diceret,
2495 2025 2636 2095 quod
2668 2024 2795 2079 vitio
2823 2024 3181 2091 sacerdotum.
3212 2026 3301 2092 qui
3330 2025 3514 2092 jurare
3543 2041 3650 2077 no—

2076 2118 2311 2183 luerunt,
2344 2131 2449 2171 non
2481 2117 2685 2171 fuerint
2704 2116 2945 2172 ecclesia:
2976 2117 3252 2170 restitutae.
3303 2116 3408 2170 Alii
3436 2132 3651 2182 quoque

2075 2209 2364 2263 astntiores
2392 2209 2649 2278 episcopi,
2681 2209 2975 2263 sentientes
2992 2210 3170 2263 dolum
3200 2208 3422 2272 fraudis,
3446 2224 3650 2276 nequa-

2075 2313 2234 2366 quam
2275 2299 2458 2365 jurare
2488 2299 2795 2362 voluerunt,
2843 2298 3084 2351 dicentes
3130 2298 3450 2365 prohibitum
3482 2298 3652 2353 fuisse

2075 2388 2381 2458 evangelica
2428 2390 2776 2451 auctoritate,
2814 2389 2930 2456 ipso
2978 2388 3204 2442 Dotnino
3234 2390 3471 2451 dicente,
3527 2388 3654 2441 Non

2067 2484 2310 2553 jurabifis
2335 2483 2389 2535 in
2415 2490 2517 2536 toto
2538 2480 2753 2550 (Matth.
2773 2497 2826 2545 ν,
2849 2480 2962 2551 54).
2987 2482 3191 2547 Quibus
3218 2480 3441 2535 ministri
3472 2482 3618 2549 regis
3641 2498 3654 2533 :

2076 2574 2340 2629 Secedant
2367 2574 2421 2628 iu
2452 2583 2622 2642 parte,
2666 2574 2945 2642 inquiunt,
2996 2574 3085 2642 qui
3129 2574 3311 2641 jurare
3339 2572 3653 2643 disponunt.

2075 2664 2176 2734 Qui
2204 2679 2325 2718 cum
2349 2664 2683 2727 secedereut,
2712 2664 2933 2718 notariis
2960 2663 3319 2718 scribentibus
3346 2665 3471 2732 quid
3500 2667 3650 2734 quis-

2075 2772 2180 2826 que
2203 2757 2425 2821 diceret,
2458 2765 2513 2810 et
2552 2754 2619 2809 de
2650 2771 2753 2825 qua
2785 2756 2996 2810 civitate
3027 2756 3217 2809 fuisset
3239 2768 3517 2823 exceptum
3546 2770 3653 2811 esu

2079 2846 2340 2901 Similiter
2361 2846 2557 2900 factum
2580 2856 2660 2900 eat
2687 2856 2739 2899 et
2760 2844 2826 2900 de
2850 2845 2951 2898 illis
2967 2845 3057 2914 qui
3077 2844 3294 2899 minime
3316 2846 3653 2910 iuraverunt.

2086 2936 2386 3005 Statimque
2416 2950 2537 3004 pars
2566 2944 2789 3004 utraque
2813 2935 3018 2989 custodi
3039 2952 3068 2985 e
3094 2935 3447 3005 mancipatur.

2151 3025 2214 3078 V.
2248 3022 2315 3077 In
2334 3024 2569 3078 exsilium
2590 3025 2958 3077 truduntur.—
2978 3021 3319 3078 Postmodum
3362 3037 3489 3077 vero
3512 3022 3655 3078 fraus

454 3113 565 3169 Δγ.
597 3113 731 3168 Dolo
754 3113 1482 3168 circumveniuntur.—Tunc
1509 3113 1701 3168 deinde
1719 3113 1974 3182 jubentur
1998 3104 2047 3167 C
2076 3134 2191 3187 qum
2214 3117 2484 3173 celabatur
2499 3118 2761 3186 apparuit.
2785 3115 3096 3170 iurantibus
3123 3116 3301 3185 itaque
3324 3115 3526 3169 dictum
3542 3124 3655 3169 est:

407 3206 473 3259 ad
490 3204 778 3275 quemdam
808 3204 1007 3269 locum,
1050 3203 1141 3273 qui
1169 3202 1362 3258 dicitur
1386 3202 1532 3258 aedes
1579 3203 1867 3269 Memoriae,
1898 3204 1974 3259 illi

405 3297 503 3351 viri
535 3295 628 3350 Dei
655 3309 960 3359 occurrere,
982 3294 1224 3349 fraudem
1263 3295 1363 3349 sibi
1390 3295 1691 3351 nescientes
1720 3303 1974 3365 aptatam.

405 3387 505 3443 Ubi
532 3401 655 3442 cum
681 3385 977 3454 venissent,
1025 3384 1211 3439 charta
1251 3385 1332 3440 eis
1371 3384 1672 3439 ostenditur
1720 3385 1976 3448 involuta,

403 3479 703 3548 diciturque
747 3476 852 3531 illis
890 3476 993 3531 ista
1034 3476 1328 3531 subtilitate
1371 3476 1673 3545 serpentis:
1726 3476 1979 3532 Dominus

406 3580 587 3627 noster
618 3585 712 3625 rex
744 3567 1063 3632 ilunericus,
1088 3567 1213 3622 licet
1242 3566 1421 3621 doleat
1446 3566 1587 3636 quod
1612 3566 1816 3623 fueritis
1843 3581 1976 3621 cou-

408 3670 722 3728 temptores,
754 3665 809 3712 et
835 3658 1009 3712 adhuc
1056 3658 1171 3726 ejus
1196 3656 1453 3711 voluntati
1479 3656 1700 3712 obedire
1736 3657 1979 3723 tardetis,

408 3765 464 3806 ut
493 3752 609 3819 ejus
637 3749 942 3804 efficiamini
996 3749 1270 3818 religionis
1314 3751 1466 3817 cujus
1508 3758 1606 3804 est
1650 3750 1786 3819 ipse,
1840 3765 1980 3805 nunc

407 3851 584 3896 tamen
618 3840 817 3895 bonum
837 3839 906 3894 de
932 3840 1083 3894 vobis
1110 3839 1383 3908 cogitavit.
1412 3839 1466 3895 Si
1491 3839 1799 3910 juraveritis
1823 3843 1894 3896 ita
1923 3850 1982 3896 ut

406 3932 548 4003 quod
571 3931 671 3986 ista
702 3932 885 3984 charta
906 3932 1145 3985 continet
1175 3930 1401 3997 faciatis,
1429 3932 1660 3988 dimittet
1685 3949 1781 3989 vos
1809 3935 1982 3991 ecc1e~

408 4022 501 4077 siis
531 4032 586 4076 et
620 4019 869 4075 domibus
899 4022 1110 4073 vestris.
1162 4021 1241 4073 Ad
1273 4021 1415 4090 quod
1461 4021 1698 4077 universi
1750 4022 1987 4092 episcopi

414 4111 807 4181 reSpondcruut
837 4125 852 4165 :
878 4109 1106 4179 Semper
1149 4109 1399 4176 dicimus,
1450 4119 1504 4165 et
1526 4110 1780 4178 diximus,
1824 4123 1877 4167 et
1904 4112 1987 4169 di-

408 4226 668 4291 Gciserici,
694 4240 848 4297 quam
874 4226 1115 4297 adversus
1153 4225 1596 4297 pioru_m_gentem,
1626 4222 1779 4276 veluti
1818 4225 1973 4282 draco

408 4299 523 4351 bino
569 4313 656 4350 ore
701 4294 933 4359 sibilans,
958 4294 1162 4347 .edidit.‘
1202 4294 1306 4348 Sed
1343 4294 1455 4363 jam
1496 4300 1695 4363 tempus
1726 4302 1798 4347 est
1842 4299 1977 4361 utin

406 4378 585 4435 quarto
624 4365 718 4418 hoc
762 4363 931 4435 libello
958 4363 1112 4435 ﬁnem
1142 4361 1448 4416 narrationis
1470 4361 1645 4433 facere
1662 4363 1938 4435 debeamus
1956 4384 1976 4433 ;

408 4433 526 4505 auia
551 4438 813 4504 indignum
843 4445 888 4488 et
915 4433 1153 4505 indecens
1175 4443 1246 4487 est
1268 4442 1320 4486 ut
1345 4434 1451 4505 subj
1467 4434 1733 4503 tyrannica
1754 4435 1979 4490 collocu-

407 4502 542 4559 tione
568 4502 731 4577 seruio
757 4508 1017 4577 subjaceat
1054 4504 1272 4558 divinus.
1321 4502 1567 4577 Auditum
1594 4517 1713 4575 ergo
1745 4507 1979 4577 petimus

408 4577 471 4629 ab
514 4573 1082 4628 auditoribus'libeuter
1112 4573 1508 4639 accommodari,
1534 4573 1978 4643 cum'principiuut

2082 3208 2110 3245 ά
2136 3208 2268 3276 Quia
2293 3218 2479 3263 contra
2510 3218 2834 3277 praeceptum
2859 3207 3126 3276 Evangelii
3152 3206 3336 3277 jurare
3369 3207 3616 3261 voluistis
3641 3248 3657 3271 ,

2076 3299 2234 3368 jussit
2257 3313 2347 3353 rex
2372 3310 2425 3351 ut
2443 3298 2686 3352 civitates
2709 3307 2867 3367 atque
2887 3298 3142 3353 ecclesias
3158 3313 3361 3352 veStras
3382 3314 3657 3367 nunquam

2081 3390 2328 3456 videatis,
2353 3390 2448 3445 sed
2476 3390 2720 3461 relegati,
2753 3391 3031 3445 colonatus
3057 3392 3179 3459 jure
3217 3390 3281 3444 ad
3302 3390 3656 3445 excolendum

2081 3497 2239 3553 agros
2268 3482 2543 3550 accipiatis
2577 3497 2590 3535 :
2624 3482 2695 3535 ita
2726 3490 2901 3535 tamen
2935 3491 2992 3535 ut
3022 3496 3127 3534 non
3159 3480 3395 3549 pSnllaliS
3419 3520 3434 3542 ,
3482 3495 3658 3548 neque

2086 3573 2272 3639 oretis,
2297 3580 2389 3626 aut
2413 3570 2480 3625 ad
2508 3571 2792 3640 legendum
2823 3571 3058 3625 codicem
3102 3571 3151 3622 in
3193 3570 3437 3623 manibus
3482 3579 3657 3638 geste~

2086 3662 2182 3727 tis;
2216 3677 2319 3717 non
2350 3661 2651 3731 baptizetis.
2684 3676 2855 3731 neque
2885 3660 3165 3725 ordinatis,
3199 3670 3290 3713 aut
3314 3659 3542 3727 aliqui-tu
3574 3676 3659 3714 τεο

2090 3755 2375 3810 conciliare
2427 3753 2783 3822 pra-sumatis.
2839 3751 3096 3807 Similiter
3152 3766 3256 3805 non
3311 3752 3657 3818 jurautibus,

2087 3844 2235 3898 aiunt
2281 3860 2293 3895 :
2319 3842 2449 3912 Quia
2480 3859 2700 3914 regnum
2734 3844 2823 3896 filii
2847 3842 3046 3897 domini
3076 3843 3242 3895 nostri
3274 3857 3378 3897 nou
3418 3845 3616 3911 optatis
3641 3886 3657 3909 ,

2089 3937 2488 4004 idcircojurare
2518 3936 2782 3991 noluistis.
2809 3933 2889 3991 0b
2915 3951 3072 4005 quam
3115 3950 3330 3990 causam
3363 3934 3496 4004 jussi
3527 3951 3587 3989 es
3616 3937 3658 3988 is

2088 4027 2505 4083 inCorsicanant
2536 4027 2763 4082 insulam
2792 4027 3047 4098 relegari,
3098 4039 3154 4080 ut
3194 4028 3332 4097 ligna
3377 4027 3654 4096 profutura

2088 4119 2315 4174 navibus
2336 4118 2625 4185 dominicis
2643 4119 2889 4175 incidatis
2919 4128 2967 4174 °.

2084 4232 2249 4303 tione,
2286 4231 2586 4286 Ortulanus.
2619 4233 2739 4295 Fuit
2764 4241 2940 4288 autem
2967 4233 3247 4303 episcopus
3278 4232 3571 4303 Bgnefensis
3602 4233 3657 4287 in

2082 4301 2373 4373 Byzacena,
2406 4312 2462 4373 ut
2484 4317 2555 4373 rex
2584 4303 2777 4373 Notitia
2808 4313 2969 4372 patet.
3004 4301 3383 4357 ‘Ftorentianus
3415 4301 3544 4357 vero
3575 4321 3657 4361 sic

2082 4371 2280 4426 dicitur
2319 4371 2372 4426 in
2404 4371 2642 4440 Colb.2,
2692 4371 2832 4440 Fab,
2881 4374 3058 4436 Mart.,
3108 4374 3275 4441 Port.,
3324 4376 3504 4434 Urtli..
3551 4373 3658 4427 Lo-

2084 4443 2244 4507 riclt.,
2278 4450 2332 4495 et
2366 4443 2530 4507 Belf.;
2576 4449 2713 4497 sicut
2757 4456 2811 4499 et
2862 4444 2914 4497 in
2944 4444 3139 4498 Notitia
3179 4444 3392 4506 Africae,
3424 4444 3511 4497 ubi
3540 4446 3654 4511 epi-

2085 4527 2279 4579 scopus
2308 4511 2595 4566 Midilensis
2644 4514 2694 4566 in
2741 4513 2985 4567 Numidia
3015 4514 3329 4581 appellatur.
3363 4516 3513 4568 Colb.
3547 4524 3656 4566 trr-

2087 4583 2186 4636 tius
2212 4598 2330 4636 cum
2361 4584 2560 4652 aliquot
2577 4583 2757 4651 editis,
2783 4582 3219 4637 Florentiuianus.
3244 4585 3288 4637 ls
3313 4599 3470 4651 porro
3492 4582 3656 4637 simul

410 4645 526 4698 libri
548 4644 712 4718 quinti
743 4644 797 4695 in
822 4658 997 4697 eorum
1024 4644 1762 4718 senueritattribueguoniam
1791 4660 1978 4717 magna
2006 4646 2054 4706 D
2082 4666 2202 4706 cum
2233 4644 2524 4706 llortula'no
2554 4644 2865 4707 accensetur
2891 4654 3030 4718 apud
3082 4644 3354 4717 Adonem;
3384 4665 3438 4707 et
3468 4655 3520 4706 in
3550 4653 3658 4704 lio-

408 4724 457 4768 et
490 4713 725 4767 miranda
748 4722 1027 4781 martyrum
1052 4715 1331 4766 certamina
1352 4713 1652 4779 conﬁdimus
1679 4713 1973 4781 narratu’ra,

409 4793 682 4852 praestante
711 4783 819 4851 ipso
861 4780 984 4835 Jesu
1026 4781 1246 4844 Christo,
1286 4784 1371 4847 qui
1401 4783 1586 4836 laureis
1618 4784 1831 4850 miriﬁce
1857 4780 1978 4839 sau-

408 4864 517 4923 etas
559 4862 766 4923 coronat
809 4867 949 4923 suos,
995 4865 1163 4903 amen.
1212 4852 1344 4906 'l‘utn
1391 4853 1570 4907 habet.
1614 4853 1803 4923 Incipit
1853 4853 1979 4909 liber

407 4922 633 4994 quintus.
663 4921 788 4975 Post
815 4922 943 4985 lucc,
973 4933 1077 4973 etc.

483 5001 511 5029 ι
551 4993 631 5046 Ali
653 5002 763 5055 μιοι
791 5007 918 5044 mss.
961 5001 1009 5044 et
1042 4990 1192 5055 editi,
1220 4991 1441 5044 toxicata
1468 5000 1769 5046 transverso.
1800 4991 1977 5048 Cicte-

410 5076 528 5117 tum
558 5059 852 5132 Cyprianus
896 5061 1057 5132 edicta
1106 5061 1489 5128 persecutionis
1519 5062 1703 5132 feralia
1748 5065 1980 5131 appellnt

409 5133 568 5199 epist.
600 5130 669 5185 52
699 5130 762 5182 ad
794 5131 1169 5193 Antonianum,
1203 5146 1320 5199 qua:
1352 5148 1490 5186 nunc
1519 5130 1604 5185 est
1639 5130 1972 5188 etl.t.0x0u.

411 5150 442 5184 8
484 5150 568 5185 Ιδῐο
600 5150 669 5185 DZ
699 5150 762 5182 au
794 5150 1169 5193 AlllOlllﬂllUlll,
1203 5150 1320 5199 qua:
1352 5150 1490 5186 nunc
1524 5150 1604 5185 εει
1639 5150 1769 5188 Θιιιί.
1800 5150 1972 5188 υΧΟη.

411 5150 501 5258 5g.
536 5199 747 5255 Feralia
773 5202 937 5271 edicta
964 5211 1222 5252 inemorut
1246 5216 1456 5271 quoque
1481 5211 1667 5256 auctor
1709 5203 1974 5259 PaSsionis

411 5282 615 5395 septem
662 5270 1040 5325 monachorum
1089 5270 1402 5340 martyrum,
1448 5275 1691 5341 superius
1745 5288 1774 5325 a
1827 5274 1978 5328 uobis

413 5359 473 5395 re
495 5353 615 5395 aue.

413 5353 615 5397 retatze.

484 5411 510 5449 δ
539 5410 814 5467 υνιιιοάοι
837 5420 889 5464 et
918 5406 1213 5473 Loricltius,
1247 5425 1503 5477 nunquam
1540 5412 1743 5465 contine
1775 5428 1977 5465 revoca-

411 5494 602 5537 muur.
638 5482 701 5536 Et
742 5483 896 5546 intra,
924 5481 1143 5533 maxime
1168 5478 1287 5548 quia
1317 5480 1422 5546 ubi,
1454 5490 1558 5536 etc.
1602 5480 1880 5536 Lorii-bius
1924 5492 1980 5536 et

413 5552 526 5617 alii,
556 5554 770 5620 maxime
794 5555 912 5620 quia
949 5567 1047 5602 non
1094 5560 1473 5606 reverterentur.
1522 5550 1642 5604 Jam
1682 5567 1842 5620 neque
1871 5554 1977 5605 ulla

413 5630 519 5673 erat
550 5618 786 5690 Ecclesia:
807 5618 1111 5683 substantia,
1133 5620 1220 5690 pel
1246 5622 1475 5675 omnibus
1504 5618 1780 5690 occupatis.

486 5700 510 5728 α
550 5690 702 5744 Colb.
734 5688 769 5741 ‘2
813 5699 862 5744 et
906 5690 1047 5757 Ful.,
1098 5688 1431 5746 Hortalatttts.
1480 5688 1585 5746 Alii
1621 5688 1733 5744 Sine
1779 5692 1976 5759 aspTra-

2084 4737 2241 4776 mano
2268 4723 2664 4792 MartyroIOgio,
2696 4723 2810 4777 aliis
2835 4724 3228 4778 confessoribus
3262 4724 3520 4777 AfriCanis
3557 4738 3654 4776 su-

2085 4806 2175 4859 pra
2204 4793 2533 4855 memoratis,
2564 4793 2652 4848 die
2695 4793 2765 4847 38
2802 4792 3150 4856 Novembris;
3182 4797 3250 4847 de
3292 4792 3485 4861 quibus
3534 4795 3655 4846 vide

2086 4876 2245 4932 supra
2274 4872 2453 4916 notam
2483 4862 2544 4919 11
2578 4874 2632 4918 et
2657 4861 2726 4917 23
2754 4862 2908 4932 (Coll.
2946 4864 3069 4918 185.
3100 4880 3155 4917 n.
3189 4873 3238 4928 ι,
3268 4873 3317 4917 et
3344 4864 3464 4925 too,
3497 4880 3550 4916 tt.
3580 4866 3652 4931 ε).

2088 4931 2254 4985 Porro
2305 4933 2405 4986 hoc
2450 4932 2568 4986 loco
2613 4935 2663 4986 in
2694 4933 2894 5001 aliquot
2924 4947 3054 4991 mss.
3091 4932 3365 4987 codicibus
3410 4942 3465 4985 et
3497 4933 3654 4986 editis

2087 5001 2480 5056 interseruntnr
2510 5003 2671 5056 multa
2701 5019 2818 5070 quas
2839 5018 2903 5057 ex
2933 5003 3175 5071 superius
3210 5004 3378 5058 relato
3401 5003 3649 5056 Hunerici

2086 5073 2262 5125 edicto
2290 5072 2525 5126 detracta
2565 5080 2725 5136 sunt,
2759 5088 2879 5141 qua:
2915 5088 3012 5126 suo
3055 5074 3202 5135 loco,
3236 5084 3291 5126 nt
3318 5073 3408 5127 alii
3440 5074 3653 5127 codices

2091 5143 2308 5212 habent,
2331 5152 2385 5212 et
2410 5142 2542 5195 ordo
2572 5157 2749 5196 rerum
2778 5152 3042 5212 gestarum
3074 5144 3325 5208 postulat,
3357 5145 3651 5198 retulimus.

2165 5209 2192 5247 ἀ
2221 5212 2308 5265 Sic
2333 5211 2628 5266 Loricbius.
2662 5215 2729 5266 At
2756 5209 2931 5266 Clum.
2965 5222 3016 5267 et
3041 5212 3156 5277 alii,
3187 5214 3355 5277 Quare
3384 5227 3648 5267 contra....

2084 5281 2352 5352 voluistis?
2376 5279 2539 5335 quit
2580 5298 2687 5347 rex,
2719 5293 2826 5337 etc.
2856 5282 2979 5346 Alii,
3012 5298 3104 5350 pro
3133 5300 3233 5352 qua
3262 5299 3315 5335 re
3338 5284 3514 5351 jussit,
3545 5294 3647 5337 etc.

2083 5351 2194 5419 84
2216 5352 2281 5404 Et
2309 5351 2463 5413 infra,
2483 5353 2743 5405 colonatus
2764 5354 2904 5422 jure,
2924 5361 3025 5406 etc.
3052 5351 3240 5420 Camp.
3270 5361 3326 5407 et
3350 5353 3646 5415 Loricltius,

2084 5422 2307 5475 colonias
2326 5422 2447 5491 jure
2476 5424 2543 5475 ad
2564 5423 2892 5476 excolendum
2921 5438 3102 5489 agrum
3132 5423 3417 5490 accipiatis.

2159 5500 2182 5527 ⁸
2217 5493 2310 5544 llic
2335 5491 2633 5547 Chiflletins
2655 5493 2905 5545 Notitiam
2937 5492 3194 5547 Ecclesia:
3223 5493 3485 5546 Africana:
3515 5491 3652 5545 iuse-

2086 5561 2213 5683 ruitl,
2255 5578 2412 5629 quam
2456 5562 2624 5618 visum
2678 5570 2761 5617 cst
2810 5561 2985 5631 potius
3043 5564 3267 5618 seorsim
3318 5562 3650 5632 postmodum

2087 5646 2181 5683 nro
2206 5647 2347 5683 erre.

2087 5646 2347 5698 lll'OICI'l‘C.
