3944 6176
386 363 490 416 2ίὸ

1666 358 1972 414 VICTORIS
2015 357 2312 412 VlTLNSlS

3513 355 3620 411 2H

387 487 469 528 sto
487 490 616 544 quas
646 473 985 544 pertulitqais
1013 473 1236 542 explicet
1263 471 1481 540 pinnas?
1515 471 1612 536 Qui
1639 480 1758 539 post
1781 471 1954 526 caedes
1981 473 2032 531 Α
2062 471 2219 524 etiam
2259 469 2346 537 qui
2386 467 2692 523 cruciabant
2737 469 3109 539 conspicerent
3150 477 3433 535 mortuam,
3473 471 3629 540 depo.

399 565 858 619 inmimerabilium
892 566 1126 627 fustium,
1160 563 1410 616 trochleis
1439 562 1810 630 frequentibus
1840 563 1953 615 ele-

393 665 566 718 tatus,
615 655 738 707 dum
767 663 791 689 ³
824 661 929 706 tota
971 669 1078 722 pra:
1108 652 1235 707 urbe
1267 654 1548 721 penderet,
1600 653 1740 705 hunc
1783 653 1830 704 in
1869 666 1960 704 su-

390 742 553 796 blime
595 743 863 805 tollentes,
911 742 1015 796 ictu
1045 743 1203 795 celeri
1242 740 1476 794 dimissis
1508 741 1698 794 iterum
1744 740 1958 794 funibus

387 833 720 901 cannabinis,
756 847 916 900 super
942 832 1115 886 silices
1139 833 1432 900 platearum
1455 830 1690 899 pondere
1713 831 1958 899 corporis

389 927 629 989 veniens,
671 935 730 977 ut
769 923 903 992 lapis
950 937 1110 992 super
1157 921 1360 991 lapides
1398 920 1702 974 corruebat.
1752 922 1856 975 Sed
1904 931 1958 976 et

389 1029 582 1082 smpms
609 1025 853 1078 tractum,
896 1025 949 1067 et
979 1013 1240 1082 lapidibus
1264 1012 1586 1066 acutissimis
1613 1011 1948 1080 defricatum,

347 1139 355 1176 ι
390 1105 482 1177 [αἱ.
508 1105 584 1177 ut]
607 1115 660 1160 et
686 1107 894 1160 cutibus
921 1106 1203 1173 separatis,
1234 1104 1402 1171 pelles
1427 1105 1669 1172 corporis
1697 1103 1955 1159 lateribus

328 1195 355 1246 /
389 1198 656 1266 dorsoque
684 1198 894 1252 videres
915 1207 971 1251 et
993 1195 1086 1268 [aL
1118 1193 1324 1266 ventre]
1356 1197 1526 1248 ventri
1561 1195 1810 1263 pendere.
1852 1194 1956 1250 Iste

388 1287 493 1356 jam
526 1287 856 1356 temporibus
902 1284 1158 1340 Geiseriti
1204 1301 1308 1338 non
1342 1284 1496 1339 valde
1522 1285 1801 1338 dissimilia
1829 1300 1954 1354 per-

390 1378 601 1438 tulerat,
654 1391 721 1429 ne
769 1374 920 1428 amici
974 1374 1252 1436 cuiusdam
1299 1377 1380 1428 sui
1435 1381 1642 1428 secreta
1681 1375 1952 1428 nudaret:

389 1475 584 1535 quanto
605 1467 770 1530 magis
799 1481 957 1528 nunc,
991 1479 1046 1518 ut
1071 1463 1164 1536 lat.
1187 1462 1306 1533 sua]
1338 1479 1450 1518 suat:
1477 1463 1597 1517 lidei
1620 1474 1957 1518 sacramenta

389 1559 651 1612 muniret?
684 1559 748 1611 Et
775 1559 819 1610 si
849 1557 1047 1610 homini
1071 1556 1235 1625 gratis
1257 1556 1485 1609 ﬁdeliter
1512 1557 1752 1609 exhibuit
1775 1556 1954 1621 tidem,

388 1659 641 1718 quantum
665 1651 846 1704 debuit
874 1650 971 1713 illi,
1003 1649 1089 1717 qui
1123 1648 1428 1702 redditurus
1448 1661 1528 1702 est
1566 1662 1663 1717 pro
1692 1648 1794 1701 [ide
1817 1661 1958 1702 nter-

389 1741 607 1796 cedem?

2061 570 2280 614 suerunt
2319 575 2534 627 prorsus
2581 561 2722 613 omni
2759 569 2908 626 parte
2952 561 3328 616 exanimatam.
3360 560 3486 625 Quae
3528 579 3622 629 po-

2061 661 2172 703 stea
2203 652 2382 703 retulit
2411 650 2690 716 quamdam
2733 651 2835 704 sibi
2877 651 3134 719 virginem
3166 653 3421 715 astitisse,
3463 664 3626 722 atque

2062 741 2299 808 tetigisse
2326 739 2564 792 membra
2593 740 2820 807 singula,
2846 749 2898 794 ct
2929 739 3069 793 iliico
3103 739 3263 792 fuisse
3294 750 3554 795 sanatam.

2132 829 2220 882 IV.
2289 827 2564 881 Victoriani
2610 831 2847 899 martyris
2892 830 3400 897 ﬁdes.-—-Qualiter
3447 843 3622 883 autem

2058 918 2420 974 Adrumetinxe
2447 920 2678 974 civitatis
2703 922 2873 974 civem
2895 918 3279 982 Victorianum,
3305 929 3430 973 tunc
3451 918 3474 954 ά
3507 935 3624 986 pro-

2058 1013 2329 1066 consulem
2362 1013 2716 1080 Carthaginis,
2741 1011 3050 1080 prtcdicem,
3085 1011 3286 1077 nescio,
3321 1012 3627 1066 deﬁcienti-

2059 1104 2158 1156 bus
2181 1104 2376 1157 verbis.
2409 1102 2524 1169 Quo
2547 1103 2598 1156 in
2627 1103 2817 1158 Africae
2848 1103 3084 1171 partibus
3114 1103 3290 1156 nullus
3318 1103 3477 1156 ditior
3507 1102 3626 1165 fuit,

2057 1194 2145 1262 qui
2173 1195 2332 1247 etiam
2357 1192 2493 1261 apud
2522 1193 2740 1261 impium
2770 1207 2951 1259 regem
2981 1209 3077 1262 pro
3103 1194 3258 1247 rebus
3291 1207 3500 1258 semper
3525 1194 3627 1247 sibi

2060 1283 2362 1337 commissis
2383 1282 2719 1337 ﬁdelissimus
2743 1283 3053 1336 habebatur.
3079 1283 3355 1336 Mandatur
3373 1285 3421 1336 ei
3450 1297 3478 1334 a
3501 1298 3629 1351 rege

2057 1373 2409 1440 familiariter,
2463 1373 2765 1441 diciturque
2807 1373 2945 1441 quod
2978 1389 3102 1428 eum
3159 1373 3438 1426 habiturus
3479 1383 3629 1427 esset

2059 1480 2168 1534 pra:
2211 1463 2458 1517 omnibus
2488 1473 2510 1500 ο
2539 1463 2913 1526 domesticum,
2955 1465 2997 1516 si
3026 1465 3141 1532 ejus
3191 1478 3462 1532 prarcepto
3489 1465 3626 1520 faci-

2059 1557 2163 1608 lem
2192 1553 2585 1608 commodasset
2614 1569 2912 1609 assensum.
2941 1555 3044 1609 Sed
3080 1555 3167 1609 ille
3193 1555 3274 1609 vir
3305 1555 3392 1609 Dei
3445 1556 3626 1608 missis

2057 1646 2122 1698 ad
2163 1661 2222 1700 se
2252 1647 2350 1698 tale
2381 1645 2525 1699 dedit
2553 1660 2672 1698 cum
2709 1646 2896 1699 ﬁducia
2931 1663 3118 1715 magna
3147 1662 3497 1715 responsum:
3524 1652 3622 1700 Se-

2056 1750 2216 1789 Cltrus
2245 1751 2344 1804 ego
2371 1750 2486 1788 sum
2519 1737 2584 1788 de
2606 1735 2822 1789 Christo
2857 1737 2961 1789 Deo
2989 1746 3043 1791 et
3073 1737 3298 1791 Domino
3325 1753 3464 1791 meo.
3503 1738 3629 1790 llarc

461 1832 544 1888 lll.
591 1831 824 1886 Victoria
843 1831 1198 1901 fortitudo.—
1223 1831 1274 1884 In
1297 1831 1509 1884 civitate
1541 1845 1666 1884 vero
1691 1828 1719 1868 δ
1744 1829 1950 1885 Culusi-
1988 1834 2035 1893 B
2063 1825 2170 1891 regi
2209 1825 2394 1878 dicatis
2429 1842 2442 1876 :
2477 1825 2724 1893 Subrigat
2772 1827 3001 1894 ignibus,
3049 1827 3225 1895 adigat
3277 1828 3480 1890 bestiis,
3532 1843 3626 1880 ex-

389 1931 510 1976 t-ma
563 1939 667 1978 non
707 1924 856 1976 valeo
901 1938 1020 1990 quae
1057 1933 1204 1990 gesta
1250 1933 1373 1976 sunt
1423 1925 1685 1987 numiure,
1737 1925 1856 1991 quia
1898 1934 1951 1977 et

391 2014 557 2080 ipsam
588 2013 934 2082 quantitatem
962 2021 1252 2082 martyrum
1285 2015 1363 2065 vel
1395 2015 1554 2066 etiam
1584 2014 1952 2066 conlessorum

389 2106 718 2174 impossibile
756 2115 837 2159 est
867 2105 1065 2158 homini
1096 2113 1405 2174 supputare.
1441 2105 1537 2160 Uhi
1567 2106 1808 2174 quaedam
1842 2120 1954 2158 ma-

392 2207 570 2259 trona,
593 2195 800 2248 auctrix
831 2193 911 2247 sui
945 2194 1173 2247 nominis
1209 2194 1460 2259 Victoria,
1499 2194 1623 2246 dum
1655 2197 1704 2246 in
1733 2209 1955 2261 conspe-

387 2295 475 2339 ctu
506 2287 647 2354 vulgi
675 2285 980 2339 continuato
1004 2285 1295 2353 suspendio
1321 2296 1673 2350 cremaretur,
1709 2300 1738 2338 a
1765 2286 1954 2338 marito

387 2376 492 2445 jam
546 2376 753 2444 perdito
801 2374 927 2429 ﬁliis
985 2376 1335 2443 praesentibus
1391 2376 1567 2428 taliter
1622 2375 1952 2443 rogabatur:

388 2468 522 2535 Quid
565 2468 762 2534 pateris
803 2467 1072 2535 conjunx?
1112 2467 1170 2522 Si
1209 2483 1295 2522 me
1332 2467 1582 2536 despicis,
1628 2470 1712 2521 vel
1765 2468 1953 2520 horum

387 2559 645 2614 miserere
673 2573 804 2626 quos
832 2561 1089 2627 genuisti,
1139 2560 1319 2627 impia,
1361 2561 1723 2628 parvulorum.
1777 2559 1954 2626 Quare

389 2648 726 2703 Oblivisceris
753 2647 887 2702 uteri
923 2647 1020 2707 tui.
1053 2659 1106 2702 et
1144 2664 1240 2717 pro
1280 2649 1448 2702 nihilo
1482 2649 1635 2703 ducis
1662 2663 1797 2718 quos
1833 2664 1953 2702 cum

390 2739 588 2808 gemitu
631 2739 924 2807 peperisti?
969 2737 1066 2792 Ubi
1101 2749 1225 2792 sunt
1253 2738 1450 2793 hedera
1481 2738 1775 2806 conjugalis
1806 2754 1954 2791 amo.

389 2828 498 2882 ris?
529 2827 616 2880 ubi
642 2828 911 2882 societatis
931 2829 1139 2882 vincula
1167 2867 1183 2893 ,
1213 2844 1330 2895 qua:
1355 2829 1492 2882 inter
1517 2844 1614 2881 nos
1636 2829 1834 2882 dudum
1861 2827 1956 2881 ho-

389 2920 610 2974 aestatis
643 2921 763 2986 jure
813 2919 1008 2973 tabula:
1044 2921 1361 2988 conscripta:
1398 2919 1680 2974 fecerunt?
1709 2920 1953 2988 Respice,

390 3020 593 3076 quaeso,
627 3009 763 3061 ﬁlios
799 3022 862 3060 ac
887 3007 1155 3072 maritum,
1187 3018 1242 3061 et
1272 3009 1428 3077 regia:
1445 3008 1704 3078 jussiouis
1733 3009 1957 3076 implete

391 3097 584 3152 festina
608 3107 951 3166 prmceptum,
976 3108 1032 3150 ut
1053 3108 1105 3152 et
1125 3097 1458 3152 inuninentia
1489 3098 1662 3151 adhuc
1691 3108 1953 3152 tormenta

2054 1916 2257 1970 Cruciet
2284 1917 2565 1985 generibus
2592 1918 2826 1971 omnium
2861 1927 3265 1970 tormentorum.
3307 1918 3361 1972 Si
3393 1933 3626 1972 Consen-

2054 2023 2196 2072 sero,
2227 2011 2419 2061 frustra
2467 2022 2583 2060 sum
2631 2009 2682 2060 in
2723 2008 2960 2061 Ecclesia
3003 2008 3260 2062 catholica
3305 2009 3623 2075 baptizatus.

2055 2098 2186 2152 Nam
2217 2097 2264 2152 si
2295 2098 2407 2152 haec
2438 2113 2675 2167 praesens
2701 2099 2806 2152 vita
2835 2099 2948 2152 sola
2979 2098 3184 2161 fuisset,
3215 2098 3321 2168 ιο
3344 2108 3398 2151 et
3443 2100 3623 2160 aliam,

2060 2204 2180 2256 qua:
2201 2204 2324 2242 vere
2343 2197 2446 2255 est,
2473 2205 2576 2241 non
2601 2203 2938 2256 spcraremus
2960 2195 3234 2252 atternam,
3261 2203 3358 2241 nec
3389 2191 3457 2242 ita
3495 2188 3511 2224 τ
3543 2187 3625 2240 fa-

2056 2295 2231 2333 cerem
2257 2281 2389 2332 utad
2410 2280 2672 2334 modicum
2700 2289 2858 2348 atque
2880 2284 3242 2347 temporalitcr
3261 2281 3541 2348 gloriarer,
3569 2291 3626 2334 et

2057 2368 2291 2436 ingratus
2321 2369 2607 2423 exi-terem
2651 2370 2696 2423 ei
2729 2372 2816 2438 qui
2847 2384 2995 2422 suam
3031 2370 3186 2424 ﬁdem
3218 2371 3348 2424 mihi
3377 2373 3622 2432 contulit,

2058 2459 2147 2531 [aL
2181 2458 2453 2532 creditori]
2484 2460 2746 2516 Creatori.
2776 2462 2854 2515 Ad
2891 2462 3030 2530 quod
3054 2471 3310 2533 tyrannus
3339 2466 3624 2526 excitatus,

2057 2564 2374 2620 quantortttn
2409 2562 2729 2622 temporum,
2762 2564 2815 2606 et
2845 2553 3054 2621 quantis
3076 2569 3196 2606 eum
3221 2553 3404 2606 afﬁixit
3429 2555 3623 2619 prunis,

2058 2646 2319 2699 humanus
2345 2661 2524 2700 sermo
2547 2662 2650 2698 non
2676 2647 2866 2713 poterit
2885 2646 3179 2714 explicare.
3204 2647 3300 2712 Qui
3329 2646 3627 2711 tripudians

2059 2738 2110 2790 in
2161 2737 2408 2800 Dutuittu,
2450 2737 2779 2805 felicitetquc
2819 2751 3218 2801 consnmmans,
3263 2737 3624 2806 martyrialeut

2057 2844 2309 2883 Coronam
2345 2829 2571 2893 accepit.

2129 2917 2194 2973 ν.
2229 2917 2434 2972 Fratres
2473 2919 2576 2971 duo
2613 2917 2944 2987 confessores.
2969 2946 3040 2957 —
3066 2916 3218 2987 Apud
3249 2928 3272 2964 8
3297 2917 3622 2971 Tambaien-

2059 3025 2171 3065 sem
2220 3024 2429 3078 quoque
2475 3009 2743 3062 civitatem
2791 3019 2937 3077 gesta
2977 3009 3096 3077 quis
3135 3019 3292 3076 queat
3331 3011 3624 3063 certamina

2057 3111 2351 3170 martyrum
2375 3100 2681 3168 explicare?
2711 3100 2804 3154 Uhi
2830 3101 2934 3156 duo
2955 3101 3192 3169 germani
3218 3101 3408 3156 fratres
3429 3103 3624 3168 Aquis-

392 3191 635 3254 lucreris,
659 3190 812 3242 simul
837 3199 891 3243 et
921 3190 1046 3243 mihi
1075 3188 1290 3243 doneris
1318 3199 1372 3243 et
1397 3189 1579 3243 liberis
1601 3189 1818 3244 nostris.
1845 3190 1946 3244 Sed
1973 3199 2020 3258 (ζ
2053 3193 2308 3262 [legensis
2357 3192 2614 3256 civitatis,
2661 3191 2760 3245 sibi
2805 3192 2977 3246 securi
3023 3193 3089 3246 de
3127 3194 3348 3247 Domino
3395 3194 3628 3248 invicem

393 3285 482 3338 illa
520 3297 618 3337 nec
643 3283 868 3336 ﬁliorum
910 3283 1084 3346 ﬁctus,
1123 3297 1220 3336 nec
1253 3283 1516 3351 serpentis
1543 3282 1764 3336 audiens
1796 3283 1947 3334 blan-

391 3373 645 3438 dimenta,
693 3383 716 3411 ε
756 3374 1000 3428 aliectum
1034 3374 1200 3426 multo
1245 3375 1403 3426 altius
1450 3373 1665 3426 elevans
1707 3388 1736 3426 a
1782 3383 1945 3435 terra,

388 3465 641 3520 mundum
680 3481 800 3518 cum
854 3467 964 3520 suis
1012 3464 1295 3520 desideriis
1340 3467 1734 3519 contemnebat.
1782 3465 1951 3532 Quam

390 3567 506 3608 cum
549 3553 659 3621 jam
703 3553 1106 3607 continuatione
1145 3553 1416 3621 suspendii
1453 3553 1655 3607 avulsis
1695 3554 1948 3618 humeris,

459 3720 484 3746 η
516 3709 605 3764 Sic
629 3708 780 3763 Colb.
815 3710 838 3762 1
875 3717 929 3761 ct
957 3709 1086 3763 edit.
1129 3707 1254 3762 duo.
1287 3708 1387 3762 Alii
1418 3722 1636 3773 omnes,
1677 3719 1833 3762 totam
1865 3727 1953 3775 per

391 3781 601 3832 urbem:
629 3794 747 3844 qua:
777 3779 932 3832 lectio
967 3779 1270 3831 conﬁrmari
1304 3789 1474 3840 potest
1516 3794 1579 3830 ex
1608 3783 1952 3847 sequentibus

387 3850 586 3912 verbis,
610 3850 695 3899 tthi
721 3859 935 3900 sanctus
957 3859 1157 3916 martyr
1176 3863 1326 3909 super
1346 3849 1508 3900 silices
1535 3850 1814 3914 platearum
1834 3865 1951 3903 eur-

389 3917 558 3972 ruisse
573 3919 787 3970 dicitur.
809 3917 1174 3970 Deducehatnr
1197 3917 1330 3987 forte
1352 3932 1413 3970 ex
1440 3919 1605 3984 platea
1631 3919 1681 3970 in
1702 3920 1947 3987 plateam.

388 3988 548 4050 Infra,
577 3987 788 4055 Comp.,
821 4001 918 4055 pro
946 3987 1166 4039 dimissis
1184 4027 1195 4044 .
1228 3986 1384 4039 habet
1411 3990 1670 4040 dimissus.

458 4057 486 4095 δ
529 4058 666 4112 Urbs
697 4069 775 4110 est
807 4057 858 4110 in
890 4055 1288 4119 Proconsulati,
1317 4057 1468 4124 cujus
1497 4057 1812 4110 .Emilianus
1836 4059 1948 4118 eni-

386 4143 577 4198 scapus
606 4130 658 4180 in
683 4127 891 4198 rNotitia
922 4137 1250 4181 recensetur.
1285 4127 1357 4181 De
1382 4142 1484 4195 qua
1516 4127 1644 4180 urbe
1675 4127 1820 4194 plura
1854 4129 1948 4180 ha-

386 4197 491 4252 bes
511 4199 562 4251 in
586 4197 721 4251 noti~
745 4198 808 4250 ad
839 4197 1086 4250 Notitiam
1121 4199 1271 4250 intra.

457 4279 481 4307 θ
520 4269 666 4322 Colb.
709 4268 734 4321 t
777 4277 834 4321 et
865 4269 1016 4320 Orth.
1059 4283 1177 4320 cum
1213 4264 1487 4329 Lorichio,
1534 4275 1786 4318 ostreatum
1827 4283 1948 4320 ocu-

384 4338 549 4390 lorum
578 4339 757 4391 multo.
785 4335 935 4390 Colb.
962 4335 1116 4400 alter,
1152 4335 1335 4401 alfectu
1364 4337 1519 4388 multo
1548 4334 1704 4388 altius
1731 4336 1943 4392 elatam.

453 4405 480 4443 ἀ
515 4407 622 4460 Hoc
652 4410 864 4461 nomine
906 4407 1119 4475 intelligi
1141 4407 1277 4459 ndns
1306 4405 1419 4466 hic,
1452 4415 1506 4458 ut
1535 4415 1691 4472 puto,
1723 4417 1805 4461 est
1833 4424 1941 4461 uta-

383 4475 634 4538 gistratus
659 4477 846 4543 aliquis
873 4491 900 4528 a
930 4491 1053 4544 rege
1078 4477 1366 4540 institutus,
1393 4478 1480 4544 qui
1504 4477 1592 4543 jus
1611 4476 1829 4540 diceret,
1853 4494 1945 4532 ve-

385 4546 477 4598 luti
528 4545 712 4598 umbra
760 4546 999 4613 qua-dam
1051 4545 1405 4600 Romanorum
1461 4548 1833 4610 proconsulum
1889 4550 1939 4602 in

383 4613 583 4667 Africa.
617 4613 975 4667 Vietorianum
1007 4617 1160 4668 simul
1191 4631 1309 4669 cum
1341 4616 1542 4668 duobus
1568 4618 1836 4683 germanis
1863 4619 1943 4670 in-

383 4685 461 4736 fra
510 4685 733 4737 laudatis
772 4684 1042 4738 celebrant
1082 4687 1287 4753 vulgata
1335 4685 1707 4754 martyrologia
1752 4688 1837 4742 die
1873 4688 1942 4742 ‘23

384 4754 576 4808 Martii.
610 4754 675 4807 lis
706 4756 973 4807 interserit
1001 4754 1297 4808 Galesinius
1329 4755 1566 4807 Verolum
1596 4768 1649 4809 et
1677 4757 1835 4823 alios,
1875 4760 1941 4812 de

383 4824 574 4893 quibus
616 4824 748 4877 infra
784 4837 999 4889 agemus
1028 4826 1078 4875 in
1108 4824 1501 4877 Commentario
1533 4825 1784 4879 historian
1817 4843 1936 4893 cap.

382 4892 470 4943 tu.
519 4893 590 4946 De
629 4897 710 4946 his
752 4893 1074 4946 Bollandiani
1115 4894 1177 4946 21
1235 4895 1506 4948 Febrttarzi
1547 4906 1599 4948 et
1635 4897 1706 4947 25
1740 4892 1935 4962 Martii;

379 4976 492 5034 quo
531 4965 656 5015 item
703 4963 787 5016 die
818 4965 868 5014 in
910 4972 1121 5016 vetusto
1161 4965 1460 5016 calendario
1487 4965 1767 5032 Capuano,
1800 4974 1936 5034 quod

379 5031 597 5085 Michael
638 5043 924 5084 monachus
969 5035 1156 5100 publici
1195 5035 1328 5100 juris
1371 5035 1491 5086 lecit
1540 5031 1589 5088 in
1639 5031 1938 5090 sanctu'ario

380 5100 662 5164 Capuauo,
695 5101 946 5155 festivitas
977 5103 1236 5156 indicatur
1265 5109 1423 5155 saucu'
1462 5103 1740 5157 Victoriani
1780 5116 1825 5157 et
1855 5124 1938 5159 so-

378 5172 569 5242 ciorum
606 5175 718 5241 ejus
746 5180 1040 5242 martyrum.
1076 5173 1240 5226 Porro
1273 5173 1558 5226 V.ctoriani
1591 5175 1704 5240 ejus
1740 5177 1807 5228 de
1832 5192 1938 5242 quo

382 5241 463 5310 hic
511 5244 715 5306 agiinus
754 5241 1000 5308 reliquias
1048 5245 1247 5307 aliquot
1290 5258 1350 5295 se
1401 5243 1594 5297 habere
1641 5241 1936 5310 glmiantur

377 5309 729 5383 lteudtenses,
774 5322 830 5363 ttt
873 5321 1093 5383 testatur
1130 5312 1425 5381 Sansmyus
1456 5315 1506 5366 in
1557 5309 1934 5383 mai-tyrologio

376 5380 648 5434 Gallicano
683 5381 768 5434 die
803 5383 871 5434 25
902 5380 1090 5434 Martii.
1137 5380 1482 5436 Adruntetum
1529 5380 1938 5448 porro-celebris

375 5460 489 5522 erat
516 5452 640 5504 urbs
663 5451 711 5504 in
729 5452 904 5506 A‘rica
922 5491 937 5515 ,
967 5453 1248 5522 ltyzaceua:
1273 5452 1485 5518 provinc
1507 5468 1552 5505 a:
1573 5463 1756 5518 cuiut,
1781 5455 1933 5522 cujus

379 5518 522 5570 Felix
551 5522 828 5587 episcopus
866 5518 1020 5588 supra
1055 5521 1143 5575 lib.
1177 5536 1221 5583 ι,
1253 5535 1394 5573 num.
1431 5523 1482 5586 7,
1515 5537 1542 5574 a
1580 5523 1790 5576 Victore
1818 5518 1930 5575 nie-

375 5600 630 5659 inoratur.
663 5588 818 5643 Plura
855 5592 920 5644 de
949 5593 1045 5644 hac
1083 5592 1210 5645 urbe
1236 5607 1526 5659 congerere
1555 5593 1738 5647 inutile
1764 5603 1928 5646 esset.

373 5655 583 5711 Famosi
608 5661 753 5712 luere
766 5665 930 5713 sancti
955 5662 1229 5722 Augustini
1250 5655 1574 5726 temporibus
1597 5663 1930 5718 Adrumetini

373 5728 637 5792 monachi,
665 5729 732 5780 ob
758 5740 923 5783 motas
947 5733 1012 5784 de
1035 5731 1209 5786 Gratia
1231 5742 1280 5786 et
1310 5731 1780 5787 l’raedestinatione
1799 5749 1929 5787 cou-

2054 3283 2408 3352 lljuraveruut
2439 3292 2494 3336 ut
2526 3293 2773 3352 rogarent
2805 3294 3032 3337 tortores
3067 3293 3126 3338 ut
3155 3300 3255 3337 uua
3289 3300 3442 3352 paena
3475 3289 3624 3354 pari-

2059 3389 2162 3442 que
2178 3374 2432 3443 supplicio
2457 3383 2853 3441 torquerentur.
2877 3374 2940 3427 Et
2960 3375 3086 3427 dum
3112 3376 3283 3441 primo
3301 3377 3614 3445 suspendio,

2059 3465 2287 3519 molibus
2335 3465 2565 3533 lapidum
2603 3466 2823 3534 pedibus
2864 3468 3114 3535 alligatis.
3148 3478 3257 3521 tota
3302 3469 3388 3523 die
3421 3472 3626 3537 pende-

2060 3567 2196 3610 rent.
2229 3571 2364 3609 unus
2390 3555 2599 3610 illorum
2630 3557 2813 3622 petivit
2839 3572 2895 3611 se
2923 3557 3140 3626 deponi,
3172 3571 3224 3611 et
3255 3560 3352 3612 sibi
3386 3562 3628 3614 inducias

2055 3713 2613 3786 troversias,rquorum
2637 3714 2801 3786 gratia
2827 3722 3042 3768 sanctus
3063 3717 3250 3771 doctnr
3274 3718 3469 3784 aliquot
3490 3735 3624 3786 opu-

2053 3783 2197 3859 scula
2245 3784 2430 3859 edidit.
2466 3783 2874 3859 Denique_h_anc
2915 3786 3132 3859 urbem,
3175 3783 3372 3859 Sissom
3401 3783 3626 3859 Nigrum

2053 3852 2678 3926 aliquandoappellatam
2705 3854 3133 3926 fuisseobservat
3155 3852 3622 3926 Uxunieusis‘ope

2053 3937 2169 3974 rum
2194 3923 2360 3976 szincti
2387 3923 2636 3990 Cypriani
2659 3923 2910 3978 editionis
2932 3935 3135 3991 auctor,
3166 3927 3214 3980 in
3241 3929 3379 3980 notis
3404 3931 3466 3981 ad
3492 3923 3624 3983 con-

2053 3992 2229 4045 cilium
2259 3992 2529 4059 Carthag.,
2564 4008 2709 4045 num.
2740 3994 2792 4046 5.

2127 4071 2150 4097 ε
2193 4061 2316 4114 ιίὶΡο
2344 4078 2442 4115 vox
2466 4065 2617 4133 deest
2646 4063 2694 4115 in
2723 4063 2871 4117 Colb.
2895 4065 2950 4129 2,
2981 4064 3155 4130 Mart.,
3181 4067 3416 4129 [λοι-ἱρὴ..
3439 4069 3622 4133 Orth.,

2056 4129 2227 4207 “lien.
2249 4172 2263 4194 ,
2294 4141 2398 4207 e‘tc.
2431 4133 2499 4186 At
2526 4130 2676 4207 Colb.
2775 4133 2932 4188 habet
2973 4137 3109 4203 quod
3145 4129 3265 4189 eum
3302 4153 3472 4190 carum
3513 4129 3625 4207 prie

2053 4201 2288 4286 omnibus
2310 4199 2527 4283 haberet.
2567 4204 2628 4254 Et
2657 4199 3182 4286 infra,_‘sccurus.ego,
3215 4217 3316 4260 ctc.
3351 4209 3437 4260 Sic
3465 4199 3625 4261 Lori-

2051 4272 2221 4347 _c_hius.
2251 4270 2463 4347 Ca;_teri,
2497 4288 2700 4347 set-urat:
2725 4274 2787 4325 de
2806 4273 3009 4347 _Dea....
3041 4270 3169 4328 Dico
3197 4293 3312 4345 qua:
3337 4281 3476 4347 regi,
3508 4290 3619 4334 etc.

2050 4338 2210 4413 Mart.
2233 4353 2287 4413 et
2312 4341 2520 4408 Comp.,
2557 4341 2686 4394 ΙΙαέ
2707 4345 2835 4413 figi.
2859 4354 2961 4397 ete.

2125 4410 2144 4448 τ
2177 4409 2328 4486 Colb.
2434 4429 2555 4486 cum
2597 4409 3024 4484 cdttisvaliqttut,
3076 4415 3303 4486 fecissem
3337 4417 3403 4470 ad
3445 4419 3620 4471 modi-

2048 4495 2232 4532 cam...
2253 4481 2484 4551 gloriari.

2121 4559 2146 4594 π
2181 4551 2355 4614 Mart.,
2385 4551 2532 4605 Colb.
2559 4561 2612 4605 et
2637 4553 2813 4616 Urtlr,
2839 4553 3258 4609 Tambadensrm.
3279 4555 3429 4610 Colb.
3453 4558 3614 4620 alter,

2052 4617 2483 4695 Tambianenseot.
2522 4621 2636 4676 Ful.
2665 4634 2718 4677 et
2756 4623 2959 4686 Coron,
2996 4624 3410 4678 Tambademem.
3459 4617 3616 4695 Apud

2047 4691 2399 4764 Augustinum
2433 4692 2567 4764 libro
2591 4709 2659 4746 vtt
2684 4705 2863 4746 contra
2898 4697 3215 4764 Itonatistas,
3242 4711 3357 4764 cap.
3385 4696 3475 4761 tu,
3509 4691 3619 4753 ne

2050 4771 2289 4814 moratur
2315 4761 2637 4816 Secundinus
2658 4764 2921 4828 episcopus
2948 4782 2976 4815 α
3001 4763 3253 4828 'I'ambais,
3287 4761 3370 4824 qui
3402 4769 3451 4818 in
3484 4784 3616 4821 con-

1972 4847 2021 4907 D
2046 4829 2168 4881 cilio
2199 4829 2570 4907 Carthag.__suh
2600 4845 2781 4907 san_et_o
2811 4829 3099 4907 Cypriane,
3128 4851 3271 4907 num.
3300 4837 3387 4907 8t),
3417 4837 3614 4891 dicitur

2045 4910 2238 4966 martyr
2260 4900 2614 4954 Sccundianus
2632 4919 2662 4953 a
2678 4901 2964 4955 T/mmbeis.
2983 4906 3035 4956 In
3060 4904 3248 4956 Notitia
3266 4906 3452 4958 Africa:
3469 4909 3612 4960 inter

2044 4969 2345 5043 ilyzacenos
2367 4971 2570 5043 _l’atres_
2595 4983 2902 5025 reccnsctur
2933 4974 3042 5043 86
3076 4975 3344 5028 Servusdet
3375 4975 3608 5030 'l'umbei-

2044 5048 2212 5092 tattus.
2245 5040 2322 5092 De
2366 5040 2463 5116 hac
2495 5040 2622 5093 urbe
2665 5051 2716 5116 rt
2745 5045 2910 5116 Aquis
2933 5040 3195 5116 Vitr-gieusi
3218 5086 3232 5108 ,
3281 5046 3363 5097 hic
3399 5062 3612 5116 quoque

2042 5117 2354 5169 memorata,
2381 5108 2498 5163 vide
2525 5119 2676 5161 notas
2701 5112 2752 5164 in
2784 5108 3270 5167 Notitiam'At'rimc.

2113 5176 2138 5214 δ
2173 5177 2311 5237 Ful.,
2344 5179 2679 5234 intraverunt.
2714 5181 2953 5236 Rhenan.
2979 5225 2991 5246 ,
3023 5185 3200 5236 (lhilﬁ.
3235 5196 3282 5238 et
3317 5183 3401 5237 alii
3447 5185 3607 5250 editi,

2031 5249 2331 5320 iuraverunt
2362 5259 2407 5299 et
2438 5261 2761 5320 rogaverunt.
2794 5253 2952 5304 Paulo
2983 5254 3112 5304 infra
3144 5255 3426 5319 esponitur
3450 5259 3610 5320 quale

2041 5318 2210 5370 fuerat
2239 5332 2420 5370 eorum
2449 5318 2808 5385 juramentum
2831 5364 2843 5382 ,
2877 5337 2994 5374 cum
3020 5318 3367 5376 eorum’alter
3396 5318 3478 5376 ad
3503 5328 3610 5377 fra-

2041 5397 2172 5463 trem
2213 5388 2528 5463 titubantem
2577 5391 2708 5463 dixit
2743 5405 2762 5442 :
2797 5391 2967 5463 Super
3009 5409 3190 5460 rorptts
3225 5404 3270 5444 et
3308 5397 3609 5463 sanguinem

2039 5455 2224 5508 Christi
2246 5460 2556 5527 juravimus.
2583 5459 2696 5512 .lam
2725 5462 2823 5512 sub
2851 5463 3027 5513 stccnli
3063 5455 3199 5515 tertii
3235 5455 3461 5516 nrdiu'm
3503 5467 3610 5518 No-

2037 5527 2277 5580 vatianus
2309 5527 2677 5581 Schismaticus
2705 5533 3029 5598 suosjurare
3060 5535 3282 5596 cngehat
3310 5550 3457 5599 super
3492 5551 3610 5586 ror-

2035 5613 2128 5663 pus
2169 5608 2214 5672 rt
2243 5599 2542 5672 sanguinem
2582 5599 2768 5652 Christi
2799 5604 2937 5667 quod
2971 5617 3236 5672 nunquam
3267 5606 3332 5656 ad
3371 5603 3605 5661 Cornelii

2039 5667 2300 5734 pontiﬁcis
2330 5678 2505 5735 partes
2529 5672 2830 5723 transirent.
