3944 6176
251 330 343 383 2:5
1185 325 1270 378 DE
1313 319 1823 378 rensecmtone
1865 317 2251 374 VANDALlC-A
2295 323 2419 380 Lm.
2464 324 2526 377 v.

3369 328 3478 384 $56

248 440 368 495 dari.
397 438 487 492 Cui
511 438 674 491 frater
704 438 860 502 alius,
903 446 1144 491 metuens
1175 453 1242 490 ne
1273 437 1427 490 fidem
1461 443 1701 504 negaret,
1730 433 1796 486 de
1825 432 1874 491 Δ
1904 433 2043 484 mina
2079 443 2461 487 tormentorum
2492 438 2686 502 poterit
2720 438 2950 493 edicere.
2978 437 3107 505 Qum
3131 455 3215 493 res
3235 437 3260 474 ά
3289 437 3470 495 bodie-

249 528 516 596 suspcn-lio
534 529 799 582 clamabat
817 543 830 580 :
850 527 991 591 Noli,
1013 527 1144 588 noli,
1166 527 1355 591 frater;
1385 541 1488 579 non
1509 527 1578 580 ita
1593 525 1798 593 juravi-

249 637 352 675 mus
376 619 602 674 Christo.
633 620 908 674 Accusabo
931 629 1116 672 tecum
1140 627 1264 670 ante
1281 618 1525 670 thronum
1541 618 1655 684 ejus
1682 624 1795 669 ter-

249 711 440 765 ribilem
472 709 773 764 venerimus
800 727 812 760 :
838 708 959 777 quia
1003 722 1164 772 super
1192 721 1386 775 corpus
1425 706 1546 774 ejus
1581 714 1635 760 et
1668 721 1794 759 san-

249 802 444 869 guinem
472 799 774 868 juravimus
816 807 872 852 ut
909 814 1003 866 pro
1040 814 1105 853 eo
1132 796 1305 868 [Lor.,
1338 795 1520 868 simul]
1563 798 1790 849 invicem

247 893 506 962 patiamur.
542 892 644 945 Ista
677 892 864 945 dicens
887 900 940 945 et
963 890 1066 944 alia
1107 890 1292 954 multa,
1317 888 1638 943 confortavit
1673 902 1796 956 ger-

247 997 439 1037 manum
482 980 550 1034 ad
583 981 824 1050 praelium
865 979 1150 1050 passionis,
1199 981 1287 1048 qui
1315 980 1552 1032 clamans
1591 975 1792 1046 ingenti

247 1088 360 1127 voce
381 1071 592 1124 dicebat
617 1088 632 1125 :
659 1072 752 1141 [αι.
782 1069 1006 1141 Adicite]
1045 1070 1266 1138 Adigete
1299 1068 1576 1137 suppliciis
1604 1068 1799 1135 quibus

246 1165 424 1228 vultis,
479 1174 536 1219 et
590 1165 765 1234 pomis
818 1162 1151 1217 Christianos
1199 1169 1403 1215 arctate
1441 1159 1794 1214 crudelibus:

246 1255 368 1323 quod
405 1255 570 1308 frater
600 1269 752 1308 meus
783 1253 1019 1306 facturus
1059 1263 1162 1318 est,
1208 1251 1310 1305 hoc
1338 1265 1436 1318 ego
1470 1251 1632 1304 etiam
1675 1264 1792 1318 ago.

244 1345 448 1409 Quantis
472 1344 588 1412 jam
642 1345 856 1397 laminis
900 1343 1080 1411 ignitis
1123 1342 1300 1396 adusti
1354 1349 1499 1406 sunt,
1547 1340 1799 1409 qualibus

246 1434 434 1503 ungulis
454 1433 685 1489 exarati.
709 1433 903 1502 Quibus
924 1433 1246 1488 cruciatibus
1271 1433 1418 1494 torti,
1454 1446 1538 1482 res
1568 1433 1678 1498 ipsa
1703 1429 1797 1483 do-

245 1537 334 1588 ret,
364 1526 500 1592 quod
534 1540 630 1581 eos
661 1526 764 1592 ipsi
800 1535 1028 1578 tortores
1057 1539 1088 1576 a
1129 1539 1225 1578 sua
1257 1523 1394 1578 facie
1433 1523 1796 1594 projeceruot,

246 1616 461 1671 dicentes
491 1635 506 1669 :
537 1618 672 1671 Istos
701 1618 936 1670 imitatur
959 1617 1238 1670 universus
1262 1617 1507 1684 pOpItlllS,
1543 1627 1599 1670 ut
1619 1617 1799 1670 nullus

245 1708 301 1761 ad
336 1717 569 1761 nostram
598 1708 916 1776 religionem
950 1706 1160 1776 penitus
1186 1716 1554 1770 convertatur;
1584 1715 1632 1759 et
1663 1722 1799 1776 prte-

1900 538 2004 588 que
2033 525 2199 590 posita
2230 527 2280 578 in
2315 539 2559 594 promptu
2586 528 2938 585 demonstrat.
2973 533 3122 586 Alios
3147 531 3264 586 sine
3293 547 3466 584 main-

1900 609 2019 674 bus,
2051 612 2184 665 alios
2213 615 2328 667 sine
2375 617 2568 678 oculis,
2619 617 2754 669 al.os
2793 619 2997 688 absque
3045 619 3290 688 pedibus,
3331 619 3468 677 alios

1901 711 2118 756 truncos
2166 705 2382 758 naribus
2421 708 2741 776 auribusque
2790 708 3055 779 intendas,
3090 710 3194 782 41
3227 713 3470 782 aliosque

1899 794 2081 848 videas
2111 796 2274 849 nimio
2291 799 2581 866 suspendio
2600 800 2822 867 spatulis
2851 802 2944 870 jal.
2975 803 3228 873 scapulis]
3247 804 3472 870 evulsis,

1900 897 2078 954 caput,
2122 889 2262 955 quod
2311 890 2547 943 eminere
2577 891 2802 955 solebat,
2852 892 2902 945 in
2935 891 3110 946 medio
3138 894 3472 961 scapularum

1900 977 2066 1034 fuisse
2103 979 2429 1047 demersum,
2473 981 2599 1036 dum
2635 983 2834 1052 jugiter
2871 982 2924 1036 in
2953 981 3193 1054 altis[al.
3234 985 3471 1056 sedibus]

1901 1069 2106 1124 aedibus
2152 1072 2446 1139 suspendio
2485 1074 2810 1140 cruciantes,
2859 1074 3179 1140 impulsione
3219 1090 3473 1132 manuum

1902 1159 2115 1212 funibus
2143 1162 2372 1228 agitatis,
2417 1177 2510 1230 per
2545 1177 2765 1218 vacuum
2808 1178 2985 1218 aerem
3019 1164 3120 1217 huc
3148 1175 3315 1235 atque
3341 1165 3470 1221 illuc

1901 1251 2166 1304 faciebant
2197 1252 2373 1321 vagari
2407 1253 2721 1320 pendentes.
2753 1255 2852 1320 Qui
2889 1270 3266 1325 nonnunquam
3293 1256 3470 1311 disru-

1905 1343 2008 1413 ptis
2038 1343 2256 1398 funibus
2281 1346 2349 1400 de
2384 1346 2469 1399 illa
2499 1347 2781 1401 altitudine
2819 1349 3210 1415 suspensionis,
3247 1349 3354 1403 ictu
3381 1363 3473 1400 va-

1904 1436 2012 1489 lidu
2056 1449 2388 1501 corruentes,
2431 1439 2644 1506 plurimi
2680 1454 2858 1492 arcem
2899 1440 3103 1494 cerebri
3135 1456 3254 1493 cum
3296 1439 3468 1494 oculis

1902 1527 2231 1580 amiserunt:
2257 1527 2344 1581 alii
2377 1528 2657 1582 conframis
2684 1531 2895 1583 ossibus
2935 1531 3180 1597 spiritum
3213 1531 3468 1583 continuo

1906 1615 2274 1684 reddiderunt,
2304 1618 2394 1670 alii
2425 1629 2541 1685 post
2569 1620 2780 1687 paulum
2812 1619 3216 1674 exhalaverunt.
3250 1619 3354 1674 Sed
3377 1621 3471 1688 qui

1905 1707 2008 1761 hoc
2059 1706 2357 1762 fabulasqu
2408 1719 2576 1777 putat,
2611 1719 2633 1747 ο
2667 1711 2920 1765 Uranium
2960 1711 3190 1766 Zenonis
3240 1711 3470 1781 legatum

245 1801 381 1865 cipue
406 1800 531 1865 quia
571 1798 708 1851 nulli
744 1798 962 1862 livores,
1003 1797 1149 1852 nulla
1191 1812 1467 1866 pamarum
1496 1797 1714 1866 vestigia
1744 1796 1798 1849 in
1830 1791 1877 1850 B
1904 1797 2213 1866 interroget.
2246 1802 2299 1852 in
2339 1799 2492 1867 cujus
2522 1803 2804 1868 priesentia
2838 1804 3102 1871 praecipue
3139 1814 3287 1872 gesta
3313 1816 3468 1867 sunt;

246 1888 311 1942 eis
341 1889 548 1954 penitus
572 1887 910 1942 videbantur.

305 1976 381 2032 Vl.
414 1977 464 2030 Μ
473 1978 552 2030 ira
581 1979 710 2044 ﬁdes
739 1976 1124 2046 Typasensium.
1149 1977 1341 2048 Ingens
1371 1978 1698 2030 miraculum.
1720 2007 1793 2018 ~—

246 2069 290 2124 la
323 2079 347 2107 ι
376 2070 672 2139 Typasensi
713 2084 840 2122 vero
888 2069 1029 2138 quod
1074 2081 1284 2138 gestum
1329 2077 1414 2123 est
1459 2070 1789 2123 Mauritania:

245 2165 435 2233 majoris
465 2165 690 2219 civitate
712 2163 776 2216 ad
799 2161 1008 2217 laudem
1035 2161 1126 2214 Dei
1153 2162 1424 2215 insinuare
1450 2161 1792 2217 festinemus.

246 2257 358 2310 Dum
400 2272 514 2310 sua:
559 2256 762 2310 civitati
809 2255 1066 2309 Arianum
1112 2254 1422 2322 episcopum
1471 2268 1536 2307 ex
1587 2254 1795 2308 notario

246 2346 466 2416 δεδι-11³)
505 2348 574 2400 ad
604 2345 902 2416 perdendas
943 2346 1148 2398 animas
1185 2345 1485 2398 ordinatum
1517 2325 1792 2409 vidissent,

244 2437 395 2491 omnis
418 2437 582 2492 simul
610 2437 803 2490 civitas
834 2435 1112 2490 eveCIione
1148 2436 1320 2489 navali
1349 2436 1416 2490 de
1461 2436 1702 2502 proximo
1726 2436 1794 2488 ad

245 2531 536 2598 llispaniam
565 2529 828 2598 confugit,
876 2527 1076 2581 relictis
1106 2528 1440 2595 paucissimis
1469 2526 1557 2596 qui
1593 2527 1793 2580 aditum

244 2636 331 2672 oon
361 2622 676 2675 invenerant
699 2618 1002 2688 navigandi.
1042 2619 1186 2684 Quos
1222 2618 1544 2672 Arianorum
1582 2619 1794 2686 episco-

245 2725 328 2777 pus
366 2715 540 2777 priino
586 2708 1000 2774 blandimentis,
1049 2717 1232 2776 postea
1277 2709 1433 2761 minis
1470 2707 1797 2776 compellere

243 2799 404 2867 erepit.
436 2809 498 2853 ut
528 2811 624 2854 eos
653 2798 1124 2854 faceretArianos.
1161 2798 1268 2851 Sed
1298 2800 1462 2852 fortes
1492 2799 1545 2852 in
1574 2797 1797 2852 Domino
1823 2857 1826 2862 ,

245 2903 630 2958 permanentes,
669 2906 773 2944 non
816 2890 994 2944 solum
1023 2891 1301 2944 suadentis
1328 2891 1587 2944 insaniam
1615 2890 1798 2945 irrise-

245 2990 372 3047 runt,
396 2996 587 3036 verum
605 2982 766 3034 etiam
811 2981 1024 3049 publice
1055 2983 1310 3050 mysteria
1337 2981 1512 3034 divina
1553 2982 1606 3035 in
1637 2982 1797 3037 domu

242 3088 328 3124 una
362 3072 678 3140 congregati
721 3071 996 3125 celebrare
1040 3082 1333 3138 cmperunt.
1377 3072 1528 3139 Quod
1578 3074 1669 3128 ille
1707 3089 1798 3128 co-

1899 1890 1988 1942 illa
2034 1890 2237 1943 scilicet
2267 1905 2448 1954 causa,
2495 1894 2619 1960 quia
2658 1898 2880 1950 veniens
2924 1895 3297 1964 Carthaginem
3347 1912 3469 1952 sese

1900 1998 1996 2052 pro
2024 1982 2332 2036 defensione
2356 1985 2701 2039 ecclesiarum
2735 1987 3118 2041 catholicarum
3151 1990 3358 2044 venisse
3383 1991 3468 2058 jac

1897 2075 2095 2129 ctabat.
2142 2075 2208 2127 Et
2250 2083 2308 2127 ut
2331 2073 2408 2128 illi
2449 2077 2756 2131 ostenderet
2799 2086 3056 2148 tyrannus
3089 2095 3148 2135 se
3196 2082 3462 2134 neminem

1899 2166 2206 2232 formidare,
2241 2168 2293 2219 in
2327 2167 2430 2221 illis
2455 2167 2643 2236 plateis
2670 2169 2752 2223 vel
2783 2169 2912 2223 vicis
2943 2171 3119 2238 plures
3152 2180 3379 2226 tortores
3409 2181 3466 2225 et

1897 2254 2227 2311 crudeliores
2245 2257 2452 2322 statuit,
2478 2259 2530 2312 in
2555 2259 2746 2327 quibus
2776 2259 2962 2329 legatis
2989 2262 3152 2313 moris
3173 2272 3254 2314 est
3279 2274 3465 2314 ascen-

1897 2347 2072 2402 dendo
2099 2347 2166 2402 ad
2197 2349 2451 2416 palatium
2481 2357 2534 2402 et
2558 2347 2933 2406 descendendo
2973 2349 3201 2404 transire
3233 2367 3245 2400 :
3275 2349 3340 2402 ad
3373 2364 3467 2415 0p-

1897 2439 2173 2509 probrium
2202 2440 2451 2493 videlicet
2481 2439 2648 2508 ipsius
2688 2441 3014 2509 reipublicae,
3064 2451 3119 2495 et
3150 2443 3315 2494 nostri
3357 2440 3464 2507 jam

1895 2532 2192 2586 deficientis
2223 2531 2478 2600 temporis
2509 2535 2722 2585 faecem.

1971 2622 2102 2676 Vlll.
2134 2622 2384 2675 Matrona:
2408 2624 2686 2676 πειιιαιιιὶε
2709 2624 3014 2677 constantia.
3045 2652 3112 2662 —-
3134 2623 3174 2676 Τ
3180 2639 3281 2678 unc
3305 2623 3464 2693 igitur

1897 2721 1952 2768 et
1978 2712 2221 2781 quiedam
2253 2727 2388 2766 uxor
2435 2713 2708 2781 cujusdam
2753 2714 3008 2768 cellarita:
3067 2714 3205 2782 regis
3251 2715 3474 2769 nomine-

1903 2801 1922 2841 ί
1961 2803 2163 2872 Dagila,
2214 2819 2334 2873 quae
2375 2804 2704 2872 temporibus
2755 2803 3011 2859 Ceiserici
3041 2806 3310 2859 multoties
3354 2805 3465 2874 jam

1897 2895 2177 2949 confessor
2198 2895 2499 2959 exstiterat,
2530 2904 2770 2949 matrona
2801 2895 2996 2949 nobilis
3023 2910 3086 2949 ac
3107 2895 3354 2961 delicata,
3376 2895 3467 2949 fia-

1897 2985 2051 3052 gellis
2077 2994 2132 3038 et
2157 2983 2384 3038 fustibus
2412 2986 2632 3038 omnino
2654 2985 2952 3052 debilitata,
2999 2986 3190 3040 exsilio
3233 2985 3386 3039 arido
3414 2997 3475 3042 et

1902 3075 2043 3130 invio
2065 3077 2356 3144 relegatur,
2392 3075 2481 3128 ubi
2507 3075 2686 3128 nullus
2714 3075 2987 3129 hominum
3039 3076 3178 3130 forte
3229 3076 3468 3130 consola-

240 3177 510 3229 gnoscens,
544 3162 861 3217 relationem
901 3164 1110 3216 occulte
1131 3161 1506 3232 Carthaginem
1536 3164 1794 3219 adversus
1821 3144 1869 3208 (ἶ
1902 3167 2062 3221 tionis
2091 3167 2263 3235 gratia
2289 3167 2538 3221 veniendi
2562 3166 2783 3220 haberet
2813 3181 3112 3232 accessum,
3165 3166 3474 3235 relinquens

239 3268 318 3305 eos
372 3255 595 3308 direxit.
642 3254 769 3319 Qua:
815 3268 938 3307 cum
989 3254 1098 3322 regi
1150 3253 1486 3316 innotuisset,
1544 3256 1792 3308 comitem

239 3344 508 3410 quemdam
552 3359 676 3396 cum
724 3343 996 3398 iracundia
1045 3344 1303 3414 dirigens,
1346 3345 1598 3414 praicepit
1638 3356 1695 3400 ut
1741 3346 1791 3397 in

238 3436 395 3488 medio
423 3437 567 3500 foro,
597 3446 918 3504 congregata
942 3436 1065 3490 illuc
1091 3437 1233 3490 omni
1265 3436 1556 3504 provincia,
1589 3436 1796 3504 linguas

242 3528 309 3581 eis
345 3537 396 3582 et
444 3539 641 3582 manus
681 3532 925 3582 dexteras
970 3528 1225 3583 radicitus
1257 3527 1592 3581 abscidisset.
1643 3527 1793 3594 Quod

238 3636 341 3673 cum
368 3621 573 3675 factum
598 3620 802 3682 fuisset,
829 3621 1027 3688 Spiritu
1055 3631 1241 3674 sancto
1272 3629 1576 3687 praestante,
1610 3619 1680 3673 ita
1718 3621 1798 3672 lo-

240 3715 328 3763 l'llll
357 3726 482 3765 sunt
513 3723 567 3766 et
599 3713 906 3780 loquuntur,
945 3710 1214 3778 quomodo
1240 3719 1394 3764 antea
1422 3711 1791 3778 loquebantur.

239 3803 329 3854 Sed
364 3804 410 3856 si
459 3803 588 3869 quis
626 3801 928 3854 incredulus
969 3816 1090 3856 esse
1127 3799 1376 3867 voluerit,
1419 3808 1602 3868 pergat
1655 3815 1795 3854 nunc

237 3891 768 3960 Constantinopolim,
797 3901 852 3946 et
875 3891 944 3946 ibi
977 3892 1207 3960 reperiet
1237 3907 1398 3944 unum
1422 3892 1489 3945 de
1520 3892 1645 3956 illis,
1672 3891 1793 3946 sub-
1821 3881 1824 3884 ’

235 3983 504 4036 diaconem
536 3982 881 4050 Reparatum,
911 3995 1188 4035 sermones
1219 3981 1413 4050 politos
1442 3982 1558 4035 sine
1583 3982 1686 4035 ulla
1714 3982 1794 4034 of-

235 4074 461 4128 fensione
498 4083 518 4110 ε
550 4074 876 4142 loquentem.
914 4072 994 4127 0b
1033 4088 1191 4140 qnam
1224 4087 1435 4126 causam
1475 4072 1794 4126 venerabilis

235 4163 443 4217 nimium
496 4164 547 4218 in
579 4163 774 4232 palatio
806 4161 1035 4216 Zetionis
1063 4164 1402 4230 imperatoris
1444 4164 1691 4230 habetur,
1741 4173 1796 4220 et

238 4257 492 4321 praecipue
521 4254 699 4321 regina
728 4252 863 4305 mira
895 4269 1018 4305 eum
1050 4255 1347 4306 reverentia
1379 4263 1686 4308 veneratur.

302 4343 400 4396 νιι.
449 4343 668 4396 Vandali
696 4345 751 4395 in
775 4359 897 4395 suos
927 4343 1162 4396 saeviunt.
1188 4373 1258 4382 —-
1283 4343 1388 4399 Sed
1413 4345 1532 4413 quis
1557 4360 1794 4414 congruo

235 4448 471 4489 sermone
505 4437 673 4504 possit
720 4435 940 4503 exsequi
978 4444 1071 4487 aut
1108 4449 1428 4489 coacervare
1457 4435 1792 4490 diversitates

1897 3274 2019 3313 cum
2048 3257 2240 3328 gaudio
2267 3259 2507 3321 domum,
2538 3258 2785 3311 maritum
2814 3257 2970 3311 simul
3020 3267 3074 3312 et
3117 3256 3230 3328 [αι.
3258 3259 3420 3311 lilium
3453 3258 3464 3328 Ι

1899 3351 2055 3403 filios.
2078 3351 2170 3403 Cui
2201 3359 2381 3419 postea
2407 3350 2640 3403 oblatum
2667 3363 2786 3402 esse
2815 3349 3027 3412 dicitur,
3046 3352 3171 3401 utin
3200 3349 3468 3403 mitiorem

1897 3456 2138 3494 eremum
2171 3440 2447 3504 translata,
2479 3441 2765 3504 frueretur,
2791 3441 2836 3492 si
2866 3440 3049 3504 vellet,
3076 3441 3265 3494 solatio
3291 3442 3468 3494 sociu-

1898 3548 2036 3587 rum.
2068 3531 2162 3584 Illa
2186 3546 2310 3585 vero
2332 3532 2517 3598 ingens
2559 3530 2659 3583 sibi
2698 3531 2886 3583 adesse
2931 3530 3153 3584 credens
3184 3531 3462 3598 gaudium,

1898 3622 1984 3674 ubi
2016 3621 2192 3674 nullus
2219 3622 2479 3674 humanus
2501 3629 2644 3675 esset
2672 3620 2996 3674 consolantis
3025 3619 3261 3683 affectus,
3282 3636 3350 3674 ne
3375 3621 3466 3675 tic-

1897 3724 1973 3765 ret
1999 3709 2337 3776 supplicavit.

1968 3799 2054 3852 IX.
2086 3798 2223 3852 Cleri
2267 3798 2684 3870 Carthaginiensis
2727 3800 3026 3852 certamina.
3071 3797 3299 3853 Murittw
3326 3816 3467 3872 egre-

1895 3892 2035 3962 gium
2066 3891 2283 3959 facinus.
2309 3919 2379 3930 —
2407 3891 2556 3945 Tunc
2586 3891 2746 3945 etiam
2779 3891 3018 3961 Eugenio
3042 3901 3250 3961 pastore
3269 3892 3379 3961 jam
3414 3895 3464 3947 in

1896 3983 2084 4038 exsilio
2110 3982 2418 4050 constituto,
2450 3987 2734 4036 universus
2753 3983 2927 4035 clerus
2954 3983 3208 4036 Ecclesia:
3235 3979 3464 4036 Cartim-

1896 4075 2035 4146 ginis
2063 4075 2209 4129 cmde
2229 4074 2512 4144 inediaque
2539 4083 2860 4138 maceratur,
2889 4083 2914 4119 ε
2958 4074 3068 4127 fere
3089 4074 3358 4142 quingenti
3380 4073 3462 4126 vel

1896 4166 2142 4234 amplius.
2163 4165 2304 4219 Inter
2324 4178 2458 4232 quos
2479 4164 2855 4232 quamplurinii
2870 4175 3020 4217 erant
3042 4165 3270 4218 lectores
3293 4165 3464 4217 infan-

1899 4259 2014 4323 tuli,
2046 4260 2135 4324 qui
2164 4255 2454 4324 gaudentes
2479 4255 2531 4308 iu
2563 4254 2812 4317 Domino,
2844 4255 3023 4322 procul
3054 4253 3244 4306 exsilio
3259 4255 3463 4307 crudeli

1900 4347 2203 4401 truduntur.
2237 4345 2343 4400 Sed
2372 4346 2671 4400 libertatem
2697 4354 2842 4410 tunc,
2866 4359 2985 4397 cum
3011 4343 3183 4398 media
3206 4343 3336 4397 urbe
3361 4358 3465 4397 cte-

1900 4440 2156 4492 derentur
2188 4436 2281 4508 [αι.
2312 4433 2521 4504 Mirilze]
2550 4436 2774 4488 Muritta:
2820 4435 3026 4488 diaconi
3074 4431 3286 4487 cmteris
3333 4433 3464 4487 ηδε.

236 4541 500 4592 pinnarum
531 4542 661 4594 quas
682 4542 747 4581 ex
765 4527 916 4595 jussu
944 4525 1085 4595 regis
1118 4528 1224 4594 sui,
1255 4529 1414 4582 etiam
1448 4529 1544 4598 ipsi
1573 4530 1791 4584 Vandali
1827 4510 1873 4568 ί)
1899 4532 2094 4588 riorem
2123 4539 2299 4584 tacere
2329 4544 2432 4582 non
2462 4527 2652 4580 debeo.
2677 4526 2797 4580 Fuit
2817 4526 3026 4594 quidam
3059 4523 3086 4559 ιι
3120 4523 3456 4593 Elpidoforus

236 4616 282 4669 in
321 4633 447 4672 suos
493 4617 739 4672 homines
767 4619 1156 4672 exercuerunt?
1196 4618 1250 4672 ln
1293 4621 1404 4688 ipsa
1433 4635 1645 4690 quoque
1674 4639 1793 4692 qua:

233 4722 366 4774 gesta
397 4721 521 4764 sunt
541 4710 888 4778 Carthagine,
916 4710 961 4764 si
993 4713 1192 4765 nitatur
1226 4715 1456 4780 scriptor
1483 4714 1790 4785 singillatim

235 4807 484 4867 astruere,
527 4804 688 4853 etiam
730 4799 846 4853 sine
874 4811 1064 4855 ornatu
1088 4803 1370 4869 sermonis,
1412 4819 1512 4858 nec
1540 4805 1653 4875 ipsa
1695 4825 1791 4863 no-

301 4967 326 4994 ι
365 4959 418 5011 In
469 4958 662 5012 Africa:
711 4955 905 5010 Notitia
957 4963 1281 5028 memoratur
1306 4956 1470 5028 _inter
1513 4957 1793 5028 episcopos

237 5028 551 5082 Mauritania:
593 5029 939 5081 Caesariensis
987 5027 1269 5095 Reparatus
1303 5026 1647 5093 Tipasiiauus.
1699 5026 1796 5084 Est

237 5110 286 5151 et
307 5099 403 5150 alia
431 5098 637 5167 Typasa
661 5098 712 5149 in
743 5096 985 5150 Numidia
1009 5140 1021 5161 ,
1068 5097 1218 5167 cujus
1245 5100 1527 5164 episcopus
1556 5096 1793 5152 Rusticus

237 5169 281 5220 in
311 5166 492 5220 eadem
515 5166 518 5167 ⁷
539 5167 736 5221 Notitia
786 5176 1109 5220 recensetur.
1144 5166 1218 5218 De
1247 5176 1466 5234 utraque
1507 5169 1710 5236 agimus
1740 5171 1792 5222 in

235 5239 368 5289 notis
395 5240 462 5290 ad
491 5238 740 5292 Notitiam
770 5237 897 5289 Afri.
919 5251 983 5290 ae.
1128 5288 1130 5291 _

299 5307 324 5344 δ
355 5308 592 5362 llbenan.
637 5317 692 5360 et
735 5309 910 5360 tLhilll.
942 5322 1060 5358 cum
1103 5304 1305 5372 aliquot
1346 5319 1475 5357 mss.
1508 5313 1564 5358 et
1601 5304 1788 5373 editis,

235 5376 473 5444 Cyritam.
500 5378 649 5431 Urih.
680 5387 734 5430 et
759 5376 1063 5440 Lorichius,
1093 5391 1154 5428 ea:
1180 5377 1375 5427 notario
1401 5373 1535 5426 aula:
1561 5376 1647 5426 ad.

301 5456 324 5484 θ
355 5447 430 5501 De
450 5448 842 5502 conlessoribus
863 5446 1061 5514 absque
1087 5446 1258 5508 lingua
1289 5445 1621 5513 loquentibus
1641 5445 1790 5513 plura

234 5514 468 5569 dicemus
491 5519 539 5570 in
565 5517 964 5571 Commentario
997 5515 1250 5568 historico
1272 5529 1389 5583 cap.
1421 5515 1472 5566 7.

301 5585 326 5621 ἀ
359 5588 664 5652 Lorichius,
709 5587 859 5638 hodie
911 5587 1086 5655 cuique
1132 5586 1390 5652 propositi
1448 5587 1501 5636 in
1555 5600 1790 5653 promptu

235 5658 342 5709 dent
378 5667 619 5710 intratur.

321 5728 559 5796 cCerm.,
592 5725 736 5793 Ful.,
771 5726 948 5790 Mart.,
987 5723 1198 5794 Conqx.
1232 5734 1285 5780 et
1308 5724 1456 5779 Colb.
1502 5725 1546 5788 l,
1579 5723 1783 5777 Anium.

1896 4625 2132 4688 nomine,
2165 4622 2385 4674 nimium
2413 4619 2647 4672 crudelis
2677 4632 2725 4672 ei
2755 4617 2920 4684 ferus,
2947 4617 3032 4671 cui
3061 4617 3234 4670 fuerat
3253 4617 3465 4686 delega-

1896 4729 2004 4770 tum
2039 4713 2275 4768 membra
2300 4713 2666 4766 confessorum
2697 4708 2896 4763 Christi
2915 4709 3189 4776 suppliciis
3212 4723 3462 4777 grassan-

1897 4809 2043 4863 tibus
2074 4805 2297 4858 laniare.
2331 4800 2428 4855 Hic
2457 4798 2658 4854 dudum
2678 4798 2860 4853 fuerat
2879 4798 3018 4868 apud
3035 4811 3132 4852 nos
3154 4797 3205 4852 in
3236 4797 3466 4853 ecclesia

1895 4957 2050 5013 Ortli.
2082 4963 2136 5008 et
2162 4951 2458 5014 Lorichius,
2488 4949 2691 5003 Avium.

1974 5027 1991 5066 ί
2025 5026 2174 5092 Cong.
2220 5025 2274 5087 1,
2304 5022 2492 5092 Comp.
2536 5029 2591 5092 e_t
2633 5021 2812 5092 νος-ι..
2838 5018 3050 5092 _ceflnrii
3085 5017 3224 5092 regis
3264 5020 3465 5092 nomine

1901 5083 2270 5167 Dogillit'qui.
2292 5083 2456 5167 υςῑιιξ
2477 5099 2529 5142 et
2559 5089 2796 5167 l_._ori_cli.,
3036 5129 3051 5151 ,
3083 5083 3461 5167 Ful.,_Ger_m.,

1897 5157 2048 5220 Mait.
2069 5209 2083 5230 ,
2121 5157 2271 5218 Colb.
2303 5161 2455 5223 alter,
2489 5169 2543 5213 et
2571 5160 2791 5225 lielfor.,
2840 5157 3142 5230 Dagilium,
3165 5157 3279 5230 qui,
3323 5165 3458 5222 etc.;

1894 5239 1968 5294 ita
1999 5227 2305 5289 ut'maritus
2331 5230 2490 5284 etiam
2518 5230 2803 5298 aliquando
2823 5227 3098 5283 cou'tessor
3123 5227 3301 5298 fuerit.

1967 5316 1991 5350 κ
2025 5305 2222 5359 llorum
2249 5302 2486 5354 omnium
2524 5295 2678 5352 simul
2723 5314 2844 5353 cum
2876 5298 3135 5369 Eugenio,
3167 5295 3379 5369 _Muritta
3407 5306 3463 5348 et

1899 5377 2162 5436 Salutari,
2192 5370 2501 5442 memoriam
2531 5369 2801 5442 celebrant
2844 5366 3212 5442 mariyrologia
3251 5369 3458 5442 vutgata

1895 5447 1986 5500 die
2016 5445 2082 5496 15
2106 5442 2250 5496 Julii.
2280 5440 2545 5494 Murittam
2569 5440 2768 5508 aliquot
2792 5442 2917 5492 item
2942 5437 3319 5505 martyrologia
3344 5437 3459 5487 sin-

1896 5516 2122 5583 gillatim
2155 5518 2453 5583 memorant
2477 5510 2564 5583 d_ie
2590 5509 2659 5583 24
2683 5509 2878 5583 _Martii.

1965 5587 1988 5622 ιι
2006 5586 2158 5637 Colb.
2185 5588 2205 5635 t
2231 5591 2284 5635 et
2306 5581 2474 5646 l’ort.,
2500 5578 2886 5648 Helpidoforus.
2910 5573 3132 5630 Ortliod.
3157 5575 3251 5632 L0:
3268 5575 3458 5635 icliius.

1893 5655 1933 5708 1:
1942 5657 2226 5724 pidoforus.
