3944 6176
460 332 564 389 217

1738 334 2044 393 VICTORIS
2085 335 2393 395 VITENSIS

3584 341 3692 397 268

458 448 638 504 Fausti
668 448 981 518 baptizatus,
1011 462 1169 519 quem
1196 449 1516 506 venerabilis
1545 449 1753 505 Muritta
1767 451 2023 506 diaconus
2049 458 2099 515 Α
2126 454 2227 509 alia
2257 454 2465 509 Muritta
2492 454 2722 524 dicente,
2752 458 2873 526 igne
2898 458 3244 514 conscientia:
3264 465 3389 511 ante
3410 456 3582 525 ignem
3613 470 3691 509 re-

457 540 525 594 de
553 540 704 593 alveo
733 540 890 594 fontis
919 550 1226 610 susceperat
1245 549 1575 609 generatum.
1604 541 1728 595 Post
1750 557 1876 596 vero
1895 541 2021 597 dttm

456 639 801 697 apostataret,
828 639 984 683 tantae
1020 632 1222 684 exstitit
1262 630 1485 685 feritatis
1536 633 1792 687 adversus
1841 632 2026 688 Eccle-

457 720 590 771 siam
624 718 735 783 Dei,
763 728 819 772 ut
842 721 1085 787 superior
1107 720 1354 773 omnibus
1380 735 1445 774 ex
1458 729 1671 775 secutor
1698 724 2023 790 persecutio-

458 809 539 862 nis
566 811 747 862 fuisset
769 811 1031 863 inventus.
1062 810 1196 877 Quid
1225 813 1425 864 multa?
1454 811 1584 865 Dum
1611 814 1781 878 primo
1799 815 2024 885 presby-

458 898 553 952 teri
584 899 856 968 suppliciis
880 900 1182 954 tnaceraudi
1210 899 1399 954 ordine
1440 902 1751 965 citarentur,
1786 917 1901 971 pOSt
1937 919 2024 958 ar-

459 990 829 1045 chidiaconum
856 990 1196 1056 Salutarem,
1232 1002 1451 1059 aptatur
1488 994 1657 1058 pronis
1697 1003 2022 1049 memoratus

460 1087 689 1142 Muritta.
719 1088 838 1142 Fuit
865 1088 1006 1143 enim
1027 1088 1294 1143 secundus
1336 1090 1387 1142 in
1420 1088 1597 1143 officio
1636 1089 2018 1143 ministrorum.

457 1181 587 1248 Quia
612 1194 731 1233 cum
766 1180 1077 1248 Elpidoforo
1101 1181 1323 1236 sedente
1351 1191 1404 1236 et
1426 1181 1710 1240 fremente.
1738 1180 2024 1235 honorabi-

461 1273 525 1326 lis
550 1276 732 1326 scn‘or
755 1271 1009 1339 cmpisset
1027 1271 1260 1337 extendi,
1294 1273 1597 1341 priusquam
1628 1271 1796 1343 [Lor.,
1819 1270 2025 1326 crucia-

454 1361 621 1432 retur]
649 1372 956 1424 exueretur,
984 1363 1122 1416 clam
1156 1362 1292 1417 forte
1320 1364 1684 1418 nescientibus
1708 1364 1934 1422 cunctis.
1960 1364 2022 1417 il-

456 1456 526 1519 la,
556 1454 750 1523 quibus
776 1470 897 1508 eum
925 1455 1226 1524 suscipiens
1252 1454 1318 1509 de
1346 1455 1491 1510 fonte
1536 1455 1733 1510 dudum
1781 1462 2018 1520 texerat,

456 1550 481 1577 ⁸
512 1545 709 1599 sabana
748 1545 1042 1614 bajuiahat.
1071 1546 1275 1611 Quibus
1304 1546 1575 1601 ventilatis
1599 1590 1615 1613 ,
1668 1546 1935 1616 simulque
1969 1546 2022 1600 in

455 1636 756 1689 ostentione
784 1637 990 1691 cunctis
1021 1640 1274 1702 extentis,
1310 1639 1361 1691 in
1389 1639 1470 1692 his
1503 1638 1679 1691 verbis
1702 1638 1845 1708 loqtti
1869 1654 2025 1692 exor-

454 1739 566 1789 sus,
599 1733 761 1779 totam
792 1727 857 1778 ad
900 1728 1082 1780 ﬂetum
1111 1736 1164 1780 et
1206 1729 1466 1797 lacrymas
1508 1731 1865 1783 commovisse
1893 1727 2026 1783 dici-

2126 554 2333 599 ternum
2363 544 2736 601 obmutescens
2764 546 3104 615 Elpidoforus
3123 547 3445 602 terrebatur.

2197 634 2261 688 Χ.
2285 635 2468 690 Clerici
2493 637 2544 689 in
2567 638 2799 690 exsiliunt
2827 639 3075 691 trusi.—°
3094 637 3348 692 Parantes
3370 636 3551 704 itaque
3572 635 3692 688 uni-

2122 726 2263 781 versi
2287 725 2445 781 dorsa
2473 742 2565 781 sua
2599 728 2927 795 verberibus,
2955 729 3158 783 alacres
3189 728 3253 781 ad
3280 728 3525 782 exsilium
3562 740 3690 794 per-

2122 826 2271 881 gunt.
2304 817 2503 882 Quibus
2523 817 2696 871 adhuc
2721 819 2772 871 in
2805 818 2992 872 itinere
3022 818 3274 888 longioris
3301 819 3398 869 viae
3424 819 3690 871 constitu-

2127 907 2211 968 tis,
2235 907 2588 971 destinantur,
2616 909 2881 977 episcopis
2902 908 3221 962 Arianorum
3254 908 3688 978 suggerentibus,

2124 995 2366 1052 homines
2394 998 2847 1053 itntnisericordes
2876 1013 2938 1053 ac
2967 999 3278 1064 violettli,ut
3303 999 3430 1051 illud
3450 997 3590 1066 quod
3612 998 3694 1050 eil

2124 1088 2260 1142 forte
2285 1088 2555 1141 miseratio
2580 1089 2881 1143 Christiana
2914 1089 3072 1143 victui
3115 1092 3414 1144 contulerat
3454 1087 3694 1158 profutu-

2124 1192 2264 1241 rtnn,
2291 1177 2580 1232 crudeliter
2604 1178 2903 1233 auferretur
2931 1193 2945 1230 :
2980 1179 3193 1247 quando
3218 1178 3579 1246 unusquisque
3600 1192 3695 1231 eo-

2127 1286 2241 1324 rum
2274 1270 2523 1323 libentius
2554 1268 2690 1323 forte
2719 1269 2968 1322 cantabat
3013 1286 3025 1321 :
3074 1268 3263 1321 Nudus
3286 1269 3418 1322 exivi
3450 1267 3515 1320 de
3552 1277 3695 1320 utero

2126 1362 2301 1415 matris
2330 1378 2454 1415 utea:
2482 1360 2605 1428 (Job
2632 1376 2671 1426 t,
2702 1360 2819 1430 2i),
2852 1361 3049 1414 nudum
3079 1363 3238 1415 etiam
3276 1375 3361 1414 me
3388 1369 3602 1428 oportet
3627 1360 3694 1413 ad

2125 1454 2371 1508 exsilium
2401 1468 2640 1522 pergere,
2677 1454 2803 1521 quia
2859 1454 3109 1506 Dominus
3148 1452 3292 1505 novit
3336 1451 3697 1505 esurientibus
3766 1478 3779 1497 ι

2126 1545 2300 1599 cibum
2335 1548 2627 1613 porrigere,
2651 1554 2705 1597 et
2736 1545 2786 1597 in
2815 1544 3031 1597 deserto
3059 1542 3273 1596 vestire.
3294 1542 3511 1595 Vandali
3545 1555 3697 1594 nam-

2126 1651 2229 1705 que
2257 1635 2360 1687 duo
2385 1636 2485 1689 sub
2515 1632 2786 1689 Geiserico
2814 1635 3009 1701 saepius
3036 1632 3157 1686 facti
3188 1633 3557 1698 confessores,
3605 1646 3696 1685 co-

2129 1727 2347 1779 mitante
2372 1733 2564 1789 matre,
2594 1726 2914 1790 contemptis
2937 1725 3187 1778 omnibus
3211 1722 3409 1777 divitiis
3426 1724 3698 1787 suis,cuut

458 1826 543 1870 tur
565 1816 854 1872 civitatem.
888 1818 1011 1873 llaec
1037 1829 1163 1873 sunt
1202 1820 1511 1874 linteamina
1532 1865 1546 1888 ,
1586 1821 1889 1888 Elpidofore
1933 1821 2022 1876 nti-

2132 1816 2324 1871 eisdem
2350 1816 2560 1870 clericis
2590 1815 2655 1868 ad
2685 1815 2931 1869 exsilium
2960 1824 3332 1883 perrexerunt.
3357 1815 3431 1868 De
3462 1815 3699 1868 multitu-

458 1906 627 1960 nister
655 1908 1017 1975 erroris,qu;e
1052 1919 1103 1962 te
1133 1908 1482 1974 accusabunt,
1507 1923 1627 1963 cum
1659 1912 1908 1978 majestas
1940 1927 2030 1966 ve-

458 1994 596 2047 nerit
624 1995 937 2063 jndicantis.
969 1994 1348 2052 Custodientur
1375 1998 1650 2068 diligentia
1688 2015 1805 2054 mea
1842 2001 1909 2054 ad
1953 2011 2029 2056 te-

459 2085 765 2139 stimonium
795 2097 898 2140 tuae
920 2087 1268 2157 perditionis,
1310 2091 1375 2143 ad
1425 2090 1837 2160 demergendum
1886 2101 1938 2146 te
1976 2092 2027 2147 in

461 2176 711 2244 abyssum
741 2177 883 2242 putei
905 2177 1289 2245 sulphurantis.
1321 2180 1445 2235 lltec
1476 2191 1547 2244 te,
1590 2182 1771 2236 infelix
1792 2221 1808 2247 ,
1843 2183 2031 2237 imma-

457 2267 690 2319 culatum
719 2267 1000 2322 cinxerunt
1026 2269 1094 2322 de
1128 2270 1275 2324 fonte
1302 2283 1604 2339 surgentem
1637 2290 1649 2324 :
1686 2272 1798 2326 haec
1823 2282 1903 2338 te,
1934 2276 2032 2327 nti-

457 2359 703 2423 serrinte,
727 2361 903 2415 acrius
925 2372 1329 2431 persequentur,
1355 2363 1710 2419 flammantem
1731 2368 2028 2435 gehennam

457 2463 579 2504 cum
610 2450 838 2519 coeperis
867 2449 1139 2520 possidere
1171 2453 1333 2521 :quia
1355 2453 1572 2509 induisti
1621 2464 1673 2510 te
1702 2456 2031 2511 maledictio-

458 2556 579 2594 nem
600 2541 735 2596 sicut
757 2543 1156 2608 vestimentum,
1188 2544 1438 2601 scindens
1467 2556 1626 2615 atque
1647 2548 1899 2602 amittens
1919 2548 2030 2603 veri

455 2630 565 2702 42
592 2633 923 2703 baptismatis
949 2644 1004 2690 et
1026 2635 1144 2691 fidei
1170 2648 1586 2692 sacramentum.
1618 2639 1756 2707 Quid
1802 2643 2033 2696 facturus

459 2737 539 2786 es,
570 2723 754 2787 miser,
786 2739 904 2779 cum
931 2726 1071 2780 servi
1102 2726 1581 2782 Patrisfatniliasad
1602 2744 1812 2786 coenam
1835 2733 2031 2800 regiam

456 2826 782 2883 congregare
807 2816 1069 2883 creperint
1099 2816 1386 2872 invitatos?
1431 2819 1584 2873 Tunc
1636 2830 1689 2875 te
1740 2821 2031 2898 aliquando

457 2914 723 2966 vocatum,
778 2907 1090 2961 terribiliter
1143 2908 1450 2977 indignatus
1501 2920 1718 2964 exutum
1766 2912 1903 2965 stola
1940 2928 2031 2967 rex

455 2993 792 3060 conspiciens
820 2995 1061 3065 nuptiali,
1091 2997 1233 3052 dicet
1265 3000 1358 3053 tibi
1388 3001 1618 3067 :Amice,
1651 3003 1907 3071 quomodo
1935 3005 2034 3057 huc

456 3084 631 3136 veniin
656 3095 837 3138 vestem
858 3102 960 3138 non
988 3086 1177 3142 habens
1203 3089 1480 3157 nuptialem
1511 3091 1723 3160 (Matth.
1778 3109 1883 3146 xxtt
1908 3135 1921 3159 ,
1960 3094 2029 3148 12

2130 1907 2253 1961 dine
2280 1917 2455 1962 autem
2482 1906 2809 1976 pergentium
2838 1906 3224 1974 confcssorum,
3245 1908 3293 1960 id
3325 1917 3410 1962 e~t
3445 1906 3699 1961 Ecclesia

2129 1996 2466 2064 Carthaginis
2495 2000 2832 2061 clericorum.
2861 2007 3179 2068 suggerente
3224 1999 3451 2068 quodam
3489 1997 3515 2035 ἀ
3550 1998 3697 2052 exle-

2130 2096 2280 2145 ctore
2308 2090 2607 2145 Theucario
2634 2090 2874 2158 perdito,
2919 2105 3052 2159 quos
3097 2092 3190 2145 ille
3228 2101 3447 2145 noverat
3492 2092 3712 2144 vocales

2130 2194 2374 2237 strenuos
2399 2191 2558 2250 atque
2579 2192 2731 2250 aptos
2754 2181 2984 2235 modulis
3003 2182 3308 2245 cantilenrr,
3332 2182 3707 2250 designatione

2132 2287 2225 2325 sua
2254 2271 2451 2341 debere
2476 2272 2604 2325 dicit
2626 2272 2905 2327 duodecim
2950 2272 3237 2326 infantulos
3267 2276 3536 2340 separari,
3566 2289 3703 2341 quos

2134 2362 2246 2427 ipse
2273 2376 2393 2415 cum
2420 2361 2714 2415 catholicus
2760 2372 2942 2425 esset,
2984 2373 3110 2415 tunc
3159 2362 3449 2432 discipulos
3496 2364 3700 2417 habuit.

2132 2450 2321 2506 Statim
2354 2450 2446 2505 illo
2471 2454 2813 2519 suggerente,
2842 2451 2944 2505 sub
2982 2450 3322 2506 fe~tinatione
3353 2453 3471 2505 viro
3520 2451 3699 2507 diruit-

2134 2552 2332 2607 tnntur,
2357 2554 2410 2597 et
2434 2543 2483 2596 vi
2513 2542 2772 2596 barbarici
2804 2542 3000 2597 furoris
3027 2543 3269 2595 bissenus
3298 2558 3552 2597 numerus
3578 2560 3699 2611 pue-

2134 2648 2319 2687 rorum
2366 2633 2434 2687 de
2482 2633 2672 2686 itinere
2697 2643 2993 2686 revocatur.
3028 2633 3389 2701 Segregantur
3433 2648 3701 2702 corpore,

2136 2738 2238 2777 non
2270 2722 2456 2791 spiritu
2487 2739 2515 2775 a
2539 2738 2698 2792 grege
2730 2734 3057 2787 sanctorum,
3092 2726 3181 2793 qui
3226 2724 3475 2778 timentes
3515 2727 3701 2795 przeci-

2136 2815 2342 2884 pitium,
2382 2830 2502 2868 cum
2531 2817 2775 2883 suspiriis
2808 2816 3161 2885 lacrymarum
3186 2857 3200 2881 ,
3231 2832 3295 2870 ne
3322 2817 3709 2873 divellerentur

2134 2909 2570 2976 οοιιειτὶιιει·ι)θιιῑ
2594 2908 2837 2962 manibus
2862 2924 3032 2977 genua
3059 2909 3357 2973 sociorum,
3402 2923 3537 2978 quos
3582 2912 3717 2963 vio-v

2136 2998 2294 3051 lentia
2328 3011 2503 3051 tamen
2538 2997 2807 3059 haeretica,
2838 2997 3135 3052 minacibus
3175 3013 3431 3067 separatis
3470 2999 3663 3066 gladiis
3689 3040 3703 3065 ,

2134 3086 2506 3157 Carthaginem
2534 3089 2824 3143 revocavit.
2850 3089 2954 3143 Sed
2984 3090 3107 3142 dum
3135 3104 3253 3143 cum
3282 3090 3381 3153 eis,
3413 3089 3561 3158 quasi
3584 3106 3703 3145 cnttt

456 3176 632 3245 rem)?
662 3176 774 3230 Non
804 3177 957 3232 video
978 3179 1116 3247 quod
1140 3153 1362 3244 Contuli,
1390 3197 1497 3235 non
1518 3153 1749 3250 agnosco
1769 3153 2025 3253 quOd'de-
2054 3153 2099 3216 ο
2135 3179 2224 3233 tuli
2254 3153 2411 3231 nitate
2444 3177 2539 3249 [ιιι.
2569 3180 2797 3247 plerique
2825 3179 2954 3249 non]
2982 3182 3088 3247 jam
3133 3181 3403 3235 blanditiis
3432 3153 3701 3249 ageretur,

458 3268 529 3321 di.
565 3268 843 3323 Perdidisti
877 3270 1078 3324 militia:
1110 3271 1442 3342 chlamydem
1481 3288 1638 3341 quam
1685 3273 1712 3312 δ
1760 3276 1811 3329 in
1862 3278 2025 3332 tutela

457 3360 810 3429 virgineorum
842 3361 1204 3415 membrorum
1229 3361 1412 3416 decent
1450 3364 1720 3420 mensibus
1766 3365 1942 3432 texui,
1971 3379 2025 3423 et

376 3464 377 3468 ‘
457 3455 719 3509 tendicula
749 3455 922 3511 crucis
946 3456 1238 3511 extendens
1260 3472 1395 3525 aqua
1428 3457 1672 3513 mundavi
1694 3501 1709 3525 ,
1743 3469 1798 3515 et
1828 3474 2026 3529 purpu-

454 3569 514 3608 ra
544 3554 645 3609 mei
674 3555 947 3625 sanguine
971 3554 1243 3611 decoravi.
1273 3556 1387 3610 Non
1418 3559 1691 3624 conspicio
1719 3560 1922 3614 cultum
1952 3562 2024 3615 si-

453 3655 662 3725 gnaculi
695 3656 820 3723 mei,
846 3656 1212 3711 characterem
1244 3671 1348 3710 non
1376 3657 1532 3712 video
1556 3658 1848 3715 Trinitatis.
1881 3661 2029 3716 Talis

455 3755 714 3809 in'ervsse
737 3770 840 3808 nun
863 3756 1057 3823 poterit
1085 3756 1254 3822 epulis
1294 3756 1446 3811 meis.
1466 3741 1662 3827 Ligate
1708 3775 1830 3814 eum
1859 3761 2045 3815 mani--

455 3857 577 3921 bus,
607 3866 659 3909 et
689 3856 911 3923 pedibus
938 3856 1071 3921 suis,
1106 3854 1375 3920 funiculis,
1405 3860 1525 3925 quia
1550 3872 1609 3912 se
1643 3859 1756 3928 ipse
1780 3860 2025 3915 volunta-

454 3957 535 4011 rie
559 3970 810 4025 separare
833 3955 1000 4010 voluit
1027 3970 1056 4009 a
1083 3955 1357 4011 catholicis
1383 3957 1578 4012 dudum
1602 3959 1850 4016 fratribus
1890 3963 2023 4017 suis.

457 4057 574 4124 Ipse
604 4054 759 4110 funes
785 4055 1387 4111 extenditcontinuatos
1431 4057 1483 4112 in
1525 4058 1803 4127 laqueum,
1834 4060 2028 4127 quibus

452 4166 503 4210 et
531 4156 874 4226 semetipsum
909 4156 1117 4221 vinxit;
1144 4165 1200 4211 et
1227 4157 1362 4211 alios
1381 4198 1396 4222 ,
1430 4171 1499 4212 ne
1523 4158 1588 4211 ad
1618 4158 1757 4213 istud
1782 4160 2028 4215 venirent

452 4254 779 4321 convivium,
812 4244 1104 4324 impedivit.
1129 4254 1283 4309 Juxta
1313 4256 1560 4310 semitam
1587 4256 1768 4312 multis
1795 4259 2025 4314 scanda-

452 4353 563 4408 lum
589 4354 784 4423 posnit,
809 4367 966 4424 quem
992 4369 1133 4408 nunc
1161 4369 1281 4408 cum
1305 4355 1498 4409 rubore
1525 4367 1783 4425 perpetuo
1828 4367 1883 4413 et
1923 4359 2014 4415 de-

451 4447 648 4501 decore
668 4448 990 4515 seinpiteruo
1017 4447 1083 4502 de
1111 4448 1357 4503 convivio
1383 4463 1501 4503 meo
1538 4451 1758 4519 proieci.
1800 4453 1925 4508 Haec
1968 4465 2021 4510 et

2132 3268 2435 3336 superiores
2464 3267 2575 3321 suis
2606 3268 2803 3322 inventi
2831 3270 3144 3333 suntannis,
3168 3278 3222 3324 et
3245 3287 3309 3324 ne
3337 3271 3702 3326 obdormirent

2133 3361 2183 3414 in
2216 3370 2408 3425 marte,
2440 3360 2708 3414 lu'ernam
2739 3362 2837 3416 sibi
2869 3364 3163 3431 evangelici
3195 3364 3408 3418 luminis
3434 3367 3703 3420 accende-

2129 3462 2272 3507 runt.
2305 3453 2648 3520 Indignamur
2672 3453 2741 3507 ob
2772 3454 2873 3508 hoc
2900 3454 3133 3521 graviter
3162 3456 3365 3520 Ariani,
3407 3466 3462 3511 et
3506 3472 3565 3512 se
3613 3473 3702 3512 su:

2132 3556 2344 3613 peratos
2364 3560 2392 3598 a
2418 3547 2600 3614 pueris
2622 3546 2963 3601 erubescunt.
2996 3547 3145 3602 Unde
3170 3548 3383 3602 accensi
3418 3550 3572 3604 subdi
3602 3550 3703 3604 ite-

2133 3652 2249 3691 rum
2276 3638 2499 3692 fustibus
2522 3638 2742 3705 jubent;
2774 3653 2906 3707 quos
2926 3639 3035 3707 jam
3065 3653 3189 3694 ante
3218 3641 3561 3709 paucissimos
3586 3644 3702 3697 dies

2135 3729 2296 3781 variis
2327 3728 2638 3782 verberibus
2657 3727 3069 3795 dissipaverat'tt.
3103 3731 3484 3800 lmprimnntur
3510 3735 3703 3789 vulne-

2136 3822 2282 3875 ribus
2309 3822 2548 3885 vulnera,
2583 3831 2632 3875 et
2662 3836 2871 3875 rursum
2919 3822 3071 3890 ρωηὴ
3110 3826 3399 3877 restaurata
3445 3816 3699 3881 recrude-

2134 3913 2253 3965 scit.
2287 3911 2372 3965 Fat
2393 3920 2503 3964 tum
2533 3920 2635 3975 est,
2668 3910 2895 3965 Domino
2938 3912 3273 3969 confortante
3296 3959 3309 3982 ,
3344 3924 3395 3968 ιιι
3443 3930 3545 3970 nec
3572 3927 3702 3971 :etas

2134 4004 2310 4057 ntinor
2330 4004 2583 4060 deficeret
2613 4007 2665 4059 in
2696 4006 2883 4062 dolore
2912 4008 3004 4080 [aL
3037 4008 3152 4080 sed]
3174 4051 3188 4072 ,
3217 4021 3268 4064 et
3299 4015 3467 4081 magis
3492 4015 3702 4071 animus

2132 4106 2401 4149 cresceret
2428 4097 2707 4151 roboratus
2742 4099 2792 4151 in
2826 4099 2929 4153 fide
2950 4116 3080 4167 quas
3105 4116 3245 4154 nunc
3268 4100 3535 4172 Carthago
3564 4105 3702 4159 miro

2132 4187 2257 4241 colit
2280 4186 2492 4251 ali‘ectu,
2522 4200 2573 4242 et
2600 4189 2746 4257 quasi
2777 4189 3057 4244 duodecim
3090 4195 3451 4259 apostolorum
3474 4196 3699 4251 chorum

2130 4279 2392 4344 conspicit
2418 4293 2725 4347 puerorum.
2752 4280 2864 4334 Una
2909 4282 3141 4351 degunt,
3175 4284 3328 4337 simul
3376 4294 3700 4350 vescuntur,

2132 4367 2332 4435 pariter
2359 4367 2622 4435 pstillunt.
2655 4369 2809 4422 simul
2851 4370 2902 4423 in
2949 4371 3175 4426 Domino
3218 4372 3532 4442 gloriantur.
3585 4376 3697 4433 Illis

2129 4457 2315 4512 diebus
2344 4469 2398 4513 et
2426 4458 2532 4513 duo
2554 4460 2910 4529 negotiatores
2936 4499 2951 4522 ,
2993 4462 3367 4531 Frttmentius,
3408 4474 3432 4503 ε
3466 4475 3523 4521 et
3556 4470 3696 4524 alius

520 4610 546 4638 ι
579 4602 848 4691 llac'voce
893 4604 1051 4691 lintea
1076 4603 1511 4691 [designari‘v‘el
1549 4622 1611 4663 ev
1660 4607 1763 4662 hoc
1792 4608 2020 4691 Victoris
2050 4614 2101 4673 D
2124 4614 2555 4691 ctim_Lorichio,
2589 4617 2784 4691 habent
2821 4619 3029 4673 vultum.
3063 4620 3211 4687 Sum,
3242 4622 3417 4691 Bign.,
3450 4623 3605 4678 Colb.
3641 4624 3693 4691 l,

448 4673 588 4736 loco,
614 4672 865 4740 colligere
897 4674 1039 4728 licet.
1074 4672 1423 4730 Consentium
1452 4676 1562 4730 fere
1602 4693 1789 4732 omnes
1817 4683 2018 4743 glossa-

446 4743 962 4813 riorumiscriptores
984 4744 1119 4810 apud
1150 4747 1413 4798 erudtnm
1446 4746 1701 4813 Cunginm
1729 4749 1778 4802 in
1805 4748 2019 4802 Glossa-

446 4812 545 4875 rio,
581 4812 668 4865 ubi
698 4828 725 4862 ει
758 4812 959 4865 ϐτξροίε
988 4823 1219 4866 tnntnata
1251 4814 1285 4867 d
1310 4816 1470 4869 citur.
1505 4812 1702 4870 Eadem
1737 4834 1860 4872 voc»
1890 4836 2018 4876 usus

445 4889 531 4935 est
558 4897 669 4953 non~
693 4882 859 4936 semel
885 4879 1170 4949 Gregorius
1198 4884 1439 4950 Magnus,
1474 4887 1807 4953 potissimum
1839 4889 2012 4941 Dialo-

443 4965 632 5018 gorum
659 4951 795 5004 libro
823 4968 894 5014 tv,
920 4967 1038 5018 cap.
1068 4953 1157 5015 55,
1189 4955 1273 5007 ubi
1305 4953 1372 5008 ho
1396 4951 1504 5008 niui
1532 4971 1564 5009 e
1591 4958 1777 5011 talneo
1799 4961 2013 5014 exeunti

442 5022 635 5095 saliaria
676 5031 969 5095 praeparata
1019 5023 1179 5095 fuisse
1221 5023 1397 5077 tcfcrt.
1432 5026 1494 5077 Et
1537 5027 1626 5078 lib.
1660 5042 1743 5089 tu,
1774 5044 1889 5095 cap.
1928 5031 2011 5093 l7,

446 5090 607 5162 homo
651 5092 842 5162 sabano
887 5092 1201 5162 constricto.
1247 5096 1487 5162 sepultus
1556 5099 1670 5148 fuit.
1725 5097 1780 5150 ln
1829 5090 2009 5152 collat.

442 5158 845 5234 tiartltaginensi
889 5161 1191 5234 cognitione
1229 5161 1263 5213 2
1288 5158 1459 5232 [ευρ.
1494 5164 1581 5229 55,
1627 5183 1837 5234 cumque
1882 5169 2017 5223 intra

441 5231 683 5304 Iulianum
710 5230 959 5304 volumen,
993 5232 1285 5304 etc.g_l’lu_ra
1316 5230 1602 5288 occurrunt
1630 5230 1823 5300 passim
1859 5239 2015 5304 hujus

444 5300 521 5374 rei
550 5302 815 5374 exempla.
848 5300 975 5374 Vide.
1019 5299 1254 5355 Bolland.
1297 5304 1347 5356 in
1381 5306 1538 5358 vitam
1568 5299 1736 5360 sancti
1779 5299 2012 5374 Zozimi,

442 5369 527 5422 die
553 5367 624 5422 24
653 5368 910 5424 Jarmarti.

513 5439 539 5510 lt
568 5439 658 5493 Sic
683 5440 977 5495 Loricltins.
1011 5441 1136 5504 Alii,
1164 5441 1216 5493 in
1241 5440 1342 5494 tela
1371 5443 1733 5510 nirgiueorum,
1761 5456 1867 5501 etc.
1896 5448 2009 5503 Ali-

355 5549 361 5579 ;
443 5509 530 5585 qui
563 5518 679 5585 post
696 5510 1263 5585 membrorumaddunt
1298 5509 1663 5585 gestattts.rSic
1689 5509 1743 5570 et
1769 5534 1864 5585 pro
1894 5528 2007 5571 len-

441 5578 647 5655 diculai,
693 5579 817 5655 Sun.
848 5592 903 5655 et
935 5582 1083 5655 li-ign.
1116 5578 1617 5655 itabentrteudiculas
1645 5578 1837 5647 crucis,
1878 5605 2007 5655 quas

442 5654 734 5700 ex'ettdeus.
780 5651 928 5702 Colit.
963 5651 1011 5708 l,
1056 5663 1168 5719 post
1196 5654 1358 5705 crucis
1379 5692 1393 5714 ,
1422 5653 1564 5706 addit
1591 5670 1791 5709 manus.
1828 5651 2002 5711 Et'itto

443 5722 540 5784 Ira,
574 5733 669 5785 pro
695 5720 913 5783 cultum,
945 5721 1083 5786 Ful.,
1135 5721 1344 5789 Germ.,
1392 5722 1578 5791 Camp.
1603 5763 1616 5789 ,
1660 5735 1715 5779 et
1752 5726 2000 5794 Orthod.,

2122 4692 2177 4737 ct.
2209 4685 2402 4756 “item,
2433 4703 2532 4739 non
2560 4689 2875 4756 conspiciunt
2903 4693 3036 4742 oculi
3067 4696 3158 4742 mei
3188 4685 3548 4746 e/ioracterem.

2197 4764 2220 4828 ς
2250 4753 2398 4828 Colb.
2488 4753 2943 4819 habet,‘Part'mes
2970 4764 3135 4823 itaque
3158 4764 3395 4828 universi,
3425 4764 3574 4816 dorsa
3601 4781 3697 4817 sua

2119 4824 2399 4894 verberibus
2419 4825 2656 4879 habentes
2681 4828 2894 4894 repleta.
2926 4828 3140 4891 alacres,
3169 4844 3273 4884 etc.

2190 4890 2216 4929 ά
2247 4892 2303 4945 lu
2335 4896 2705 4971 etlitis‘legitnr
2734 4890 2795 4950 ra:
2822 4901 3040 4971 lectore;
3074 4903 3281 4954 videtur
3304 4914 3479 4954 tamen
3513 4903 3697 4971 legen-

2117 4960 2242 5015 dutn
2270 4978 2387 5033 esse
2418 4960 2667 5018 exlectore
2692 4982 2796 5018 uno
2824 4968 3100 5033 voeabttlo,
3137 4982 3190 5021 ιιι
3219 4975 3531 5026 ostendit-tr
3554 4960 3696 5027 hunc

2117 5033 2243 5084 olim
2277 5032 2838 5109 [Ecclesiatlcctlireng
2875 5050 3055 5109 postea
3085 5032 3379 5107 apostatatn
3412 5043 3696 5109 spurcissi-

2117 5117 2259 5171 mum
2292 5102 2477 5156 fuisse.
2515 5104 2615 5157 Pro
2646 5102 2953 5171 Tltettcario,
2989 5102 3199 5164 Lor-tht.
3231 5124 3282 5164 et
3313 5102 3465 5166 Orth'.
3495 5111 3696 5167 habent

2119 5170 2608 5245 TltettcorioLBign.
2651 5170 2963 5231 Tlteucariw.
3010 5180 3159 5245 Apntl
3202 5180 3580 5236 Bollandtanos
3608 5182 3695 5238 die

2113 5239 2182 5293 25
2212 5242 2380 5320 Martii
2412 5239 2737 5320 Titania-rica.
2767 5247 2920 5320 Mart.
2957 5239 3240 5320 Tlte'urario
3270 5255 3495 5320 pcrdico.

2186 5320 2209 5348 °
2240 5312 2392 5391 Co'l‘b.
2420 5315 2471 5378 1,
2500 5317 2655 5391 paulo
2680 5317 2846 5391 fusius
2876 5334 2888 5367 :
2918 5319 3124 5391 tta/ius
3145 5312 3378 5375 similiter
3403 5329 3515 5391 ejus
3535 5323 3693 5384 tequi-

2114 5395 2264 5459 ttocus
2298 5381 2626 5459 Frutttentius
2656 5386 2939 5459 dicebatur,
2968 5389 3127 5454 ipsius
3149 5392 3375 5459 ejusdem
3397 5381 3534 5445 urbis
3564 5381 3692 5444 Car-

2111 5451 2512 5533 tltaginisuuno
2537 5455 2811 5533 uocabulo,
2854 5451 3139 5533 pariterque
3160 5451 3323 5533 oratiu
3358 5465 3511 5533 simul
3547 5480 3689 5533 egre-

2108 5522 2217 5606 gio,
2244 5529 2354 5606 ire;
2375 5524 2516 5606 [io-rt,
2543 5524 2704 5606 liabet
2738 5541 2957 5606 quoque
2980 5522 3091 5581 haec
3121 5522 3278 5582 vtv-rha
3308 5550 3322 5583 :
3351 5532 3522 5606 [prius
3550 5522 3689 5606 eius-

2108 5592 2220 5642 dem
2250 5594 2361 5673 87
2380 5596 2516 5673 urbis
2536 5592 2884 5673 Carthaginis.
2922 5597 3113 5673 [florum
3142 5592 3450 5673 meritoriam
3477 5592 3685 5673 vulgata

2109 5664 2484 5733 martvrologia
2512 5664 2784 5719 celebrant
2809 5665 2896 5720 die
2920 5668 2987 5721 :35
3010 5668 3200 5722 Martii.
