3944 6176
249 345 330 399 249

1174 338 1258 392 DE
1296 335 1809 392 PERSECUTIONE
1850 335 2230 392 VANDAIJCA
2268 337 2397 394 UB.
2439 338 2502 394 ι’.

3347 339 3451 393 250

246 449 566 510 Frurnentius
597 448 833 519 ejusdem
864 449 1011 503 urbis
1029 449 1245 518 egregio
1266 447 1526 518 martyrio
1546 447 1788 501 coronati
1820 451 1865 507 Α
1894 447 2196 502 uolentibus
2226 448 2463 503 faucibus
2486 451 2777 519 ingerebat.
2810 452 2938 507 Nam
2961 452 3006 507 si
3026 456 3325 509 communis
3350 454 3453 507 υο-

245 556 367 599 snnt.
398 543 546 598 Tune
575 551 631 597 et
653 553 857 610 septem
882 542 1097 605 fratres,
1125 556 1230 594 non
1259 549 1445 593 natura
1476 540 1570 593 sed
1598 539 1790 607 gratia,

246 634 382 688 simul
409 634 460 687 itt
501 633 827 687 monasterio
854 631 959 701 43
989 639 1406 694 committentes,
1439 628 1793 684 confessionis

246 725 517 779 certamine
543 723 779 790 expleto,
809 720 1307 776 immarcescibilem
1353 731 1704 788 pervenerunt
1726 720 1792 774 ad

246 830 500 879 coronam,
519 815 568 869 id
590 824 667 868 est
694 814 973 869 Liberatus
993 812 1179 876 abbas,
1197 809 1500 865 Bonifacius
1517 812 1792 875 diaconus,

248 907 463 961 ‘Scrvus
487 905 860 970 subdiaconus,
892 902 1138 957 Rusticus
1164 901 1538 964 subdiaconus,
1562 902 1794 971 Rogatus

246 998 539 1061 monachus,
552 997 825 1064 Septimus
837 994 1125 1051 monachus
1142 1007 1191 1048 et
1209 995 1464 1048 Maximus
1479 993 1790 1048 monachus.

306 1089 390 1142 XI.
422 1088 625 1142 Antonii
649 1088 843 1142 sterilia
888 1087 943 1138 in
965 1094 1197 1139 sanctum
1225 1084 1535 1154 Eugenium.
1563 1114 1634 1124 —
1661 1084 1791 1138 Nam

248 1183 327 1235 illo
356 1192 600 1248 tempore
627 1179 897 1234 crudelius
936 1179 1253 1232 Arianorum
1285 1177 1538 1247 episc0pi,
1569 1178 1791 1245 presbyo

250 1273 329 1325 ιι·τὶ
359 1280 419 1326 et
446 1270 647 1331 clerici,
676 1284 834 1339 quam
863 1283 956 1323 rex
976 1278 1033 1323 et
1064 1266 1304 1332 Vandali,
1323 1266 1632 1321 sreviebant.
1664 1267 1792 1321 Nam

245 1364 300 1417 ad
321 1363 743 1432 persequendum
791 1361 1040 1430 ipsicum
1086 1360 1198 1413 suis
1222 1359 1427 1414 clericis
1457 1359 1653 1429 ubique
1677 1361 1793 1428 gla-

246 1456 331 1506 diis
343 1453 568 1507 accincti
600 1453 918 1515 currebant;
940 1451 1078 1504 sicut
1102 1449 1313 1516 quidam
1336 1452 1636 1519 episcopus,
1656 1450 1795 1505 inter

246 1545 346 1599 illos
369 1544 583 1597 caneris
634 1541 933 1608 crudelior,
966 1540 1229 1595 Antonius
1273 1541 1518 1604 nomine;
1548 1541 1638 1610 qui
1685 1548 1791 1594 tam

246 1636 428 1690 nefaria
457 1643 513 1689 et
542 1633 871 1689 incredibilia
897 1632 949 1686 in
982 1641 1193 1687 nostros
1221 1632 1480 1696 exercuit,
1512 1641 1568 1686 ut
1589 1633 1793 1687 narrari

243 1744 333 1781 non
356 1734 577 1795 queant.
630 1722 753 1778 Fuit.
794 1724 893 1778 iste
933 1723 986 1778 in
1024 1721 1254 1793 quadam
1298 1724 1512 1778 civitate
1556 1724 1791 1791 proxima

1894 538 2088 601 minus,
2121 541 2209 608 qui
2240 540 2303 593 ad
2334 541 2435 595 hoc
2463 555 2679 596 venerat
2704 552 2761 597 ut
2791 553 3012 609 putaret,
3044 561 3162 598 cum
3189 554 3455 615 gustasset

1894 628 2063 682 ttuluit
2093 628 2296 694 bibere,
2328 640 2526 699 quanto
2550 632 2718 702 magis
2746 635 2845 688 iste
2881 648 3066 688 servus
3092 648 3145 690 et
3180 635 3456 691 eonfessor

1893 719 2065 774 fidelis
2093 722 2313 776 omnino
2336 723 2538 789 nollet,
2569 723 2669 777 nisi
2702 724 2947 778 hazretica
2988 725 3170 781 feritas
3196 726 3452 796 ingessis-

1892 820 1976 864 set
1995 812 2019 862 i
2038 811 2113 865 Er
2138 827 2243 882 quo
2265 823 2418 867 aceto
2441 816 2733 881 praesertim
2759 815 2833 868 illi
2865 817 3093 881 passioni
3127 818 3284 872 noxio
3313 832 3457 872 mor-

1893 901 1991 955 bus
2025 904 2232 971 accepit
2271 914 2633 971 augmentum.
2681 905 2777 959 Cui
2809 905 2977 973 pietas
3004 905 3198 959 Christi
3250 907 3456 961 miseri-

1893 993 2125 1048 corditer
2146 994 2469 1050 subveniens
2499 1006 2681 1065 postea
2710 1010 2895 1050 sanum
2928 1007 2949 1035 ο
2976 997 3233 1050 exhibuit.

1964 1084 2077 1138 XII.
2096 1083 2161 1137 In
2192 1093 2425 1138 sanctum
2448 1085 2783 1139 Habetdeum.
2814 1085 2922 1127 -ἀ
2950 1088 3126 1141 Alium
3153 1096 3329 1141 autent
3363 1104 3460 1140 nn-

1892 1186 2060 1231 strum
2082 1177 2387 1247 episcopum
2420 1177 2744 1233 llabetdeum
2766 1178 3014 1233 similiter
3036 1179 3324 1248 relegatum
3354 1179 3458 1233 Ta-

1895 1270 2229 1324 mallumensi
2258 1270 2490 1333 civitate,
2542 1269 2595 1323 in
2627 1285 2728 1340 qua
2758 1271 3022 1325 Antonius
3064 1269 3255 1335 fuerat,
3286 1285 3457 1339 quan-

1895 1370 2005 1413 tum
2035 1360 2204 1428 potuit
2232 1360 2485 1415 infestare
2515 1375 2602 1415 res
2646 1361 2758 1430 ipsa
2790 1361 3137 1415 demonstrat.
3159 1361 3289 1415 Nam
3335 1377 3455 1415 cum

1894 1451 2117 1504 diversis
2130 1467 2249 1506 eum
2266 1453 2719 1520 persecutionibus
2737 1451 3016 1520 affligeret,
3036 1466 3132 1506 nec
3147 1462 3321 1517 posset
3336 1468 3455 1506 eum

1896 1544 2072 1596 facere
2086 1542 2362 1606 Arianum,
2378 1544 2689 1611 videretque
2709 1541 2904 1595 Christi
2925 1542 3146 1595 militem
3165 1556 3376 1609 semper
3399 1540 3454 1594 in

1895 1630 2228 1685 confessione
2246 1640 2599 1696 constantem,
2616 1632 2934 1697 promiserat
2956 1632 3087 1696 suis,
3109 1632 3320 1685 dicens:
3349 1629 3457 1684 Nisi

1895 1738 2017 1776 eum
2048 1732 2244 1776 nostra:
2285 1725 2461 1778 fecero
2495 1723 2785 1792 religionis,
2815 1738 2918 1776 non
2951 1721 3043 1793 [al.
3076 1722 3220 1793 sum]
3250 1724 3318 1775 sit
3347 1725 3457 1776 An-

244 1833 431 1883 eremo,
459 1831 578 1885 quae
608 1815 953 1883 Tripolitanae
978 1812 1267 1883 provincia:
1297 1813 1576 1877 vicinatur,
1603 1814 1715 1882 qui,
1742 1823 1798 1867 ιιι
1830 1804 1874 1863 Β
1903 1812 2101 1866 tonius.
2126 1814 2194 1866 At
2219 1813 2307 1866 ubi
2330 1815 2381 1866 in
2408 1828 2502 1867 sua
2527 1814 2873 1882 promissione
2896 1816 3070 1867 minor
3095 1813 3339 1867 inventus
3355 1824 3457 1879 est,

245 1912 395 1966 bestia
444 1908 784 1972 insatiabilis,
818 1907 1202 1962 catholicorum
1245 1906 1430 1959 sitiens
1461 1905 1792 1975 sanguinem,

245 2002 333 2054 huc
356 2000 587 2067 illucque
606 1996 673 2052 ad
702 1996 1016 2065 rapiendum
1039 1994 1252 2067 [Rhen.,
1272 1993 1553 2064 fugientes]
1585 1993 1799 2062 rugiens

243 2087 569 2143 excurrebat.
621 2087 752 2141 Nam
798 2085 993 2155 impius
1019 2084 1315 2139 Hunericus
1363 2082 1538 2138 sciens
1581 2085 1794 2137 Antonii

243 2184 584 2238 lerocttatem,
614 2178 667 2231 in
699 2175 789 2247 [aL
831 2174 1019 2247 ipsius]
1052 2176 1181 2243 ipsis
1218 2174 1384 2229 eremi
1428 2173 1664 2243 partibus
1703 2190 1799 2229 vo-

242 2270 329 2325 luit
350 2278 599 2324 sanetum
631 2267 924 2337 Eugenium
946 2264 973 2304 δ
1002 2266 1248 2335 relegari.
1278 2266 1445 2329 Quem
1470 2280 1590 2319 cum
1618 2274 1797 2320 custo-

242 2362 479 2415 diendum
504 2360 769 2414 Antonius
796 2360 1108 2426 accepisset,
1138 2356 1206 2409 ita
1236 2370 1357 2410 eum
1379 2356 1593 2410 arctiori
1618 2367 1797 2411 custo-

240 2454 313 2506 dia
336 2453 531 2515 cinxit,
579 2459 638 2503 ut
673 2448 876 2503 nullam
917 2448 985 2502 ad
1018 2462 1140 2502 eum
1186 2445 1405 2500 introire
1435 2447 1793 2515 permitteret:

242 2544 453 2611 insuper
483 2540 647 2594 variis
676 2539 987 2593 insidiarum
1011 2548 1170 2606 atque
1212 2550 1487 2604 poenarum
1526 2537 1797 2605 suppliciis

240 2635 497 2701 cogitabat
536 2646 660 2687 eum
705 2632 1068 2699 exstinguere.
1118 2628 1221 2683 Sed
1246 2628 1513 2697 Eugenius
1541 2638 1755 2683 sanctus
1780 2668 1796 2693 ,

237 2726 349 2779 dum
377 2732 582 2779 nostra:
606 2723 992 2791 persecutionis
1012 2719 1231 2775 defieret
1247 2719 1601 2784 incommoda,
1625 2729 1679 2774 et
1706 2734 1797 2774 as-

236 2819 458 2885 peritate
502 2814 666 2869 cilicii
713 2812 883 2868 senile
926 2819 1183 2866 attereret
1237 2825 1453 2879 corpus,
1498 2814 1800 2880 nudamque

234 2924 385 2977 super
412 2907 639 2962 bumuut
665 2905 907 2959 cubitans
946 2911 1172 2959 stratum
1201 2900 1295 2972 [αι.
1326 2900 1512 2971 sacris]
1544 2902 1686 2955 sacci
1717 2902 1797 2955 sui

236 3001 422 3062 rigaret
451 2996 716 3051 imbribus
743 2995 1123 3063 lacrymarum,
1167 2990 1450 3060 aliquando
1472 2992 1640 3046 sensit
1667 2992 1802 3048 inte-

233 3102 362 3145 smm
408 3088 675 3159 paralysis
715 3086 979 3140 morbum.
1006 3084 1121 3150 Quo
1152 3081 1240 3153 [αι.
1278 3080 1485 3153 nuntio]
1529 3084 1798 3150 nuntiato,

1898 1912 2215 1971 suggerente
2243 1903 2340 1957 sibi
2367 1903 2581 1957 diabolo
2610 1904 2804 1973 cogitat
2834 1901 2997 1956 aliud.
3027 1902 3255 1957 Pedibus
3293 1904 3459 1957 mani-

1898 1994 2102 2061 busque
2131 1993 2328 2062 ligatis,
2356 1994 2579 2049 vinculis
2609 1994 2910 2062 ingentibus
2937 2000 3107 2046 arctat
3129 1994 3459 2061 episcopum,

1897 2098 2097 2153 oreque
2122 2084 2370 2139 obturato
2400 2099 2466 2138 ne
2493 2085 2669 2153 lingua
2701 2084 2977 2147 clamaret,
3008 2097 3195 2150 aquam
3226 2084 3459 2151 corpori,

1900 2182 1959 2227 ut
2005 2174 2259 2242 putabat,
2305 2173 2735 2243 rebaptizationis
2774 2178 3007 2245 spargit:
3060 2180 3211 2247 quasi
3262 2176 3462 2230 taleret

1897 2267 2275 2322 conscientiam
2309 2268 2471 2337 ligare
2487 2282 2607 2322 cum
2629 2282 2872 2337 corpore,
2905 2279 2997 2324 aut
3020 2286 3123 2325 non
3153 2269 3223 2324 ibi
3250 2269 3462 2322 adesset

1899 2359 1986 2425 qui
2017 2358 2168 2413 audit
2192 2359 2426 2428 gemitus
2462 2360 2905 2428 compeditorum,
2936 2372 2991 2417 et
3038 2362 3210 2416 cordis
3258 2370 3461 2414 secreta

1899 2449 2155 2502 rimatur:
2185 2449 2270 2503 vel
2296 2464 2549 2519 superare
2572 2461 2752 2519 posset
2772 2467 2905 2519 aqua
2934 2452 3155 2505 mendax
3187 2460 3345 2502 tanta:
3372 2464 3463 2497 vn-

1900 2538 2116 2593 luutatis
2146 2540 2497 2619 propositum,
2521 2539 2660 2609 quod
2687 2539 2795 2607 jam
2832 2540 2988 2593 homo
3038 2540 3128 2593 Dei
3159 2547 3183 2575 ο
3214 2537 3462 2590 metanti-

1902 2631 2001 2685 bus
2026 2631 2276 2699 lacrymis
2303 2629 2522 2684 miserat
2546 2631 2771 2699 legatum
2788 2630 2837 2683 in
2863 2630 3077 2683 rmlum.
3104 2628 3266 2683 Exuit
3286 2626 3462 2681 statim

1901 2719 2126 2773 vinculis
2153 2718 2351 2783 virum,
2400 2728 2456 2773 et
2484 2719 2599 2784 tali,
2631 2720 2780 2788 quasi
2820 2721 3085 2789 gaudens,
3133 2717 3465 2787 prosequitur

1901 2827 2061 2879 voce:
2099 2812 2235 2866 Ecce
2260 2811 2391 2880 jam,
2424 2810 2588 2865 frater
2617 2811 2963 2876 llabctdeuut,
3007 2821 3186 2865 noster
3212 2810 3464 2864 Christia-

1902 2918 2003 2957 nus
2029 2902 2252 2957 effectus
2280 2917 2372 2967 es;
2405 2901 2527 2971 quid
2561 2902 2694 2957 ultra
2733 2902 2908 2957 facere
2934 2904 3131 2972 poteris
3161 2903 3258 2956 nisi
3283 2911 3341 2954 ut
3371 2916 3466 2953 vo-

1903 2993 2088 3048 luntati
2117 2993 2422 3048 consentias
2466 2994 2644 3062 regis?
2683 2993 2779 3046 Cui
2825 2992 3191 3047 Habetdeutn:
3236 2992 3340 3045 Illa
3369 3002 3463 3053 est,

1904 3084 2064 3153 impie
2087 3084 2281 3139 Antooi
2299 3124 2315 3149 ,
2346 3084 2521 3137 mortis
2560 3084 2842 3149 damnatio,
2865 3082 2949 3137 ubi
2981 3084 3247 3137 voluntatis
3276 3094 3468 3137 tenetur

233 3182 280 3235 in
305 3183 499 3248 gaudia
547 3193 835 3234 conversus
874 3176 1103 3230 Arianus
1125 3217 1140 3243 ,
1174 3175 1589 3245 pergitfestinus
1615 3176 1681 3231 ad
1706 3193 1800 3231 cu-
1827 3165 1872 3227 C
1906 3178 2147 3231 assensio.
2182 3176 2293 3246 Ego
2339 3175 2460 3230 iidci
2510 3190 2644 3230 mete
2697 3182 2889 3239 tenax,
2940 3174 3159 3229 vocibus
3208 3177 3468 3229 confitens

231 3272 329 3325 bile
357 3273 511 3344 [ηυδε.
555 3270 646 3331 41,
693 3264 888 3336 essilii]
920 3267 1106 3319 eximii
1152 3265 1381 3319 hominis
1420 3265 1545 3330 Dei;
1591 3277 1643 3319 ct
1671 3281 1792 3321 cum

232 3362 453 3425 videret,
500 3367 726 3427 urgente
753 3357 1033 3425 passione,
1065 3370 1248 3410 verum
1278 3356 1579 3423 pontificem
1615 3358 1797 3411 balbu-

230 3452 411 3505 tientia
445 3450 612 3505 verba
640 3447 956 3517 producere,
982 3447 1234 3516 cogitavit
1260 3445 1416 3500 simul
1457 3456 1797 3518 exstinguere

231 3557 380 3609 quem
417 3555 712 3608 superesse
749 3538 983 3593 nolebat.
1018 3537 1274 3605 Praecepit
1315 3546 1371 3590 ut
1398 3546 1602 3592 acetum
1645 3554 1799 3606 aspe-

229 3648 341 3686 rura
390 3635 669 3700 nimisque
704 3630 1022 3685 acerrimum
1074 3637 1438 3697 qumreretur;
1494 3628 1634 3696 quol
1676 3644 1796 3683 cum

229 3723 418 3779 fuisset
463 3724 686 3779 allatum
775 3718 1095 3776 venerabilis
1140 3719 1285 3774 senis
1337 3719 1707 3774 recusantibus
1744 3730 1797 3776 et

290 3910 317 3937 ι
348 3899 540 3956 Codex
563 3898 735 3964 Port.,
762 3897 1037 3951 Servius...
1062 3898 1395 3965 Septiminus.
1422 3899 1621 3953 Horum
1641 3916 1800 3966 porro

228 3982 539 4024 sanctorum
568 3977 855 4039 martyrum
890 3970 1186 4039 passionem
1221 3970 1496 4039 retulimus
1518 3985 1677 4039 supra
1702 3988 1796 4039 pa-

225 4043 342 4108 gina
368 4042 469 4102 99,
488 4039 555 4089 ad
576 4039 776 4108 calcem
800 4038 1040 4090 Historia:
1056 4038 1286 4093 Vit-toris
1305 4038 1532 4093 Vitr-usis
1555 4038 1711 4107 (Vide
1728 4043 1800 4095 in-

227 4117 305 4180 {ra
322 4114 428 4163 tot.
446 4108 580 4180 265)
595 4149 612 4173 ,
631 4124 737 4180 quo
756 4107 872 4161 loco
889 4108 1037 4180 plura
1060 4107 1127 4162 de
1149 4109 1690 4180 illisobservavimus;
1708 4127 1801 4179 po-

226 4177 499 4237 tissimum
521 4179 592 4231 de
607 4177 874 4231 additione
891 4193 1009 4241 qu:e
1026 4178 1077 4230 itt
1101 4178 1372 4232 codicibus
1388 4179 1597 4232 duobus
1616 4177 1800 4234 manu-

226 4253 442 4318 spticris
458 4249 709 4311 habetur,
726 4263 830 4300 uno
843 4247 1328 4318 scilicetcartltttsire
1348 4249 1645 4313 Portarum,
1660 4252 1800 4305 etal-

228 4317 340 4374 tero
366 4320 715 4374 bibliouteca:
741 4318 1074 4382 Colbertinae,
1099 4333 1243 4370 unm.
1272 4317 1428 4372 1746.
1460 4318 1802 4375 Culbcrtinus

225 4390 428 4459 itaque,
447 4386 1007 4459 quenrvidimustost
1027 4390 1212 4459 horum
1232 4397 1530 4459 martyrum,
1540 4394 1801 4445 recensita

227 4454 484 4522 nomina;
510 4458 589 4511 sic
614 4456 773 4509 habet
800 4474 812 4507 :
846 4454 949 4510 Sed
972 4458 1082 4509 licet
1117 4457 1296 4509 harum
1325 4454 1804 4526 gloriosissimorunt

227 4539 523 4599 martyrum
551 4530 600 4581 in
618 4527 852 4599 prmsenti
877 4542 975 4599 non
999 4527 1297 4599 quiverimus
1318 4528 1513 4594 plenius
1532 4530 1805 4597 explanare

225 4597 488 4652 imitanda
534 4600 606 4651 vel
647 4597 946 4668 admiranda
990 4597 1298 4668 certamina,
1338 4606 1542 4668 propter
1586 4599 1805 4652 aliorum

226 4671 463 4721 νίάεΙίεεε
510 4667 950 4721 innumerabilium
992 4666 1360 4718 multitudinem
1399 4678 1714 4736 martyrum;
1751 4670 1803 4722 iu

1901 3267 2305 3335 crebris,quod
2330 3267 2492 3320 credo
2540 3273 2595 3319 et
2639 3264 2880 3329 credidi,
2925 3263 3203 3318 clamando
3236 3262 3466 3317 defendi.

1902 3361 2008 3415 διοιΙ
2034 3359 2209 3430 ειᾱῇ.
2224 3371 2402 3426 postea
2422 3372 2579 3427 quam
2601 3358 2803 3411 catenis
2820 3355 3049 3420 vinxisti,
3069 3354 3466 3422 eturisjannam

1903 3450 2171 3521 oppilasti,
2202 3452 2253 3504 in
2278 3450 2529 3519 prmtnrio
2556 3448 2730 3502 cordis
2756 3446 3025 3500 violentia:
3057 3460 3209 3510 meat,
3235 3443 3411 3497 subsct
3428 3446 3469 3495 i-

1904 3540 2150 3595 bentibus
2178 3538 2571 3607 angelis,geSIa
2597 3537 2821 3601 confeci,
2854 3544 2909 3590 et
2936 3534 3221 3589 lectitanda
3251 3535 3469 3602 impera-

1907 3633 2006 3686 tori
2037 3645 2157 3684 meo
2181 3630 2467 3684 transmisi.

1980 3723 2119 3779 Xlll.
2151 3723 2460 3777 Arianorum
2486 3720 2757 3775 violentia.
2787 3747 2857 3761 -—
2883 3719 3013 3774 Erat
3055 3719 3269 3790 quidem
3310 3732 3470 3789 gene-

1901 3905 2062 3958 ctoris
2086 3913 2336 3959 contextu
2368 3912 2512 3973 patet
2531 3905 2813 3958 Antonium
2838 3902 3208 3965 Tamallnmar,
3239 3902 3328 3957 uni
3357 3900 3472 3956 sci-

1902 3975 2027 4029 licet
2052 3990 2117 4028 ex
2155 3975 2236 4028 his
2274 3975 2520 4037 urbibus,
2558 3976 2863 4038 praefectum
2897 3974 3078 4028 fuisse.
3112 3973 3251 4027 Pene
3277 3973 3467 4026 omise-

1901 4060 2014 4125 ram
2046 4060 2262 4125 munere
2293 4047 2346 4098 in
2373 4045 2524 4099 Colb.
2560 4045 2582 4099 1
2617 4043 2704 4098 hic
2748 4043 2962 4107 haberi,
3002 4058 3167 4096 eremo
3206 4041 3468 4095 Tantalbi-

1903 4129 2087 4167 meust.

1976 4194 1999 4221 ε
2035 4185 2129 4237 llic
2156 4184 2207 4237 in
2234 4183 2384 4236 Cnlb.
2418 4182 2468 4247 1,
2498 4199 2551 4236 ιι.
2577 4181 2738 4246 5H9,
2768 4180 3007 4245 margine
3036 4181 3132 4233 ista
3162 4178 3424 4233 habentur
3451 4196 3465 4232 :

1907 4254 2008 4318 Qui
2031 4253 2325 4307 uenerabilis
2353 4256 2427 4306 vir
2453 4268 2539 4320 per
2576 4255 2757 4304 multas
2784 4250 3131 4320 tribulationes
3148 4248 3470 4320 ._utultasque

1910 4325 2165 4387 patientitc
2199 4318 2548 4385 coronas,_ad
2587 4323 2822 4374 ultimum
2849 4336 2905 4374 ιιι
2932 4322 3049 4374 idus
3084 4318 3216 4371 Julii
3253 4320 3305 4370 in
3349 4334 3471 4383 pure

1908 4394 2111 4460 quierit.
2154 4391 2477 4445 Pra'dicandi
2520 4406 2633 4444 vero
2673 4391 2931 4445 Salutaris
2973 4389 3393 4460 archidiaconus,
3423 4398 3470 4441 et

1910 4459 2128 4515 Muritta
2173 4466 2420 4515 secundus
2463 4462 2516 4513 in
2565 4460 2725 4528 o/ﬁcio
2771 4461 3145 4521 ministrorum,
3177 4460 3323 4510 tertio
3357 4459 3472 4529 jam

1910 4534 2221 4600 confessores
2243 4532 2411 4590 erecti.
2437 4527 2671 4600 gloriosae
2698 4531 2748 4581 in
2778 4529 2979 4581 Christo
3002 4527 3382 4600 perseverantia:
3409 4527 3473 4580 ti-

1912 4597 2018 4654 tulo
2040 4602 2279 4653 illustrati
2300 4597 2451 4653 sum.
2470 4600 2541 4652 De
2572 4600 2807 4663 Eugenio
2836 4606 2888 4652 et
2920 4597 3080 4651 sociis
3110 4598 3330 4651 seorsim
3351 4612 3474 4666 age-

1913 4686 2030 4725 mus
2057 4672 2106 4723 in
2132 4670 2526 4723 Commentario
2553 4668 2825 4732 historico,
2854 4683 2968 4735 cap.
2993 4668 3046 4719 8.

226 4740 328 4799 ﬁne
362 4752 543 4791 tamen
571 4736 727 4805 hujus
770 4736 935 4805 operis
968 4737 1126 4788 nostri
1144 4730 1554 4807 ἱ-ρνοηιὶίιὶηιιιιςξ
1588 4736 1804 4790 Domino
1833 4730 1884 4790 Ι)
1978 4738 2004 4775 ἀ
2036 4741 2251 4807 Aliquot
2276 4754 2403 4792 mss.
2432 4748 2485 4792 et
2513 4737 2639 4791 editi
2666 4755 2678 4787 :
2711 4730 2824 4790 Alio
2849 4730 3018 4790 autem
3046 4744 3217 4790 nostra
3238 4735 3473 4807 episcopo

225 4810 543 4877 adjurante,
578 4802 669 4858 nos
694 4811 765 4858 θα·
788 4802 1107 4877 narraturos.
1141 4802 1295 4877 unc
1321 4822 1439 4877 ergo
1463 4805 1614 4876 hujus
1654 4808 1808 4861 libelli

226 4874 395 4944 quinti
422 4878 737 4929 narrationis
765 4886 950 4928 nostra:
969 4874 1050 4927 hic
1072 4874 1186 4941 finis
1208 4885 1301 4944 est.
1332 4874 1719 4943 lncipitiuutcm
1747 4878 1811 4930 li-

223 4943 325 5003 ber
369 4954 565 5000 sextus
597 4948 649 4998 in
695 4947 797 5000 isto
834 4946 1016 5000 codice
1055 4946 1174 4998 sic:
1209 4943 1291 4997 Ea:
1330 4945 1422 4998 illo
1447 4952 1561 5014 jam
1590 4959 1811 5015 tempore

223 5018 523 5081 crudelius,
544 5026 647 5069 etc.

298 5086 327 5124 δ
380 5089 655 5150 Eugenius
702 5084 1052 5137 Tamallenum
1098 5083 1362 5152 relegatus
1409 5083 1571 5139 fuisse
1619 5084 1813 5140 dicitur

223 5157 278 5209 in
312 5156 527 5211 Notitia
574 5156 843 5209 Africana.
888 5154 1096 5206 Nullum
1135 5166 1311 5207 autern
1344 5154 1488 5207 urbis
1533 5170 1725 5207 nomen
1759 5157 1813 5208 in

224 5234 336 5279 tota
388 5226 593 5279 Notitia
625 5228 857 5279 occurrit
888 5225 1028 5292 quod
1063 5225 1278 5292 propius
1319 5224 1384 5275 ad
1428 5224 1565 5277 istud
1595 5228 1815 5278 accedat

222 5311 392 5364 quant
422 5296 778 5355 Tamalluma,
802 5309 910 5363 quo
940 5295 1097 5347 etiam
1124 5293 1415 5364 llaiLetdeus
1436 5296 1711 5347 exsulasse
1737 5296 1816 5348 in-

219 5361 299 5419 ira
352 5368 583 5419 dicitur.
617 5361 1027 5433 Duplex—annm
1072 5374 1185 5415 erat
1215 5361 1578 5433 Tantalidum,
1628 5379 1731 5415 una
1762 5367 1815 5418 in

221 5436 558 5505 liyzaccrLa,
607 5430 774 5487 altera
832 5432 883 5487 in
936 5432 1240 5505 Mauritania
1285 5430 1552 5505 Sitifensi.
1596 5433 1716 5485 Erat
1760 5444 1816 5487 et

216 5501 421 5559 rem:
462 5503 829 5563 Tentat/unua,
873 5501 1024 5570 cujus
1059 5503 1341 5568 episcopus
1381 5503 1644 5554 cititationi
1686 5505 1815 5556 Car-

214 5579 376 5645 thag.
412 5574 680 5627 interluit.
715 5572 860 5626 Hauc
890 5588 1016 5625 vero
1044 5571 1283 5645 catttdeut
1309 5586 1428 5645 esse
1456 5586 1518 5645 af.
1542 5571 1809 5645 Tantalid-

216 5640 370 5699 mar'tt
408 5645 706 5712 Byzaeenm
728 5651 910 5696 censet
934 5643 1168 5712 eruditus
1191 5640 1461 5712 Βειιιιῑὶιιδἒ
1481 5640 1551 5694 De
1574 5641 1654 5693 itis
1681 5642 1810 5695 locis

213 5709 546 5786 agintusin
572 5714 706 5769 notis
729 5713 793 5767 ad
819 5712 1062 5767 Notitiam
1090 5711 1406 5766 Africanam.
1438 5709 1600 5766 Porro
1627 5728 1691 5767 ex
1723 5712 1808 5766 Vi-

1916 4804 2227 4863 Habetdeum
2256 4808 2566 4878 relegata...
2596 4806 2856 4878 infestari,
2885 4818 2989 4861 etc.
3023 4811 3207 4878 tLomp.
3237 4820 3332 4878 pro
3358 4804 3474 4858 Ha-

1912 4879 2146 4933 betdeum
2180 4873 2511 4944 liabet'apud
2540 4873 2687 4939 euut;
2718 4877 2865 4931 illum
2898 4886 3071 4931 tamen
3103 4874 3235 4927 infra
3277 4873 3475 4929 Habet-

1914 4951 2062 5001 deum
2103 4950 2353 5014 appellat.
2384 4956 2434 5001 ct
2470 4963 2564 5013 pro
2593 4946 2986 4999 Tamalfumensi
3019 4946 3172 4998 habet
3200 4945 3477 4999 Adlumen-

1909 5020 1998 5072 sis.
2052 5019 2349 5072 llabetdens
2388 5020 2435 5069 in
2480 5017 2672 5070 Africa}
2712 5016 2902 5070 Notitia
2932 5015 3374 5069 Tan‘mliumensis
3417 5016 3470 5068 in

1916 5088 2186 5157 Byzacena
2212 5092 2490 5156 cp’scOpus
2515 5086 2730 5157 dicitur,
2762 5087 2849 5152 qui
2881 5085 3099 5157 proinde
3129 5100 3189 5137 ex
3220 5085 3349 5138 urbe
3378 5083 3478 5137 Ta-

1919 5153 2169 5281 :tiallutn;
2198 5153 2256 5237 in
2280 5153 2548 5227 Byzaccna
2577 5156 3016 5210 'l‘aunnailurnam
3043 5153 3366 5209 Mauritania:
3394 5170 3478 5206 re-

1938 5237 2125 5281 enatus
2169 5236 2263 5280 utt.

1938 5237 2125 5293 egatus
2148 5228 2263 5280 fuit.

1994 5306 2017 5333 ε
2044 5297 2196 5350 Cotb.
2231 5298 2254 5350 1
2280 5304 2330 5350 et
2361 5294 2531 5358 Port.,
2569 5295 2886 5347 micantibus.
2920 5293 3067 5347 Mart.
3087 5332 3103 5357 ,
3140 5290 3351 5356 Comp.,
3380 5290 3479 5343 Ln-

1919 5364 2145 5431 ricbius,
2195 5379 2241 5420 et
2275 5365 2462 5428 Urllt.,
2501 5364 2823 5417 mittentibus.
2857 5366 2919 5416 Et
2958 5364 3089 5416 infra
3122 5380 3134 5413 :
3170 5359 3336 5431 Ecce,
3370 5371 3475 5413 etc.

1916 5436 2069 5489 Coll).
2107 5428 2153 5501 II,
2178 5437 2359 5501 Camp.
2388 5445 2439 5485 et
2470 5434 2645 5498 Marb,
2677 5433 2915 5486 Ecclesia:
2932 5437 3075 5502 jam,
3108 5436 3264 5495 [l'aler
3292 5428 3480 5502 flabel-

1915 5508 2086 5567 deum,
2117 5499 2655 5558 nostrteCIrristianus
2677 5545 2693 5567 ,
2722 5512 2826 5557 etc.
2859 5504 2912 5554 In
2933 5499 3057 5553 cod.
3088 5508 3262 5551 autem
3292 5499 3475 5567 Cntnp.

1912 5585 1966 5628 et
1993 5577 2122 5629 edit.
2150 5574 2379 5627 Luricbii
2409 5574 2602 5628 desunt
2627 5574 2740 5627 haec
2766 5571 2925 5625 verba
2953 5588 2966 5623 :
3003 5568 3138 5634 ραιά
3167 5570 3325 5639 ultra,
3352 5580 3479 5635 etc.,

1913 5660 2078 5715 usque
2108 5646 2172 5700 ad
2203 5642 2317 5711 Cui,
2357 5652 2460 5698 etc.
