3944 6176
493 374 591 429 εει

1771 353 2078 411 VlC'l'OlilS
2118 352 2416 407 VITENSIS

3618 346 3724 401 252

495 488 620 543 ralis
642 487 740 539 ista
765 482 1017 549 violentia
1041 488 1407 550 tyrannorum.
1431 474 1561 529 Nam
1582 470 1807 526 Vandali
1838 486 1887 539 ιιι
1902 485 1936 522 o
1958 468 2058 523 hac
2085 471 2135 526 Δ
2165 465 2411 532 impietas
2431 464 2623 520 Ariana
2644 480 2673 516 a
2693 461 3000 531 parentibus
3019 462 3157 516 ﬁlios
3183 460 3431 530 parvulos
3452 474 3724 525 separare,

497 596 550 630 re
583 578 775 645 ubique
804 583 958 629 erant
994 572 1114 626 dest
1137 569 1267 633 nati,
1295 577 1352 621 ut
1400 572 1735 619 transeuntes
1761 562 1945 615 itinera
1975 575 2061 612 sa-

495 667 798 720 cerdolibns
852 663 965 718 suis
990 662 1319 716 adducerent
1359 654 1699 725 jugulandos.
1733 651 1843 724 [ΔΙ.
1884 649 1968 720 ac]
1993 650 2064 704 At

495 757 584 809 ubi
614 771 705 809 eos
744 753 947 808 fallacis
985 766 1137 819 aqua:
1179 747 1356 817 gladio
1400 746 1773 813 peremissent,
1806 741 2059 795 indicium

494 848 575 899 eis
600 844 914 912 perditionis
940 843 1202 909 scriptura
1254 847 1388 891 teste
1419 834 1713 897 tradebant,
1744 847 1815 886 ne
1841 832 1967 887 alibi
1991 831 2064 883 si-

495 939 607 991 mili
639 936 885 989 violentia
908 933 1284 994 traherentur;
1314 928 1438 997 quia
1472 942 1575 982 non
1606 925 1798 980 licebat
1828 924 1941 977 sive
1961 938 2062 976 ne-

495 1027 873 1096 gotiatoribus,
918 1024 1030 1077 sive
1060 1022 1279 1090 privatis
1318 1018 1511 1071 alicubi
1542 1017 1800 1079 transire,
1844 1014 1945 1068 nisi
1970 1012 2066 1067 de-

497 1119 747 1187 seriptam
771 1115 1097 1170 cltaracteris
1126 1109 1322 1165 iudicio
1342 1123 1493 1163 suam
1516 1107 1693 1162 miseri
1716 1104 2066 1159 ostenderent

499 1220 743 1261 mortem.
763 1205 912 1270 Quod
936 1219 1029 1271 per
1041 1199 1419 1257 revelationem
1432 1211 1588 1252 servo
1608 1212 1706 1249 suo
1728 1194 1922 1250 Joanni
1937 1193 2064 1246 olim

499 1296 601 1366 jam
620 1291 1203 1357 nstenderatChristus,
1226 1288 1317 1343 ubi
1338 1288 1494 1343 dicit:
1524 1286 1675 1341 Nulli
1692 1286 1854 1339 licebit
1868 1283 2066 1353 aliquid

499 1403 661 1440 curere
685 1387 761 1438 vel
786 1385 1017 1448 vendere,
1047 1382 1146 1435 nisi
1171 1380 1258 1450 qui
1286 1379 1516 1433 habuerit
1542 1378 1880 1431 characterem
1902 1376 2069 1429 bestia:

500 1479 551 1529 iu
573 1479 736 1549 fronte
758 1493 850 1529 sua
873 1487 920 1529 et
947 1476 1001 1527 in
1022 1489 1177 1526 manu
1206 1488 1301 1525 sua
1323 1471 1509 1540 (Apoc.
1533 1483 1651 1532 xm,
1677 1467 1767 1533 16,
1799 1468 1911 1534 l7).
1931 1465 2066 1519 Nam

501 1577 555 1620 et
583 1567 816 1633 episcopi
842 1575 999 1635 atque
1025 1561 1319 1633 presbyteri
1340 1561 1571 1623 illorttm,
1589 1575 1709 1612 cum
1738 1566 2064 1611 armatorum

502 1674 661 1713 manu
688 1657 959 1712 nocturnis
983 1656 1308 1724 temporibus
1320 1654 1466 1708 vicos
1478 1664 1531 1708 et
1545 1652 1735 1721 oppzda
1750 1649 2067 1712 circnibant,

502 1762 554 1804 et
579 1750 655 1802 sic
676 1748 971 1817 'deSpicatis
994 1747 1232 1815 postibus
1256 1745 1556 1815 januarutn,
1588 1758 1777 1814 aquam
1808 1742 2071 1811 gladium-

2161 566 2221 612 ut
2249 565 2427 627 posset
2455 571 2550 625 per
2590 555 2798 624 pietatis
2833 554 3078 608 allectum
3124 554 3285 606 etiam
3327 552 3573 606 virtutem
3605 566 3725 618 pro-

2160 657 2403 703 sternere
2430 645 2752 717 genituram.
2792 645 3173 715 Disjunguutur
3196 658 3325 712 ergo
3355 658 3383 695 a
3417 641 3726 711 parentibus

2165 748 2347 793 tenera
2382 737 2601 805 pignora
2626 736 2876 791 ﬁliorum.
2908 735 3148 804 Cumque
3168 734 3329 788 vellet
3351 733 3629 787 Liberatus
3652 733 3727 786 la-

2162 844 2375 899 crymas
2414 828 2682 891 emittere,
2719 827 3037 881 auctoritate
3074 824 3257 879 uxoria
3302 823 3644 891 increpatur,
3674 833 3726 875 et

2165 920 2216 972 in
2259 921 2375 987 ipso
2396 928 2571 972 meatu
2596 917 2771 971 exitus
2809 917 2891 971 sui
2923 917 3065 970 illico
3094 916 3342 986 lacrymte
3369 916 3725 969 siccavemnt.

2164 1010 2254 1062 Ait
2280 1009 2421 1062 enim
2444 1008 2494 1062 ei
2524 1007 2756 1076 conjux:
2790 1005 2886 1077 [αι.
2916 1006 3002 1076 Et]
3033 1007 3112 1060 En
3146 1015 3363 1075 propter
3382 1006 3538 1068 lilios,
3571 1004 3728 1059 Libe-

2165 1111 2299 1165 rale,
2324 1099 2625 1167 perditurus
2648 1112 2708 1153 es
2731 1098 2963 1152 animam
2996 1097 3180 1150 tuam?
3219 1098 3474 1164 Computa
3502 1111 3601 1151 eos
3621 1112 3727 1150 non

2165 1189 2329 1244 fuisse
2350 1201 2535 1253 natos;
2566 1203 2687 1241 nam
2731 1197 2788 1241 et
2826 1188 2970 1255 ipsos
3014 1185 3233 1240 omnino
3260 1185 3622 1240 vindicaturus
3648 1195 3730 1239 est

2165 1277 2427 1333 Christus.
2463 1277 2649 1331 Nonne
2677 1274 2825 1329 vides
2863 1289 2959 1329 eos
2995 1275 3316 1338 clamantes,
3367 1284 3422 1328 et
3465 1276 3727 1337 dicentes,

2166 1368 2454 1424 Christiani
2477 1368 2704 1422 sumus?
2727 1366 2835 1422 Sed
2858 1367 2973 1421 haec
2996 1366 3188 1419 mulier
3206 1365 3332 1434 quid
3366 1367 3418 1419 in
3440 1373 3730 1433 conspectu

2163 1460 2401 1530 judicum
2430 1459 2597 1528 egerit
2641 1457 2923 1512 tacendum
2951 1472 3055 1511 non
3081 1465 3183 1510 est.
3212 1456 3340 1509 Nam
3379 1470 3498 1509 cum
3537 1455 3657 1522 ipsa
3679 1463 3730 1507 et

2170 1552 2412 1616 maritus,
2437 1550 2559 1604 licet
2581 1563 2846 1614 seorsum,
2873 1547 3109 1603 carceris
3135 1545 3374 1601 custodia
3402 1554 3730 1607 tenerentur,

2169 1643 2242 1698 ita
2264 1653 2392 1697 utse
2409 1641 2618 1710 penitus
2634 1654 2740 1693 non
2762 1639 3026 1702 viderent,
3055 1638 3331 1692 mandatur
3354 1637 3587 1704 mulieri,
3602 1636 3733 1690 dici-

2174 1745 2361 1802 turque
2386 1732 2463 1787 illi
2489 1748 2505 1786 :
2536 1732 2694 1788 Solve
2716 1731 2825 1799 jam
2852 1729 3101 1784 duritiam
3140 1740 3304 1782 tuam.
3335 1729 3470 1783 Ecce
3499 1729 3583 1782 vir
3612 1738 3735 1781 tuus

502 1858 603 1907 que
623 1852 893 1911 gestantes
913 1841 1210 1893 animarum
1236 1839 1515 1906 praedones
1537 1836 1805 1889 intrabant
1824 1851 1839 1888 :
1860 1843 1915 1886 et
1934 1847 2069 1901 quos
2097 1826 2147 1886 Β
2172 1823 2345 1893 ρθιιιὶι
2370 1822 2595 1893 imperio
2620 1821 2782 1892 regia.
2803 1830 2857 1874 θῑ
2884 1830 3067 1875 uoster
3093 1821 3261 1871 Ῐίιυῑιιε
3276 1828 3357 1872 θεῖ
3375 1818 3731 1872 mulsum“!-

503 1932 644 1985 domi
699 1939 1027 1998 repererant,
1076 1929 1211 1983 alios
1260 1926 1402 1982 forte
1450 1926 1504 1980 in
1536 1926 1746 1980 lectulis
1792 1934 2071 1993 soporatos

506 2021 675 2075 imbre
701 2022 855 2089 igneo
876 2031 1035 2086 atque
1066 2018 1318 2073 fulmineo
1358 2024 1750 2086 respergentes,
1781 2015 2071 2069 dzemouia-

505 2128 564 2165 (‘a
598 2112 979 2166 vociferatione
1007 2110 1335 2165 Christianos
1358 2124 1488 2164 suos
1510 2107 1611 2177 ipsi
1646 2109 1844 2177 pariter
1872 2106 2073 2161 vocita-

507 2202 653 2265 bant,
684 2211 743 2255 nt
764 2211 788 2237 ⁸⁶
810 2202 988 2255 ludum
1020 2202 1190 2270 potius
1211 2216 1320 2255 sua:
1343 2200 1631 2266 haereseos,
1659 2213 1817 2267 quam
1841 2198 2071 2266 aliquam

506 2293 812 2362 religionem
857 2291 1224 2346 ostenderent.
1275 2292 1332 2346 ln
1381 2306 1487 2359 quo
1530 2292 1705 2344 minus
1751 2302 1973 2357 capaces
2016 2295 2072 2342 et

509 2384 674 2452 ignari
725 2384 997 2445 impletum
1040 2383 1092 2436 in
1134 2397 1194 2436 se
1243 2381 1549 2451 pollutionis
1596 2380 1929 2449 sacrilegium
1972 2378 2066 2450 [al.

508 2475 856 2545 imputabant]
899 2474 1191 2543 putabant:
1227 2474 1597 2541 prudentiores
1628 2486 1755 2527 vero
1783 2471 1913 2525 nihil
1946 2470 2070 2535 sibi,

507 2565 647 2635 quod
674 2566 978 2620 nolentibus
1007 2576 1165 2634 atque
1211 2563 1601 2619 dormientibus
1650 2565 1911 2631 ingesmm
1965 2572 2068 2631 est,

509 2657 697 2708 obesse
725 2655 1044 2723 gaudebant.
1065 2655 1195 2709 Nam
1217 2665 1272 2709 et
1295 2655 1447 2709 multi
1470 2654 1656 2708 eadem
1681 2654 1808 2706 hora
1838 2653 2073 2706 cinerem

509 2746 770 2815 capitibus
796 2746 907 2798 suis
937 2745 1257 2813 injecerunt,
1295 2745 1384 2797 alii
1435 2759 1575 2808 sese,
1607 2744 1688 2796 vel
1718 2743 1838 2811 quia
1878 2741 2073 2795 factum

511 2848 613 2901 Bal,
639 2835 813 2889 cilicio
845 2835 1047 2904 lugubri
1073 2842 1347 2898 texerunt,
1376 2833 1619 2887 nonnulli
1645 2847 1801 2887 caeno
1829 2831 1991 2885 fetido
2014 2831 2072 2884 li-

514 2930 749 2994 nierunt,
780 2936 838 2982 et
884 2927 1191 2981 linteamina
1240 2925 1507 2979 violenter
1555 2925 1800 2992 EInposita
1848 2937 1942 2988 per
1989 2922 2075 2975 illa

513 3021 909 3083 consciderunt,
937 3026 1096 3085 atque
1134 3018 1187 3071 in
1215 3018 1435 3071 latrinas
1470 3015 1737 3083 fetidaque
1768 3014 1884 3069 loca
1915 3029 2074 3067 manu

516 3111 636 3165 lidei
679 3109 1035 3178 projecerunt.

2172 1915 2366 1980 Aitque
2397 1915 2520 1968 illa:
2556 1912 2775 1967 Videam
2807 1910 2978 1976 illum,
3011 1918 3069 1966 et
3113 1907 3303 1963 faciam
3349 1923 3449 1975 ego
3473 1909 3614 1978 quod
3637 1922 3733 1960 vo-

2170 2005 2333 2061 luerit
2361 2006 2521 2059 Dens.
2555 2004 2756 2059 Educta
2783 2002 2944 2073 igitur
2971 2001 3040 2057 de
3057 2016 3295 2065 carcere,
3330 2001 3529 2055 invenit
3562 2016 3734 2053 virum

2171 2115 2327 2155 suum
2351 2107 2602 2163 stantem,
2627 2112 2751 2153 cum
2775 2095 2976 2165 ingenti
3007 2094 3370 2157 multitudine,
3400 2108 3498 2162 pro
3522 2094 3618 2166 [αι.
3646 2093 3738 2146 tri-

2171 2189 2377 2261 bunali]
2409 2189 2760 2244 tribunalibus
2791 2201 3090 2242 connexum
3112 2226 3130 2253 ,
3174 2196 3228 2252 et
3257 2201 3438 2241 verum
3467 2186 3739 2239 testimana

2172 2282 2315 2352 quod
2345 2283 2613 2336 tinxerant
2653 2279 2887 2345 inimici,
2920 2278 3115 2347 injecta
3144 2293 3303 2332 manu
3332 2276 3739 2346 apprehendens

2175 2387 2325 2426 oram
2352 2373 2795 2426 vestimentorum
2823 2369 2940 2438 ejus
2959 2367 3066 2441 5.5
3091 2369 3292 2437 gutturi
3323 2366 3640 2437 proximam,
3665 2369 3739 2417 vi-

2171 2461 2423 2518 dentibus
2443 2462 2690 2517 ornuibus
2704 2459 2998 2515 sutl‘ocabat
3014 2475 3160 2525 eum,
3176 2459 3360 2513 dicens
3380 2476 3395 2512 :
3414 2458 3659 2523 Perdite,
3681 2471 3738 2511 et

2172 2552 2418 2620 reprobe,
2451 2551 2636 2622 gratia:
2666 2551 2757 2606 Dei
2803 2560 2860 2604 et
2902 2549 3285 2604 misericordia:
3325 2549 3443 2617 ejus
3489 2546 3738 2615 indigne,

2174 2659 2337 2714 quare
2363 2642 2573 2697 voluisti
2606 2641 2670 2695 ad
2711 2640 2977 2695 modicum
3022 2638 3276 2708 gloriari,
3307 2648 3362 2693 et
3396 2639 3447 2692 in
3477 2648 3737 2692 aternmu

2177 2734 2393 2803 perire?
2432 2733 2567 2799 Quid
2601 2731 2697 2786 tibi
2745 2731 2985 2799 proderit
3011 2729 3236 2783 aurum?
3264 2728 3389 2798 quid
3418 2728 3738 2795 argentum?

2173 2825 2418 2895 Nunquid
2464 2823 2763 2878 liberabant
2790 2831 2841 2876 te
2864 2820 2931 2875 de
2958 2818 3171 2874 camino
3195 2819 3497 2889 gehenna?
3528 2818 3667 2872 Dixit
3685 2830 3741 2870 et.

2178 2916 2283 2969 alia
2310 2915 2496 2968 multa.
2519 2912 2615 2967 Cui
2646 2913 2867 2966 maritus
2894 2911 3197 2980 respondit:
3220 2910 3352 2977 Quid
3380 2909 3598 2979 pateris,
3626 2925 3743 2963 tnu-

2177 3009 2314 3063 lier?
2336 3006 2463 3076 quid
2489 3006 2580 3060 tibi
2608 3004 2842 3071 videtur,
2888 3013 2979 3056 aut
3010 3002 3134 3071 quid
3170 3002 3308 3055 forte
3336 3001 3403 3055 de
3443 3016 3529 3054 me
3555 3002 3744 3054 audire

2180 3102 2437 3172 potuisti?
2465 3100 2574 3169 Ego
2601 3099 2653 3154 itt
2674 3097 2892 3152 nomine
2930 3094 3127 3152 Cbrisﬁ
3153 3104 3177 3132 ⁸
3204 3093 3505 3148 Catholicus
3532 3108 3746 3162 perma-

586 3200 723 3253 XIV.
758 3197 1033 3267 Egregium
1078 3197 1303 3249 mulieris
1334 3196 1544 3265 factum.
1580 3222 1650 3234 -
1678 3192 1703 3232 ιι
1734 3193 1849 3248 Tali
1877 3191 2073 3247 violen-
2098 3188 2145 3254 C
2177 3208 2300 3255 ueo,
2334 3207 2432 3247 nec
2464 3193 2713 3244 amittere
2746 3198 2930 3258 potero
2953 3188 3236 3257 aliquando
3256 3186 3396 3256 quod
3427 3195 3604 3239 teneo.
3632 3183 3744 3253 [AL

516 3291 611 3354 tia,
636 3287 787 3342 nobis
818 3286 1139 3350 videntibus,
1182 3286 1233 3339 in
1276 3284 1593 3353 Carthagine
1624 3284 1763 3337 filios
1799 3283 2073 3351 cujusdam

516 3377 731 3440 nobilis,
782 3389 1040 3429 annorum
1096 3373 1310 3428 circiter
1352 3382 1581 3441 septem,
1631 3373 2008 3443 jussuouyrila:
2044 3387 2073 3425 a

517 3467 822 3536 parentibus
844 3475 1118 3532 separatus
1150 3473 1255 3532 est,
1287 3475 1456 3518 matre
1481 3463 1599 3519 sine
1625 3463 1940 3519 verecundia
1968 3478 2080 3514 nia.

518 3558 729 3621 tronali,
779 3556 968 3611 solutis
1017 3555 1275 3619 crinibus,
1326 3564 1443 3624 post
1491 3564 1731 3619 raptores
1779 3564 1885 3607 tota
1948 3553 2078 3607 urb:

517 3657 785 3710 currente,
810 3646 1068 3700 infantqu
1096 3646 1357 3699 clamante
1385 3652 1442 3698 ut
1472 3655 1679 3713 pcterat
1702 3662 1715 3697 :
1747 3644 2080 3700 Christianus

518 3754 655 3803 sum,
689 3737 1020 3791 Christianus
1047 3752 1188 3800 sum,
1222 3747 1243 3774 ο
1275 3736 1610 3790 Christianus
1632 3750 1771 3789 sum.
1804 3736 1925 3802 Cui,
1957 3734 2078 3788 Tri-

519 3832 737 3881 nitatem
761 3828 811 3881 in
846 3828 925 3880 Itis
952 3827 1115 3879 ternis
1152 3826 1373 3878 vocibus
1403 3826 1784 3891 declarantem,
1832 3840 1893 3879 os
1922 3825 2079 3878 obtu-

523 3930 722 3983 rantes,
776 3918 1041 3970 insontem
1095 3915 1367 3969 infantiam
1398 3916 1449 3968 itt
1480 3931 1635 3969 suum
1689 3916 1946 3984 gurgitem
1984 3917 2076 3969 de-

521 4018 843 4062 tncrset-unt.
874 4007 944 4061 Ita
975 4008 1042 4062 de
1072 4007 1193 4062 filiis
1241 4007 1430 4062 medici
1461 4009 1781 4062 venerabilis
1801 4007 1824 4045 ἀ
1851 4009 2079 4063 Liberali

522 4106 719 4155 factum
767 4115 885 4155 csse
917 4102 1187 4169 probatur.
1230 4101 1358 4156 Nam
1380 4118 1501 4156 cum
1529 4118 1594 4157 ex
1620 4102 1772 4170 jussu
1794 4108 1933 4172 regis
1960 4120 2079 4158 cum

524 4208 688 4247 inore
713 4202 768 4246 et
793 4193 974 4247 ltberis
1000 4192 1064 4246 ad
1095 4194 1336 4247 exsilium
1361 4194 1494 4246 tnitti
1515 4194 1811 4261 jnberelur,
1836 4194 2083 4262 Cogitavit

592 4358 615 4383 ι·
649 4348 771 4401 Mss.
813 4349 924 4403 fere
970 4364 1154 4403 omnes
1191 4360 1245 4406 et
1282 4351 1407 4404 editi
1446 4367 1460 4403 :
1492 4349 1691 4403 Ludum
1735 4370 1941 4415 prorsus
1982 4370 2088 4407 sure

519 4421 766 4471 hwreseos
801 4421 961 4486 magis
999 4436 1183 4487 quant,
1222 4431 1325 4474 etc.
1369 4419 1555 4487 Cnmp.
1591 4430 1767 4474 tamen
1800 4424 1957 4477 habet
1997 4440 2087 4488 po-

519 4491 636 4542 tius.
681 4489 958 4544 Lorichius
976 4530 992 4555 ,
1035 4488 1237 4544 Ludunt
1261 4492 1426 4559 potius
1463 4506 1565 4543 sua:
1594 4495 1835 4545 Iuvreseos
1865 4511 2048 4562 aquam
2067 4533 2084 4559 ,

520 4572 692 4608 annm.
720 4567 823 4608 etc.

520 4572 692 4625 quam,
720 4572 823 4611 etc.

554 4658 557 4663 ι
592 4625 619 4664 δ
817 4627 838 4679 l
867 4635 921 4679 et
944 4627 1112 4692 Port.,
1139 4628 1279 4683 Talis
1298 4631 1602 4684 violentia...
1627 4629 1932 4704 Carthagine
1952 4634 2087 4703 facta

521 4707 591 4749 est
616 4711 636 4748 :
670 4694 855 4756 Filius,
887 4706 990 4749 etc.

2176 3283 2289 3355 ubi]
2320 3284 2471 3338 Tunc
2497 3282 2728 3336 haeretici
2756 3278 3017 3334 mendacii
3039 3280 3120 3333 sui
3156 3279 3378 3343 conscii,
3410 3287 3465 3330 et
3505 3276 3705 3330 deteCti
3729 3316 3747 3340 ,

2176 3376 2435 3431 fallaciam
2457 3390 2606 3428 suam
2635 3379 2878 3427 colorare
2904 3372 3123 3425 minime
3152 3376 3456 3436 potuerunt.

2249 3468 2367 3523 XV.
2397 3466 2719 3537 Confessam:
2744 3464 2799 3518 in
2828 3464 3036 3517 desertis
3053 3462 3258 3515 mortui.
3299 3490 3370 3502 ——
3410 3460 3479 3513 Et
3504 3459 3624 3527 quia
3653 3473 3749 3512 sn-

2182 3560 2360 3629 perius
2383 3559 2449 3612 de
2468 3557 2719 3612 violentia
2750 3554 3092 3610 immanitatis
3124 3567 3309 3607 eorum
3354 3552 3587 3605 breviter
3610 3549 3750 3603 dixt-

2184 3664 2331 3715 tuus,
2363 3651 2497 3703 hanc
2524 3646 2733 3717 plurimi
2779 3655 3075 3700 metuentes
3094 3685 3110 3709 ,
3138 3645 3227 3698 alii
3258 3644 3311 3697 in
3332 3643 3627 3712 Speluncis,
3657 3643 3749 3696 alii

2186 3742 2239 3795 in
2270 3740 2501 3795 desertis
2547 3738 2677 3792 locis
2705 3737 2804 3791 viri
2836 3737 2916 3789 vel
2949 3736 3154 3789 feminae
3176 3776 3191 3798 ,
3233 3735 3378 3787 nullo
3406 3733 3506 3788 sibi
3535 3735 3752 3788 conscio

2185 3845 2306 3885 Sese
2340 3828 2658 3884 claudebant
2688 3844 2702 3881 :
2735 3837 2788 3882 et
2829 3827 3055 3893 ibidem,
3090 3827 3229 3879 nulla
3260 3836 3602 3880 succurrente
3629 3839 3752 3878 sus-

2188 3922 2478 3976 tentatione
2504 3920 2766 3981 ciborum,
2797 3918 2935 3972 fame
2966 3920 3049 3972 vel
3083 3918 3276 3985 frigore
3295 3918 3439 3981 victi,
3464 3926 3755 3971 contritum

2188 4022 2240 4067 et
2268 4010 2685 4065 contribulatum
2712 4010 2955 4079 spiritum
2984 4007 3304 4062 exhalabant
3324 4049 3338 4071 ,
3374 4005 3482 4079 [αι.
3514 4006 3641 4079 per]
3676 4025 3758 4061 in-

2190 4113 2268 4157 ter
2295 4106 2408 4157 haec
2427 4102 2733 4156 afﬂictionis
2758 4099 3112 4163 incoatmoda,
3136 4099 3404 4152 inviolatae
3424 4113 3604 4151 secum
3634 4100 3756 4153 tidei

2187 4194 2523 4248 securitatem
2568 4202 2862 4260 portantes.
2900 4191 2987 4245 Sic
3015 4193 3158 4244 enim
3207 4187 3225 4226 ί
3268 4189 3587 4243 Cresconius
3631 4204 3758 4258 pre-

2188 4363 2307 4417 tcm,
2335 4363 2441 4409 etc.

2261 4434 2285 4461 ε
2314 4421 2570 4478 Catholici
2616 4435 2809 4475 nomen
2850 4436 2991 4476 verae
3037 4421 3155 4477 fidei
3201 4421 3492 4478 cultoribus
3538 4437 3761 4491 semper

2188 4493 2498 4559 adhmsisse,
2530 4504 2714 4547 contra
2744 4492 3032 4545 nitentibus
3056 4492 3249 4546 frustra
3278 4493 3575 4550 haereticis.
3614 4506 3761 4559 patet

2183 4579 2249 4617 ex
2283 4565 2443 4619 variis
2485 4571 2788 4616 sanctorum
2832 4561 3080 4624 Patrum,
3124 4574 3281 4630 atque
3314 4563 3555 4616 Historiae
3582 4564 3761 4616 eccle-

2188 4634 2417 4687 siastica:
2445 4634 2762 4701 scriptorum
2790 4631 2948 4696 locis;
2978 4632 3247 4686 Lactantio
3278 4633 3365 4687 lib.
3395 4649 3464 4695 tv,
3496 4648 3615 4699 cap.
3647 4634 3756 4697 5t);

2190 4705 2483 4771 Augu~tino
2509 4704 2735 4769 passim;
2770 4703 3008 4771 Socrate,
3040 4703 3126 4768 qui
3158 4714 3212 4756 et
3252 4702 3576 4771 Novatianos
3601 4718 3633 4755 a
3662 4718 3760 4757 ca-

596 4777 618 4804 °
653 4765 793 4830 Fu|.,
824 4755 1041 4841 Germ,
1081 4766 1292 4841 Comm.
1323 4768 1475 4841 Colb.
1511 4771 1562 4831 l,
1607 4770 1787 4841 Porn,
1819 4778 1875 4825 et
1903 4772 2078 4837 illam,
2111 4755 2160 4815 Ι)
2186 4755 2396 4827 ιιιιιῖίὸίιι
2417 4755 2703 4835 discernit,
2724 4755 2836 4823 'etc.
2869 4769 2935 4824 In
2966 4755 3230 4827 chtholicat
3255 4755 3510 4825 Ecclesia
3538 4755 3756 4841 gremio,

525 4853 615 4899 per
640 4847 871 4889 sanctum
894 4834 1210 4905 Stephanum
1233 4835 1551 4891 Christianus
1575 4856 1705 4893 sunt.
1729 4834 1894 4894 Nemo
1916 4834 2083 4895 nescit

521 4914 765 4975 sanctum
786 4905 1111 4972 Stephanum
1141 4916 1267 4960 tunc
1288 4909 1539 4975 temporis
1562 4908 1613 4962 in
1648 4909 1819 4964 Africa
1845 4910 2086 4963 celeber-

524 4990 715 5046 ruuum
748 4973 927 5046 fuisse,
961 4976 1029 5027 ob
1069 4975 1317 5030 miracula
1346 4973 1464 5044 quae
1490 4993 1582 5046 per
1610 4977 1724 5044 ejus
1751 4994 1931 5034 sacras
1958 4981 2084 5033 reli-

523 5045 677 5111 quias
715 5060 796 5114 ex
824 5044 1099 5102 Pala‘stina
1130 5046 1345 5109 allatas,
1369 5044 1612 5102 crebrius
1644 5050 1694 5101 in
1723 5065 1783 5102 ea
1816 5050 2083 5114 provincia

527 5114 742 5187 fiebant.
772 5113 1183 5187 angustinnsde
1212 5116 1273 5169 iis
1301 5118 1493 5181 passim
1521 5119 1647 5185 agit,
1673 5113 2001 5187 pOliSSllnllm
2030 5120 2082 5173 in

527 5183 674 5255 Lhris
696 5186 759 5235 de
778 5181 1004 5255 Civitate
1022 5185 1131 5255 Dei.
1152 5185 1279 5251 Quae
1294 5195 1467 5240 auto-m
1488 5181 1799 5255 mittuntur,
1818 5188 1931 5252 Cui,
1953 5200 2080 5253 εις..

524 5270 590 5305 ex
621 5253 765 5306 Port.
792 5253 1015 5323 etColb.
1038 5256 1058 5307 l
1092 5254 1498 5323 descripsimus;
1528 5253 1614 5310 alii
1637 5274 1761 5311 vero
1782 5272 1902 5313 cum
1926 5260 2083 5313 editis

525 5322 890 5376 tantummodo
921 5322 1136 5385 habent,
1168 5326 1250 5376 cui
1278 5336 1324 5378 et
1345 5344 1399 5379 os
1420 5328 1730 5381 obturantes.

595 5394 706 5463 88
735 5389 760 5427 ἀ
793 5391 957 5455 llujus
983 5395 1176 5455 sancti,
1196 5406 1362 5463 atque.
1394 5396 1572 5450 uxoris
1599 5398 1744 5451 illius
1772 5407 1825 5450 et
1855 5396 2081 5453 lilintutn

527 5462 854 5536 memoriam
875 5463 1145 5536 celebrant
1179 5462 1474 5536 Galcsinius
1502 5474 1555 5518 et
1584 5468 1631 5518 al
1657 5477 1786 5536 quot
1823 5479 2082 5536 martyru-

530 5534 664 5603 logia
688 5532 859 5603 tlie25
875 5532 1039 5587 Martii
1057 5550 1070 5596 ;
1090 5549 1188 5600 qua
1210 5533 1294 5603 die
1309 5535 1376 5586 de
1397 5534 1461 5588 iis
1474 5532 1856 5603 quoqueaannt
1878 5532 2087 5591 Bollan-

529 5601 690 5653 diani.
716 5601 933 5655 Inferius
953 5614 1149 5667 autem,
1177 5602 1311 5657 Nam
1335 5619 1470 5668 cum,
1491 5601 1618 5669 etc._,
1646 5607 1798 5660 aliter
1826 5606 2084 5659 habentur

528 5670 583 5748 in
606 5671 725 5724 cod.
757 5672 980 5748 Comp.;
1013 5675 1122 5734 ubi,
1151 5672 1284 5725 Nam
1307 5689 1421 5726 cum
1434 5678 1678 5745 jussu....
1708 5675 1944 5748 parvulos
1964 5693 2084 5730 suos

527 5742 662 5799 ﬁlios
687 5742 913 5806 separari
944 5758 1041 5795 non
1069 5759 1218 5806 posse
1252 5753 1298 5796 et
1327 5760 1418 5813 per
1435 5742 1642 5813 pietatis
1665 5742 1902 5809 affectum
1928 5747 2082 5800 virtu-

2188 4843 2358 4910 inqnit
2380 4840 2700 4910 Augustinus
2720 4850 2904 4894 contra
2932 4842 3213 4910 epistolam
3239 4840 3674 4907 Manichmi,cap.
3698 4841 3758 4907 4.

2187 4928 2263 4963 me
2290 4921 2420 4965 tenet
2441 4914 2609 4970 ipsum
2640 4927 2818 4963 nomen
2848 4913 3143 4973 catholicas,
3177 4914 3313 4979 quod
3339 4928 3438 4963 non
3465 4912 3572 4964 sine
3602 4928 3761 4965 causa

2187 4983 2317 5033 inter
2342 4982 2527 5033 multas
2557 4979 2769 5033 Ita'rescs
2795 4981 2868 5032 sic
2905 4992 3000 5032 ista
3027 4979 3255 5033 Ecclesia
3280 4982 3529 5046 obtinuit,
3559 4992 3615 5034 ut
3641 4999 3759 5035 cum

2187 5066 2357 5103 omnes
2388 5051 2606 5102 haretici
2628 5065 2681 5102 se
2699 5050 2972 5102 catholicos
2997 5051 3098 5103 dici
3122 5051 3297 5113 velint,
3320 5053 3565 5116 (ναίει-ενιιί
3586 5061 3759 5104 tamen

2186 5121 2451 5189 peregrino
2478 5120 2653 5180 alicui,
2687 5121 2769 5171 ubi
2791 5119 2857 5170 od
2883 5119 3182 5172 catholicam
3207 5126 3552 5182 conveniatur,
3583 5124 3761 5174 nullus

2188 5190 2537 5242 hwreticorum
2582 5191 2656 5242 vel
2697 5190 2955 5242 basilicam
2989 5206 3173 5253 suam,
3215 5192 3288 5243 vel
3328 5192 3534 5242 domum
3571 5201 3760 5244 audet

2186 5261 2463 5312 asteudere.

2267 5326 2285 5365 ί
2320 5329 2451 5382 Eum
2476 5344 2594 5381 cum
2621 5344 2781 5395 supra
2814 5329 3092 5384 recensitis
3132 5338 3430 5383 memorant
3456 5339 3635 5381 Vetera
3661 5328 3764 5381 ali-

2192 5408 2340 5470 quot
2367 5398 2736 5470 martyrologia
2770 5401 2907 5466 apud
2937 5398 3306 5470 Bollandianos
3334 5399 3430 5470 die
3449 5398 3524 5470 ἓξ
3558 5399 3761 5470 Martii.

2192 5467 2291 5522 Pro
2314 5466 2605 5521 Mizeutime
2627 5469 2770 5537 Port.
2798 5470 2953 5521 Itah‘cl
2978 5467 3300 5521 Miaentanw.
3323 5467 3473 5522 Colb.
3496 5466 3551 5528 '2,
3575 5468 3761 5537 διατι,

2192 5536 2334 5603 Fttl.,
2364 5548 2417 5591 et
2444 5538 2660 5603 Cornu,
2694 5536 3000 5590 Mizeitaua'.
3034 5538 3187 5591 Colb.
3221 5539 3439 5602 tertius,
3472 5537 3764 5592 Mitetartw.

2190 5607 2366 5672 θιὼ..
2390 5608 2601 5661 Lorich.
2628 5617 2681 5659 et
2715 5607 2873 5672 Bt-lf.,
2903 5607 3179 5660 Miritanw.
3218 5609 3290 5662 De
3327 5607 3539 5660 civitate
3578 5618 3765 5663 autem

2191 5675 2532 5736 Zi-tncnsintn
2551 5677 2657 5744 jatn
2680 5692 2835 5743 supra
2859 5692 3062 5745 egimus
3084 5677 3283 5745 (Supra
3310 5678 3410 5730 col.
3440 5677 3567 5740 2:!7,
3604 5695 3657 5727 η.
3686 5687 3766 5735 αι.

2187 5749 2449 5802 Caeterum
2480 5761 2608 5803 mss.
2639 5746 2808 5811 Port.,
2838 5745 2984 5804 Colb.
3016 5749 3066 5809 l.
3092 5747 3269 5806 llam.
3295 5747 3477 5804 Germ.
3526 5758 3579 5804 et
3613 5746 3765 5803 Ful..
