3944 6176
158 371 249 429 955

1091 362 1182 419 DE
1223 357 1741 418 PERSECUTIONE
1784 354 2169 415 VANDALICA
2207 356 2338 415 LIB.
2381 359 2447 414 V.

3296 360 3401 416 ΞΜ

136 486 315 555 ‘sbyter
366 479 671 536 Mixentina:
732 476 968 532 civitatis
1021 474 1075 530 in
1130 474 1383 544 spelunca
1434 468 1715 542 Ziquensis
1742 475 1795 531 Α
1822 486 2086 541 nusquam
2132 470 2344 540 penitus
2382 471 2711 530 visebantur.
2738 475 2807 531 Et
2830 476 2920 532 ubi
2951 476 3090 532 forte
3128 475 3401 546 gramiuo-

158 578 332 632 montis
370 580 620 643 repertus
656 578 776 635 est,
810 578 1152 638 putrescente
1174 566 1285 635 jam
1309 565 1522 619 solutus
1550 561 1716 617 rada-

159 683 343 813 vegfi'l.
378 756 447 808 Et
483 753 610 822 quia
651 751 719 805 de
751 761 937 805 sancto
980 747 1310 802 llabetdeum
1355 743 1559 814 priefati
1605 743 1716 812 jam

160 864 355 914 sumus,
400 850 576 913 pergit
614 852 741 896 tunc
780 842 846 895 ad
887 838 1261 908 Carthaginem
1287 876 1303 901 ,
1332 836 1484 889 adire
1511 836 1720 888 censuit

162 938 396 992 nefarium
419 949 623 1003 regem,
657 941 712 986 ut
732 930 1113 984 conscientiam
1137 940 1288 980 suam
1316 939 1474 995 quam
1504 939 1723 993 semper

163 1028 454 1081 familiarem
478 1036 506 1061 ἰ
537 1019 814 1077 Trinitatis
844 1018 952 1087 ιαι.
974 1014 1189 1088 habuit]
1220 1016 1483 1070 habuerat
1502 1024 1558 1068 et
1582 1015 1720 1068 ami-

163 1138 283 1186 cam,
312 1130 470 1175 etiam
502 1116 808 1171 hominibus
836 1118 1033 1169 faceret
1066 1112 1430 1167 manifestam.
1464 1108 1575 1163 Nec
1596 1122 1719 1163 eum

166 1215 374 1268 retinere
402 1210 573 1280 potuit
598 1208 865 1264 Antonius
895 1213 1116 1276 propter
1144 1201 1521 1259 verecundiam
1545 1214 1721 1254 suam.

164 1306 312 1360 Oll‘ert
353 1302 671 1371 inipiissimo
702 1302 811 1368 regi
846 1298 1088 1352 libellum
1129 1296 1182 1349 in
1230 1296 1332 1349 hac
1372 1290 1723 1347 similitudine

168 1398 451 1451 verborum.
501 1393 640 1461 Quid
669 1407 852 1463 quaesti
877 1390 986 1459 jam
1025 1405 1146 1443 cum
1181 1384 1434 1458 projectis
1474 1382 1725 1439 habetis?

164 1487 289 1552 Quid
309 1501 424 1539 cum
455 1486 537 1538 eis
573 1497 708 1552 quos
737 1483 927 1536 exsilio
969 1480 1274 1549 relegastis,
1308 1476 1543 1546 quotidie
1567 1474 1724 1528 dimi-

166 1576 319 1631 catis?
345 1573 654 1630 Abstulistis
690 1571 1053 1635 substantias;
1085 1568 1360 1632 ecclesiis,
1392 1567 1594 1635 patria,
1624 1564 1725 1619 do-

168 1670 425 1736 mibusque
455 1666 730 1735 privastis.
755 1664 880 1717 Sola
911 1663 1089 1716 anima
1117 1661 1394 1721 remansit.
1419 1675 1578 1730 quam
1600 1673 1723 1728 cap-

172 1762 323 1813 tivare
363 1756 710 1813 contenditis.
742 1755 787 1810 0
818 1755 1090 1823 tempora!
1128 1769 1162 1805 o
1204 1752 1411 1806 mures!
1444 1753 1725 1804 universus

1825 576 1918 617 sus
1947 577 2138 632 cespes
2183 563 2396 618 humida
2430 575 2558 619 tunc
2583 565 2636 618 in
2663 565 2802 622 valle
2844 567 3078 636 locatos,
3113 568 3398 638 pallentem

1824 653 2001 721 potius
2045 669 2205 723 quam
2249 655 2512 710 virentem
2563 659 2831 712 nascentis
2871 658 2979 713 feni
3007 672 3245 729 coeperat
3272 675 3400 729 pro-
3459 705 3463 708 .

1824 747 1962 802 ferre
1989 749 2258 814 colorem,
2310 750 2452 803 illico
2496 765 2655 805 urens
2689 762 2743 805 et
2782 750 2965 820 igneus
2995 752 3152 806 flatus
3181 752 3397 817 aderat,

1824 848 1990 893 totum
2024 841 2279 895 torrendo
2307 842 2621 909 desiccans,
2666 843 2793 912 quia
2825 843 2927 916 [αι.
2956 844 3238 917 pulverea]
3285 848 3402 911 pul-

1825 934 2107 988 verulenta
2158 943 2450 1004 tempestas
2474 935 2626 990 arido
2654 937 2755 991 sub
2785 952 2913 991 aere
2941 938 3245 1008 decoquens
3274 955 3403 993 cuu-

1824 1031 1932 1088 cta,
1960 1038 2173 1079 omnem
2216 1026 2563 1081 nebulaverat
2591 1026 2789 1081 locum.
2832 1028 3044 1082 Nullum
3072 1038 3279 1098 gestum
3320 1039 3404 1083 est

1825 1122 2066 1182 tempore
2086 1116 2177 1170 illo
2217 1118 2642 1171 commercium:
2676 1118 2881 1173 nullum
2910 1121 3167 1189 cespitem
3215 1132 3400 1185 terrae,

1820 1203 2064 1273 juvencit
2094 1206 2460 1271 trahentibus,
2494 1208 2751 1262 scindens
2776 1214 2935 1263 vertit
2976 1221 3245 1275 aratrum;
3277 1211 3401 1280 quia

1825 1311 1926 1351 nec
1952 1298 2121 1352 bovi's
2161 1299 2453 1364 suberant,
2500 1315 2599 1355 nec
2628 1300 2656 1338 δ
2687 1311 2854 1355 rastra
2884 1305 3103 1356 omnino
3131 1316 3401 1356 remanse-

1825 1398 1966 1444 rant.
2009 1391 2153 1445 luter
2191 1392 2307 1445 haec
2335 1394 2514 1447 omnia
2560 1402 2738 1446 autem
2769 1393 2939 1459 mala,
2994 1403 3049 1448 et
3077 1395 3401 1448 rusticorum

1827 1498 2018 1536 manus
2058 1483 2160 1535 alia
2208 1481 2515 1547 interierat,
2544 1494 2598 1538 et
2627 1484 2853 1539 subinde
2879 1500 2998 1553 quae
3028 1486 3163 1538 forte
3208 1498 3401 1553 super-

1825 1586 1973 1638 erat,
2012 1574 2121 1642 jam
2167 1576 2498 1641 sepulturam
2538 1577 2831 1644 quaerebat.
2873 1575 2941 1629 Et
2968 1575 3127 1645 quia,
3179 1587 3403 1643 urgente

1825 1665 1980 1717 famis
2003 1664 2364 1737 incommodo,
2397 1680 2571 1734 neque
2596 1667 2918 1720 commercia
2938 1708 2955 1731 ,
2988 1678 3043 1719 ut
3075 1666 3167 1719 fati
3193 1680 3399 1733 smnus,

1829 1771 1928 1825 pro
1957 1756 2378 1820 consuetudine,
2421 1772 2595 1825 neque
2618 1758 2828 1811 cultura
2863 1756 3187 1811 reddebatur
3224 1756 3402 1810 debita

172 1851 268 1903 haec
292 1849 517 1902 mundus
550 1848 827 1916 intelligit,
855 1855 913 1900 et
938 1847 1054 1914 ipse
1081 1843 1172 1913 qui
1202 1842 1538 1911 persequitur
1558 1841 1720 1895 videt.
1755 1831 1801 1890 Β
1830 1846 2017 1911 terris;
2047 1846 2299 1913 iuvenum
2322 1887 2338 1909 ,
2367 1863 2577 1911 senum,
2604 1849 3024 1903 εαοιεεοεηιίυη,
3045 1888 3058 1912 ν
3089 1858 3246 1917 atque
3274 1850 3403 1902 mlo.

170 1939 217 1993 Si
244 1939 370 1993 fides
401 1938 597 1992 dicitur
627 1952 786 2005 quam
835 1936 1048 2000 tenetis,
1080 1934 1205 2002 quid
1238 1946 1381 1988 vene
1410 1932 1531 1986 fidei
1564 1947 1727 1985 mem-

172 2032 252 2086 bra
292 2032 451 2086 tantis
484 2026 948 2099 persecutionibus
992 2026 1237 2096 agitatis?
1258 2023 1395 2089 Quid
1426 2023 1576 2077 vobis
1600 2037 1723 2077 cum

170 2122 340 2176 exsilio
360 2132 566 2186 nostro,
592 2119 717 2189 quid
750 2119 898 2172 vobis
913 2130 1046 2171 tum
1076 2121 1263 2185 egenis
1289 2118 1342 2170 in
1372 2116 1473 2171 hoc
1503 2115 1721 2180 swcttlo,

170 2227 374 2280 quorum
421 2221 505 2265 est
544 2214 653 2263 vita
680 2223 893 2278 semper
923 2210 974 2261 iu
1020 2208 1274 2261 Clu-isto?
1310 2206 1492 2262 Liceat
1535 2207 1723 2260 saltem

169 2305 382 2372 gaudere
422 2306 696 2357 consortio
738 2301 1027 2355 bestiarum
1077 2300 1156 2354 eis
1194 2313 1333 2368 quos
1377 2299 1649 2367 abjecistis
1694 2312 1727 2352 a

171 2399 286 2449 facie
314 2398 551 2449 omnium
600 2396 938 2463 populorum.
972 2393 1105 2445 Dum
1153 2393 1269 2444 lucc
1304 2399 1361 2447 et
1398 2392 1482 2444 his
1529 2390 1724 2445 similia

170 2490 385 2556 pontifex
445 2488 536 2542 Dei
580 2488 833 2550 dixisset,
881 2485 1175 2540 sceleratus
1231 2492 1485 2553 tyrannus
1531 2483 1633 2538 hoc
1677 2482 1727 2537 ei

168 2582 436 2635 mandasse
488 2580 797 2648 perlubetur
826 2594 839 2631 :
876 2577 1021 2631 Vade
1062 2575 1129 2630 ad
1159 2575 1442 2645 episcopos
1474 2585 1723 2640 nostros,

167 2684 209 2726 ct
232 2672 369 2742 quod
403 2672 495 2725 tibi
525 2672 757 2724 dixerint
776 2684 1024 2738 sequere,
1058 2667 1181 2736 quia
1210 2667 1308 2737 ipsi
1338 2666 1498 2734 hujus
1526 2670 1603 2719 rei
1632 2664 1726 2718 lia-

168 2765 277 2819 bere
328 2774 626 2818 noscuntur
671 2777 769 2831 per
816 2761 996 2815 omnia
1043 2767 1382 2829 potestatem.
1414 2758 1520 2813 Sed
1553 2772 1727 2827 neque

166 2857 438 2909 Antonium
467 2854 582 2908 bace
606 2867 695 2908 res
722 2852 793 2907 ab
822 2853 1029 2906 insania
1061 2851 1231 2920 potuit
1252 2864 1527 2916 revocare,
1550 2850 1729 2903 scien-

165 2958 253 3001 tem
296 2949 471 3017 magis
511 2949 733 3016 imperio
772 2948 913 3015 regis
939 2945 1010 2998 ob
1035 2944 1138 2999 boc
1164 2944 1389 2997 multum
1422 2957 1581 3012 posse
1610 2942 1726 3011 pla-

164 3055 291 3095 cere.
326 3040 659 3095 Habetdeum
687 3054 816 3094 vero
841 3039 1123 3108 episc0pus
1162 3037 1401 3106 gaudens
1428 3036 1569 3089 bono
1597 3050 1729 3090 cou-

163 3133 386 3187 scientize
412 3149 524 3187 sua:
554 3132 621 3186 ad
652 3134 827 3185 locum
849 3130 1027 3185 exsilii
1055 3130 1245 3184 ntaluit
1274 3141 1534 3183 remeare.

222 3225 381 3281 XVII.
420 3222 604 3279 Fames
642 3224 834 3277 valida.
880 3252 952 3264 --
987 3223 1060 3275 Ea
1103 3230 1418 3290 tempestate
1458 3218 1598 3274 facta
1644 3228 1729 3273 est

163 3315 478 3372 incredibilis
504 3316 693 3382 fames,
719 3322 776 3369 et
799 3314 963 3381 carpit
987 3312 1222 3367 Africam
1251 3322 1414 3366 totam
1440 3326 1542 3364 una
1564 3309 1727 3379 depo.

162 3413 428 3476 putatione
453 3420 686 3463 vastare.
727 3405 913 3461 Nullus
943 3416 1068 3459 tunc
1107 3404 1276 3457 adfuit
1323 3402 1527 3468 imber,
1582 3401 1728 3455 nulla

163 3514 368 3565 prorsus
420 3508 564 3567 gutta
590 3499 661 3552 de
690 3496 829 3551 cutio
870 3494 1149 3565 profluxit.
1200 3494 1307 3547 Nec
1354 3493 1584 3558 frustra,
1632 3492 1729 3546 sed

160 3606 273 3645 vero
313 3603 372 3646 et
422 3594 563 3660 justo
603 3589 805 3660 judicio
849 3587 978 3656 Dei,
1026 3598 1083 3641 ut
1121 3587 1249 3653 ubi,
1284 3584 1729 3655 persequentibus

157 3683 396 3749 Arianis,
428 3684 626 3737 ruinosi
656 3681 881 3752 gurgitis
908 3694 1048 3749 aqua
1090 3678 1195 3750 [αι.
1228 3689 1284 3733 et
1308 3676 1481 3749 ignis]
1513 3677 1649 3745 ignis
1675 3687 1731 3731 et

158 3748 431 3841 sulphuris
461 3748 739 3837 bulliebat,
765 3748 1119 3841 indulgentiae
1142 3769 1377 3825 cmlestis
1396 3807 1413 3833 ,
1445 3748 1562 3837 quae
1581 3782 1727 3820 sem-

158 3880 240 3932 per
262 3884 293 3918 a
321 3868 555 3919 fluenter
584 3865 805 3930 aderat,
853 3864 1029 3932 pluvia
1076 3873 1381 3930 negaretur.
1411 3859 1609 3913 Lurida
1640 3873 1732 3912 re-

158 3968 426 4012 manserat
472 3968 627 4011 terra:
673 3956 840 4011 facies
885 3954 1080 4008 omnis.
1121 3952 1239 4007 Non
1281 3952 1404 4007 v.tis
1458 3951 1732 4021 tegebatur

153 4056 331 4103 estate
359 4046 663 4118 pampineis
687 4058 908 4116 opacata
938 4044 1202 4114 virgultis,
1233 4059 1339 4097 non
1370 4052 1485 4098 sata
1515 4057 1730 4112 reSpcr-

153 4156 203 4191 sa
243 4143 437 4194 vultus
476 4143 738 4207 cespitunt
787 4138 1088 4192 \iridabant
1133 4152 1147 4189 :
1196 4150 1302 4189 non
1355 4134 1471 4188 olea
1518 4148 1733 4202 semper

153 4233 325 4287 viridis
350 4274 369 4299 ,
409 4232 654 4302 foliisque
697 4243 897 4301 repleta
931 4228 1035 4302 [αι.
1082 4226 1335 4298 jucundi]
1360 4227 1610 4297 jucuiuhs
1637 4228 1734 4280 de-

152 4330 283 4379 coris
304 4327 396 4381 sui
421 4336 731 4380 consuetum
764 4339 973 4392 tegmen
1003 4322 1231 4376 habebat
1264 4336 1280 4374 :
1312 4335 1418 4373 non
1451 4333 1729 4388 pomorum

152 4418 413 4485 virgulta,
462 4420 751 4470 maritante
803 4414 1024 4476 tellure,
1070 4426 1312 4481 gemmas
1369 4410 1732 4479 produxerant

152 4506 370 4573 ﬂorum,
424 4517 613 4577 postea
662 4507 896 4571 fructus,
929 4512 987 4558 ut
1023 4505 1291 4567 assolent,
1326 4501 1434 4575 [αι.
1466 4498 1725 4571 editum]

151 4596 473 4652 redditura.
505 4595 703 4651 Tristia
726 4598 878 4649 fuere
899 4603 1141 4662 tetraque
1165 4594 1363 4659 omnia,
1392 4601 1450 4646 et
1479 4606 1573 4660 par
1602 4606 1725 4660 pes-

152 4690 370 4743 tilemia:
401 4690 583 4745 clades
612 4690 848 4743 Africam
873 4684 1188 4741 confuderat
1214 4699 1450 4739 omnem.
1480 4682 1596 4738 Non
1628 4684 1727 4738 bo-

149 4780 416 4847 minibus,
460 4797 568 4837 non
617 4782 872 4850 jutneutis
903 4777 1256 4849 germinantis
1283 4777 1463 4832 herba:
1488 4777 1733 4832 ediderat

152 4875 304 4927 tellus
335 4876 562 4928 Omnino
590 4888 847 4927 vrrorem.
875 4875 1143 4926 Arueiant
1161 4869 1360 4924 dudum
1383 4868 1731 4941 “curren-

149 4970 273 5024 tium
319 4969 524 5036 impetu
570 4965 831 5036 praecipiti
860 4965 994 5019 alvei
1044 4963 1361 5027 fluminum,
1392 4964 1730 5033 fontiumque

147 5076 189 5113 Ci
202 5062 454 5127 ispantes
468 5059 801 5126 perennitate
816 5057 1089 5111 subtracta
1112 5055 1313 5123 pariter
1339 5053 1556 5108 siccata:
1573 5067 1734 5111 erant

147 5169 312 5209 venae.
364 5157 512 5209 Oves
552 5163 610 5207 et
661 5153 823 5205 boves
876 5150 1144 5215 universi,
1192 5149 1413 5220 insuper
1451 5160 1507 5206 et
1536 5167 1733 5221 pecora

145 5252 340 5319 campi,
363 5251 635 5318 simulque
650 5249 835 5302 bestia:
852 5247 1134 5310 Silvarum,
1156 5245 1333 5301 inedia
1356 5260 1727 5320 consumente,

142 5470 255 5505 eum
277 5453 422 5505 edit.
443 5453 527 5503 Uri
538 5450 593 5502 ιι.
618 5457 671 5500 et
690 5447 845 5510 Belf.,
860 5445 1057 5499 habent
1080 5443 1398 5511 Quizitauw:
1413 5460 1533 5516 quae
1553 5447 1734 5512 lectio,

143 5544 179 5579 si
201 5539 329 5579 Vera
344 5530 462 5582 cst,
477 5523 560 5574 hic
578 5524 851 5584 Qntzaaut
869 5517 1039 5581 Qutda
1051 5518 1378 5570 Mauritania:
1391 5522 1736 5573 Uzesarieusis

139 5600 329 5649 civitas
362 5593 655 5651 indicatur,
689 5591 842 5656 cujus
875 5589 974 5641 loci
1007 5587 1310 5656 episcopus,
1336 5586 1633 5641 Tiberianus
1654 5589 1735 5643 di-

138 5681 287 5727 eius,
316 5664 571 5717 secundo
604 5668 721 5712 loco
750 5662 889 5713 inter
932 5660 1085 5711 istius
1117 5659 1399 5725 provincia:
1424 5658 1724 5726 episcopos,

138 5755 185 5792 tu
209 5738 426 5792 Notitta
456 5745 798 5786 mcmOra'ttr.
829 5728 903 5800 De
928 5745 1028 5798 qua
1056 5731 1190 5784 urbe
1219 5729 1368 5800 plura
1399 5728 1620 5785 inferius
1643 5730 1733 5786 ub-

137 5807 493 5865 scrvab'tutus
524 5804 575 5857 ιιι
601 5803 741 5857 notis
770 5800 836 5855 ad
862 5798 1136 5862 Notitiam.

1828 1938 2262 2008 lescentularum,
2291 1953 2577 2008 puerorum
2592 1939 2675 1994 vel
2696 1942 2855 1995 etiam
2879 1940 3170 2009 puellarum
3192 1939 3402 2009 agmina
3437 1974 3449 1985 -

1828 2029 1989 2082 simul
2035 2038 2090 2083 et
2132 2028 2319 2084 funera
2344 2070 2360 2096 ,
2390 2030 2755 2101 cbi‘poterant
2776 2072 2792 2098 ,
2822 2032 3088 2102 quomodo
3118 2042 3402 2103 poterant,

1828 2122 2029 2190 passim
2069 2122 2525 2190 diffundebantur,
2570 2123 2966 2179 circumeuntes
3006 2126 3230 2195 Oppida,
3257 2125 3404 2181 vicos

1828 2214 1911 2266 vel
1936 2213 2175 2282 singulas
2215 2218 2398 2268 urbes.
2428 2214 2687 2268 Conversi
2718 2214 2859 2269 enim
2886 2215 2937 2269 in
2969 2230 3151 2269 arcum
3179 2231 3400 2286 pravum

1828 2312 1884 2357 et
1914 2318 2223 2373 perVersutn
2252 2304 2441 2375 (Paul.
2492 2321 2702 2371 Lxxrn,
2748 2306 2885 2374 57),
2929 2318 3086 2375 atque
3130 2306 3405 2363 irritantes

1829 2394 1996 2448 Deum
2027 2396 2091 2449 ad
2116 2411 2281 2465 aquas
2302 2397 2740 2451 contradictionis
2762 2395 2942 2468 (Psal.
2967 2413 3052 2463 cv,
3079 2397 3400 2467 52),famem

1828 2489 2169 2557 patiebantur
2195 2498 2252 2543 ut
2279 2505 2441 2544 canes
2485 2489 2668 2558 (Paul.
2703 2505 2861 2551 Lvttt,
2906 2491 2959 2560 7,
3000 2488 3134 2560 15),
3189 2507 3294 2545 ιιυιι
3345 2501 3403 2544 ut

1828 2582 2175 2635 comederent
2200 2596 2413 2650 panem,
2437 2580 2533 2636 sed
2557 2592 2611 2634 ut
2640 2582 2905 2636 infensam
2937 2582 3221 2647 sentirent,
3242 2596 3402 2650 quam

1829 2683 2178 2740 negaverant,
2202 2672 2541 2725 Trinitatem.
2570 2672 2675 2726 Alii
2705 2672 2883 2725 diffusi
2916 2688 3008 2740 per
3032 2687 3280 2741 campos,
3312 2671 3403 2727 alii

1828 2772 2037 2817 secreta
2085 2763 2341 2817 silvarum
2392 2764 2669 2832 petebant;
2701 2764 2946 2834 antiquas
2977 2764 3181 2817 radices
3209 2764 3402 2818 herba-

1828 2872 1983 2921 rum,
2028 2858 2109 2911 vel
2148 2856 2462 2926 quisquilias
2498 2855 2703 2924 aliquas
2727 2858 3084 2928 requirentes.
3116 2856 3389 2921 Nonnulli,

1826 2963 1949 3003 cum
1971 2948 2134 3003 domo
2166 2959 2464 3003 niterentur
2484 2950 2687 3018 egredi,
2716 2948 2772 3003 in
2795 2952 2910 3015 ipso
2937 2947 3122 3002 limine
3148 2964 3403 3003 corruen-

1828 3050 1944 3107 tes,
1980 3042 2291 3096 catervatim
2340 3042 2482 3096 fame
2527 3040 2829 3096 debellante
2877 3040 3172 3103 cadebant;
3226 3050 3407 3095 strata:

1835 3148 1963 3187 vero
2000 3133 2089 3187 vel
2134 3133 2339 3187 semitm
2368 3132 2718 3188 cadaveribus
2745 3133 2994 3202 repletae,
3041 3132 3406 3204 exhalautium

1834 3226 2004 3281 fetore
2031 3238 2362 3280 mortuorum
2386 3266 2399 3290 ,
2439 3224 2744 3295 gradientes
2777 3225 2927 3279 rivos
2956 3225 3101 3278 omni
3146 3238 3210 3277 ex
3258 3233 3409 3292 parte

1833 3316 2114 3371 necabam.
2145 3316 2253 3370 hec
2281 3317 2503 3370 deerant
2532 3314 2770 3384 quoridie
2800 3316 2997 3383 ubique
3024 3312 3407 3382 expirantium

1832 3409 2041 3476 funera,
2073 3421 2125 3464 et
2156 3426 2261 3463 ιιυιι
2284 3409 2589 3464 eratvirtus
2609 3448 2625 3474 ,
2657 3424 2779 3477 quae
2810 3407 3171 3461 miserationis
3200 3408 3409 3474 impen-

1831 3504 1981 3555 deret
2025 3502 2375 3569 sepulturam.
2402 3498 2585 3568 Neque
2610 3499 2753 3552 enitn
2792 3499 3131 3551 sufficiebant
3155 3498 3220 3547 ad
3250 3511 3408 3564 sepe—

1832 3592 2067 3647 liendum
2090 3594 2191 3645 vivi
2217 3631 2231 3655 ,
2260 3595 2399 3645 fame
2419 3592 2760 3653 dominante,
2786 3600 2839 3643 et
2867 3589 2967 3658 ipsi
2995 3599 3115 3657 post
3136 3588 3408 3656 paululum

1833 3682 2097 3739 morituri.
2144 3680 2443 3750 Cupiebant
2492 3680 2685 3750 singuli
2725 3678 3027 3733 libertatem
3075 3693 3227 3732 suam
3276 3679 3410 3731 filio-

1832 3790 2060 3842 rumque
2090 3787 2311 3826 suorum
2341 3784 2616 3841 perpetrm:
2644 3769 2888 3825 servituti
2915 3770 3155 3837 redigere
3177 3810 3193 3837 ,
3225 3779 3276 3822 et
3306 3785 3409 3823 noti

1832 3878 2081 3941 poterant
2129 3866 2392 3921 invenire.
2444 3867 2650 3918 Montes
2675 3873 2728 3917 et
2760 3861 2925 3915 colles
2946 3901 2962 3927 ,
2995 3862 3184 3931 platea:
3228 3858 3412 3915 civita-

1835 3971 1944 4013 tum
1967 3997 1984 4024 ,
2021 3960 2121 4012 via:
2147 3957 2229 4011 Vel
2259 3959 2467 4010 semitze
2490 3970 2653 4008 unum
2677 3954 2927 4008 omnibus
2949 3955 3188 4006 fecerant
3216 3951 3411 4020 ubique

1831 4054 2159 4119 sepulcrum,
2191 4049 2383 4118 quibus
2413 4046 2589 4101 inedia
2620 4045 2916 4113 depasccns
2958 4044 3314 4112 denegarerat
3338 4042 3413 4095 vi-

1832 4153 1999 4198 ctum.
2036 4142 2259 4195 Vandali
2304 4148 2481 4194 autem
2515 4138 2645 4208 ipsi,
2688 4152 2822 4207 quos
2853 4148 2906 4191 et
2937 4140 3084 4205 prius
3115 4135 3411 4205 frequentia

1832 4235 2118 4290 multarum
2149 4231 2545 4301 provinciarum
2569 4230 2762 4299 Spolia,
2786 4238 2840 4283 et
2866 4224 3040 4299 [ϐοῶ.
3072 4227 3124 4290 l,
3153 4222 3412 4297 recentia]

1832 4328 2062 4383 retentio
2094 4325 2286 4380 Africa:
2310 4324 2482 4393 primo
2505 4322 2741 4378 fecerant
2762 4322 2976 4387 divites,
3006 4319 3207 4388 majore
3233 4317 3412 4385 inopia

1834 4418 2239 4489 torquebantur.
2272 4415 2335 4468 Et
2384 4424 2584 4485 quanto
2629 4414 2730 4469 sibi
2768 4413 3086 4467 videbantur
3126 4424 3405 4463 servorum

1833 4511 2141 4581 aggestionc
2171 4506 2421 4576 superbi,
2470 4515 2617 4559 tanto
2656 4503 2885 4573 amplius
2918 4502 3240 4555 deﬁciebant
3273 4499 3413 4553 fame

1834 4610 2119 4674 torquente
2157 4601 2372 4655 defecti.
2416 4598 2605 4653 Nullus
2644 4596 2843 4666 filium,
2877 4595 3055 4650 nullus
3092 4599 3410 4665 conjugetn,

1834 4695 2013 4749 nullus
2055 4692 2327 4762 proprium
2376 4688 2551 4745 tenuit
2588 4703 2805 4743 servum
2838 4706 2851 4742 :
2882 4687 2977 4741 sed
3019 4688 3204 4742 exiens
3251 4701 3414 4739 unus-

1835 4788 2091 4857 quisque,
2136 4799 2241 4838 uon
2273 4783 2360 4837 ubi
2390 4781 2557 4835 voluit
2581 4780 2679 4835 sed
2725 4780 2813 4835 ubi
2854 4779 3047 4844 valuit,
3096 4790 3186 4833 aut
3233 4781 3412 4831 statim

1834 4882 2054 4946 defecit,
2071 4888 2161 4932 aut
2174 4890 2448 4947 nunquam
2464 4875 2684 4929 omnino
2705 4872 2917 4928 redivit.
2940 4871 3237 4943 Urgebatur
3251 4874 3414 4924 etiam

1839 4983 1963 5027 tunc
1988 4967 2169 5023 infelix
2201 4963 2483 5021 multitudo
2513 4965 2578 5018 ad
2610 4966 2781 5033 ipsatn
2813 4962 2999 5018 urbem
3036 4962 3414 5030 Uanhaginv-nt

1839 5060 2173 5132 congregari.
2218 5059 2284 5113 Et
2322 5058 2449 5111 dum
2478 5056 2605 5110 illuc
2627 5055 2940 5109 catervatim
2972 5052 3145 5106 adhuc
3186 5055 3415 5104 animata

1841 5158 2100 5212 cadavera
2129 5152 2482 5212 confluerent,
2508 5149 2594 5201 ubi
2624 5161 2712 5200 rex
2744 5144 3139 5198 iufeicndarum
3165 5144 3416 5196 mortium

1842 5248 1975 5304 vidit
2004 5256 2230 5315 strages,
2253 5243 2377 5312 pelli
2403 5241 2532 5294 urbe
2552 5253 2739 5292 omnes
2770 5238 2912 5290 illico
2930 5235 3106 5304 jubet,
3134 5251 3201 5287 ne
3229 5245 3417 5286 conta-

1913 5455 1938 5483 ⁸
1966 5444 2155 5511 Comp.
2185 5452 2236 5497 et
2263 5441 2462 5511 Rlien..
2493 5435 2742 5511 Trinitas.
2770 5434 3046 5511 Lorichius
3060 5471 3089 5511 ,_
3114 5432 3416 5511 divinitatis.

1839 5518 1905 5573 Et
1935 5518 2066 5570 intra
2094 5504 2189 5584 pro
2218 5510 2568 5584 verecundiam
2588 5550 2603 5574 ,
2632 5508 2788 5584 Cudb.
2820 5512 2839 5559 t
2876 5506 3034 5584 habet
3074 5504 3413 5584 iracundiaet.

1909 5588 1935 5625 δ
1967 5588 2057 5642 Sic
2082 5574 2285 5652 optime
2314 5582 2430 5652 Fnl.
2463 5582 2533 5634 At
2563 5581 2715 5633 colli.
2756 5580 2777 5630 1
2810 5585 2868 5652 et_
2901 5577 3054 5628 Urih.
3098 5588 3219 5627 cum
3265 5574 3421 5652 Luri-

1835 5659 2001 5722 t-liio,
2054 5643 2249 5710 (ii-utra.
2297 5651 2450 5710 Cofb.
2496 5653 2663 5717 alter,
2708 5643 3007 5711 mendose,
3054 5656 3231 5713 astra;
3283 5646 3373 5700 alii
3401 5686 3419 5714 ,

1837 5739 2003 5783 castra
2015 5764 2029 5780 .
