3944 6176
551 367 655 423 255

1831 359 2138 417 VICTORIS
2178 359 2482 418 VITENSIS

3691 363 3799 419 256

549 482 638 547 gio
666 478 1040 539 deficientium,
1065 490 1346 532 commune
1374 486 1588 546 pararet
1612 476 1771 529 etiam
1797 484 1824 511 ι
1853 474 2113 529 exercitui
2143 475 2195 533 Α
2223 475 2345 527 talia
2395 482 2778 530 tormentorum
2820 476 3055 539 invenit,
3094 477 3272 546 qualia
3321 493 3419 531 nec
3463 477 3577 546 ipse
3620 487 3644 516 ε
3686 477 3797 533 ble-

552 575 666 636 eius
697 572 1019 640 sepulcrum.
1048 569 1171 624 Suis
1199 585 1330 638 ergo
1354 568 1640 637 provinciis
1666 566 1987 621 etdomibus
2012 565 2115 619 sin-

554 664 707 731 gulos
750 665 973 730 imperat
1014 661 1276 715 revocari.
1305 660 1411 715 Sed
1443 675 1543 713 nec
1570 667 1723 712 crant
1748 658 1837 725 qui
1878 664 2118 711 reverte-

554 762 756 818 rentur,
778 755 902 807 dum
925 754 1149 822 quisque
1171 751 1350 819 utique
1375 751 1701 819 sepulturam
1723 764 1871 803 suam
1898 748 1949 802 in
1974 750 2119 804 vultu

557 852 814 911 portaret.
849 842 914 897 Et
940 842 1138 896 idcirco
1168 843 1305 894 forte
1332 840 1506 907 major
1534 840 1979 907 rebaptizatorum
2000 854 2121 905 per-

552 935 685 988 ditio
715 936 880 1002 potuit
911 932 1211 1001 provenire,
1235 932 1356 1000 quia
1378 931 1501 984 dum
1531 929 1855 998 promittitur
1875 929 1942 983 ab
1967 930 2120 982 Aria-

555 1027 635 1079 nis
665 1025 942 1093 prmseutis
973 1025 1261 1078 transactio
1289 1023 1440 1085 vitae,
1485 1037 1584 1075 nec
1615 1022 1742 1075 illud
1772 1021 2020 1086 obvenit,
2066 1030 2121 1074 et

555 1131 699 1167 mors
742 1129 970 1183 sequens
994 1115 1164 1183 prima
1203 1112 1490 1167 secundam
1524 1113 1797 1180 praevenit.
1828 1112 1884 1165 lu
1917 1122 2118 1165 tantum

554 1204 713 1270 igitur
741 1204 839 1255 sibi
870 1204 1155 1257 dei-astans
1190 1202 1480 1256 vindicavit
1521 1202 1689 1257 fames
1711 1202 2033 1267 dominium,
2066 1211 2122 1255 ut

556 1294 669 1347 loca
702 1294 954 1347 nonnulla
997 1303 1051 1346 et
1092 1291 1377 1346 admodum
1408 1292 1695 1360 populosa,
1729 1292 2120 1347 habitatoribus

551 1386 870 1449 exstinctis,
899 1385 1007 1439 alto
1052 1399 1193 1438 nunc
1232 1384 1478 1452 silentio,
1510 1384 1615 1456 47
1662 1385 1953 1454 parietibus
1992 1384 2121 1438 solis

552 1477 905 1540 exstantibus,
936 1476 1336 1545 conquiescant.

624 1567 809 1619 XVIII.
846 1565 1193 1619 Barbarorum
1238 1583 1422 1620 mores.
1450 1595 1520 1606 —
1548 1566 1655 1621 Sed
1703 1566 1830 1635 quid
1873 1580 1973 1634 ego
2011 1565 2120 1633 jam

551 1659 809 1713 immoror
844 1660 896 1711 in
940 1657 1042 1711 hoc
1082 1658 1223 1725 quod
1259 1659 1535 1724 explicare
1581 1673 1685 1711 non
1714 1658 1884 1726 queo?
1910 1656 2039 1709 Nam
2069 1664 2124 1710 et

549 1747 595 1799 si
620 1762 760 1800 nunc
785 1755 1157 1815 superessent,
1190 1746 1272 1801 vel
1302 1746 1379 1801 eis
1411 1746 1509 1800 fari
1537 1746 1605 1801 de
1634 1745 1830 1799 talibus
1858 1745 2116 1811 licuisset,

2224 566 2429 620 zentius
2475 567 2797 636 exquisivit?
2854 568 3133 623 Dimicavit
3186 578 3370 622 contra
3431 568 3796 624 innocentiam

2222 659 2484 728 cupiditas
2513 660 2729 724 luroris,
2762 668 2817 715 et
2841 658 2870 697 εί
2898 660 3136 715 avaritia:
3165 661 3473 723 crudelitas,
3500 671 3559 714 ut
3598 672 3654 716 et
3680 663 3798 715 ani-

2223 765 2338 804 mas
2370 751 2644 819 perderet,
2667 760 2722 806 et
2747 751 3093 806 substantiam
3127 750 3466 820 harpagaret.
3494 750 3551 805 Si
3578 752 3800 805 collatio

2222 841 2642 907 desiderabatur,
2685 858 2849 910 quare
2887 843 3089 911 rapina:
3114 857 3292 897 rerum
3330 841 3643 907 alienarum,
3686 858 3798 895 nun

2223 939 2429 985 tantum
2454 932 2809 998 sacerdotum,
2835 947 3023 987 verum
3056 934 3214 987 etiam
3243 931 3481 986 omnium
3506 933 3801 987 Iaicorum?

2224 1022 2327 1077 Sed
2378 1023 2453 1076 illi
2496 1024 2775 1091 exspoliati
2824 1025 2981 1078 laetati
3033 1034 3189 1090 sunt,
3233 1032 3289 1080 et
3333 1022 3568 1094 rapinam
3612 1040 3795 1079 rerum

2222 1127 2436 1167 suarum
2461 1129 2580 1167 cum
2608 1115 2800 1184 gaudio
2825 1125 3195 1185 susceperunt.

2212 1234 2217 1239 -
2294 1202 2437 1257 XIX.
2482 1205 2637 1259 Adsit
2658 1205 2767 1272 jam
2801 1221 2982 1274 quaeso
3008 1206 3183 1260 omnis
3212 1213 3361 1271 retas,
3406 1210 3580 1264 omnis
3608 1198 3795 1268 scius.

2222 1296 2502 1364 omnisque
2530 1296 2785 1350 conditio.
2816 1297 3000 1362 Adsit,
3034 1297 3281 1364 obsecro,
3312 1298 3489 1352 omnis
3519 1298 3666 1351 turba
3698 1312 3796 1350 ca-

2224 1385 2403 1439 tholici
2434 1387 2699 1441 nominis:
2727 1402 2847 1456 quae
2891 1389 3093 1457 gremio
3134 1395 3375 1443 materno
3410 1398 3521 1443 toto
3546 1391 3674 1444 orbe
3699 1404 3796 1458 ge-

2223 1482 2416 1540 stator,
2448 1492 2566 1545 qua:
2591 1479 2703 1532 sola
2747 1493 3058 1545 germanum
3099 1479 3440 1534 commodare
3480 1479 3621 1533 novit
3661 1478 3795 1533 affe-

2222 1575 2399 1631 ctum,
2426 1582 2544 1636 qum
2580 1567 2768 1625 didicit
2799 1584 2827 1623 a
2859 1570 3021 1624 Paulo
3050 1570 3305 1638 magistro
3344 1580 3401 1624 et
3437 1569 3795 1640 gaudentibus

2222 1658 2512 1724 collatari,
2539 1668 2594 1713 et
2634 1674 2753 1713 cum
2799 1660 3099 1729 lugentibus
3141 1660 3419 1715 lamentari
3462 1659 3639 1731 (Rom.
3679 1675 3795 1725 xu,

2227 1751 2336 1821 15).
2368 1752 2699 1806 Conveniam
2732 1752 2889 1805 simul
2920 1752 2985 1807 ad
3015 1752 3230 1806 domum
3270 1750 3437 1806 nostri
3479 1750 3698 1815 doloris,
3741 1761 3795 1805 et

550 1847 605 1893 et
646 1838 900 1892 Tullianae
944 1838 1263 1907 eloquentia
1304 1837 1493 1891 ﬂuvius
1540 1838 1862 1903 siccaretur,
1909 1846 1963 1891 et
2008 1836 2121 1891 Sal-
2151 1831 2198 1891 Β
2228 1843 2441 1913 paribus
2468 1844 2637 1898 oculis
2672 1843 2952 1898 fundamus
2990 1842 3207 1897 ﬂumina
3247 1842 3633 1912 lacrymarum,
3667 1844 3794 1910 quia

490 1986 491 1989 η
550 1930 738 1982 Iustius
767 1930 994 1996 elinguis
1015 1928 1335 1983 omnimodis
1360 1937 1680 1983 remaneret.
1708 1927 1803 1991 Et,
1833 1937 1890 1981 ut
1914 1928 2117 1981 alienos

550 2017 797 2085 indignos
838 2018 916 2071 rei
950 2026 1107 2071 tantm
1136 2026 1449 2086 praeteream
1472 2058 1487 2082 ,
1525 2016 1570 2071 si
1611 2016 1956 2071 Caesariensis
1996 2030 2117 2070 sur-

549 2118 694 2174 geret
729 2108 987 2162 Eusebius
1014 2108 1080 2161 ad
1117 2109 1216 2162 hoc
1242 2121 1377 2174 opus
1408 2107 1654 2173 idoneus,
1683 2118 1774 2161 aut
1800 2107 1918 2175 ejus
1948 2118 2119 2162 trans-

549 2197 685 2250 lator
707 2196 905 2252 Gmecte
935 2197 1222 2266 facundia),
1262 2196 1433 2268 [ιον-η
1460 2197 1786 2270 Latiumque]
1814 2198 2118 2267 Latinisque

550 2287 771 2341 tioribus
802 2286 1021 2340 Rullnus
1050 2296 1307 2342 ornatus:
1339 2297 1395 2342 et
1436 2289 1559 2357 quid
1605 2290 1807 2341 multa?
1837 2304 1943 2342 non
1983 2290 2115 2342 Am-

550 2376 779 2438 brosius,
809 2390 914 2429 non
948 2376 1321 2445 Hieronymus,
1354 2391 1452 2431 nec
1492 2377 1609 2444 ipse
1637 2386 1821 2431 noster
1848 2378 2117 2433 sufﬁceret

547 2463 889 2531 Atlglhliltlls.
924 2466 1104 2518 Audite
1137 2466 1264 2529 haec,
1301 2482 1473 2519 omnes
1517 2476 1721 2537 gentes;
1762 2467 1972 2519 auribus
2001 2484 2117 2537 per-

546 2553 723 2621 cipite,
757 2571 927 2608 omnes
965 2557 1051 2624 qui
1076 2557 1317 2610 habitatis
1363 2559 1562 2624 orbem,
1608 2558 1793 2627 quique
1828 2559 2112 2628 terrigenae,

545 2653 592 2695 tt
642 2644 736 2707 ﬁlii
778 2648 1068 2713 hominum,
1111 2647 1264 2699 simul
1314 2647 1368 2700 in
1421 2664 1577 2700 unum
1629 2648 1769 2701 dives
1820 2656 1868 2701 et
1921 2665 2115 2721 pauper

545 2735 716 2804 (Ρεαι.
750 2753 941 2801 xum,
969 2738 1044 2807 1).
1075 2738 1320 2793 Nonnulli
1350 2740 1436 2809 qni
1475 2740 1732 2796 barbaros
1769 2740 2020 2811 diligitis,
2060 2753 2114 2797 et

545 2841 638 2879 eos
665 2828 715 2879 in
753 2828 1249 2884 condemnationem
1277 2842 1510 2885 vestram
1543 2832 1827 2901 aliquando
1863 2833 2112 2898 laudatis,

543 2916 793 2973 diseutite
822 2934 1048 2983 nomen,
1087 2932 1142 2974 et
1187 2921 1465 2989 intelligite
1507 2936 1706 2977 mores.
1738 2923 2112 2993 Nunqdidaho

544 3008 761 3076 proprio
804 3010 1019 3062 nomine
1065 3012 1285 3064 vocitari
1332 3020 1605 3079 poterant,
1656 3014 1759 3068 nisi
1796 3023 1855 3069 ttt
1898 3014 2111 3071 barbari

543 3096 882 3161 dicerentur;
911 3096 1204 3153 ferocitatis
1244 3100 1445 3167 utique,
1492 3103 1823 3159 crudelitatis
1851 3113 1906 3160 et
1940 3115 2112 3160 terro-

2219 1948 2396 1988 causte
2436 1944 2491 1988 et
2530 1933 2652 1988 fidei
2695 1941 2893 1989 nostra:
2922 1949 3085 1988 unum
3124 1943 3208 1989 est
3245 1933 3535 2001 negotium.
3575 1932 3794 1986 Nullum

2223 2029 2346 2081 volo
2371 2027 2437 2080 ad
2467 2027 2860 2082 condolendum
2893 2043 3101 2083 mecum
3132 2026 3440 2081 haereticqu
3478 2027 3792 2091 convenire,

2217 2118 2307 2186 qui
2334 2117 2470 2173 forte
2494 2118 2692 2173 addere
2712 2113 3041 2188 concupiscit
3063 2134 3224 2186 super
3245 2119 3482 2173 dolorem
3509 2120 3794 2173 vulnerum

2218 2196 2461 2263 meorum
2504 2208 2679 2280 (Psal.
2723 2225 2916 2276 vam,
2967 2207 3092 2278 27),
3122 2218 3176 2264 et
3213 2209 3509 2279 gratulatur
3552 2210 3794 2278 quotidie

2218 2301 2371 2354 malis
2412 2302 2544 2356 meis
2591 2301 2769 2374 (Psal.
2810 2318 2989 2367 xxxiv,
3032 2302 3147 2371 26).
3190 2302 3354 2368 Nolo,
3392 2302 3515 2357 nolo
3558 2318 3657 2372 ego
3696 2319 3782 2358 ex.

2218 2399 2493 2455 traneum,
2533 2392 2627 2447 sed
2661 2395 2957 2449 fraternum
2994 2409 3177 2465 quaero
3213 2394 3499 2449 allectum:
3534 2394 3656 2448 nolo
3684 2394 3793 2449 ali-

2215 2496 2373 2549 quem
2422 2481 2649 2537 filiorum
2697 2483 3028 2551 alienorum,
3072 2499 3295 2554 quorum
3326 2499 3389 2539 os
3432 2484 3665 2538 locutum
3706 2495 3790 2539 est

2219 2574 2534 2639 vanitatem,
2585 2582 2640 2629 et
2697 2574 2911 2630 dextera
2971 2590 3154 2630 eorum
3202 2574 3421 2631 dextera
3479 2575 3782 2645 iniquitatis

2219 2662 2389 2733 (Paul.
2428 2679 2618 2730 exuti,
2660 2664 2715 2734 8)
2750 2684 2762 2718 :
2815 2666 2937 2734 quia
2985 2665 3077 2720 filii
3125 2666 3283 2721 alieni
3326 2681 3539 2735 semper
3578 2667 3788 2721 mentiti

2215 2765 2339 2809 sunt
2379 2755 2537 2820 mihi,
2576 2756 2666 2825 qui
2708 2758 3140 2811 inveteraverunt
3187 2765 3243 2811 et
3281 2755 3710 2810 claudicavrrunt
3758 2773 3787 2808 a

2214 2846 2418 2899 semitis
2459 2846 2570 2900 suis
2615 2845 2783 2918 (Psal.
2813 2862 2917 2899 xvu
2940 2887 2955 2913 ,
2986 2846 3101 2915 46).
3142 2845 3229 2900 Isti
3273 2832 3456 2900 dicunt
3487 2846 3615 2899 mihi
3646 2861 3786 2913 quo-

2216 2934 2341 2990 tidie
2367 2952 2380 2988 :
2417 2934 2515 2989 Ubi
2540 2946 2613 2990 est
2644 2935 2780 2990 Deus
2817 2945 2933 2989 tuus
2966 2935 3133 3005 (Psal.
3164 2952 3251 2991 xu
3274 2978 3289 3002 ,
3319 2935 3415 3005 4)?
3442 2936 3567 2990 dum
3595 2936 3791 3003 afﬂigi-

2215 3035 2301 3079 tur
2322 3026 2547 3095 populns
2573 3029 2808 3095 pretioso
2828 3026 2963 3095 Agni
2981 3027 3237 3095 sanguine
3255 3035 3615 3095 comparatus.
3643 3025 3790 3079 Inter

2211 3130 2439 3185 quorum
2485 3116 2772 3185 opprobria
2818 3131 2920 3186 ego
2962 3116 3027 3171 ad
3077 3116 3283 3185 flagella
3332 3126 3550 3185 paratus
3597 3115 3787 3185 (Psnl.

544 3187 617 3239 ris
644 3187 957 3240 vocabulum
984 3188 1353 3257 possidentes?
1382 3191 1524 3256 Quos
1550 3194 1972 3264 quantiscunque
1994 3211 2112 3249 mu-
2137 3193 2182 3255 C
2216 3218 2428 3269 xxxvii,
2461 3204 2569 3274 18),
2603 3213 2819 3260 cantare
2847 3220 2951 3258 non
2980 3205 3181 3260 desisto
3211 3205 3433 3259 Domino
3461 3205 3790 3273 ﬂagellanti:

545 3276 766 3329 uertbus
797 3276 1011 3343 foveris,
1050 3281 1472 3349 quantiscunque
1500 3282 1775 3338 delinieris
1801 3285 2106 3356 obsequiis?

541 3362 617 3417 illi
674 3366 813 3419 aliud
862 3369 1137 3433 nesciunt,
1191 3370 1292 3424 nisi
1341 3371 1579 3426 invidere
1629 3372 1654 3411 δ
1704 3376 2001 3430 Romanis:
2052 3384 2111 3431 et

541 3465 792 3524 quantum
821 3458 885 3511 ad
933 3475 1116 3513 eorum
1157 3463 1344 3516 attinet
1382 3465 1733 3533 voluntatem,
1766 3482 1982 3536 semper
2010 3484 2107 3524 cu-

543 3550 691 3617 piunt
725 3549 1061 3617 splendorem
1091 3563 1146 3607 et
1177 3568 1346 3623 genus
1375 3556 1596 3612 Romani
1627 3562 1860 3621 nominis
1884 3564 2109 3619 obnubi-

540 3636 673 3705 lare,
706 3657 804 3694 nec
836 3641 1001 3695 ullum
1036 3644 1394 3702 Romanorum
1441 3650 1659 3703 omnino
1696 3651 2002 3708 desiderant
2031 3656 2107 3709 vi-

542 3744 688 3783 vere.
723 3731 788 3783 Et
818 3731 903 3784 ubi
935 3733 1105 3789 adhuc
1149 3747 1439 3792 noscuntur
1476 3756 1693 3807 parcere
1722 3745 2007 3814 subjectis,
2039 3748 2106 3802 ad

540 3819 791 3873 utendum
836 3824 1067 3879 servitiis
1100 3826 1311 3881 illorum
1353 3842 1600 3899 parcunt;
1633 3849 1754 3888 nam
1795 3838 1996 3892 nullum
2026 3840 2107 3893 di-

540 3907 782 3963 lexerunt
820 3911 1106 3981 aliquando
1146 3915 1528 3975 Romanorum.
1557 3924 1613 3978 Si
1654 3925 1927 3999 disputare
1972 3933 2106 3985 nite-

540 3999 695 4052 batur
723 4002 998 4059 nobiscum
1020 4006 1085 4061 de
1113 4008 1216 4062 fide
1244 4010 1464 4066 barbara
1499 4013 1770 4084 ferocitas,
1802 4030 1856 4074 et
1884 4020 2104 4078 haeresis

538 4092 736 4181 Ariana
764 4093 1150 4153 rationabiliter
1175 4099 1489 4170 disputaret.
1517 4106 1621 4161 Sed
1658 4109 1869 4177 quando
1901 4111 1995 4181 [αι.
2028 4122 2106 4167 te-

538 4179 673 4251 nuit]
707 4192 850 4238 tenet
881 4186 1172 4255 rationem,
1202 4207 1319 4259 qua:
1340 4208 1369 4246 a
1400 4194 1556 4250 Patre
1586 4197 1692 4250 Deo
1716 4197 1879 4253 Deum
1903 4179 2101 4257 “Filium

534 4283 747 4340 separat
782 4274 1149 4332 Salvatorem?
1179 4280 1355 4346 Quare
1383 4283 1521 4339 dolis
1564 4295 1619 4340 et
1658 4288 1941 4346 calumniis
1976 4307 2102 4362 ege-

534 4374 681 4423 runt.
711 4375 765 4418 et
792 4366 933 4420 velut
979 4368 1196 4436 spiritus
1228 4377 1580 4442 tempestatis,
1624 4380 1853 4447 procella
1893 4383 1975 4437 sui
2013 4384 2099 4437 fu-

535 4459 667 4509 toris
698 4467 863 4512 tntum
894 4461 1206 4519 subvertere
1244 4467 1557 4522 voluerunt?
1581 4470 1638 4524 Si
1672 4470 1962 4541 disputatio
2001 4491 2098 4531 ne-

2214 3297 2419 3351 Amove
2448 3312 2478 3350 a
2518 3311 2603 3352 me
2632 3296 2837 3367 ﬂagella
2877 3304 2964 3351 tua
2996 3295 3178 3369 (Psal.
3209 3312 3410 3351 xxxvm
3432 3338 3448 3361 ,
3476 3298 3614 3367 11),
3654 3301 3786 3367 quia

2213 3402 2315 3456 ego
2360 3386 2561 3455 defeci,
2609 3404 2713 3442 non
2762 3403 2792 3441 a
2838 3387 3147 3443 fortitudine
3194 3402 3381 3442 manus
3433 3398 3571 3455 tute,
3613 3390 3711 3443 sed
3759 3406 3789 3444 a

2213 3479 2588 3549 persecutione
2618 3478 2839 3534 haeresis
2867 3477 3101 3533 Arianae.
3132 3478 3428 3534 Adveniant
3453 3479 3613 3548 igitur
3643 3495 3790 3533 nunc

2212 3584 2397 3624 omnes
2424 3572 2511 3640 qui
2544 3586 2751 3624 mecum
2779 3580 3017 3639 augusta:
3052 3569 3161 3640 48
3189 3570 3289 3624 via:
3318 3582 3540 3639 carpunt
3579 3570 3703 3637 iter,
3732 3581 3789 3624 et

2211 3672 2428 3729 propter
2473 3661 2631 3715 verba
2673 3660 2929 3714 labiorum
2977 3659 3070 3714 Dei
3113 3659 3421 3714 custodiunt
3467 3661 3578 3713 vias
3621 3662 3788 3714 duras

2210 3752 2229 3820 (
2241 3752 2381 3806 Paul.
2402 3767 2509 3816 xvi,
2532 3750 2610 3815 4),
2624 3761 2679 3805 et
2692 3753 2901 3806 videant
2918 3751 2962 3805 si
2981 3759 3065 3805 est
3082 3750 3256 3815 dolor,
3280 3751 3418 3805 sicut
3433 3751 3588 3804 dolor
3606 3767 3784 3805 meus.

2213 3843 2477 3909 Quoniam,
2521 3842 2852 3895 vindemiolas
2906 3858 3023 3894 sum
3078 3841 3130 3893 in
3184 3841 3269 3894 die
3326 3841 3517 3910 furoris
3571 3840 3787 3893 Domini

2209 3933 2419 4004 (Thren.
2451 3949 2501 3998 t,
2531 3935 2642 4002 12),
2689 3943 2997 3998 aperuerunt
3034 3949 3185 4003 super
3213 3949 3291 3987 me
3317 3950 3371 3987 os
3415 3950 3565 3986 suum
3606 3951 3786 3988 omnes

2207 4024 2397 4077 inimici
2427 4027 2523 4077 mei
2541 4065 2554 4087 ,
2586 4024 2913 4077 sibilaverunt
2940 4033 2988 4077 et
3013 4028 3322 4093 fremuerunt
3346 4024 3611 4089 dentibus;
3636 4026 3789 4078 dire-

2206 4124 2326 4167 runt
2352 4132 2371 4168 :
2409 4114 2767 4167 Devorabimus
2808 4129 2937 4167 eam.
2975 4113 3052 4167 En
3096 4114 3195 4167 ista
3240 4124 3315 4166 est
3357 4115 3463 4167 dies
3492 4130 3647 4183 quam
3685 4132 3781 4168 ea:-

2204 4206 2552 4275 speclabamns
2570 4219 2589 4258 :
2616 4205 2919 4269 invenimus,
2942 4205 3156 4259 vidimus
3184 4203 3397 4275 (Thrett.
3420 4220 3476 4272 ll,
3505 4206 3614 4273 16).
3635 4206 3785 4259 Ade-

2204 4306 2363 4361 stote,
2388 4299 2560 4367 angeli
2592 4298 2691 4353 Dei.
2710 4298 2844 4363 mei,
2869 4299 2957 4367 qui
2987 4314 3257 4368 nunquam
3278 4298 3478 4354 deestis
3497 4301 3782 4355 constituti

2205 4389 2256 4443 in
2298 4388 2593 4443 ministerio
2634 4398 2831 4452 vestro,
2877 4398 3092 4457 pr0pter
3134 4404 3227 4443 eos
3264 4389 3355 4458 qui
3396 4390 3776 4445 haereditatetn

2202 4479 2470 4550 capessuri
2518 4488 2636 4532 sunt
2694 4487 2910 4533 aeternae
2957 4478 3142 4532 salutis
3190 4479 3388 4548 (Hebr.
3439 4495 3493 4544 ι,
3542 4480 3683 4551 Il),
3722 4494 3780 4536 et

534 4550 762 4637 censoria
802 4553 971 4606 fuerat
1007 4557 1355 4627 episcopalis,
1387 4574 1553 4627 quare
1595 4566 1901 4631 suspendia,
1933 4584 2097 4637 quare
2124 4554 2178 4614 Β
2203 4574 2377 4629 videte
2405 4571 2635 4627 Africam
2665 4579 2861 4635 totam,
2891 4572 3085 4625 dudmn
3118 4580 3381 4625 tantarum
3420 4572 3778 4628 ecclesiarum

534 4636 703 4702 ignes,
730 4654 894 4706 quare
930 4646 1137 4712 ungula:
1179 4648 1339 4702 simul
1381 4659 1434 4703 et
1469 4654 1697 4708 cruces?
1723 4656 1898 4723 Quare
1944 4636 2100 4715 Aria-

533 4745 722 4782 norum
765 4736 1070 4801 serpentina
1118 4741 1291 4804 proles
1333 4750 1519 4797 contra
1560 4745 1873 4805 innocentes
1902 4766 2096 4820 genera

602 4901 966 4993 ilorichius,
1002 4914 1201 4969 pararet
1222 4907 1372 4959 etiam
1402 4910 1538 4976 suis,
1564 4911 1661 4965 sibi
1685 4931 1880 4984 quoque
1919 4924 2091 4993 sepul-

533 4987 689 5024 crum.

562 5038 637 5129 ..δ’
660 5041 983 5129 vat‘varias
1008 5043 1719 5129 barbarorum‘irruptiones,
1750 5072 1870 5113 cum
1899 5060 1951 5113 in
1984 5062 2095 5129 ple-

532 5114 965 5197 risqne’imperii,
988 5116 1323 5197 potissimum
1358 5114 1741 5197 occidentalis,
1773 5114 2092 5197 provinciis,

532 5179 738 5261 barbari
768 5180 921 5234 simul
952 5179 1005 5236 et
1049 5186 1249 5261 antiqui
1281 5189 1487 5256 populi,
1523 5205 1655 5259 quos
1698 5179 1822 5251 nimi
1845 5179 2091 5255 ’u'b’ﬁiiiti

529 5248 967 5332 s'pbjugaverant",
1001 5248 1246 5332 permiin
1278 5248 1491 5332 ess'cnt,
1524 5248 1638 5316 mos
1669 5248 2091 5326 invaluit‘ut—is-ii

530 5318 771 5394 Bontaiti,
799 5321 889 5394 alii
918 5320 1137 5376 Barbari
1163 5318 1582 5393 appellarentur,
1619 5334 1685 5386 ita
1718 5318 2090 5394 utiiulla’liai:

529 5388 922 5473 vocabulo
952 5394 1041 5473 ulli
1071 5388 1395 5473 irroga-retur
1425 5388 1639 5470 injuria,
1672 5388 2089 5473 quodecon—tra-

528 5461 609 5539 rio
636 5459 823 5539 honori
871 5463 1133 5539 ducebant
1164 5459 1241 5539 ii,
1266 5468 1381 5539 qui
1419 5459 1702 5537 numquam.
1733 5459 2089 5533 Romanorum

524 5531 652 5615 jugu
671 5531 887 5615 fuerant.
913 5532 1127 5615 subditi.
1164 5531 1311 5588 Unde
1341 5531 1724 5615 Thepdorictts,
1749 5531 2094 5615 Ostrogotth

530 5611 646 5681 rum
670 5601 721 5652 in
751 5601 898 5681 Italia
927 5618 1038 5663 ret.
1071 5605 1213 5681 lege:
1239 5622 1332 5673 pro
1360 5607 1605 5681 barbaris,
1639 5613 1689 5666 id
1712 5601 1795 5669 est
1822 5601 1938 5669 sua?
1962 5633 2093 5681 gen-

530 5669 600 5743 tis
626 5669 1019 5749 Ittituittihus,_et
1044 5669 1146 5737 pro
1163 5669 1425 5749 Romanis,
1449 5669 1682 5748 antiquis
1706 5684 1909 5739 scilicet

531 5737 738 5800 incolis,
771 5740 907 5793 tulit.
943 5744 1094 5797 l’lura
1126 5760 1185 5800 ca
1211 5746 1278 5801 de
1318 5762 1375 5803 re
1406 5737 1647 5819 exempla
1688 5737 2092 5815 I’idcﬂsivvaca't".

2199 4668 2384 4722 cuneis
2427 4665 2645 4729 fultam,
2686 4678 2828 4717 nunc
2863 4662 2931 4715 ab
2964 4662 3211 4716 omnibus
3246 4663 3581 4726 desolatam;
3617 4665 3787 4719 tantis

2200 4756 2478 4813 ordinibus
2521 4752 2857 4809 sacerdotum
2887 4761 3160 4816 ornatam,
3192 4753 3350 4805 modo
3390 4753 3667 4807 sedentem
3700 4754 3782 4808 vi-

2196 4924 2335 4993 apud
2361 4922 2686 4978 Hadrianum
2720 4920 2985 4993 Valesium
3016 4924 3151 4980 libro
3178 4942 3225 4981 vn
3256 4925 3453 4982 Rerum
3484 4929 3781 4985 Francica-

2199 4992 2315 5047 rntn
2337 4994 2474 5068 circa
2494 4993 2760 5068 medium,
2790 5002 2843 5068 et
2864 4992 2973 5061 jam
3003 4995 3070 5050 de
3095 4998 3192 5051 hac
3219 5013 3277 5052 re
3314 4999 3511 5068 aliquid
3541 5001 3776 5056 diximus

2196 5079 2355 5131 supra
2386 5060 2523 5134 (col.
2554 5064 2678 5134 ltili,
2711 5078 2764 5134 ξι.
2796 5062 2868 5132 η).

2272 5144 2296 5172 ο
2330 5131 2424 5185 Hic
2457 5132 2552 5186 fuit
2578 5131 2976 5202 Tyrrhenarum
3005 5150 3095 5189 rex
3116 5176 3131 5201 ,
3170 5136 3239 5191 ob
3264 5151 3525 5193 summam
3556 5138 3609 5193 in
3640 5138 3775 5193 deos

2197 5213 2253 5259 et
2295 5202 2539 5257 homines
2586 5202 2908 5270 impietatem
2958 5204 3210 5260 famosus.
3252 5208 3382 5260 Cum
3415 5225 3541 5262 vero
3586 5226 3612 5260 a
3660 5210 3780 5262 suis

2201 5274 2381 5337 pulsus
2410 5288 2439 5326 e
2467 5288 2627 5342 regno
2659 5271 2872 5334 luisset.
2904 5274 3084 5328 Turno
3112 5276 3375 5332 adversus
3404 5279 3628 5333 Aiueam
3659 5279 3776 5331 bet-

2198 5343 2305 5397 lum
2332 5343 2541 5413 gerenti
2564 5342 2789 5414 adhaesit
2807 5383 2821 5409 ,
2854 5344 2904 5396 in
2928 5360 3034 5414 quo
3057 5346 3123 5398 ab
3150 5348 3338 5401 eodem
3362 5347 3530 5401 Aiuea
3562 5349 3659 5401 fuit
3680 5364 3777 5403 oc-

2197 5410 2367 5478 cisus,
2401 5421 2458 5466 ut
2486 5421 2666 5467 narrat
2695 5410 3224 5483 Virgilius'A‘lneidos
3263 5418 3399 5471 libro
3442 5434 3499 5471 ι.
3530 5418 3778 5473 Meminit

2196 5493 2250 5558 et
2283 5484 2481 5536 Plinius
2511 5483 2605 5537 lib.
2630 5496 2890 5558 xtv,_cap.
2922 5485 3008 5547 11,
3035 5485 3283 5558 (Mezentii
3314 5487 3540 5558 Etruria
3566 5490 3707 5558 regis
3739 5505 3773 5543 ι

2200 5552 2439 5607 Varroite
2479 5552 2755 5607 memorati
2780 5592 2795 5615 ,
2827 5569 2983 5621 quem
3028 5555 3232 5609 ltutults
3262 5556 3519 5613 adversus
3546 5552 3777 5614 Latinos

2197 5623 2297 5677 sub
2320 5623 2423 5674 vini
2455 5622 2701 5676 mercede
2727 5624 2977 5676 auxilium
3009 5626 3193 5678 tulisse
3216 5627 3400 5681 refert.

2270 5689 2295 5727 ιι
2318 5695 2405 5769 Sjc
2433 5692 2656 5769 Qninp.;
2683 5692 2793 5769 alii,
2816 5695 3028 5747 avaritia
3047 5695 3383 5769 crudelitatis.
3410 5694 3550 5753 Idem
3570 5697 3774 5769 Comi”

2200 5776 2318 5817 cum
2350 5761 2616 5828 Lorichio,
2647 5777 2742 5830 pro
2768 5764 3072 5832 harpagaret
3100 5763 3256 5821 habet
3279 5767 3546 5834 arriperet.
