3944 6176
194 278 271 333 257
1074 266 1163 323 DE
1202 267 1716 325 PERSECUTIONE
1756 268 2140 326 VANDALICA
2180 272 2307 327 LIB.
2356 273 2420 327 V.

3259 276 3364 331 258

192 396 311 448 thiam
331 394 377 440 et
412 381 679 450 abiectam.
712 389 738 417 ⁸·
765 378 1080 436 Sacerdotes
1121 380 1237 450 ejus
1275 392 1329 437 et
1367 383 1606 437 seniores
1636 383 1686 436 in
1716 386 1766 444 Α
1793 384 2053 440 cendente
2084 386 2136 440 in
2167 386 2318 440 vobis
2364 386 2608 454 Domino,
2641 398 2695 441 ut
2733 386 2857 457 equi
2898 388 3215 443 velocissimi
3246 405 3368 443 cur-

194 478 366 536 desertis
401 475 518 529 locis
542 483 595 527 et
624 471 811 525 insulis
853 470 1162 525 defecerunt
1186 515 1201 539 ,
1243 472 1533 540 quaerendo
1583 473 1685 527 sibi

193 569 380 629 escasad
405 564 842 629 manducandum,
871 575 926 619 et
955 580 1060 617 non
1090 565 1368 619 inveniunt
1399 564 1615 633 (Thren.
1650 582 1686 629 t,

195 666 279 731 l9).
304 656 613 715 Considerate
637 664 691 710 et
718 655 892 708 videte
922 656 1042 724 quia
1075 653 1203 709 Sion
1230 654 1419 708 civitas
1461 655 1551 709 Dei
1596 670 1691 707 no-

193 754 262 808 stri
285 751 397 805 facta
422 755 499 802 est
529 745 678 810 vilis,
708 747 840 798 facta
871 744 1020 813 quasi
1050 743 1248 811 polluta
1287 745 1574 798 menstruis
1603 745 1685 797 in-

194 858 252 898 ter
283 842 490 895 inimicos
523 852 646 891 suos
672 836 887 907 (Thren.
914 851 959 899 t,
999 836 1093 899 11,
1132 835 1241 906 17).
1289 836 1500 890 Mantum
1542 850 1691 890 suam

192 933 301 988 misit
324 930 470 984 hostis
495 926 561 981 ad
587 928 763 981 omnia
806 925 1184 979 desiderabilia
1226 926 1362 994 ejus.
1395 926 1518 993 quia
1563 925 1696 980 vidit

192 1034 333 1094 gentes
376 1019 645 1082 invadere,
688 1026 743 1071 et
788 1017 988 1085 ingredi
1038 1016 1169 1071 atria
1214 1032 1342 1083 sua,
1388 1019 1455 1071 de
1503 1017 1697 1086 quibus

193 1125 459 1183 praceperas
483 1126 548 1164 ne
584 1110 861 1163 introirent
903 1109 1182 1163 ecclesiam
1224 1117 1366 1162 tuam
1400 1107 1617 1177 (Thren.
1646 1124 1691 1173 t,

196 1205 285 1274 10).
312 1204 402 1256 Via:
435 1200 545 1269 ejus
590 1200 800 1268 lugent,
836 1213 901 1253 eo
946 1198 1087 1269 quod
1124 1215 1282 1253 nemo
1322 1199 1601 1253 conveniat
1644 1200 1694 1252 in

193 1295 257 1349 die
283 1294 411 1349 fato.
440 1292 693 1360 Egressus
725 1298 809 1342 est
846 1304 875 1342 a
918 1288 1053 1344 facie
1094 1290 1209 1357 ejus
1239 1289 1415 1343 omnis
1444 1290 1606 1343 decor
1644 1298 1698 1342 et

190 1386 346 1440 delicia!
370 1383 571 1454 (Thren.
598 1399 644 1445 t,
668 1388 721 1446 4,
748 1382 803 1447 6)
830 1400 842 1433 :
877 1381 1178 1435 didicerunt
1208 1382 1320 1434 vias
1346 1395 1563 1446 a~peras
1586 1395 1699 1432 am-

193 1477 335 1530 bulare
356 1474 573 1540 virgines
592 1472 729 1540 ejus,
758 1481 811 1524 et
836 1472 1056 1538 juvenes
1080 1470 1218 1539 ejus,
1251 1472 1302 1524 in
1332 1472 1466 1525 aulis
1490 1469 1700 1524 educati

192 1565 600 1626 monasteriorum,
625 1562 870 1616 abierunt
900 1578 950 1615 tn
977 1563 1333 1628 captivitatem
1366 1564 1697 1627 Maurorum;

193 1658 285 1709 dum
305 1654 482 1723 lapides
504 1652 602 1725 [αι.
628 1651 819 1721 sancti]
844 1652 1129 1707 sanctuarii
1149 1652 1261 1718 ejus
1288 1652 1663 1722 disperguntur
1680 1696 1696 1721 ,

1789 475 2007 528 sitastis.
2031 475 2301 543 Praecipue
2321 484 2396 539 tu,
2414 476 2566 529 beate
2585 476 2758 543 Petre,
2778 494 2940 545 quare
2956 477 3083 531 siles
3104 489 3126 516 ο
3147 494 3241 547 pro
3253 481 3364 532 ovi-

1794 565 1891 618 bus
1910 574 1964 620 et
1977 568 2125 634 agnis
2144 582 2172 619 a
2195 568 2462 619 communi
2485 581 2674 634 magno
2688 568 2911 621 Domino
2928 584 3113 637 magna
3133 571 3222 622 tibi
3238 584 3367 623 can-

1794 656 1895 709 tela
1930 666 1983 709 et
2007 656 2363 710 sollicitudine
2393 657 2775 711 commendatis
2798 656 2973 726 (Joan.
2995 675 3106 722 xxi,
3129 661 3366 729 ttiseq.)?

1791 744 1872 799 Tu
1899 753 2083 798 sancte
2104 746 2261 798 Paule
2288 746 2524 814 gentium
2548 747 2820 815 magister,
2840 749 2929 816 qui
2954 748 3021 801 ab
3040 749 3365 804 Hierusalem

1794 849 1959 901 usque
1986 834 2052 888 ad
2086 834 2351 905 Illyricum
2384 836 2677 903 praedicasti
2710 836 3051 904 Evangeiium
3085 840 3364 909 Dei(llom.

1795 942 1888 991 xv,
1910 928 2018 995 19),
2034 942 2297 995 cognosce
2315 927 2437 996 quid
2454 927 2671 982 Vandali
2693 929 2892 983 l'aciunt
2916 938 2971 983 et
2985 930 3190 992 Ariani,
3204 943 3252 983 et
3277 931 3369 983 lilii

1799 1018 1871 1071 tul
1901 1027 2121 1086 gemunt
2145 1018 2374 1087 lugendo
2400 1018 2617 1086 captivi.
2649 1015 2673 1055 ιι
2703 1018 2782 1072 Tu
2823 1018 2965 1073 Petri
3013 1034 3284 1087 germane,
3315 1028 3371 1073 et

1797 1124 1900 1162 non
1933 1110 1984 1161 in
2016 1107 2264 1175 passione
2290 1107 2493 1175 dispar,
2529 1107 2767 1177 gloriose
2796 1109 3031 1170 Andrea,
3065 1109 3153 1178 qui
3198 1110 3368 1162 intur-

1798 1198 2025 1268 pretaris
2055 1197 2240 1260 virilis,
2271 1199 2521 1265 quoniam
2552 1198 2777 1252 viriliter
2809 1202 3026 1253 certasti
3046 1243 3060 1268 ,
3085 1200 3365 1253 considera

1798 1292 2049 1358 gemitum
2078 1289 2314 1343 Africani
2346 1289 2554 1359 populi,
2587 1300 2637 1343 et
2668 1305 2774 1360 non
2804 1290 3082 1359 displiceat
3114 1292 3236 1357 tibi,
3269 1291 3364 1345 sed

1800 1379 2056 1433 interveni
2098 1395 2192 1447 pro
2228 1380 2380 1433 nobis
2421 1378 2487 1433 ad
2524 1379 2710 1433 Deum.
2752 1379 3101 1449 Universique
3145 1382 3367 1449 ingemi-

1800 1472 1933 1525 scite
1969 1471 2135 1525 sancti
2166 1472 2325 1525 simul
2357 1487 2453 1541 pro
2484 1471 2637 1525 nobis
2668 1480 2693 1508 ε
2731 1473 2975 1540 apostoli.
3037 1472 3141 1527 Sed
3172 1475 3371 1527 scimus

1800 1561 1921 1631 quia
1969 1562 2240 1631 indignum
2283 1573 2365 1617 est
2395 1562 2542 1616 vobis
2588 1578 2683 1631 pro
2727 1565 2877 1616 nobis
2906 1578 3094 1626 orare;
3122 1564 3240 1633 quia
3274 1563 3371 1619 ista

1802 1667 1921 1721 qum
1942 1666 2233 1708 evenerunt
2264 1654 2437 1717 nobis,
2468 1670 2571 1709 non
2594 1655 2659 1707 ad
2692 1654 3082 1721 probationem,
3107 1656 3373 1721 quomodo

193 1764 269 1801 non
295 1755 471 1800 tantum
507 1747 560 1797 in
601 1743 859 1810 capitibus
890 1744 1125 1797 omnium
1156 1743 1447 1810 platearum
1481 1742 1691 1815 (Thren.
1726 1737 1773 1797 Β
1798 1746 2016 1810 sanctis,
2045 1747 2136 1799 sed
2169 1746 2321 1800 malis
2352 1746 2557 1801 meritis
2587 1747 2843 1815 supplicia
2870 1746 3226 1801 debebantur.
3260 1746 3365 1801 Sed

196 1853 247 1902 tv,
266 1838 325 1903 1),
347 1834 430 1889 sed
451 1833 611 1888 etiam
636 1833 688 1886 in
720 1834 848 1887 locis
870 1834 1127 1902 squalidis
1156 1834 1513 1890 metallorum.
1538 1835 1705 1890 Dicite

196 1929 277 1982 Deo
298 1938 459 1981 nostro
478 1927 773 1993 suscepturi
793 1925 930 1994 ejus,
948 1925 1203 1980 habentes
1228 1925 1471 1980 fiduciam
1497 1926 1705 1995 suppli-

195 2018 575 2086 candi,quoniam
605 2016 903 2082 tribulatur,
923 2026 975 2071 et
990 2025 1174 2071 venter
1200 2018 1338 2071 illius
1366 2020 1609 2074 turbatus
1624 2030 1705 2075 est

194 2108 327 2162 aitetu
356 2108 459 2176 ejus
478 2107 693 2178 (Tltren.
728 2124 766 2170 ι,
792 2107 917 2179 20);
949 2111 1072 2177 quia
1100 2110 1236 2164 sedit
1264 2111 1398 2166 inter
1422 2124 1625 2180 gentes.
1655 2122 1708 2169 et

193 2202 380 2267 requiem
393 2214 489 2251 non
503 2199 730 2261 invenit,
750 2213 846 2253 nec
858 2200 1039 2268 estqui
1052 2201 1356 2255 consoletur
1370 2202 1706 2273 eam(TIrren.

193 2305 221 2355 ι,
237 2290 280 2349 ‘2.
300 2289 363 2356 5).
393 2288 645 2355 Qumsivit
666 2304 695 2341 a
718 2288 742 2326 δ
765 2289 1006 2343 Patribus
1026 2290 1258 2344 Orientis
1288 2292 1388 2359 qui-
1404 2293 1560 2345 simul
1580 2307 1709 2347 con-

190 2386 455 2444 tristaietur,
478 2390 533 2433 et
563 2395 667 2432 non
698 2380 1225 2446 lnit;c0nsolantem,
1245 2391 1298 2435 et
1323 2398 1427 2435 non
1459 2384 1705 2437 invenit:

188 2473 283 2523 dum
303 2473 629 2526 mandueaiet
648 2472 699 2525 in
718 2487 835 2526 esea
859 2486 952 2525 sua
971 2471 1061 2540 fel,
1081 2482 1137 2527 et
1156 2473 1207 2526 in
1224 2473 1311 2528 siti
1327 2489 1419 2528 sua
1440 2484 1709 2542 putaretur

188 2574 303 2619 aceto
330 2565 436 2631 (Ps.
468 2581 616 2624 Lvttt.
646 2565 738 2630 2|,
773 2564 890 2634 2'2),
931 2566 1110 2634 sponsi
1137 2575 1192 2621 et
1225 2568 1432 2621 Domini
1476 2571 1557 2622 sui
1592 2585 1705 2636 pas-

189 2656 329 2708 siones
363 2655 640 2720 imitando,
672 2657 759 2723 qui
806 2657 1001 2709 idcirco
1043 2672 1230 2724 passus
1268 2665 1351 2712 est
1392 2674 1490 2727 pro
1519 2674 1611 2725 ea,
1655 2672 1710 2713 ut

186 2756 388 2811 ieiunatur
419 2747 640 2816 vestigia
668 2746 783 2815 ejus
812 2747 868 2817 (ι
897 2746 1012 2802 Pet.
1044 2763 1102 2814 ll,
1123 2748 1237 2817 21).

238 2834 332 2889 XX.
360 2836 545 2890 Auctor
574 2847 779 2891 sanctos
810 2838 1032 2893 invocat.
1062 2867 1135 2879 —
1160 2838 1553 2908 Deprecamini,
1581 2856 1708 2895 san-

183 2925 357 2979 ctissimi
397 2927 737 2995 patriarcbzc,
774 2928 841 2982 de
882 2944 1106 2998 quorum
1144 2930 1310 2999 stirpe
1350 2931 1559 3001 generis
1587 2944 1708 2987 nata

183 3027 243 3070 est
270 3034 369 3087 qua:
397 3035 534 3075 nunc
581 3019 790 3073 laborat
836 3020 890 3074 in
925 3023 1103 3075 terris.
1141 3021 1324 3089 Orate,
1369 3022 1539 3077 sancti
1581 3038 1704 3093 pro-

183 3108 338 3173 pheta},
353 3121 737 3179 cognoscentes
757 3109 1005 3165 afﬂictam
1028 3126 1184 3181 quam
1206 3123 1360 3167 antea
1386 3113 1708 3169 vaticinante

182 3203 399 3267 praeconio
440 3203 740 3258 eecinistis.
774 3203 990 3269 Estote,
1031 3205 1281 3273 apostoli,
1332 3206 1709 3272 sull‘ragatores

180 3290 268 3357 ejus
290 3308 433 3361 quam
480 3301 541 3348 ut
570 3294 951 3364 aggregaretis,
996 3293 1306 3349 universum
1350 3294 1570 3362 orbem,
1622 3310 1708 3350 as-

226 3423 318 3494 89
335 3432 358 3460 ⁸
375 3424 659 3479 Hisverbis
672 3424 851 3479 Victor
877 3424 1153 3492 episcopos
1174 3432 1225 3477 et
1249 3425 1609 3494 presbyteros,
1630 3427 1702 3478 uti

179 3492 363 3564 videtur,
388 3497 653 3564 designat.
677 3495 980 3549 Sacerdotis
1004 3510 1194 3547 nomen
1223 3492 1550 3560 frequentius
1578 3498 1703 3549 olim

181 3563 396 3634 episcopis
421 3582 587 3632 quam
618 3566 943 3634 pre~byteris
967 3564 1319 3626 tribuebatur,
1347 3576 1402 3618 ut
1424 3566 1605 3620 videre
1625 3575 1708 3619 est

180 3628 219 3682 in
243 3628 486 3688 Glossario
508 3628 805 3703 (Langiano',
835 3646 883 3687 et
913 3635 1106 3703 passim
1129 3636 1265 3701 apud
1298 3645 1542 3687 auctores
1569 3638 1707 3687 anti-

180 3715 301 3766 quos.
326 3703 406 3757 Sic
432 3716 624 3758 auctor
652 3703 785 3757 Vita:
811 3705 980 3756 sancti
1009 3702 1271 3771 Fulgentii
1297 3714 1536 3759 sanctum
1564 3703 1705 3759 hunc

180 3770 312 3823 virum
338 3791 363 3823 a
392 3773 595 3827 Fausto
623 3776 877 3841 episcopo
904 3770 1272 3841 presbyterum
1304 3775 1468 3829 tuisse
1491 3775 1707 3828 ordina-

178 3848 263 3893 tum
291 3842 363 3894 bis
383 3844 564 3897 verbis
591 3845 842 3912 exprimit
877 3860 892 3897 :
936 3844 1158 3909 Repente
1184 3860 1296 3895 eum
1322 3845 1558 3897 sacerdos
1587 3862 1708 3898 con-

177 3923 301 3982 gnat
322 3914 682 3982 presbyterum.
710 3913 930 3977 Tamen,
962 3924 1016 3967 et
1043 3914 1255 3981 quidem
1285 3914 1411 3980 ipsis
1444 3915 1710 3981 prioribus

177 3976 390 4050 licclesia:
417 3976 507 4037 si).
526 3984 667 4049 uiis,
697 3976 990 4037 sacerdOtis
1017 3976 1208 4037 nomen
1254 3976 1577 4050 presby'teris
1611 3985 1725 4038 trio‘

175 4046 322 4125 butum
346 4067 429 4125 est
463 4055 516 4107 in
544 4046 737 4125 ,Al‘rica
756 4093 770 4118 ,
799 4063 859 4125 ut
884 4053 1063 4125 Videre
1094 4064 1176 4107 est
1205 4046 1340 4125 apud
1385 4046 1707 4125 Cyprianum

175 4119 356 4183 epistola
381 4122 473 4186 67,
502 4123 641 4175 alias
666 4124 755 4176 68.
802 4124 911 4176 lmo
941 4122 1164 4190 Optatos
1204 4119 1293 4177 lib.
1326 4139 1341 4177 ι
1370 4119 1624 4178 diaconos
1656 4125 1711 4178 iu

172 4190 284 4263 tertio
322 4194 606 4245 sacerdotio
647 4195 943 4245 constitutos
986 4194 1156 4247 dicit:
1194 4195 1471 4262 episcOpOs
1513 4197 1707 4263 primo,

173 4261 471 4332 presbyteros
540 4268 761 4315 secundo
818 4263 1087 4315 sacerdotii
1148 4261 1311 4332 gradu
1363 4261 1708 4319 euncl'udens.

1807 1844 1859 1889 et
1889 1850 1984 1904 pro
2014 1836 2167 1889 malis
2192 1847 2341 1889 orate
2370 1839 2475 1903 jam
2514 1836 2655 1899 ﬁliis,
2683 1838 2803 1904 quia
2832 1846 2887 1891 et
2922 1835 3165 1890 Christus
3202 1839 3373 1891 oravit

1808 1926 1967 1979 etiam
2001 1941 2095 1992 pro
2127 1925 2354 1978 inimicis
2378 1925 2575 1979 JtldtlBiS
2598 1925 2748 1995 (an.
2776 1940 2902 1979 unt
2921 1966 2936 1991 ,
2962 1925 3075 1992 54).
3100 1926 3373 1981 Sufﬁciam

1807 2016 2141 2085 castigationi
2172 2032 2290 2084 quae
2320 2018 2457 2081 juste
2484 2017 2623 2069 illata
2663 2024 2786 2070 sunt
2823 2017 2993 2083 nobis,
3027 2028 3081 2071 et
3105 2017 3213 2084 jam
3238 2017 3374 2085 jam-

1807 2122 1911 2177 que
1936 2107 2363 2174 delinquentibus
2391 2108 2540 2160 venia
2572 2107 2898 2176 postuletur;
2931 2109 3240 2177 dicaturque
3270 2111 3374 2163 An-

1807 2197 1925 2265 gelo
1966 2199 2277 2265 percutienti
2305 2214 2319 2249 :
2354 2196 2556 2251 Sufﬁcit
2577 2240 2589 2257 ,
2619 2198 2725 2265 jam
2757 2185 2946 2252 cohibe
2976 2214 3188 2252 manum
3231 2210 3372 2254 tuam

1809 2286 1860 2356 (Ι
1884 2285 2311 2354 Parul.xn,15).
2342 2286 2471 2354 Quis
2501 2287 2705 2356 ignorat
2736 2288 2849 2342 hare
2880 2289 3032 2343 nobis
3063 2292 3375 2357 probrorum

1809 2391 2111 2439 nostrorum
2146 2386 2346 2439 scelera
2377 2401 2712 2455 procurassc,
2742 2387 3108 2443 aberrantibus
3146 2404 3175 2442 a
3224 2408 3376 2444 nian-

1808 2474 1946 2529 datis
1974 2475 2102 2540 Dei,
2131 2485 2185 2530 et
2212 2476 2265 2530 in
2297 2477 2415 2546 lege
2441 2476 2557 2543 ejus
2579 2477 2878 2532 nolentibus
2904 2479 3177 2533 ambulare
3204 2479 3373 2551 (Paul.

1809 2580 2013 2628 ervu,
2050 2566 2175 2633 10)?
2214 2566 2318 2619 Sed
2369 2567 2615 2635 prostrati
2663 2583 2936 2635 rogamus,
2978 2580 3033 2622 ut
3072 2585 3177 2623 non
3224 2587 3375 2639 sper-

1810 2656 1947 2708 natis
1991 2666 2197 2709 vestros
2243 2658 2466 2709 miseros
2514 2656 2533 2692 τ
2572 2666 2910 2723 peccatores,
2966 2672 3059 2724 per
3107 2674 3227 2712 enin
3284 2660 3372 2726 qui

1809 2763 1905 2803 vos
1949 2748 2015 2801 ad
2062 2748 2408 2816 apostolicum
2460 2747 2569 2818 ω
2612 2748 2821 2802 culmen
2868 2750 3112 2817 provexit
3152 2749 3375 2806 humiles

1812 2840 2123 2907 piscatores.

1884 2929 2024 2984 XXI.
2057 2928 2247 2984 Tenuit
2274 2929 2716 2984 sceleratissimus
2740 2930 3035 2986 Hunericus
3055 2932 3375 2989 dominatio-

1812 3036 1933 3075 nem
1962 3021 2109 3090 regni
2148 3020 2299 3074 annis
2329 3030 2561 3088 septem.
2596 3022 2869 3076 mensibus
2899 3025 3110 3089 decem,
3158 3029 3378 3081 meritu-

1812 3128 1927 3166 rum
1958 3126 2172 3165 suorum
2205 3120 2231 3158 ε
2262 3121 2487 3165 mortem
2531 3126 2929 3168 consunnnans.
2988 3116 3116 3169 Nam
3148 3122 3380 3186 putrefa-

1811 3215 1927 3257 Ctns
1962 3211 2015 3257 et
2052 3201 2312 3256 ebulliens
2349 3203 2636 3269 vermibus,
2684 3218 2787 3257 non
2827 3222 3039 3274 corpus,
3080 3210 3172 3261 sed
3209 3219 3380 3276 partes

1811 3294 2054 3363 corporis
2096 3294 2215 3363 ejus
2265 3293 2509 3347 videntur
2554 3309 2671 3349 esse
2726 3298 2967 3363 sepultae.
3022 3295 3045 3333 δ
3102 3299 3247 3356 Sicut
3294 3303 3380 3357 ilic

1810 3426 1993 3480 codice
2038 3441 2136 3477 ms.
2171 3425 2376 3491 nititur,
2406 3427 2595 3479 saltem
2624 3430 2836 3495 cognito
2860 3468 2873 3489 .
2909 3439 2964 3481 tit
3000 3439 3142 3495 patet
3168 3442 3273 3485 tum
3303 3450 3369 3486 ex

1814 3496 2046 3550 editione
2072 3495 2253 3562 Regia,
2282 3506 2389 3547 tum
2421 3512 2484 3549 ex
2507 3497 2819 3553 Oroniensi.
2842 3499 3097 3551 Caeterum
3127 3512 3231 3554 tres
3258 3503 3378 3555 illos

1810 3567 2003 3640 gradus
2031 3565 2727 3640 interpretanturnonnulli,
2762 3570 3011 3640 populos.
3041 3573 3381 3640 presbyteros

1810 3631 1863 3689 et
1892 3635 2190 3702 episeopns.
2211 3631 2336 3685 Ideo
2348 3637 2510 3699 enim,
2540 3648 2592 3687 ut
2610 3636 2677 3689 ait
2698 3631 2891 3689 ibidem
2907 3631 3217 3693 Ambrosius
3232 3658 3377 3695 num.

1812 3706 1936 3769 175,
1961 3704 2080 3771 quia
2102 3703 2238 3756 solus
2264 3703 2527 3772 pro/iretur
2548 3720 2609 3759 ea:
2629 3706 2877 3770 omnibus,
2908 3707 3119 3772 Petrus,
3152 3714 3381 3765 omnibus

1810 3778 2109 3849 antefertur.
2154 3772 2228 3849 De
2261 3788 2388 3849 cura
2425 3780 2663 3849 omnium
2693 3778 2847 3849 beato
2879 3777 3033 3849 Petro
3070 3785 3379 3849 commissa,

1817 3844 2140 3917 plurahabet
2159 3843 2560 3917 Dernarduslib.
2578 3859 2611 3897 ll
2634 3846 2699 3897 de
2712 3845 3171 3913 Consideratione,
3187 3866 3303 3917 cap.
3324 3843 3377 3906 8.

1887 3912 1911 3950 δ
1940 3916 2063 3968 llaec
2092 3913 2250 3966 verba
2282 3928 2448 3983 usque
2472 3916 2535 3968 ad
2572 3917 2917 3983 universique,
2945 3920 3133 3973 desunt
3164 3920 3216 3973 in
3250 3912 3377 3975 mss.

1812 3983 1964 4040 Colb.
1998 3984 2048 4047 1,
2079 3983 2257 4053 Nam,
2292 3980 2433 4047 Fnl.,
2456 3985 2662 4048 Gerni.,
2691 3995 2745 4038 et
2770 3980 2820 4038 in
2844 3980 3001 4042 editis
3033 3991 3178 4053 Sun,
3206 3991 3379 4051 Bald.,

1815 4054 1992 4123 Bign.,
2041 4052 2217 4124 Ortlt.,
2266 4063 2320 4124 et
2347 4054 2544 4124 Belior.
2590 4053 2789 4108 Tamen
2818 4071 2940 4124 erga
2987 4052 3225 4112 sanetum
3273 4062 3383 4113 An-

1811 4121 1993 4177 dream
2040 4121 2291 4191 singulari
2337 4123 2619 4177 devotione
2649 4123 2866 4178 ali'ectos
2882 4121 3068 4179 'luisse
3106 4129 3382 4182 Africanos

1813 4193 2217 4266 eolligipotest
2266 4207 2336 4247 ex
2387 4194 2555 4248 veteri
2604 4194 2904 4266 calendario
2949 4196 3379 4266 Carthaginiensis

1817 4263 2091 4326 Ecclesize,
2121 4262 2172 4315 in
2204 4278 2309 4331 quo
2336 4278 2400 4317 ex
2415 4264 2684 4335 apostolis
2712 4269 2857 4335 solus
2885 4262 3168 4333 Andreas;
3186 4268 3273 4335 qui
3307 4268 3380 4321 ibi

174 4324 278 4389 Quin
300 4324 344 4382 et
385 4333 521 4426 apud
560 4332 1022 4414 Ai'l'OS."pt'illtaleS
1052 4324 1601 4414 saepiusvocabantnr
1627 4351 1703 4386 se-
1737 4365 1787 4426 Β
1814 4324 2087 4426 αροείοίιιό
2106 4342 2151 4385 et
2180 4324 2371 4414 martyr
2397 4324 2607 4426 dicitur:
2637 4349 2755 4426 cum
2784 4334 3002 4403 Jacobo,
3029 4324 3220 4404 praeter
3241 4337 3378 4392 forte

171 4412 255 4472 ut_,
276 4404 407 4472 quod
439 4417 640 4456 nomen
684 4418 711 4454 a
738 4403 801 4455 iis
837 4408 997 4472 etiam
1032 4404 1298 4470 episcopis
1328 4418 1705 4472 nonnunquam

174 4468 463 4539 tribuebant,
500 4481 561 4525 ut
591 4474 658 4524 ob
688 4482 837 4526 eivat
875 4468 1104 4539 Cangins
1130 4473 1183 4526 in
1217 4468 1503 4527 Glossario.
1538 4468 1708 4527 Cade-

174 4547 262 4589 rmn
285 4538 387 4594 ha-c
420 4545 585 4597 verba
618 4555 671 4595 et
712 4538 999 4609 sequentia
1024 4543 1134 4595 tere
1178 4544 1353 4596 omnia
1395 4558 1455 4597 cx
1485 4543 1709 4598 Threnis

173 4620 245 4681 Set]
278 4609 765 4681 bamentatiunihus
800 4612 1049 4666 Jeremite
1097 4626 1303 4681 smnpm
1347 4626 1493 4667 sunt.

225 4673 465 4735 ‘Colbd
513 4691 571 4735 et
604 4682 783 4746 Marh,
826 4682 1074 4747 partibus.
1118 4683 1179 4735 Et
1219 4673 1458 4737 i'nrtassis
1500 4682 1708 4737 melius.

170 4742 310 4811 Nam,
347 4763 399 4802 ut
444 4753 587 4805 intra
627 4742 867 4805 dicemus
896 4753 947 4804 in
978 4753 1377 4807 Commentario
1422 4753 1707 4817 historico,

171 4819 334 4889 sapius
356 4820 734 4889 imperatores,
767 4823 1100 4889 potissimum
1132 4826 1385 4888 Orientis,
1422 4824 1649 4876 Africam
1681 4836 1713 4876 e

171 4884 483 4944 barbarorum
516 4884 999 4956 inanibus'eripere
1026 4895 1200 4945 conati
1227 4884 1382 4957 suntj
1411 4892 1503 4947 sed
1537 4896 1712 4945 incas-

167 4966 264 5029 sum
294 4973 454 5025 usque
492 4960 563 5014 ad
591 4961 872 5013 Justiniani
905 4970 1165 5029 tempora.
1217 4964 1494 5015 Alricanos
1534 4972 1709 5015 autem

167 5026 221 5075 ab
252 5032 506 5101 episcopis
548 5031 904 5084 Orientaiibus
941 5026 1195 5084 auiilium
1231 5035 1537 5101 poposcisse
1583 5046 1713 5085 nus-

166 5108 299 5161 quant
330 5098 574 5166 legimus.

226 5175 247 5202 ε
273 5169 377 5219 Non
408 5177 609 5239 quippe
635 5171 809 5238 populi
842 5170 1046 5234 si-lum,
1074 5170 1166 5223 sed
1202 5181 1254 5224 et
1286 5171 1412 5240 ipsa:
1453 5186 1611 5238 oves,
1661 5169 1715 5224 id

167 5242 565 5304 estpOpulorum
599 5254 838 5307 paStores
874 5242 1011 5293 beati
1061 5242 1195 5294 l'etri
1228 5256 1368 5295 cura:
1417 5243 1717 5295 commissa:

163 5314 283 5377 funt.
329 5309 648 5363 Ambrosius
691 5309 778 5364 lib.
826 5326 857 5363 χ
895 5312 948 5364 in
979 5311 1206 5377 Lucam,
1258 5326 1403 5364 num.
1451 5312 1573 5371 176,
1608 5323 1717 5365 tres

165 5370 371 5429 ﬁdelium
403 5381 627 5433 ordines
656 5379 813 5433 Petro
834 5370 1233 5433 commendatos
1279 5382 1440 5432 fuisse
1471 5388 1714 5446 testatur,

165 5446 313 5517 primo
340 5449 563 5515 quidem
594 5466 747 5517 agnos
771 5490 788 5516 ,
828 5453 1059 5503 secunda
1096 5453 1246 5511 vice,
1278 5450 1531 5512 osicnlas,
1563 5456 1717 5505 tertio

160 5513 366 5588 denique
394 5535 537 5571 oues.
565 5513 643 5573 Uti
664 5530 710 5573 te
739 5513 1028 5588 conjiciunt
1050 5522 1284 5574 nonnulli
1316 5521 1366 5571 in
1386 5529 1529 5572 textu
1557 5519 1721 5574 Joan-

162 5585 229 5660 nis
269 5601 546 5660 pro_vuce
574 5585 855 5660 ποθβὸετωι,⁷
900 5607 1017 5658 qua:
1058 5595 1295 5660 secundo
1327 5590 1445 5641 loco
1496 5593 1717 5658 legitur,

162 5652 265 5707 olim
286 5658 551 5723 scripturn
578 5652 732 5715 fuisse
756 5652 1012 5735 πρεβάτα.
1042 5658 1165 5713 Haec
1189 5670 1363 5713 tamen
1392 5652 1718 5715 lectio'nullo

1813 4406 2172 4471 apostolorum
2205 4402 2491 4470 principes,
2522 4405 2844 4457 celebratur.

1886 4482 1907 4508 °
1937 4472 2049 4526 Huc
2089 4472 2425 4541 referendum
2455 4475 2594 4541 quod
2625 4475 2693 4526 de
2720 4473 2858 4526 Afris
2901 4473 3057 4528 habet
3098 4475 3380 4531 Salvianus

1812 4542 1864 4595 in
1898 4542 2046 4597 libris
2072 4542 2139 4595 de
2170 4540 2565 4595 Gubernalione
2600 4542 2710 4605 Dei,
2743 4545 3071 4610 ponssimum
3103 4546 3193 4598 lib.
3236 4562 3306 4600 vn
3328 4558 3383 4600 et

1812 4627 1925 4683 vni,
1961 4612 2045 4665 ubi
2070 4625 2253 4665 eorum
2278 4612 2755 4683 depravatissimos
2777 4626 2956 4666 mores
2972 4653 2986 4675 ,
3006 4629 3067 4669 ac
3090 4619 3382 4683 praesertim

1816 4681 2079 4735 luxuriam
2099 4720 2114 4744 ,
2164 4681 2585 4749 spectaculorum
2615 4682 2942 4746 aviditatem,
2971 4681 3241 4737 hominum
3278 4688 3385 4739 Deo

1815 4764 2144 4824 suscitaram
2173 4759 2534 4824 contemptum
2558 4752 2782 4824 aliaque
2822 4752 2871 4804 id
2900 4768 3067 4821 genus
3091 4757 3237 4820 vitia,
3259 4756 3382 4824 qui-

1814 4821 1913 4876 bus
1944 4822 2013 4875 ilti
2045 4822 2097 4875 in
2142 4835 2262 4892 sese
2306 4820 2453 4892 ipsus
2483 4820 2571 4892 Diei
2604 4821 2888 4875 vindictam
2912 4820 3335 4879 commoverunt
3365 4865 3382 4892 ,

1815 4895 2026 4962 egregie
2054 4890 2301 4962 describit
2333 4904 2396 4944 ac
2427 4890 2687 4960 deplorat.
2785 4960 2806 4962 _
2988 4959 3001 4962 Α
3368 4890 3375 4892 “
3418 4948 3423 4962 ε

1894 4961 1913 4998 τ
1951 4959 2252 5032 Lege_ndum
2281 4959 2747 5032 fortegprecatores.
2782 4960 2950 5015 Porro
2973 4959 3123 5017 Colb.
3152 4978 3187 5019 t.
3213 4962 3386 5032 Port.,
3418 4959 3424 5021 ᾗ

1759 5087 1768 5097 ,
1816 5028 2049 5094 Germ,
2071 5030 2212 5097 Ful.,
2266 5040 2319 5084 et
2345 5030 2524 5085 Cbilﬂ.
2557 5032 2771 5094 habent,
2802 5044 3127 5101 peccatores,
3167 5045 3222 5088 ut
3242 5028 3388 5088 illuni
3421 5030 3425 5045 ³

1817 5116 1910 5169 pro
1932 5103 2075 5153 nobis
2098 5100 2360 5169 deprecari
2381 5101 2661 5170 dignemini
2689 5117 2771 5163 QUI
2801 5116 2914 5166 vos,
2936 5112 3042 5157 etc.

1891 5179 1915 5217 ι
1949 5171 2071 5224 Lor.
2133 5171 2287 5223 habet
2340 5182 2499 5222 morte
2545 5179 2941 5226 consummatus.
2999 5173 3064 5227 Et
3112 5174 3245 5227 intra
3290 5173 3388 5227 soli

1819 5239 2031 5314 Comp.,
2072 5240 2250 5314 Ortbr,
2279 5248 2333 5314 e_t
2363 5240 2638 5314 l.oricliius
2670 5241 2864 5295 habent
2893 5248 3229 5314 putrefactus.
3277 5242 3391 5297 Cm-

1822 5311 1917 5363 teri
1947 5324 2077 5364 mss.
2105 5319 2157 5362 et
2186 5308 2337 5374 editi,
2372 5310 2728 5376 putrefactum.

1892 5378 1921 5416 ¹³
1954 5380 2103 5433 Hunc
2135 5379 2306 5433 locum
2333 5381 2408 5432 sic
2430 5394 2530 5448 ope
2559 5379 2780 5434 Ortbod.
2811 5391 2866 5435 et
2887 5381 3118 5435 Lorichii
3154 5378 3389 5433 restitui-

1822 5464 1958 5503 mns.
1997 5453 2049 5502 ln
2098 5456 2309 5501 caeteris
2333 5448 2508 5502 nullus
2547 5464 2739 5504 sensus
2779 5460 3016 5517 apparet.
3049 5450 3389 5518 Singulorum

1824 5531 1997 5573 tamen
2027 5518 2269 5571 codicum
2301 5519 2473 5571 lectio.
2499 5534 2556 5573 es
2581 5532 2963 5585 reprmsentare
2991 5521 3137 5583 libet,
3161 5529 3217 5572 ut
3244 5519 3390 5588 quis-

1823 5606 1924 5657 que
1952 5605 2012 5661 ea
2044 5590 2110 5661 de
2139 5603 2196 5641 re
2227 5589 2389 5661 possit
2410 5589 2678 5661 judicium
2701 5589 2861 5661 terre,
2894 5600 2964 5661 ut_
2979 5590 3079 5661 sibi
3111 5590 3391 5661 placuerit.

1823 5661 1931 5727 90
1958 5659 2229 5714 Editioues
2255 5657 2730 5722 ltltenani,Cbit’tl..
2758 5657 2879 5713 Sor.
2933 5658 3069 5723 Bign
3099 5657 3196 5727 {et
3219 5658 3389 5726 Bald.,
