3944 6176
257 369 346 425 Ξῖὄ

210 548 214 605 ἱ
257 571 355 607 rum
383 546 473 604 suo
500 546 800 603 adversario
830 562 897 600 ex
939 557 1087 609 parte
1121 546 1326 609 Donati,
1374 548 1590 600 nomine
1627 546 1791 600 Vera-

256 628 390 683 tiano,
418 621 702 673 recensitos
727 625 809 672 est
840 617 891 669 in
917 615 1213 670 Collatione
1235 615 1637 684 Carthaginensi
1667 632 1789 684 cap.

256 692 362 746 £16.
402 691 537 743 ldem
574 687 882 741 Verattanus
907 699 1026 753 cap.
1051 686 1157 739 225
1185 687 1324 740 inter
1344 686 1596 741 custodes
1639 688 1792 740 tabu-

254 762 399 815 larum
432 774 494 814 ex
522 767 667 812 secta
695 755 1087 809 Donatistarum
1118 763 1453 824 computatus
1500 766 1601 810 est.
1657 756 1792 810 Pen-

254 832 435 882 thadius
464 827 674 881 Antonii
710 840 1012 890 successor,
1051 823 1316 895 episcopus
1340 823 1582 895 Ecclesia:
1608 824 1792 893 Carpi-

253 910 366 953 lana!
402 896 709 966 subscripsit
749 894 988 966 concilio
1036 894 1441 966 Carthaginensi
1495 897 1636 964 quod
1665 897 1792 966 sub

252 968 441 1023 Aurelio
480 964 620 1020 anno
663 965 769 1019 H9
812 966 1136 1019 celebratum
1186 965 1307 1019 l'uit.
1368 964 1614 1019 Venerius
1661 965 1788 1021 item

252 1040 537 1106 Carpitanus
579 1036 862 1106 episcopus
879 1034 1115 1106 saeculo
1136 1034 1379 1106 sequenti
1407 1036 1636 1106 concilio
1660 1034 1790 1089 Car-

252 1103 518 1177 thaginiensi
540 1107 639 1159 sub
660 1104 928 1177 Bonifacio
952 1103 1206 1177 interfuit.
1235 1104 1471 1177 Denique
1484 1104 1636 1177 inter
1654 1106 1789 1177 alios

249 1174 615 1245 proconsularis
636 1174 919 1243 provinciae
940 1175 1219 1245 episcopos
1241 1174 1393 1243 109
1407 1174 1496 1243 qui
1518 1174 1789 1245 synodica)

247 1243 647 1313 subscripserunt
690 1246 739 1297 in
792 1243 1020 1297 concilio
1060 1243 1403 1313 Lateraneusi
1455 1243 1558 1298 sub
1602 1258 1787 1300 sancto

246 1311 459 1375 Martiae,
482 1316 694 1370 actione
716 1314 752 1366 ‘2
772 1321 1099 1369 memoratur
1117 1311 1309 1366 Bassus
1333 1314 1594 1383 episcopus
1611 1313 1789 1370 Eccle-

245 1388 318 1438 siie
342 1386 613 1453 Capitance.
872 1452 879 1453 ί
896 1452 907 1453 7
1168 1451 1179 1453 _
1239 1450 1250 1453 Α
1270 1412 1279 1419 ·

300 1456 378 1509 50.
410 1450 814 1508 Muuurtaus.
856 1452 1121 1506 Maxulam
1167 1450 1364 1506 habent
1397 1452 1612 1507 Tabulte
1648 1454 1791 1509 Peu-

244 1526 545 1592 tingeriauae.
582 1523 896 1577 Ptolemaeus
926 1538 1049 1576 vero
1076 1522 1166 1575 lib.
1196 1536 1265 1584 ir,
1290 1538 1409 1589 cap.
1437 1523 1489 1586 5,
1517 1522 1787 1579 Maxulam

241 1602 631 1657 commemorat,
666 1602 719 1646 et
747 1592 1327 1663 paulqiinferiusjnlcr
1363 1606 1453 1645 eas
1485 1593 1639 1647 urbes
1667 1611 1785 1663 qua:

240 1666 323 1717 sub
346 1664 657 1730 Carthagine
676 1672 848 1727 erant,
882 1660 1145 1713 Maculam
1167 1659 1395 1714 Veterem
1419 1664 1655 1716 utituium
1681 1659 1787 1732 pri-

240 1749 357 1784 mam
394 1742 659 1787 recenset.
706 1732 971 1784 Merulam
1014 1732 1262 1784 coloniam
1310 1732 1541 1797 appellat
1584 1733 1784 1789 Plinius

240 1803 351 1855 libro
377 1817 425 1864 v,
456 1818 579 1869 cap.
604 1804 653 1857 4.
692 1802 858 1855 Porro
894 1802 944 1869 in
985 1801 1212 1853 concilio
1250 1800 1654 1869 Carthaginensi
1684 1804 1783 1859 sub

236 1871 490 1941 ticnethlio
533 1871 815 1923 Numidius
847 1868 1218 1941 Massylitanus
1265 1868 1592 1925 memoratur
1632 1874 1779 1941 capi-

236 1947 327 1993 Itth
350 1940 398 2003 6,
426 1941 569 2009 quod
600 1951 681 1995 est
710 1942 762 1993 in
791 1941 971 2009 codice
1000 1940 1260 2009 Alricanm
1290 1941 1541 2009 Ecclesia:
1573 1940 1777 2009 cap.'8.

236 2012 289 2063 At
312 2012 355 2063 in
384 2008 678 2064 Collatione
698 2008 1099 2077 Carthagincnsi
1130 2008 1303 2074 capite
1330 2008 1451 2068 112.
1482 2008 1781 2076 comparuit

232 2081 336 2133 item
368 2079 647 2132 Numidius
685 2080 949 2146 episcopus
978 2078 1220 2131 Ecclesia:
1255 2078 1518 2131 catholica:
1546 2079 1777 2135 Manili-

230 2162 357 2209 tante,
381 2148 540 2203 simul
565 2165 682 2203 cum
714 2148 885 2203 Felice
906 2149 1069 2215 ipsius
1092 2147 1396 2201 adversario
1419 2162 1480 2201 ex
1504 2163 1650 2203 secta
1679 2151 1781 2203 Do-

230 2222 538 2272 uatistarum.
584 2218 819 2286 Denique
866 2220 998 2271 alius
1040 2216 1319 2270 Numidius
1346 2218 1585 2284 ejusdem
1633 2221 1778 2275 urbis

227 2288 420 2341 antistes
457 2290 696 2343 concilio
728 2288 1128 2356 tiartbaginensi
1160 2288 1258 2341 sub
1287 2287 1589 2355 Bonil'acio,
1636 2305 1777 2344 anno

226 2358 312 2410 ξ)ὲὸ
336 2358 670 2425 subscripsit.
705 2356 1011 2412 Sanctorum
1048 2356 1488 2410 Maxulitanorum
1519 2358 1777 2415 feelivitas

226 2428 269 2479 in
294 2428 446 2481 veteri
476 2427 791 2482 calendario
819 2427 1220 2493 Carthagincusi
1262 2426 1565 2481 celebratur
1604 2428 1691 2483 die
1719 2446 1774 2483 χι

224 2497 309 2550 tul.
352 2499 590 2563 Augusti.
644 2497 715 2551 De
746 2498 809 2549 iis
837 2497 970 2550 duos
1012 2497 1269 2549 habemus
1297 2501 1464 2550 sancti
1498 2500 1774 2565 Augustini

223 2582 500 2631 sermones,
538 2568 628 2635 qui
660 2568 722 2618 de
764 2566 953 2619 sanctis
984 2566 1291 2635 martyribus
1316 2566 1663 2636 Massylitanis
1688 2568 1771 2622 in-

221 2636 523 2690 scribuntur.

277 2706 354 2758 5|.
394 2707 775 2760 Bonusrexsu.
823 2704 966 2759 Inter
1002 2704 1289 2759 catholicos
1336 2705 1519 2758 Patres
1565 2709 1655 2774 qui
1704 2707 1770 2761 ad

220 2773 548 2829 Collationem
581 2777 1053 2840 Carthaginensem
1097 2790 1416 2843 convenere,
1448 2773 1773 2832 memoratur

219 2845 368 2911 capite
397 2847 500 2900 135
534 2847 839 2913 Ruﬁnianus
867 2846 1129 2913 episcopus
1159 2843 1512 2898 Bonustensis.

273 2914 350 2966 5'2.
390 2916 745 2968 Tmarsessrs.
771 2915 828 2967 In
859 2914 1073 2967 Tabulis
1098 2914 1517 2981 Peutingerianis
1538 2916 1769 2971 occurrit

217 2978 408 3047 Tumsa,
448 2986 697 3037 fortassis
746 2999 841 3051 pro
871 2982 1078 3035 Tunisa.
1117 2978 1408 3035 Tumis'sam
1446 2994 1500 3037 et
1523 2983 1769 3040 Tunizam

214 3062 448 3123 memorat
476 3070 780 3123 anonymus
809 3055 1085 3123 ltavennas
1116 3053 1249 3123 libro
1271 3068 1347 3115 ιιι,
1374 3069 1521 3106 num.
1552 3055 1612 3119 6;
1646 3055 1770 3111 Pto-

212 3120 406 3191 lemaeus
436 3124 537 3178 lib.
573 3120 641 3183 ινζ
665 3138 781 3190 cap.
808 3125 866 3191 5,
902 3122 1187 3175 Thinissam
1216 3122 1415 3191 laudat,
1442 3132 1490 3176 et
1519 3124 1656 3177 inter
1679 3141 1768 3179 ur-

210 3188 289 3261 bes
312 3209 425 3261 qua:
453 3194 562 3247 sub
582 3188 900 3259 Carthagine
927 3202 1081 3261 erant
1104 3188 1472 3247 Tliernisam'ct
1503 3193 1764 3249 Uthinam.
1796 3189 1842 3251 (Σ

208 3260 513 3317 Ρτκὸθιιθηιὶ
540 3272 718 3317 autem
743 3263 915 3330 capite
932 3262 1041 3329 jam
1062 3260 1327 3332 Tenissani
1350 3274 1763 3332 memoraverat,

206 3332 282 3402 sed
304 3332 349 3383 in
376 3333 699 3387 Caesariensi
724 3332 1060 3402 Mauritania.
1087 3330 1253 3384 Tunes
1274 3332 1503 3402 celebris
1524 3342 1604 3388 est
1625 3330 1763 3402 apud

208 3398 488 3471 l_’0lybium,
524 3402 676 3469 cujus
702 3403 861 3455 situm
893 3401 1027 3454 libro
1056 3416 1143 3454 xiv
1169 3401 1419 3456 describit
1441 3402 1524 3456 his
1542 3398 1721 3458 verbis
1745 3423 1761 3462 :

208 3466 349 3553 funes
376 3466 693 3553 Carthagine
714 3472 851 3553 abest
879 3471 1063 3553 stadia,
1075 3471 1233 3540 ferme
1272 3471 1490 3553 ςξοᾝ..
1529 3488 1591 3525 ex
1628 3476 1765 3553 omni

206 3541 340 3611 {erute
362 3552 521 3611 parte
549 3541 876 3608 Carthaginis
904 3549 1064 3609 potest
1111 3541 1357 3605 conspici.
1396 3541 1546 3611 Hane
1572 3544 1760 3598 urbem

203 3624 255 3660 ex
280 3606 616 3680 Carthaginis
655 3606 824 3664 ruinis
863 3606 1097 3665 crevisse
1138 3611 1426 3665 verisimile
1455 3606 1568 3677 esf,
1600 3616 1759 3668 etiam

203 3692 321 3749 nunc
372 3679 558 3749 regni,
612 3694 706 3735 seu
758 3680 933 3747 potius
994 3679 1296 3748 reipublicae
1340 3681 1435 3744 ipsi
1479 3684 1757 3748 cognomi-

201 3748 269 3800 nis
293 3748 463 3818 eaput.
504 3750 821 3819 Sextilianus
868 3750 1160 3803 Tuneiensis
1209 3764 1301 3819 seu
1336 3750 1606 3804 Tuniensis
1654 3754 1761 3819 cpi-

200 3833 381 3889 scopus,
414 3823 547 3873 vices
577 3820 681 3887 egit
715 3818 936 3872 Primosi
965 3820 1191 3887 episcopi
1213 3818 1535 3889 Carthaginis
1561 3821 1612 3874 in
1635 3818 1760 3877 cen-

200 3888 304 3959 titilt‘t
332 3905 360 3941 v
382 3890 643 3958 generali.
674 3890 983 3957 Suspicatur
1014 3888 1587 3959 BilitllillsiTllllllSCllSi
1613 3894 1756 3959 urbi,

198 3956 265 4008 itit:
289 3958 337 4011 in
366 3956 564 4012 Notitia
594 3972 899 4013 memorata:
920 4000 935 4023 ,
966 3960 1240 4027 praefuisse
1271 3958 1529 4013 Valerium
1564 3956 1758 4027 episco4

197 4042 299 4088 pum
339 4030 499 4096 plebis
544 4030 884 4093 Utiniscnsis,
936 4030 989 4082 in
1020 4030 1314 4083 Collatione
1350 4030 1753 4097 Carthaginensi

197 4102 345 4173 capite
376 4101 478 4152 126
511 4099 651 4153 inter
679 4100 1017 4173 Urtlipdoxos
1038 4099 1219 4151 Patres
1247 4101 1592 4173 recensitum.
1624 4099 1753 4173 Edi-

195 4169 347 4237 t_i_oues
394 4178 578 4223 tamen
628 4185 747 4237 qua:
794 4169 1130 4222 Baluzianam
1183 4184 1501 4235 pra-cessere
1558 4171 1755 4224 habent

197 4232 505 4293 Utinicensis.
553 4232 661 4293 Sed
707 4241 820 4291 haec
857 4239 1085 4292 varietas
1132 4232 1375 4292 lectionis
1413 4240 1512 4292 viri
1556 4242 1751 4295 eruditi

194 4309 451 4380 sententiae
496 4325 601 4361 non
633 4310 967 4380 adversatur,
985 4308 1335 4380 rsiquidem_et
1357 4309 1523 4362 codex
1556 4309 1749 4364 Halleri

192 4375 235 4447 in
263 4375 452 4430 Notilia
506 4394 602 4447 pro
630 4377 944 4431 Tinnisensis
983 4375 1208 4431 habebat
1238 4377 1519 4431 Tinicensis
1539 4420 1553 4445 ,
1602 4391 1657 4432 ut
1685 4395 1749 4435 ex

191 4446 367 4516 Urtelio
405 4446 698 4516 colligitur,
729 4448 817 4515 qui
847 4448 1094 4500 Tiniciam
1123 4465 1186 4502 ex
1222 4449 1431 4502 Victore
1461 4466 1560 4502 ius.
1598 4451 1747 4503 codi-

190 4514 254 4565 cis
278 4514 476 4609 llalleorli‘
500 4514 989 4609 la'udatIKCmterum
1018 4520 1069 4571 in
1089 4518 1197 4587 jam
1224 4519 1433 4609 laudata,
1452 4518 1745 4601 collatione
1773 4548 1828 4609 Ι)

190 4588 340 4649 capite
372 4588 476 4658 180
505 4590 644 4641 inter
676 4588 978 4641 Douatistas
1014 4589 1313 4656 comparuit
1341 4587 1611 4640 Colonicus
1639 4590 1748 4658 cpi-

190 4667 348 4723 scopus
370 4656 733 4721 Tliinistensis,
762 4658 844 4711 ubi
863 4658 1109 4711 Baluzius
1128 4659 1405 4723 legendum
1430 4674 1550 4712 esse
1566 4656 1749 4714 censet

191 4720 529 4780 Mutinensis.
563 4728 667 4781 Sed
706 4720 841 4781 hanc
870 4727 1052 4781 sedem
1084 4728 1147 4780 ad
1178 4720 1475 4781 Numidiam
1509 4733 1750 4785 revocari

186 4793 362 4860 debere
400 4800 697 4851 arbitratur
724 4812 840 4851 cum
875 4799 1121 4851 Barouio.
1163 4798 1400 4860 Denique
1440 4799 1490 4851 in
1522 4801 1748 4853 concilio

185 4858 568 4934 Carthaginensi
598 4867 699 4921 sub
727 4878 911 4921 sancto
941 4870 1210 4938 Cypriane
1240 4858 1377 4922 inter
1407 4869 1747 4938 rebaptizan-

184 4938 252 4983 tes
289 4950 429 5007 num.
456 4938 542 5007 εἰς)
590 4939 907 4991 sententiam
952 4939 1311 5007 pronuntiavit
1354 4939 1613 5005 confessor
1643 4938 1745 4992 Ve-

182 5005 365 5075 nantius
389 5024 419 5057 α
451 5006 644 5069 Tinisa,
681 5007 833 5075 cujus
854 5005 1207 5071 olijectionetn
1237 5010 1397 5061 solvit
1417 5008 1743 5075 Augustinus

179 5067 298 5146 11be
326 5090 389 5146 vu
420 5077 485 5129 de
516 5067 786 5144 Baptistnb
817 5067 999 5132 conira
1030 5078 1353 5140 Douatistas,
1383 5067 1544 5146 capii.
1582 5080 1666 5132 l5.

238 5141 319 5219 55.
358 5141 717 5219 Camn/titus,
750 5162 845 5201 seu
889 5148 1063 5216 potius
1102 5141 1462 5201 Culusitanusf
1497 5147 1741 5203 Nicasius

177 5215 351 5288 quippe
386 5215 715 5288 culusitanus
747 5228 1071 5271 memoratur
1100 5220 1147 5269 in
1189 5221 1419 5271 concilio
1461 5220 1737 5288 Carthagi-

176 5286 310 5359 lllftnsi
344 5286 464 5359 sub
498 5287 681 5341 Grato.
725 5288 1106 5359 Celebrisfuit
1143 5288 1435 5342 Vincentius
1473 5286 1739 5356 episcopus

147 5345 400 5425 .ticclesiie
426 5355 735 5411 Culusitame
755 5398 769 5423 ,
800 5360 885 5426 qui
918 5358 1016 5411 fuit
1047 5374 1183 5412 unus
1214 5377 1243 5411 e
1273 5369 1474 5425 septem
1502 5345 1735 5412 'catholi-

148 5432 241 5493 ,εις
276 5427 537 5493 episcopis
568 5432 657 5494 qui
699 5429 747 5479 iu
799 5430 1093 5481 Collatione
1139 5429 1540 5495 Carthaginensi
1578 5431 1733 5483 electi

145 5503 279 5563 ⁸,λιιγηι
311 5511 406 5559 pro
452 5500 638 5549 tuenda
684 5498 936 5552 Ecclesiie
971 5499 1246 5552 catholica:
1288 5513 1443 5551 causa
1473 5500 1733 5553 adversus

145 5562 519 5637 .M‘hssmaticos
552 5569 883 5631 Donatistas;
921 5570 1214 5622 recensitos
1234 5584 1441 5637 quoque
1464 5568 1600 5622 inter
1624 5585 1730 5622 car.-

166 5638 295 5705 teros
324 5635 509 5688 Patres
537 5654 655 5705 cap.
697 5640 815 5693 I53.
852 5639 995 5691 idem
1027 5635 1258 5690 antistes
1283 5639 1519 5692 interfuit
1549 5640 1729 5691 cauci-

164 5698 226 5776 l-o
252 5698 649 5773 thirthagiueu‘si
698 5710 799 5761 sub
838 5710 1056 5762 Aurelio
1102 5709 1240 5776 quod
1276 5724 1414 5761 anno
1457 5710 1558 5763 519
1586 5713 1726 5763 cele-

164 5771 357 5829 bratum
394 5771 505 5847 fcit,
536 5790 586 5833 ut
622 5790 761 5850 patet
794 5790 901 5834 tum
927 5795 993 5835 ex
1023 5771 1250 5834 edituro-
1280 5779 1579 5845 Labbcauag
1614 5789 1722 5835 tum

1212 360 1731 418 ANTJOTATIONES
1771 362 1832 415 IN
1875 360 2193 415 NUTITIA.“
2228 356 2511 415 AFRICJE.

258 485 469 547 natistas,
496 493 607 548 cap.
630 479 716 533 5|.
744 475 991 531 Antdnius
1016 476 1279 548 episcOpus
1295 478 1463 548 plebis
1482 476 1789 548 Carpitanae,
1818 481 1868 538 Α
1897 476 2056 530 etiam
2086 490 2150 529 ex
2179 476 2361 548 codice
2382 474 2920 548 canonumEcclcsia:
2946 477 3226 533 Africanas.
3258 478 3305 533 ls
3328 479 3466 533 idem

3365 363 3475 421 εἷς

1898 548 2010 613 ipse
2027 554 2110 600 est
2130 545 2217 611 qui
2241 562 2270 599 a
2296 546 2513 599 Paulino
2536 545 2776 597 laudatur
2795 548 2844 598 iit
2870 548 2980 599 Viti
3002 549 3168 601 sancti
3200 552 3464 604 Ambrosii

1894 618 2065 683 capite
2092 616 2297 678 ultimo,
2320 616 2559 684 quamvis
2587 616 2654 667 ibi
2689 617 2739 667 in
2770 631 2799 668 e
2820 618 2924 667 litis
2952 620 3215 684 episcopus
3242 618 3471 673 Colossiv

1894 692 2042 738 (unus
2066 686 2380 754 appelletur,
2405 693 2586 738 contra
2618 686 2775 754 ιιο
2794 688 3027 738 omnium
3055 687 3315 741 ferentes.
3341 692 3464 743 cmi.

1896 755 2082 825 fidem,
2112 757 2231 824 qui.
2263 766 2321 807 ut
2351 762 2610 808 testantur
2640 755 2805 825 uestri
2849 756 2899 808 in
2931 770 3064 809 nova
3109 757 3276 811 sancti
3305 759 3465 825 hujus

1892 823 2128 878 duetoris
2156 839 2376 893 operum
2407 824 2637 878 editione
2657 865 2669 885 .
2700 824 2893 877 habent
2920 825 3277 889 Culusitanus,
3322 823 3464 893 quod

1893 902 2069 947 tamen
2100 909 2198 948 nec
2228 896 2322 962 ipsi
2351 895 2786 965 emendavi-runt.
2813 894 3019 948 Saeculo
3049 897 3288 965 sequenti
3319 898 3466 950 Mar-

1891 964 2071 1016 cianus
2103 965 2367 1032 episwpus
2409 965 2565 1032 plebis
2610 964 2923 1019 Culusitanw
2963 964 3198 1019 interfuit
3239 969 3467 1021 concilio

1891 982 2071 1016 cianus
2103 982 2367 1032 episcopus
2444 982 2565 1017 (eois
2610 982 2923 1019 cuiusuana:
2963 982 3198 1019 intenuit
3239 982 3467 1021 concilio

1890 1033 2291 1106 Carthaginensi
2336 982 2440 1087 sug
2473 1033 2743 1087 Donilacio
2782 1048 2925 1106 anno
2954 1035 3075 1090 525.
3112 1035 3348 1105 Denique
3378 1053 3467 1106 sy-

1892 1103 2101 1173 nodicae
2130 1105 2506 1173 episc0porum
2538 1104 2991 1172 proconsularium
3014 1119 3132 1173 qua:
3160 1106 3210 1158 in
3240 1103 3467 1160 concilio

1890 1171 2235 1227 Lateranensi
2285 1171 2385 1228 sub
2423 1171 2607 1227 sancto
2653 1173 2875 1227 Martino
2922 1171 3131 1229 actibue
3173 1173 3207 1225 2
3247 1178 3465 1231 recitata

1890 1240 2011 1314 f_uit,
2038 1243 2353 1314 subscripsit
2388 1243 2571 1297 Petrus
2608 1244 2773 1312 gratia
2810 1242 2905 1314 Dei
2930 1244 3197 1314 episcopus
3223 1242 3467 1298 Ecclesia:

1889 1310 2278 1366 Culcitanensis.
2302 1313 2497 1368 Urbem
2529 1310 2705 1367 tamen
2729 1310 3082 1366 Culucita'nam
3102 1310 3133 1364 a
3162 1313 3466 1369 Culusitana

1890 1382 2314 1450 distinguendam
2344 1396 2461 1436 esse
2485 1384 2757 1437 contendit
2786 1382 3023 1436 Norisius
3048 1382 3301 1437 adversus
3330 1385 3465 1438 Gar-

1889 1453 2114 1506 nerium.
2171 1453 2300 1506 Nam
2350 1453 2647 1506 Antoninus
2705 1454 2755 1505 in
2802 1453 3099 1515 ltinerario,
3149 1462 3203 1506 et
3247 1454 3463 1509 Tabulas

1890 1519 2313 1590 Peutingerianae
2333 1521 2661 1576 Culucitanas
2692 1522 2742 1576 in
2784 1523 2957 1576 media
2983 1522 3225 1575 Numidia
3260 1524 3458 1588 locant,

1888 1604 2009 1644 cum
2041 1600 2216 1644 tamen
2255 1601 2457 1646 certum
2506 1594 2575 1646 sit
2613 1608 2677 1647 ex
2723 1592 2971 1645 omnibus
3000 1592 3313 1646 testimoniis
3342 1609 3460 1661 qua:

1886 1674 2046 1727 supra
2074 1661 2403 1715 laudavimus
2429 1662 2712 1715 Culusitam
2740 1662 2804 1715 ad
2833 1661 3268 1730 proconsularem
3300 1666 3461 1730 perti-

1888 1730 2091 1800 nuisse.
2136 1730 2401 1783 Culuciam
2440 1740 2702 1786 memorat
2740 1745 3037 1800 anonymus
3076 1731 3354 1785 ltavennas
3390 1735 3456 1785 li-

1890 1799 1985 1852 bro
2012 1814 2062 1863 v,
2094 1816 2239 1852 num.
2269 1800 2322 1852 4.
2356 1801 2464 1855 Nec
2506 1801 2771 1855 immorari
2821 1799 2944 1855 licet
2987 1800 3276 1854 refellendo
3302 1803 3456 1856 alteri

1812 1840 1860 1899 Β
1887 1841 2127 1922 ϐπηέτὶἱ
2147 1880 2344 1933 errato,
2370 1871 2459 1937 qui
2480 1871 2721 1923 eamdem
2742 1871 3102 1923 Culusitanam
3127 1870 3308 1924 urbem
3332 1888 3453 1925 cum

1882 1936 2217 2009 Curobitensi
2247 1936 2543 1994 confundit.
2568 1940 2642 1993 Ex
2669 1940 2751 1993 his
2775 1941 2970 2009 quippe
2996 1955 3113 2008 qua:
3141 1939 3358 1994 inferius
3386 1942 3454 1995 de

1882 2006 2077 2061 Curubi
2107 2008 2344 2064 dicemus
2376 2026 2520 2064 num.
2563 2009 2655 2073 56,
2686 2006 2884 2077 patebii
2912 2006 3253 2063 has'omnino
3276 2010 3456 2064 diver-

1881 2092 1970 2147 sas
2019 2077 2204 2132 fuisse.
2258 2079 2495 2147 Denique
2546 2078 2908 2133 Culusitanam
2958 2080 3226 2132 civitatem
3277 2080 3456 2135 laudat

1882 2144 2067 2201 Victor
2098 2147 2330 2220 Vltensis
2358 2144 2495 2203 libro
2520 2166 2572 2220 v,
2607 2164 2753 2220 num.
2786 2150 2840 2212 5,
2868 2149 2921 2202 in
2961 2164 3061 2216 qua
3092 2158 3167 2220 tot
3194 2159 3457 2220 martyres

1879 2229 1942 2270 ac
1985 2216 2321 2273 confessores
2369 2219 2468 2273 sub
2511 2219 2796 2272 Vandalica
2845 2218 3213 2286 persecutione
3255 2216 3455 2273 tloi-ue-

1878 2295 2023 2348 runt,
2056 2297 2117 2340 ut
2143 2287 2453 2357 impossibile
2483 2288 2641 2342 fuerit
2666 2304 2758 2343 eos
2786 2288 2980 2340 homini
3008 2297 3306 2355 supputare.
3338 2289 3456 2344 Pra:

1878 2358 2087 2410 cmteris
2117 2356 2294 2412 laudat
2328 2358 2604 2413 Victoriam
2628 2368 2922 2412 matronam
2962 2358 3240 2411 illustrem.

1946 2446 2035 2500 54.
2079 2448 2386 2504 BULLENSIS.
2431 2448 2703 2518 Confessor
2742 2448 3030 2515 Therapius
3065 2466 3097 2503 a
3134 2447 3289 2500 Bulla
3336 2450 3453 2505 tulit

1875 2518 2194 2587 sententiam
2220 2521 2474 2573 adversus
2505 2520 2878 2574 haereticnrum
2910 2520 3167 2587 baptisma
3194 2522 3245 2570 in
3272 2522 3453 2572 conci-

1874 2584 1946 2658 lio
1971 2586 2375 2655 Carthaginensi
2406 2590 2504 2642 sub
2527 2599 2712 2641 sancto
2734 2584 3019 2658 Cypriane,
3053 2604 3200 2641 num.
3234 2591 3328 2651 6t;
3365 2604 3452 2640 cu-

1868 2652 1959 2726 jus
1987 2652 2301 2724 argumento
2329 2660 2614 2726 respondet
2643 2652 2964 2725 Augustinus
2996 2659 3131 2710 libro
3154 2672 3222 2710 vit
3253 2659 3317 2711 de
3349 2659 3450 2709 Ba-

1874 2725 2069 2791 ptisnto
2098 2737 2281 2780 contra
2314 2725 2649 2792 Donatistas,
2688 2742 2805 2789 cap.
2846 2728 2937 2781 25.
2972 2727 3085 2780 Huc
3117 2727 3252 2779 forte
3290 2743 3448 2781 rev.»-

1872 2795 2075 2865 candus
2125 2810 2337 2864 quoque
2385 2809 2467 2850 est
2519 2796 2693 2850 Victor
2744 2795 3017 2849 Bulnensis
3068 2797 3153 2861 qui
3208 2798 3449 2865 synodali

1871 2864 2108 2931 epistola:
2159 2866 2551 2933 proconsularis
2596 2866 2883 2932 provincim
2927 2864 3296 2933 episcoporum
3338 2866 3446 2933 jam

1871 2933 2065 3000 saepius
2093 2936 2319 2989 laudata:
2346 2936 2686 3001 Subscripsit.
2725 2946 2779 2987 ut
2810 2935 2989 2989 videre
3024 2944 3101 2988 est
3135 2938 3185 2989 in
3217 2938 3447 2988 concilio

1870 3001 2213 3058 Laterauensi
2269 3006 2368 3058 sub
2425 3016 2611 3059 sancto
2661 3005 2889 3059 Martino
2935 3006 3145 3059 actione
3197 3004 3248 3059 ‘2.
3303 3004 3448 3059 Bulte

1870 3087 2106 3142 campum
2133 3075 2295 3128 semel
2342 3084 2397 3128 et
2434 3076 2624 3128 iterum
2672 3084 2933 3128 memorat
2974 3074 3233 3141 Pocopius
3264 3075 3398 3127 libro
3430 3092 3445 3129 t

1873 3140 1939 3213 de
1966 3140 2112 3213 Bello
2138 3144 2447 3208 Vandalico,
2480 3146 2568 3213 qui
2600 3152 2714 3197 erat
2744 3146 2795 3197 in
2828 3146 3016 3198 itinere
3048 3140 3232 3199 versus
3263 3143 3448 3197 Numi-

1872 3211 2037 3265 diam.
2070 3212 2247 3283 Campi
2284 3211 2541 3267 Bullensis
2572 3215 2810 3267 meminit
2840 3231 3049 3283 quoque
3088 3225 3302 3266 sanctus
3333 3219 3445 3266 Au-

1867 3284 2110 3351 gustinus
2132 3284 2355 3353 epistola
2383 3284 2472 3340 65.
2495 3284 2633 3340 Vide
2656 3283 2873 3338 inferius
2904 3300 3049 3338 num.
3084 3284 3175 3349 50,
3204 3283 3446 3338 Buttm-

1865 3367 1944 3406 sts
1975 3353 2199 3414 Recton.

1936 3447 2025 3501 55.
2066 3447 2491 3502 Nearouuuus.
2536 3446 2783 3501 Omnium
2832 3454 3130 3512 postremus
3172 3445 3363 3500 Junius
3407 3465 3440 3501 a

1866 3516 2091 3586 Neapoli
2118 3516 2629 3586 proirehaptizandis
2653 3517 2916 3569 haereticis
2947 3517 3263 3586 sententiam
3301 3517 3439 3586 dixit

1863 3584 1917 3639 in
1945 3584 2169 3639 cbncilio
2204 3584 2608 3653 Carthaginensi
2639 3587 2739 3638 sub
2767 3595 2948 3638 sancto
2975 3585 3261 3653 Cypriano.
3302 3584 3439 3637 For-

1864 3657 2156 3709 tunatianus
2179 3655 2555 3725 Neapolitanus
2576 3656 2841 3725 episcopus
2866 3655 3179 3725 subscripsit
3209 3657 3437 3711 concilio

1861 3725 2263 3794 Carthaginiensi
2290 3723 2428 3794 quod
2452 3723 2722 3778 anno’dl9
2742 3726 2841 3777 sub
2866 3723 3081 3794 Aurelio
3108 3724 3433 3780 celebratum

1861 3795 1989 3860 fuit;
2028 3792 2273 3863 idemque
2309 3792 2556 3848 interfuit
2595 3794 2873 3848 Collationi
2902 3792 3305 3862 Carthaginiensi
3344 3810 3436 3849 ea-

1861 3869 1973 3933 pite
2017 3866 2117 3921 1‘26
2147 3880 2266 3918 cum
2303 3865 2532 3935 Ampelio
2566 3864 2834 3935 Donatista
2878 3865 3049 3935 ipsius
3091 3864 3435 3931 adversario;

1857 3936 1946 4003 qui
1976 3936 2250 4003 Ampelius
2283 3934 2475 3990 iterum
2502 3936 2675 4003 capite
2704 3934 2810 3988 206
2843 3935 2979 3987 inter
3005 3934 3243 4001 ejusdem
3272 3945 3433 3989 secta:

1858 4008 2140 4072 episcopos
2166 4009 2457 4059 recensitos
2487 4014 2586 4057 est.
2634 4005 2709 4058 De
2738 4004 2835 4057 hac
2882 4004 3011 4056 urbe
3039 4016 3201 4068 agunt
3230 4005 3434 4059 llirtius

1860 4075 1909 4126 iu
1939 4076 2076 4129 libro
2097 4076 2165 4129 de
2207 4076 2352 4129 Bello
2379 4074 2649 4135 Africano,
2694 4074 3017 4140 Pomponius
3055 4074 3209 4137 Mela,
3242 4075 3434 4141 aliique

1856 4155 2103 4199 auctores
2123 4190 2137 4211 ,
2166 4161 2322 4215 quam
2351 4144 2567 4215 Tabula:
2606 4144 3027 4215 Peutiugerianze
3058 4145 3286 4195 mediam
3314 4146 3430 4215 fere

1857 4216 1995 4285 inter
2018 4212 2268 4285 Clypeam
2292 4224 2345 4269 et
2375 4214 2583 4285 Pttdput
2607 4214 2801 4285 locant.
2822 4213 3115 4285 Consentit‘
3132 4212 3431 4285 Autpniuus

1854 4284 1907 4335 in
1946 4280 2242 4349 ltittci‘ario,
2276 4286 2359 4337 ubi
2395 4282 2608 4347 Putput,
2640 4281 2877 4343 Curubis,
2914 4280 3179 4346 Neapolis,
3213 4280 3429 4348 Clypea.

1852 4352 2115 4409 Caeterum
2136 4358 2450 4409 l‘tolemteus
2484 4351 2757 4415 Neapolim
2780 4351 3029 4404 coloniam
3056 4351 3308 4417 appellat,
3343 4350 3431 4403 Li-

1853 4424 2025 4481 berum
2052 4426 2312 4495 Oppidum
2338 4425 2555 4495 Plinius.
2577 4424 2709 4477 Alite
2738 4433 2887 4475 erant
2917 4422 2969 4474 in
2995 4421 3111 4473 aliis
3143 4422 3429 4488 provinciis

1852 4496 2009 4549 urbes
2034 4494 2281 4564 Neapolis
2310 4494 2489 4547 dictae.

1923 4584 2009 4638 56.
2052 4584 2405 4638 CURBITANUS.
2439 4582 2569 4635 lluic
2597 4578 2807 4633 lectioni
2830 4578 2971 4632 favet
2993 4578 3101 4645 jam
3133 4594 3236 4631 non
3262 4580 3427 4633 semel

1852 4656 2063 4708 laudata
2090 4656 2342 4725 synodica
2374 4650 2777 4725 proconsularis
2812 4650 3124 4725 _proviucia_3_
3152 4651 3430 4725 episcopo-

1854 4740 2000 4789 rum,
2033 4726 2083 4778 in
2113 4718 2340 4777 concilio
2372 4718 2716 4775 Laterani-nsi
2744 4719 2843 4771 sub
2869 4730 3053 4772 sancto
3082 4718 3307 4789 Martino
3334 4735 3429 4788 ap-

1852 4788 2069 4863 probata
2090 4834 2105 4859 ,
2132 4795 2214 4848 cui
2243 4790 2560 4863 subscripsit
2592 4791 2893 4863 Βανιεηιιιηξ⁸
2913 4790 3082 4857 gratia
3112 4788 3204 4863 Dei
3231 4789 3427 4857 episco-

1851 4858 1946 4935 pus
1984 4858 2170 4918 sancta:
2218 4858 2465 4916 licclesiw'
2496 4858 3204 4935 Cui-bitanae.“Frequentius
3251 4868 3427 4935 tamen

1854 4926 2062 4990 veteres
2091 4935 2328 4989 Curubim
2364 4935 2683 4985 scribebant.
2730 4931 2784 4981 lu
2813 4928 3106 4981 Collatinue
3146 4926 3426 4995 Carthagi-

1851 5008 2002 5058 nensi
2029 5021 2148 5073 cap.
2186 5004 2287 5058 198
2318 5005 2454 5056 inter
2482 5000 2780 5073 Donatistas
2805 5002 3099 5073 recensitos
3129 4997 3220 5073 fuit
3255 4996 3428 5073 Victor

1846 5066 2109 5144 episcopus
2146 5075 2508 5127 Curubitonus.
2562 5070 2757 5144 Adfuit
2783 5080 2849 5144 et
2886 5068 3115 5144 concilio
3155 5066 3428 5144 Carthagi-

1848 5138 2130 5199 n'cnsi'sub
2176 5144 2444 5198 Bouilacio
2484 5157 2623 5193 anno
2655 5138 2760 5193 5'25
2806 5138 3114 5205 Peregrinus
3159 5140 3426 5207 episcopus

1845 5214 2090 5269 Ecclesia:
2117 5214 2465 5267 Curubitanar.
2503 5210 2697 5264 Eadem
2726 5210 2911 5261 civitas
2940 5208 3153 5263 Curubis
3182 5225 3209 5259 a
3242 5219 3426 5259 Sancto

1844 5288 2138 5352 Augustino
2160 5287 2454 5353 appellatur
2479 5282 2735 5353 librauit
2757 5279 3063 5353 tleCiv.tate
3092 5280 3202 5353 Dei,
3225 5292 3342 5353 cap.
3369 5285 3420 5327 δ’.

1843 5349 2019 5410 Sacris
2046 5349 2392 5423 scriptoribus
2424 5352 2631 5421 profani
2676 5351 3015 5423 Consentium
3047 5349 3282 5423 Plinius,
3312 5350 3424 5396 Λιι-

1843 5428 2054 5479 toninus
2102 5418 2168 5477 iu'
2201 5418 2507 5487 lttnerario,
2552 5436 2850 5491 anouymus
2883 5420 3159 5491 ltavcnuas
3191 5418 3416 5491 lihroﬂv,

1842 5512 2050 5548 numer.
2084 5495 2136 5548 5.
2170 5494 2406 5547 Curubim
2440 5483 2647 5551 tiitten,
2686 5483 2805 5551 seu,
2842 5500 2899 5540 Ill.
2930 5489 3085 5538 habet
3120 5485 3286 5538 Codex
3318 5483 3421 5535 l’a-

1840 5567 2055 5631 ifllillUS,
2088 5565 2325 5618 Curabim
2348 5565 2583 5631 appellat
2612 5560 2926 5631 Ptolemaeus
2954 5555 3090 5608 libro
3120 5570 3193 5618 tv,
3217 5570 3335 5621 cap.
3361 5556 3421 5608 5.
3463 5580 3467 5585 -

1839 5638 1982 5690 l’ost.
2014 5637 2210 5690 Norisii
2256 5636 2306 5688 iu
2358 5630 2511 5704 111
2553 5630 2885 5704 Cauterium,
2935 5639 3215 5704 censuram
3258 5641 3424 5704 nemo

1834 5710 1956 5772 erit,
1980 5708 2191 5776 ορῑιιηιο,
2225 5708 2274 5757 in
2310 5696 2577 5772 pu'sz-r—um
2605 5702 2688 5769 qui
2720 5698 2854 5753 hanc
2887 5697 3069 5751 urbem
3110 5711 3230 5751 cum
3257 5696 3421 5751 Culu-

1834 5779 2002 5834 sitana
2034 5777 2347 5832 confundat.
