3944 6176
746 266 765 293 ἱ

288 366 380 417 337
1215 354 1735 411 ANNOTATIONES
1773 354 1839 408 lN
1876 353 2201 409 NOTlTlAll
2242 354 2537 410 AFRICIE.

3408 358 3511 410 538

286 479 398 529 .iitu.
436 482 489 526 ut
522 471 670 526 Nora
695 472 907 538 Sparsa,
949 468 1088 538 Nova
1118 466 1361 538 Ctesaris,
1387 478 1527 531 etc.;
1558 468 1622 521 de
1645 467 1836 535 quibus

1950 482 2067 529 nus,
2105 470 2190 532 qui
2223 482 2341 533 cap.
2373 469 2473 523 155
2498 468 2995 523 διώυοώὸωιὶιεηδίε
3023 470 3215 525 d'citur
3244 468 3293 521 iu
3316 469 3509 523 editio—

285 548 383 596 suis
410 545 534 596 locis
565 543 871 595 dicendum.
912 539 989 591 Ad
1037 537 1211 590 Novas
1246 537 1403 590 habet
1452 538 1751 589 Antoninus
1786 540 1836 591 in

288 614 568 675 l'inerario,
604 612 740 664 haud
776 610 954 678 procul
988 610 1054 661 ab
1090 607 1293 675 Oppido
1328 606 1495 674 Novo,
1522 606 1657 660 infra
1687 622 1835 659 num.

286 687 345 737 tit
372 684 418 735 iu
450 684 545 734 hac
575 682 688 747 ipsa
723 680 990 747 provincia
1022 687 1339 747 memorato.

345 754 429 806 20.
450 746 925 805 Zucaeisntna‘us.
947 749 999 801 In
1018 746 1310 801 Collatione
1325 746 1573 805 tiartliag.
1596 760 1714 813 cap.
1738 746 1839 799 155

283 824 408 874 inter
447 822 738 874 catholicus
792 819 975 871 Patres
1028 819 1321 871 recensitos
1361 826 1443 868 est
1494 814 1840 867 Maximimus

282 892 528 960 episcopus
552 888 709 957 plebis
734 888 1179 960 Zugabbaritauw,
1215 884 1301 960 qui
1328 886 1394 960 in_
1434 886 1698 960 prioribus
1725 886 1838 960 edi-

285 954 503 1013 tionib'us
532 954 658 1012 aute
692 954 1027 1011 Baliiaianam
1075 955 1549 1009 Suboabburitmsis
1586 954 1841 1007 mendose

282 1031 564 1084 dicebatur.
597 1034 663 1082 At
684 1029 763 1082 sic
785 1027 1089 1080 emendavit
1114 1024 1352 1077 eruditus
1386 1024 1651 1086 Baluzius,
1698 1024 1840 1091 quod

282 1099 581 1163 Germanus,
608 1098 695 1164 qui
723 1097 809 1149 hic
845 1095 1148 1164 Maximiani
1170 1094 1504 1164 adversarius
1531 1108 1593 1146 ex
1625 1093 1841 1164 Donati-

282 1178 470 1221 starum
496 1162 639 1221 serta
668 1167 877 1228 dicitur,
912 1180 1030 1233 cap.
1064 1163 1164 1215 182
1180 1164 1377 1233 diserte
1411 1163 1671 1233 episcopus
1703 1162 1842 1233 Ziig-

284 1240 597 1306 gabaritanus
629 1238 952 1289 nominetur.
984 1232 1219 1306 Veteres
1252 1232 1403 1285 Plinii
1439 1232 1703 1306 editiones
1743 1232 1837 1287 lib.

287 1300 333 1367 ἦ,
359 1323 471 1372 cap.
498 1306 555 1369 2,
590 1306 850 1359 Succubur
878 1302 1261 1365 memorabant,
1286 1317 1444 1369 quem
1472 1302 1644 1355 locum
1674 1300 1838 1355 Joan-

284 1392 368 1429 nes
388 1377 691 1430 llarduinus
713 1392 775 1428 ex
801 1375 1027 1425 omnibus
1049 1372 1430 1438 manuscriptis,
1458 1374 1529 1424 uti
1546 1375 1638 1436 ait,
1660 1386 1842 1424 emen-

282 1446 450 1510 davit,
509 1448 775 1512 habetque
830 1442 1121 1507 Succabar,
1179 1442 1472 1512 quaarurbs
1526 1440 1841 1512 ibidicitur

282 1514 485 1567 Colonia
528 1510 771 1584 Augusta.
793 1513 888 1584 Sic
922 1527 1133 1579 quoque
1163 1511 1460 1584 appellatur
1487 1512 1537 1564 in
1562 1510 1842 1584 Thesauro

280 1585 453 1637 Golstii
481 1580 750 1653 pag.'258.
778 1582 1085 1636 Ammianus
1106 1580 1345 1653 vero_lib.
1367 1596 1487 1653 xxi;
1506 1581 1841 1653 municipium

283 1648 710 1721 Sugabaritunum
745 1660 1005 1706 memorat
1036 1659 1188 1721 monti
1211 1648 1838 1721 ATranscellensiAadcliue.

282 1719 591 1777 Ptolemmus
634 1723 730 1776 lib.
780 1737 850 1785 tv,
904 1734 1021 1787 cap.
1051 1720 1108 1783 2,
1142 1719 1302 1773 habet
1341 1735 1408 1772 ex
1438 1719 1556 1773 cod.
1602 1719 1840 1773 Palatino

280 1795 404 1856 apud
435 1794 673 1847 Bertium
708 1790 1019 1845 Zuchabari.
1064 1788 1202 1841 Editi
1242 1797 1396 1843 antea
1442 1788 1705 1841 habebant
1735 1788 1840 1842 Bu—

280 1862 554 1915 rhambari.
600 1862 729 1915 lluic
772 1860 887 1914 urbi
920 1858 1258 1928 Fortunatam
1288 1874 1319 1910 a
1359 1856 1696 1923 Tucchabori,
1747 1864 1835 1928 qul

280 1932 410 2001 inter
437 1932 835 2001 rebaptizantes
870 1929 1178 2001 inconcilio
1217 1927 1609 2001 Qa_rtliag.sub
1652 1927 1838 2001 san_cto

280 1996 736 2069 Cyprianofnum.
764 1999 851 2068 17,
883 1998 1086 2069 adfuit,_
1117 1996 1396 2065 prtefuisse
1422 1996 1711 2069 arbitratur
1741 1998 1839 2054 Pa-

280 2066 457 2125 m'elius
482 2073 536 2124 in
561 2072 701 2124 notis
714 2068 779 2123 ad
794 2066 1030 2123 sanctum
1051 2067 1392 2135 Cyprianum,
1417 2066 1509 2120 sed
1535 2083 1833 2134 perperam.

280 2140 398 2193 Nam
429 2140 728 2205 Stephanus
770 2141 1031 2208 episcopus
1057 2136 1493 2189 Turcabon’ensis.
1544 2139 1683 2190 inter
1719 2154 1841 2205 pro-

278 2212 587 2263 consulares
630 2210 857 2263 habetur
884 2211 975 2275 qui
1015 2208 1283 2276 synodica:
1332 2208 1761 2275 subscripserunt
1786 2209 1837 2263 in

277 2282 502 2333 concilio
535 2280 782 2332 Lateran.
806 2278 906 2331 sub
934 2285 1118 2330 sancto
1142 2276 1387 2338 Martino,
1418 2285 1522 2331 act.
1548 2277 1600 2330 2.

338 2351 421 2403 2t.
453 2349 844 2407 C£SARIENSIS,
887 2347 1013 2401 urbs
1057 2346 1221 2398 totius
1260 2345 1545 2411 provincia:
1589 2346 1836 2415 nobilior,

278 2433 335 2471 es
364 2435 467 2485 qua
499 2420 639 2472 dicta
671 2429 752 2471 est
777 2416 1083 2471 Mauritania
1106 2416 1470 2485 (lassariensis.
1504 2416 1692 2470 Paucis
1721 2432 1842 2471 ver-

278 2488 351 2542 bis
373 2484 610 2557 eli-giuni
639 2489 755 2555 ejus
776 2486 1000 2557 absolvit
1029 2484 1231 2539 Plinius
1262 2484 1352 2538 lib.
1378 2500 1427 2548 v,
1451 2500 1568 2554 cap.
1596 2486 1649 2541 2.
1679 2486 1841 2557 Oppi-

278 2562 388 2610 dum
424 2555 499 2611 ibi
535 2557 908 2611 celeberrimum
936 2555 1200 2615 limares,
1242 2564 1393 2606 antea
1431 2558 1700 2608 vocitatum
1726 2555 1837 2624 lol,

277 2627 414 2681 Juba?
443 2627 612 2697 regia,
650 2643 681 2678 a
704 2626 821 2678 divo
841 2625 1067 2697 Claudio
1092 2625 1305 2697 colonia:
1329 2625 1454 2697 iure
1482 2624 1669 2697 donata
1697 2630 1837 2695 ejus-

278 2700 380 2749 dem
401 2694 564 2768 jusiu
592 2697 821 2768 deductis
848 2694 1343 2768 veteranisxDicitur
1370 2708 1401 2746 a
1424 2694 1835 2768 _l_’tolem:eo;lib.

276 2782 328 2827 It,
352 2762 473 2835 cap.
503 2771 559 2831 4,
582 2764 668 2818 Jol
698 2765 927 2819 Casei-ea
950 2781 967 2826 ;
998 2765 1075 2835 ab
1100 2762 1368 2835 Antonino
1388 2763 1643 2835 _Ca:sarea
1694 2765 1839 2820 Colo-

276 2831 433 2899 niani
472 2835 767 2902 Pomponio
792 2835 927 2889 Mela
958 2834 1049 2887 lib.
1080 2850 1117 2898 ι,
1145 2848 1264 2901 cap.
1288 2833 1342 2896 6,
1373 2831 1459 2887 Jol
1482 2834 1548 2886 ad
1570 2849 1708 2888 mare
1737 2836 1837 2888 alio

274 2908 473 2976 quando
505 2906 765 2976 ignobilis,
807 2921 940 2976 nunc
965 2907 1084 2976 quia
1109 2903 1420 2976 J_uba:gre‘.,io
1467 2905 1584 2972 fuit,
1630 2915 1675 2957 et
1704 2907 1839 2974 quod

275 2973 793 3029 Casai'eai'vocitatur
840 2974 1077 3043 illustris:
1131 2973 1322 3026 Bocchi
1376 2988 1605 3043 quoque,
1639 2973 1836 3043 regiam

274 3044 427 3099 fuisse
454 3045 732 3098 contendit
761 3044 997 3098 Solinus.
1037 3041 1215 3106 Prius,
1250 3044 1417 3110 inquit
1440 3058 1557 3111 cap.
1587 3042 1678 3106 28,
1706 3041 1840 3099 Boc-

274 3116 348 3166 chi
366 3116 535 3186 regia,
564 3115 881 3186 postmodum
903 3113 1052 3166 Juba:
1070 3112 1391 3186 indulgentia
1421 3115 1599 3186 pepuli
1622 3113 1839 3169 Romani

1948 538 2104 590 nibus
2133 539 2471 592 Baluzianam
2502 540 2956 605 antecedentibus,
2998 555 3101 593 non
3134 540 3507 603 Suburitanus,

1944 622 2115 679 neque
2158 607 2556 679 Subbaritanus,
2602 608 2692 661 sed
2739 609 3212 679 Zuggobaritanus,
3253 610 3507 679 appellari

1943 677 2117 739 debet,
2149 680 2220 730 uti
2249 677 2549 731 emendavit
2590 677 2846 733 Baluzius.
2884 681 3015 732 Vide
3042 696 3200 746 supra
3231 696 3377 732 nunt.
3416 678 3506 732 20.

1945 746 2232 814 Martyrum
2279 747 2670 801 Suburbitarum
2719 750 2918 802 mentio
2956 747 3247 802 habebatur
3294 752 3343 801 in
3388 764 3506 801 ser-

1947 832 2104 870 mone
2134 816 2203 869 52
2232 818 2396 869 sancti
2429 818 2702 885 Augustini
2733 832 2762 870 a
2795 818 3081 872 Sirmundo
3110 820 3283 884 edito,
3314 820 3401 886 qui
3428 827 3513 870 est

1946 900 2095 938 novre
2148 886 2395 939 editionis
2436 888 2558 940 διδ.
2616 887 2688 941 De
2726 888 2915 953 quibus
2946 887 3065 940 vide
3094 889 3517 941 admonitionem

1944 964 2198 1028 nostram_
2228 956 2277 1028 in
2310 958 2606 1028 passionem
2639 971 2939 1028 sanctarum
2985 969 3274 1028 martyrum
3317 957 3509 1028 Perpe-

1946 1033 2050 1146 pii?
2074 1024 2470 1147 lutmis‘eslicfitatis,
2504 1042 2648 1080 num.
2674 1027 2727 1092 5,
2760 1030 2810 1080 in
2840 1028 2988 1081 Actis
3008 1024 3296 1097 Mariyrum
3337 1026 3509 1081 since-

1945 1108 2038 1155 ris,
2074 1107 2172 1161 pag
2224 1107 2313 1148 82.

2013 1162 2105 1216 24.
2147 1168 2423 1234 AQUENSIS.
2464 1164 2776 1233 Complures
2804 1173 2955 1219 erant
2978 1165 3135 1234 hujus
3163 1166 3391 1220 nominis
3421 1181 3508 1219 ur-

1944 1232 2037 1286 bes
2063 1233 2113 1285 in
2141 1233 2316 1304 Africa
2338 1273 2352 1295 ,
2386 1234 2543 1286 ctiam
2576 1232 2771 1302 prmter
2799 1250 2888 1287 eas
2927 1232 3061 1303 qua!
3085 1237 3265 1304 aliquo
3306 1237 3509 1289 addita-

1945 1312 2126 1355 mento
2151 1303 2627 1371 distinguebantur.
2656 1306 2951 1365 Secundus,
2982 1307 3065 1370 qui
3092 1303 3297 1369 Leporii
3331 1307 3509 1359 libello

1943 1372 2271 1445 subscripsit,
2304 1388 2423 1427 sese
2456 1372 2695 1445 Ecclesiae
2734 1376 3009 1443 Aquensis,
3046 1376 3149 1427 sive
3176 1374 3508 1445 Megarmita-

1947 1458 2024 1493 me
2047 1442 2352 1507 episcopum
2392 1444 2646 1509 appellat;
2680 1446 2769 1498 sed
2790 1442 2885 1497 hic
2914 1453 3029 1497 erat
3051 1459 3114 1498 ex
3143 1442 3409 1504 Numidis.
3452 1456 3509 1499 ut

1945 1511 2175 1564 diximus
2220 1512 2272 1564 in
2321 1512 2461 1565 notis
2487 1514 2550 1565 ad
2579 1514 2694 1581 ejus
2726 1515 3009 1581 provincias
3038 1518 3317 1581 episcopos
3356 1531 3505 1569 num.

1948 1580 2068 1634 105.
2097 1582 2279 1635 Adfuit
2318 1580 2883 1652 Collationi’Carthag.
2918 1599 3035 1650 cap.
3063 1584 3168 1637 208
3201 1580 3509 1637 Victoriniu—

1945 1666 2041 1721 nus
2059 1654 2332 1721 episcopus
2357 1652 2606 1721 Aquensis
2631 1668 2695 1705 ex
2728 1653 3117 1707 Donatistarum
3139 1661 3279 1707 secta
3300 1697 3314 1717 ,
3349 1668 3505 1721 quem

1945 1720 2009 1771 ad
2032 1718 2423 1801 _Arzug_it_a_na_m
2445 1723 2767 1801 provinciam
2799 1722 3121 1801 pertinuisse
3149 1718 3415 1801 culligitur
3441 1738 3506 1777 ex

1946 1790 2133 1863 eodem
2178 1790 2665 1863 Collati‘onis_|oco.
2712 1790 2809 1863 ubi
2842 1792 3099 1863 Asselicus
3128 1790 3391 1863 episcopus
3422 1808 3508 1845 ca-

1870 1827 1916 1886 B
1946 1827 2133 1841 νων...
2179 1827 2486 1843 ..ψη-...μηδ
2518 1827 2665 1849 μην.
2713 1827 2796 1845 ..υι
2842 1827 3098 1846 manu...
3128 1827 3391 1863 εμισιιυμι..
3422 1827 3508 1845 νω-

1943 1859 2157 1930 tltolicus
2184 1860 2443 1930 municipii
2466 1859 2763 1914 Tusuritani
2786 1862 3158 1930 interloquitur
3177 1878 3236 1916 se
3257 1864 3321 1914 de
3343 1863 3508 1915 Arzu-

1940 1929 2085 2050 qlibus
2113 1929 2194 1982 die
2216 1944 2269 1982 ιιι
2298 1929 2628 1982 colendarum
2654 1930 2905 1983 Maiarum
2932 1929 3215 2000 prbfectum
3243 1933 3417 2002 fuisse,
3446 1948 3507 1987 ac

1993 1998 2362 2050 ictorinianum
2404 1998 2456 2050 in
2498 2002 2580 2050 via
2634 2000 3021 2050 Donatistarum
3069 2001 3297 2050 factione
3344 2000 3507 2050 fuisse

1993 1998 2362 2051 irtorinianum
2404 1998 2456 2052 in
2498 2002 2580 2053 via
2634 1998 3036 2055 Donatistarum
3069 1998 3297 2056 factione
3344 2000 3508 2056 fuisse

1941 2069 2291 2138 ordiuaium.’
2312 2068 2638 2123 Recensetur
2666 2079 2720 2124 et
2746 2086 2863 2138 cap.
2912 2071 3011 2125 198
3043 2072 3166 2124 item
3193 2088 3258 2125 ex
3295 2072 3507 2124 Donati-

1940 2139 2036 2191 Stis
2059 2136 2359 2209 Cresconius
2381 2140 2641 2206 episwpus
2666 2136 2940 2209 Aquensis;
2969 2140 3063 2195 sed
3088 2141 3328 2195 Numidis
3351 2144 3506 2196 istum

1941 2208 2211 2261 accenseri
2242 2208 2437 2279 debere
2468 2209 2619 2264 facile
2650 2208 2821 2279 colligi
2855 2221 3029 2277 potest
3056 2226 3119 2265 ex
3145 2210 3332 2265 eodem
3363 2209 3502 2275 loco,

1942 2292 2063 2329 nam
2093 2292 2212 2331 cum
2259 2276 2328 2331 ibi
2370 2278 2686 2333 Cresmnius
2727 2276 3021 2333 traditorem
3057 2294 3117 2334 se
3156 2295 3260 2334 non
3310 2279 3506 2335 habere

1940 2346 2184 2410 dixisset,
2218 2348 2562 2402 interlocutus
2581 2358 2665 2403 est
2690 2350 2939 2403 Aurelius
2965 2350 3245 2417 episcopus
3283 2349 3506 2403 catholi-

1941 2431 2035 2470 cus
2063 2417 2421 2481 Macomadize,
2459 2426 2514 2472 et
2536 2418 2665 2471 dixit
2698 2435 2712 2471 :
2745 2418 3006 2472 Habemus
3033 2420 3112 2472 hic
3140 2419 3501 2487 presbyterum,

1942 2502 2061 2558 nam
2105 2496 2154 2540 et
2198 2490 2465 2556 episcopus
2496 2488 2565 2540 ibi
2604 2490 2727 2554 fuit,
2758 2489 2907 2542 modo
2938 2490 3208 2558 defunctus
3235 2498 3333 2552 est,
3365 2498 3413 2541 et
3451 2491 3503 2541 in

1942 2555 2052 2608 loco
2080 2559 2192 2624 ejus
2222 2555 2431 2609 necdum
2460 2566 2535 2611 est
2562 2559 2843 2611 ordinatus.
2892 2555 3157 2611 Aurelium
3188 2567 3363 2610 autem
3396 2558 3504 2611 Ma-

1941 2629 2199 2680 comadia:
2247 2626 2536 2681 Numidica:
2580 2630 2885 2695 episcopum
2951 2628 3112 2681 fuisse
3161 2627 3501 2695 probavimus

1940 2709 2099 2761 supra
2127 2695 2179 2748 in
2206 2697 2342 2749 notis
2362 2697 2427 2750 ad
2449 2697 2598 2750 istius
2622 2697 2904 2764 provinciae
2929 2698 3210 2764 episcopos
3236 2711 3382 2749 num.
3411 2698 3499 2752 84.

1941 2764 2044 2817 Sed
2077 2775 2268 2831 praeter
2316 2766 2410 2819 hos
2454 2781 2638 2820 omnes
2669 2765 2924 2835 habemus
2968 2767 3140 2820 adhuc
3188 2769 3496 2835 episcopum

1943 2836 2243 2901 Aquensem
2272 2850 2343 2905 ex
2371 2836 2699 2905 Collatione,
2744 2834 2864 2905 qui,
2911 2845 2966 2889 ut
3005 2834 3237 2901 videtur,
3284 2836 3503 2905 hujusce

1942 2906 2216 2986 Anq-nensis
2237 2904 2561 2986 Mauritania;
2591 2906 2736 2986 urbis
2757 2904 3034 2986 episcopus
3057 2906 3173 2986 fuit.
3203 2906 3249 2958 ls
3274 2916 3356 2986 est
3381 2904 3504 2957 IM-

1942 2974 2111 3041 pidius
2137 2975 2400 3043 episcopus
2421 2974 2579 3041 plebis
2604 2975 2846 3043 Aquensis
2867 2974 2953 3044 qui
2976 2990 3095 3028 cum
3130 2974 3385 3044 Reparato
3407 2989 3504 3027 suo

1941 3044 2247 3097 adversario
2284 3059 2401 3113 cap.
2440 3045 2537 3100 155
2576 3043 3023 3110 recensitusest;
3071 3046 3160 3113 qui
3210 3043 3504 3113 Reparatus

1944 3113 2142 3184 iteruui
2167 3114 2304 3184 inter
2346 3116 2642 3184 Donatistas
2670 3116 2829 3184 capit.
2858 3114 2955 3168 l97
2983 3112 3300 3183 comparuit.
3333 3112 3504 3179 Aquas

275 3187 401 3237 dono
421 3182 569 3258 data.
598 3184 841 3258 D_ic:turna
863 3182 1120 3250 Procopio
1139 3183 1325 3258 iss-760.11
1346 3186 1429 3258 nati
1446 3185 1837 3258 noluézuepainoc

1947 3183 2088 3258 inter
2122 3182 2340 3258 Sufasar
2376 3192 2430 3237 et
2465 3183 2642 3258 ipsam
2674 3182 2971 3258 Caesaream
3021 3182 3177 3258 habet
3208 3183 3505 3258 Antoninus

274 3257 321 3308 s‘x
347 3257 570 3309 παλαιοῦ
594 3249 747 3308 οὖσα.
777 3252 1012 3306 Ceteros
1039 3249 1302 3317 profanos
1327 3252 1513 3305 omitto
1554 3254 1641 3319 qui
1665 3249 1838 3320 'plura

275 3327 336 3377 de
362 3326 462 3377 hac
488 3324 620 3377 urbe
645 3332 1061 3390 congesserunt;
1092 3337 1210 3390 quae
1253 3322 1411 3374 hodie
1459 3334 1730 3389 superest,
1783 3336 1840 3380 ut

278 3396 448 3447 inultis
482 3396 682 3462 placet,
714 3393 812 3445 sub
839 3390 1037 3459 Algerii
1066 3391 1300 3462 nomine,
1324 3390 1549 3462 celebris
1579 3394 1725 3461 regni
1749 3408 1841 3447 co-

278 3460 541 3528 gnominis
562 3471 753 3529 caput:
772 3478 925 3527 quam
960 3469 1133 3513 tamen
1156 3460 1457 3527 opinionem
1482 3461 1703 3515 Samson
1731 3465 1841 3517 alii-

278 3548 370 3598 que
388 3533 684 3601 geographi
707 3531 897 3584 eruditi
918 3530 1182 3601 rejiciunt.
1201 3530 1335 3582 Ulim
1354 3529 1526 3601 civilis
1544 3541 1658 3584 erat
1681 3535 1838 3587 totius

278 3600 561 3667 provincia:
600 3601 931 3668 metropolis,
974 3600 1114 3666 quod
1155 3614 1360 3670 nomen
1387 3600 1451 3651 ad
1482 3600 1597 3668 ejus
1626 3616 1837 3670 quoque

277 3674 580 3739 episcopum
613 3671 880 3724 transtulit
905 3679 1119 3722 sanctus
1142 3668 1489 3735 Augustinus,
1519 3668 1711 3738 qui.’ut
1727 3668 1836 3738 jam

277 3741 399 3794 alias
425 3738 853 3818 observavimus,
902 3739 1193 3818 Deuterium
1214 3738 1836 3818 ἐρξρροριιηιῆηιειῖοροιὶο

278 3818 443 3862 tonum
463 3810 824 3863 Caesariensem
851 3808 1083 3876 appellat
1114 3808 1262 3861 initio
1285 3808 1404 3861 libri
1427 3808 1493 3862 de
1508 3808 1687 3863 Gestis
1704 3808 1837 3864 cum

190 3892 201 3897 ’
284 3881 515 3934 liuerito
564 3879 880 3933 Cmsariensi
932 3880 1325 3930 Donatistarum
1368 3879 1638 3945 cpi-copo.
1674 3881 1839 3935 Porro

281 3946 359 4001 hic
383 3950 656 4002 Emeriius
680 3964 817 4000 unus
842 3962 872 3999 e
896 3957 1099 4015 septem
1124 3947 1220 4000 fuit
1245 3948 1508 4013 episcopis
1523 3962 1657 4015 quos
1674 3949 1842 4003 Dona-

280 4028 407 4072 hsta:
442 4035 542 4086 pro
569 4033 678 4071 sua:
703 4031 877 4070 causa:
894 4017 1205 4069 defensioue
1228 4017 1426 4082 agenda
1462 4020 1512 4070 in
1545 4018 1840 4075 Collatione

278 4087 686 4155 Carthaginiensi
715 4088 1003 4154 elegerant,
1033 4086 1122 4154 qui
1147 4088 1339 4153 passim
1381 4086 1430 4139 in
1458 4101 1519 4140 ea
1552 4088 1841 4143 interlocu-

281 4165 357 4208 tus
386 4160 605 4226 legitur.
643 4157 787 4209 ldem
816 4171 1050 4222 praesens
1072 4162 1329 4226 eratcum
1364 4158 1522 4208 totius
1554 4158 1839 4223 provincia:

276 4224 540 4292 episcopis
570 4236 621 4280 et
653 4240 895 4278 universa
920 4226 1091 4290 plebe,
1124 4224 1336 4291 quando
1376 4229 1698 4293 Augustinus
1728 4244 1841 4282 ser-

280 4312 488 4349 monem
522 4295 702 4349 habuit
728 4294 865 4361 apud
893 4296 1209 4358 Cassareaiu,
1229 4309 1391 4365 quem
1412 4306 1587 4358 totum,
1616 4305 1675 4349 ιιι
1703 4299 1841 4365 ipse-

281 4374 382 4418 met
413 4368 747 4434 Augustinus
791 4365 952 4417 refert
997 4365 1131 4416 libro
1161 4378 1198 4435 ιι
1228 4362 1679 4435 Retractationum
1717 4362 1837 4435 cap.

279 4436 362 4495 bl,
394 4452 497 4486 non
510 4432 784 4487 'ini'eniens
809 4435 927 4501 quid
952 4432 1293 4504 responderet,
1324 4432 1575 4504 Emeritus
1598 4432 1840 4504 tanquam

283 4452 362 4495 ιιι,
394 4452 497 4486 non
528 4452 784 4487 mt'enmis
809 4452 924 4501 quta
952 4452 1293 4555 raganaeret,
1324 4452 1575 4487 emeritus
1598 4452 1837 4504 tanquam

283 4519 441 4557 minus
478 4505 691 4557 audii‘it.
724 4509 793 4556 At
823 4517 969 4567 vero,
1068 4502 1287 4555 euterius
1313 4503 1555 4570 ejusdem
1579 4508 1722 4559 urbis
1749 4524 1837 4561 ca-

281 4574 501 4627 tholicus
527 4576 811 4642 episcopus
852 4572 905 4624 in
943 4572 1128 4626 eadem
1169 4574 1462 4627 Collatioue
1507 4588 1641 4628 unus
1682 4576 1779 4629 fuit
1805 4591 1835 4629 e

281 4644 582 4696 custodibus
625 4642 961 4695 tabularum:
1011 4642 1277 4710 simulque
1322 4654 1733 4710 comparuerunt
1777 4657 1833 4698 et

282 4726 394 4765 sese
425 4715 650 4765 invicem
690 4720 1021 4777 agnoverunt
1046 4726 1163 4778 cap.
1204 4711 1323 4765 M5.
1355 4713 1614 4766 Cancrum
1641 4728 1707 4767 ex
1734 4715 1835 4768 hoc

281 4781 481 4835 botitia:
505 4783 624 4836 loco
659 4782 771 4852 falsi
806 4781 1143 4836 convincitur
1172 4796 1355 4834 eorum
1402 4782 1581 4850 opinio
1609 4787 1697 4851 qui
1734 4800 1833 4852 pu-

283 4854 456 4905 tabant
482 4866 575 4905 eos
605 4851 804 4905 Africa:
835 4856 1106 4918 primates,
1137 4852 1295 4903 etiam
1327 4853 1378 4904 in
1410 4853 1529 4904 aliis
1550 4867 1579 4905 a
1609 4851 1835 4917 procon-

280 4922 436 4974 sulari
469 4921 777 4989 provinciis,
820 4936 915 4987 pro
946 4921 1149 4974 sedium
1180 4936 1393 4974 suarum
1425 4922 1698 4989 dignitate,
1728 4940 1831 4978 non

281 5002 403 5041 vero
432 4991 722 5045 secundum
748 4990 1098 5044 ordinationis
1145 5000 1353 5057 tempus
1385 4990 1548 5044 fuisse
1573 4996 1831 5048 consutu-

285 5067 366 5128 tos
387 5076 401 5111 :
425 5077 536 5127 quae
567 5061 806 5127 Opinatio
826 5060 934 5127 jam
958 5062 1023 5110 ab
1047 5059 1291 5112 omnibus
1318 5062 1533 5128 explosa
1565 5072 1664 5114 est.

344 5126 902 5182 ‘22.'Rusuuimrauus.
936 5128 1173 5181 Rusubus
1206 5131 1342 5196 apud
1372 5126 1608 5183 Orteiuni
1646 5147 1708 5184 ex
1745 5132 1833 5185 Vi-

281 5204 423 5252 ctore
456 5200 686 5253 Uticensi
722 5214 820 5251 nis.
849 5211 1192 5251 memoratur.
1212 5200 1533 5253 Ptolemaeus
1558 5201 1716 5255 habet
1740 5202 1829 5255 lib.

280 5280 346 5328 tv,
373 5283 487 5335 cap.
518 5273 569 5333 3,
605 5268 895 5331 Rusicibar,
922 5269 1041 5320 vide
1081 5267 1216 5321 infra
1254 5270 1405 5337 167
1438 5272 1689 5323 num.77.
1728 5270 1834 5324 Ru-

280 5337 499 5403 sippi.~im
528 5338 858 5403 municipium
886 5339 1134 5390 exhibent
1154 5337 1369 5391 Tabula
1394 5340 1829 5407 l’eutingerianze.

344 5407 431 5461 2'5.
471 5409 887 5460 SUBBAMTANUS.
928 5409 1107 5459 Codex
1167 5407 1359 5459 Halleri
1386 5448 1401 5471 ,
1452 5408 1829 5464 Subarritanus.

282 5474 593 5547 [inuenimus
621 5478 713 5547 lib.
742 5491 813 5534 tv,
842 5491 959 5541 cap.
1006 5476 1343 5547 i_,_inemorat
1372 5478 1510 5529 inter
1541 5479 1832 5547 Tingitanae

278 5546 513 5598 civitates
542 5546 749 5607 Subur,
788 5562 853 5597 ex
887 5561 988 5611 qua
1021 5544 1394 5597 Maximianum
1442 5548 1492 5598 in
1538 5544 1834 5605 Coll'atioue

278 5613 516 5683 βίη-[1ης.
549 5617 844 5683 epistolium
885 5616 1255 5683 Suburitanum
1274 5616 1480 5683 dictum
1514 5617 1675 5671 fuisse
1702 5622 1834 5673 scri-

282 5680 352 5733 bit
376 5680 594 5737 Carolus
631 5700 660 5737 a
706 5685 899 5737 Sancto
928 5685 1112 5737 Paulo.
1137 5690 1202 5737 At
1233 5682 1578 5737 Maximianus
1619 5687 1832 5741 Sabari-

283 5763 431 5811 tuuus
458 5765 618 5819 uult-is
638 5766 720 5816 est
739 5757 794 5812 iu
817 5756 1111 5812 Collatiouc
1136 5752 1384 5827 Carthag.
1410 5756 1539 5813 Natu
1562 5758 1830 5815 Maximia-

1944 3253 1998 3305 in
2030 3252 2340 3316 ltinerario,
2391 3255 2474 3307 cui
2511 3254 2629 3307 loco
2660 3254 2866 3308 videtur
2915 3254 3178 3319 Aquensis
3224 3254 3505 3321 episcopus

1945 3322 2029 3392 hic
2055 3334 2378 3392 memoratus
2408 3323 2701 3392 prmfuisse.
2732 3325 2996 3377 Cancrum
3024 3324 3082 3376 V.
3111 3322 3171 3377 C.
3205 3322 3505 3392 Stephanus

1942 3390 2186 3445 Baluzius
2214 3394 2395 3446 urbem
2410 3390 2727 3459 'Aquensem
2758 3394 2843 3446 hic
2877 3393 3140 3445 laudatam
3178 3406 3295 3446 eam
3334 3391 3509 3460 ipsans

1940 3474 2059 3513 esse
2084 3470 2269 3514 censet
2308 3464 2557 3513 civitatem
2587 3462 2870 3529 Aquitania:
2896 3462 3047 3529 cujus
3074 3460 3330 3529 Crescens
3359 3462 3409 3513 iu
3442 3461 3505 3514 li-

1943 3530 2040 3581 bro
2069 3545 2083 3583 t
2114 3530 2357 3584 Historia:
2388 3531 2609 3586 Vieloris
2643 3527 2869 3585 Vitensis
2889 3569 2904 3595 ,
2932 3527 3152 3584 numero
3181 3532 3212 3584 7
3243 3527 3504 3599 Metropo-

1941 3600 2129 3651 litanus
2172 3600 2331 3652 fuisse
2360 3600 2570 3653 dicitur.
2615 3598 2727 3665 Qua
2772 3601 2840 3654 de
2876 3615 2933 3653 re
2974 3601 3119 3667 plura
3167 3599 3398 3652 diximus
3451 3599 3502 3651 iii

1942 3671 2079 3721 notis
2108 3671 2172 3721 ad
2203 3669 2343 3723 hunc
2372 3670 2598 3723 Victoris
2632 3673 2802 3723 locum
2822 3709 2837 3732 ,
2881 3684 3025 3721 num.
3049 3668 3140 3720 22.
3164 3668 3321 3722 Certe
3348 3667 3504 3733 Aqui-

1941 3739 2050 3790 tani
2072 3739 2139 3792 ab
2167 3742 2322 3804 Aquis
2350 3739 2401 3793 in
2431 3739 2601 3793 Gallia
2629 3739 2753 3793 dicti
2794 3751 2913 3791 sunt
2937 3778 2951 3804 ,
2982 3748 3038 3791 ut
3062 3739 3311 3791 observat
3339 3737 3505 3791 Joan-

1941 3822 2038 3861 nes
2083 3808 2381 3863 llarduinus
2408 3810 2461 3862 in
2490 3808 2626 3863 libro
2656 3824 2707 3863 IV
2739 3809 2923 3872 Plinii,
2968 3823 3086 3875 cap.
3133 3807 3219 3873 19,
3260 3807 3351 3876 qui
3381 3807 3503 3861 ideo

1942 3876 2304 3931 indifferenter
2338 3879 2592 3947 Aquenses
2622 3886 2677 3932 et
2696 3879 2965 3947 Aquitani,
2998 3887 3055 3931 ut
3082 3878 3197 3947 vult
3229 3877 3502 3941 Baluzius,

1940 3948 2269 4000 dicebantur.
2295 3945 2510 4002 Baluzio
2530 3950 2690 4003 etiam
2720 3945 2895 4012 favet,
2928 3948 3069 4017 quod
3097 3945 3501 4017 Cresceusicen-

1941 4028 2047 4087 tum
2073 4024 2121 4069 et
2154 4018 2328 4087 viginti
2366 4020 2614 4086 episcapis
2657 4018 2930 4085 prmluisse
2962 4017 3181 4087 dicatur
3225 4033 3241 4087 ς
3283 4016 3503 4069 totidem

1941 4086 2079 4140 enim
2126 4084 2455 4142 Mauritaniae
2484 4084 2825 4141 Ciesarieums
2862 4086 3127 4139 antistites
3157 4084 3420 4139 habentur
3449 4086 3503 4138 in

1942 4157 2151 4221 Notitia,
2200 4165 2391 4223 printer
2419 4172 2511 4211 rex
2550 4156 2677 4209 alias
2704 4157 2888 4223 sedes,
2925 4169 3044 4222 qua:
3076 4163 3199 4208 tunc
3236 4153 3496 4222 temporis

1940 4229 2219 4295 epismpos
2247 4241 2350 4279 non
2379 4228 2658 4295 habebant.

2009 4297 2098 4348 25.
2126 4293 2594 4351 ’Munusnoeusis.
2635 4294 2725 4349 Sic
2762 4308 2890 4349 mss.
2921 4304 2975 4349 et
3001 4293 3152 4347 editi.

2009 4367 2100 4421 26.
2145 4366 2528 4420 VAGALITANUS.
2579 4367 2761 4421 Eidem
2812 4364 2924 4418 urbi
2982 4360 3189 4431 praefuit
3238 4376 3302 4416 ex
3354 4370 3503 4429 parte

1944 4436 2126 4490 Donati
2178 4435 2372 4506 Miggin
2421 4437 2684 4504 episwpus
2741 4433 3069 4506 Vagalitaniut
3110 4432 3503 4506 inUCollatione

1942 4502 2343 4573 Carthagine’n'si
2372 4502 2493 4571 cap.
2519 4506 2625 4559 208
2663 4502 2977 4557 recensitus.
3010 4502 3174 4570 Vagal
3196 4503 3333 4573 inter
3359 4502 3504 4556 Mau-

1945 4571 2160 4629 ritaniai
2175 4575 2367 4640 oppida
2397 4585 2651 4627 memorat
2675 4572 2972 4627 Antoninus
3000 4574 3051 4624 in
3081 4571 3381 4625 ltinerario.

2012 4644 2100 4694 27.
2142 4643 2493 4696 TlGlalTANUS.
2525 4643 2640 4696 Jam
2666 4642 2888 4695 vidimus
2920 4644 3059 4694 inter
3096 4641 3354 4695 Numidia:
3390 4642 3503 4710 epi-

1940 4728 2131 4781 scopos
2177 4728 2323 4765 nutu.
2364 4713 2433 4766 89
2480 4711 2807 4781 Tisigitanum
2853 4712 3190 4779 episc0pum,
3231 4727 3336 4779 quo
3384 4712 3513 4765 loco.

1941 4784 2214 4836 retulimus
2237 4797 2299 4835 ea
2325 4795 2444 4848 qua:
2472 4783 2538 4835 de
2568 4796 2788 4849 iuraque
2830 4782 2958 4835 urbe
2989 4782 3145 4851 168
3167 4782 3501 4851 cognomine

1939 4855 2188 4920 colligere
2230 4852 2373 4920 licuit
2404 4869 2417 4904 :
2445 4866 2563 4919 quae
2592 4851 2859 4905 consulas.
2888 4849 3129 4904 Orte'bus'
3162 4849 3501 4920 Tigisitauum

1941 4919 2197 4977 memorat
2224 4932 2276 4973 et
2302 4919 2617 4989 Tigistanum
2643 4936 2708 4973 ex
2743 4920 2950 4989 Victore
2969 4962 2980 4979 .
3013 4931 3068 4972 ut
3097 4921 3349 4987 loquitur,
3383 4919 3501 4974 Uti-

1940 4993 2107 5046 censi.
2145 4991 2282 5061 Tigis
2314 4988 2453 5045 inter
2482 4992 2809 5044 Mauritaniae
2835 4988 3179 5061 Ga:sa_riensis
3219 4989 3378 5043 urbes
3410 4992 3504 5044 ha-

1941 5062 2029 5115 bet
2078 5057 2392 5114 Ptoleinazus
2436 5061 2569 5115 libro
2619 5075 2691 5125 iv,
2736 5074 2853 5127 cap.
2878 5059 2932 5112 2.
2966 5057 3179 5129 [igisim
3206 5074 3508 5129 anonymus

1942 5132 2217 5185 ltiivennas
2249 5130 2335 5182 lib.
2367 5144 2420 5184 ιιι
2442 5170 2456 5194 ,
2489 5145 2635 5186 num.
2661 5135 2713 5183 8.
2736 5131 2931 5197 Aptum
2977 5128 3257 5197 Tigiensem
3288 5128 3505 5183 in’Col-

1939 5202 2133 5255 latione
2160 5200 2556 5267 Carthaginensi
2578 5213 2693 5266 cap.
2724 5196 2827 5251 120
2856 5200 3161 5267 episcoiiuin
3184 5198 3500 5252 catholicum

1942 5271 2043 5324 huc
2089 5269 2328 5324 revocari
2370 5272 2565 5322 debere
2592 5278 2777 5322 censet
2804 5268 2973 5321 Lucas
3000 5269 3317 5323 Holsteuius.
3353 5267 3503 5319 Hunc

1940 5350 2115 5394 tamen
2148 5338 2379 5392 Tizieusi
2428 5338 2479 5392 in
2537 5340 2804 5408 Byzacena
2860 5338 3058 5391 civitati
3110 5336 3379 5403 praefuisse
3428 5337 3504 5392 ait

1938 5411 2205 5471 Baluzius,
2239 5417 2294 5461 ut
2315 5408 2551 5461 diximus
2581 5423 2727 5461 num.
2761 5408 2828 5460 65
2860 5410 2996 5461 inter
3027 5409 3343 5473 Byzaceuos.

2011 5482 2099 5534 :18.
2141 5478 2517 5532 FALLABENSIS.
2572 5478 2717 5531 Hanc
2749 5479 2934 5529 urbem
2966 5490 3070 5528 non
3128 5485 3381 5526 memorat
3405 5475 3505 5527 0r-

1942 5552 2114 5614 tellus,
2146 5550 2285 5616 quod
2313 5550 2365 5601 in
2393 5548 2689 5619 fragmento
2712 5546 2909 5599 Halleri
2935 5545 3174 5597 fortassis
3203 5558 3307 5597 non
3340 5544 3504 5600 habe-

1942 5629 2106 5674 rctur.

2015 5692 2105 5741 29.
2149 5687 2507 5741 USINADENSIS.
2542 5686 2716 5740 Codex
2740 5682 2959 5747 ilalleri,
2993 5681 3344 5738 Usidanensis.

2012 5760 2099 5813 ιο.
2143 5757 2663 5815 Ftuuzusautrauvs.
2699 5755 2783 5808 Sic
2814 5752 2941 5808 editi
2972 5763 3025 5808 et
3052 5768 3183 5810 mss.
