3944 6176
319 330 406 385 3H

1246 324 1762 383 ANNOTATIONES
1801 324 1865 380 IN
1904 322 2227 381 NOTITIAM
2270 322 2564 379 AFRICA‘S.

3446 325 3546 381 35‘!

318 443 598 496 tiariiunam
646 443 912 511 oppidum,
958 449 1013 495 ut
1054 456 1120 497 ex
1174 456 1303 495 mss.
1351 441 1623 511 codicibus
1670 440 1873 494 monuit
1902 443 1947 501 Α
1977 439 2398 511 etaliipassim.
2437 441 2636 494 Nomen
2678 442 2775 508 ipsi
2805 452 2854 495 et
2896 440 3152 510 originem
3185 440 3433 494 tribuisse
3474 442 3552 495 vi~

320 520 451 566 Isaac
500 510 730 565 Vossius.
794 512 1047 565 Eamdem
1124 512 1311 564 urbem
1368 510 1594 564 Culoniw
1660 512 1875 574 Augusti

318 583 455 634 titulo
478 582 723 634 donatam
766 582 927 636 fuisse
966 582 1128 634 refert
1158 580 1358 633 Plinius
1398 580 1533 634 libro
1561 596 1611 644 v,
1652 594 1770 647 cap.
1813 580 1870 635 2.

315 652 668 719 tlaleiidarium
692 651 1103 719 Carthaginiense
1123 651 1538 702 vetustissimum
1567 651 1653 703 die
1696 664 1745 701 tv
1780 666 1874 701 no-

314 738 399 773 uus
466 713 735 774 Februarii
779 713 1069 773 sanctorum
1124 719 1517 773 Cartericnsium
1558 720 1868 772 memoriam

314 791 487 845 reeiilit
516 830 532 853 ,
556 790 609 842 in
641 805 862 852 quorum
888 790 975 844 die
1025 791 1160 842 festo
1189 803 1488 843 sermonem
1536 789 1718 841 habuit
1757 789 1870 840 Au-

312 862 565 925 gustinus,
616 876 703 928 per
761 859 953 912 Natale
980 859 1408 912 Cartheriensium
1448 859 1783 928 inscriptum,
1815 866 1872 911 ut

314 940 531 983 testatur
554 926 825 982 PasSidius
849 929 1063 982 Indiculi
1090 944 1209 994 cap.
1236 928 1303 990 9;
1332 943 1465 995 quos
1486 926 1698 995 quidem
1730 943 1871 981 inar-

311 1009 440 1069 tyres
464 1000 764 1063 suspicatur
795 1011 973 1069 uoster
1000 998 1365 1069 Mabillouius,
1400 1005 1545 1069 tottto
1577 997 1638 1069 l_l|
1668 997 1867 1069 Aitaie-

307 1065 520 1130 c'turutn,
554 1083 670 1136 pag.
704 1070 827 1131 421,
860 1067 924 1121 ad
957 1069 1271 1120 Cartennam
1322 1065 1649 1136 Mauritania:
1677 1067 1865 1121 civita-

309 1148 403 1190 t-~m
433 1152 588 1204 posse
616 1135 875 1191 revocari.
903 1136 1009 1189 Viri
1037 1136 1228 1189 eruditi
1272 1137 1592 1201 conjectura:
1621 1135 1759 1189 favet
1790 1136 1869 1189 lo-

305 1222 389 1260 cus
410 1206 610 1260 codicis
630 1206 1019 1260 Fiscamuensis
1035 1220 1193 1274 supra
1209 1216 1551 1260 memoratus.
1573 1204 1689 1259 1am
1702 1220 1865 1274 supra

304 1278 593 1329 monuimus
623 1276 675 1328 in
721 1276 862 1329 notis
890 1277 952 1329 ad
988 1273 1306 1346 Byzacenos,
1362 1290 1511 1346 nunt.
1557 1276 1647 1346 58,
1684 1273 1868 1329 Caria-

304 1361 511 1399 nensetn
543 1344 1055 1409 etCartenneosetu,
1082 1345 1212 1397 duas
1250 1346 1300 1397 in
1345 1344 1523 1399 Africa
1567 1345 1723 1399 urbes
1753 1346 1867 1409 epi-

302 1415 535 1482 scopales
559 1415 627 1467 ab
645 1416 817 1469 altero
844 1417 957 1468 viro
982 1414 1194 1468 erudito
1212 1414 1271 1466 in
1295 1430 1450 1468 unam
1481 1415 1643 1469 fuisse
1668 1415 1866 1469 confia-

301 1495 392 1545 tas,
424 1486 565 1551 quod
594 1485 701 1552 jam
725 1494 876 1537 antea
908 1484 1211 1538 llulstenius
1234 1483 1459 1537 fecerat.

359 1554 443 1607 51.
489 1551 773 1610 Rictexsts.
824 1555 977 1620 Apud
1021 1554 1287 1607 Victorem
1319 1553 1586 1607 Viteusem
1629 1551 1764 1606 libro
1808 1569 1857 1621 I,

298 1639 430 1676 num.
468 1625 558 1688 15,
590 1636 915 1678 memoratur
964 1625 1109 1678 locus
1134 1622 1346 1692 quidam
1389 1624 1605 1677 nomine
1651 1622 1814 1693 Regia
1843 1665 1858 1689 ,

298 1696 346 1745 in
375 1707 479 1756 quo
530 1694 710 1747 Ariani
753 1704 954 1748 armata
1007 1709 1165 1746 manu
1210 1695 1511 1747 eccles:am
1562 1694 1859 1757 violarunt,

292 1761 672 1833 quemdamque
700 1764 948 1818 lectorem
974 1764 1027 1817 in
1051 1762 1256 1833 pulpito
1272 1774 1548 1817 canentem
1568 1762 1704 1818 inter
1731 1762 1861 1817 alios

292 1831 469 1897 sagitta
496 1832 869 1888 confoderunt.
898 1831 1106 1901 Duplex
1139 1844 1316 1886 autem
1348 1834 1475 1886 urbs
1502 1844 1585 1886 est
1607 1835 1656 1886 in
1684 1833 1859 1887 indice

291 1901 539 1974 Cypriani
575 1904 830 1971 operibus
882 1906 1098 1974 praefixo
1149 1903 1363 1974 Regium
1418 1903 1586 1974 dicta,
1637 1917 1860 1974 quarum

290 1974 442 2024 altera
471 1973 805 2027 Mauritania:
833 1973 1157 2028 attribuitur.
1197 1972 1268 2025 Ea
1293 1972 1532 2026 fortassis
1558 1984 1639 2026 est
1661 1972 1778 2036 qua:
1807 1973 1860 2027 in

291 2042 539 2112 atttonitii
584 2040 862 2097 ltinerario
901 2043 979 2096 Ad
1015 2042 1218 2112 Regios.
1253 2041 1383 2096 Vide
1426 2041 1679 2096 Numidas
1710 2058 1857 2096 nutn.

289 2109 370 2171 9|,
394 2112 490 2180 ubi
537 2112 816 2180 episcopus
847 2109 1200 2167 ιιεειλιεεδῐμιε.

348 2179 850 2253 52:_Vaasmsasts.
897 2183 987 2238 Sic
1017 2194 1241 2253 uterque
1265 2181 1434 2237 codex
1465 2196 1567 2235 ius.
1598 2181 1732 2235 Editi
1765 2196 1861 2237 au-

287 2257 381 2301 tem
422 2249 792 2305 Vaunidensis.

348 2319 437 2372 55.
490 2319 805 2393 Caesareas.
850 2321 1099 2393 Erremum
1155 2319 1461 2393 Caprapicta
1512 2320 1706 2374 dictam
1747 2337 1860 2375 me-

281 2400 445 2443 morat
496 2390 611 2458 ipse
654 2390 836 2444 Victor
868 2390 1118 2444 Vitensis.
1160 2390 1241 2444 An
1281 2390 1344 2444 es
1376 2406 1461 2457 ea,
1500 2401 1590 2444 aut
1618 2400 1766 2445 certe
1793 2408 1857 2446 ex

282 2458 448 2527 aliquo
500 2460 701 2527 Oppido
750 2460 849 2530 ipsi
898 2461 1213 2528 cognomine
1252 2460 1531 2530 episcopi»
1574 2460 1860 2530 Caprensis

282 2542 465 2599 nomen
520 2529 763 2595 accepit?
794 2530 949 2584 Certe
988 2546 1120 2582 nuva
1160 2530 1387 2583 ecclesia
1421 2532 1473 2582 in
1515 2529 1612 2584 hac
1642 2529 1859 2599 regione

281 2598 513 2721 excitat:
543 2610 868 2654 memoratur
891 2601 1029 2669 apud
1055 2599 1323 2654 laudatum
1352 2614 1625 2654 auctorem
1655 2598 1794 2654 libro
1816 2616 1855 2666 t,

281 2680 416 2720 imm.
528 2706 540 2720 .

280 2680 416 2720 111181.
447 2680 540 2720 ΙΙ.

341 2737 426 2790 54.
463 2739 696 2793 Marcum
730 2739 1223 2794 RCSUCCL‘BITANUS.
1256 2738 1393 2792 Editi
1423 2738 1639 2793 Metrur.
1668 2739 1855 2793 Eidem

280 2806 385 2859 urbi
415 2807 637 2876 praefuit
686 2807 1003 2862 Fortunatus
1031 2810 1295 2878 episcopus
1324 2810 1480 2875 plebis
1521 2808 1857 2862 Rusuccurri-

278 2886 399 2927 tanta
425 2878 762 2942 catholicus,
789 2879 879 2947 qui
916 2879 968 2931 in
1002 2876 1296 2933 collatione
1322 2879 1571 2948 Cartliag.
1603 2894 1720 2947 cap.
1754 2876 1857 2933 155

274 2950 576 3018 recensitus
606 2959 688 3002 est
709 2963 829 3002 cum
878 2949 1062 3018 Optato
1102 2949 1245 3001 illius
1283 2950 1610 3018 adversario,
1664 2952 1854 3003 iterum

278 3015 408 3070 inter
438 3018 754 3071 Donatistas
798 3015 1053 3086 capil'lli
1083 3027 1394 3072 memorato.
1444 3017 1559 3071 Huc
1581 3018 1740 3072 etiam
1773 3034 1857 3073 re-

276 3088 547 3140 socandus
586 3098 673 3142 est
704 3087 933 3141 Nirellus
971 3087 1324 3154 Rusurrensis,
1355 3097 1445 3141 aut
1477 3088 1855 3142 Rusurrianen-

1976 510 2106 576 εἰειιί
2136 509 2379 579 Herculis
2418 511 2595 564 socios
2635 520 2814 563 narrat
2855 509 3068 566 Solinus
3112 512 3163 565 in
3213 511 3552 579 Polyliiatore

1976 593 2094 645 cap.
2122 578 2211 640 28,
2248 594 2367 633 cum
2400 595 2589 648 nempe
2618 579 2842 634 Hercule
2873 582 2995 634 illac
3034 578 3343 646 transeunte,
3370 591 3425 634 ut
3459 580 3551 635 ille

1976 659 2165 701 auctor
2189 649 2373 713 habet,
2397 650 2573 719 viginti
2601 652 2663 702 ab
2689 654 2799 719 ejus
2827 653 3070 703 comitatu
3100 652 3436 713 descivissent,
3474 653 3551 702 Io-

1975 733 2089 769 cum
2106 718 2355 788 deligunt,
2381 718 2581 785 jaciunt
2605 718 2790 773 moenia
2807 734 2826 782 ς
2852 736 2912 773 ac
2935 738 2996 773 ne
3027 722 3135 788 quis
3164 721 3401 789 imposito
3429 737 3460 773 a
3495 736 3547 771 se

1974 789 2172 858 nomine
2199 788 2440 855 privatim
2471 789 2807 858 gloriaretur,
2852 789 2915 842 de
2957 788 3278 842 condentium
3331 804 3543 858 nurnero

1972 856 2085 929 urbi
2107 872 2284 910 nomen
2306 856 2485 929 (inluni
2509 868 2600 912 est.
2626 860 2789 914 Εἶκοτι
2805 859 2997 926 quippe
3017 860 3223 920 Grmt-e,
3245 860 3417 929 ινὲρὲηςί
3443 857 3540 911 La-

1968 926 2085 996 tine
2114 936 2288 979 sonat.
2319 927 2566 996 Ejusdem
2601 929 2745 982 urbis
2782 930 3063 996 episcopus
3104 929 3198 981 fuit
3240 926 3539 980 Laurentius

1972 993 2260 1066 lcasitanus
2279 1037 2293 1059 ,
2319 993 2534 1066 Legatus
2564 993 2887 1051 Mauritania:
2909 993 3233 1052 Ciusariensis
3261 998 3324 1050 ad
3354 997 3538 1049 conci-

1970 1065 2098 1118 lium
2121 1064 2368 1134 Carthag.
2392 1064 2541 1121 anno
2564 1068 2785 1122 4l9suh
2813 1070 3028 1122 Aurelio
3059 1069 3313 1129 liabitmn,
3348 1077 3403 1118 ut
3427 1081 3538 1118 me-

1971 1143 2211 1188 moratur
2241 1138 2290 1188 in
2320 1137 2506 1191 collice
2538 1137 2799 1191 Africana:
2832 1137 3101 1192 Ecclesia-.
3133 1136 3375 1190 Crescens
3413 1151 3540 1189 vero

1970 1204 2097 1276 item
2124 1203 2413 1276 Alcositanus
2435 1207 2722 1276 episcopus,
2745 1207 2836 1262 sed
2860 1224 2924 1260 ex
2957 1208 3347 1260 Donatistarum
3367 1221 3455 1259 sec
3482 1222 3535 1264 a.

1971 1273 2208 1328 interfuit
2245 1273 2524 1330 Cullatiu‘ni
2561 1276 2811 1345 Carthag.
2841 1292 2961 1343 cap.
3002 1278 3123 1331 197.
3168 1278 3242 1330 Es
3285 1278 3366 1329 his
3395 1291 3455 1342 pa
3485 1285 3533 1327 et

1970 1345 2373 1413 expungendam
2402 1360 2526 1401 esse
2561 1363 2625 1401 ex
2652 1348 2856 1400 urbium
2889 1347 3260 1400 Africanarum
3293 1346 3535 1413 catalogo

1967 1412 2241 1481 Leositam,
2268 1431 2504 1482 quamex
2528 1417 2626 1471 hac
2639 1418 2849 1471 Notitia:
2872 1416 3097 1471 lectione
3118 1416 3371 1470 mettdosa
3403 1431 3535 1467 non-

1967 1485 2097 1535 nulli
2124 1485 2454 1539 inveserant.

2037 1552 2125 1609 60.
2156 1555 2465 1609 TABLBNSIS.
2502 1554 2683 1609 Eidem
2717 1554 2850 1609 forte
2866 1556 2984 1609 urbi
3010 1554 3213 1620 prtefuit
3254 1570 3315 1607 ex
3350 1555 3531 1607 Dona-

1967 1622 2108 1693 tistis
2150 1622 2389 1677 Urbanus
2430 1625 2697 1693 episwpus
2726 1624 2957 1679 Talensis
3008 1625 3059 1677 in
3090 1624 3384 1679 Collatione
3410 1638 3528 1689 cap.

1970 1692 2071 1746 198
2098 1704 2441 1747 memoratus.
2488 1696 2598 1748 Huc
2630 1692 2933 1749 llolstenius
2958 1704 3173 1748 revocat
3193 1695 3403 1748 [imicus
3431 1693 3528 1746 Ta-

1967 1762 2247 1816 blaceiisem
2276 1764 2325 1816 iit
2350 1762 2543 1817 Notitia
2567 1765 2773 1831 imperii
2802 1772 3172 1818 memoratum.

2038 1833 2125 1887 61.
2161 1832 2436 1887 ιὶεετιττυε
2464 1833 2811 1888 LAPIMENSIS.
2844 1834 2908 1889 Et
2929 1834 3012 1888 hic
3043 1836 3170 1889 editi
3202 1833 3394 1889 habent
3426 1833 3528 1887 Rev

1963 1903 2190 1956 stitutus.
2228 1903 2479 1956 Laudiam
2530 1914 2789 1959 memorat
2818 1906 3133 1959 l’toletnwus
3162 1905 3254 1958 lib.
3289 1920 3337 1956 tv
3358 1944 3372 1966 ,
3403 1919 3523 1971 cap.

1961 1973 2018 2034 2,
2042 1972 2127 2026 ubi
2160 1973 2227 2025 de
2256 1974 2587 2028 Mauritaniae
2627 1974 2841 2027 urbibus
2884 1979 3028 2042 agit:
3068 1990 3185 2043 qua:
3214 1984 3387 2026 tamen
3423 1989 3527 2027 vox

1962 2043 2153 2097 melius
2187 2043 2466 2112 Lapdensi,
2492 2059 2607 2106 seu,
2640 2052 2697 2097 ut
2724 2044 2774 2097 in
2806 2044 3120 2112 quibusdam
3145 2043 3420 2098 codicibus
3448 2044 3524 2097 le~

1960 2112 2143 2177 gitur,
2188 2111 2440 2165 Labdensi
2483 2114 2597 2167 urbi
2637 2111 2965 2182 competeret
2992 2156 3007 2177 ,
3055 2113 3208 2181 cujus
3249 2115 3526 2181 episc0pus

1960 2197 2118 2249 supra
2149 2182 2291 2236 inter
2316 2184 2721 2251 proconsulares
2744 2200 2890 2239 num.
2912 2184 2977 2238 18
2999 2192 3325 2248 reoensetur,
3353 2184 3405 2236 ni
3428 2184 3523 2236 itii-

1965 2252 2171 2319 pediret
2202 2252 2593 2320 provinciarum
2625 2254 2868 2306 distantia

2032 2321 2119 2375 6‘2.
2157 2322 2555 2376 Voacamensrs.
2605 2324 2929 2377 Memoratur
2957 2321 3009 2375 in
3055 2320 3349 2375 Collattone
3390 2322 3524 2376 Car-

1962 2390 2105 2458 tbag.
2130 2406 2248 2460 cap.
2274 2391 2401 2445 208.
2430 2389 2583 2445 Felix
2601 2395 2869 2461 episcopus
2892 2391 3319 2461 Boncarcnsiscx
3349 2391 3524 2445 Dona-

1959 2461 2201 2531 tistarum
2226 2472 2392 2523 secta,
2425 2478 2531 2531 quo
2554 2460 2767 2515 nomine
2792 2462 2994 2530 absque
3021 2461 3182 2515 dubio
3210 2460 3521 2515 Voncarien-

1957 2528 2027 2582 sis
2051 2531 2237 2583 civitas
2263 2532 2345 2585 hic
2374 2528 2663 2584 memorata
2694 2528 3020 2599 designatur.

2035 2599 2123 2653 65.
2150 2600 2552 2679 Ruscuuteasrs.
2586 2601 2772 2654 Mirum
2800 2611 2881 2654 est
2909 2615 3064 2679 quam
3095 2601 3237 2679 varie
3259 2599 3414 2679 huius
3438 2616 3523 2679 u_r-

1959 2670 2040 2723 b's
2072 2685 2260 2721 nomen
2283 2669 2420 2737 apud
2445 2670 2619 2724 varios
2640 2680 2901 2734 auctores,
2924 2669 3033 2723 imo
3062 2669 3199 2738 apud
3230 2670 3444 2723 eosdem
3469 2672 3521 2725 in

1960 2738 2119 2792 variis
2147 2739 2418 2793 codicibus
2437 2780 2450 2801 ,
2476 2738 2733 2808 Scriptum
2762 2739 3082 2807 reperiatur,
3116 2740 3189 2792 uti
3219 2739 3333 2794 fuse
3355 2738 3522 2794 disse-

1958 2808 2278 2862 riteruditus
2302 2808 2548 2863 Baluzius
2579 2812 2629 2862 in
2653 2814 2794 2863 notis
2816 2809 2879 2863 ad
2897 2818 3055 2876 caput
3084 2809 3185 2865 180
3213 2809 3522 2865 Collat‘unii

1956 2878 2408 2946 Cartltaginenis,
2432 2880 2714 2933 occ-«sione
2730 2882 2873 2932 vocis
2899 2877 3340 2933 Tcrnamusensis.
3358 2878 3522 2933 Porro

1956 2947 2307 3001 Nnmerianus
2359 2948 2726 3018 Rusguniensis
2767 2948 3049 3017 episcopus
3072 2989 3086 3005 .
3122 2965 3255 3003 unus
3281 2965 3311 3002 e
3339 2951 3524 3017 legatis

1957 3018 2283 3072 Mauritaniae
2314 3019 2680 3083 Cmsariensis,
2712 3019 2877 3073 adfuit
2904 3018 3133 3073 concilio
3154 3019 3400 3086 Carthag.
3425 3021 3523 3073 sub

1958 3088 2172 3142 Aurelio
2198 3103 2337 3141 anno
2357 3087 2481 3142 H9.
2519 3088 2716 3143 Eadem
2751 3090 2942 3143 civitas
2982 3098 3305 3143 memoratur
3326 3088 3380 3141 itt
3411 3093 3522 3141 Ati-

272 3156 357 3228 sis,
387 3157 727 3211 lauritaniw
753 3158 1078 3211 Ca'sariensis
1100 3160 1290 3228 legatus
1311 3150 1375 3210 ad
1409 3159 1693 3211 concilium
1727 3158 1853 3213 Car-
1880 3150 1927 3215 C
1958 3159 2127 3212 tonini
2174 3158 2449 3213 Itiuerario
2476 3157 2702 3211 Colonia:
2731 3159 2943 3213 nomine
2968 3158 3162 3212 donata
3193 3203 3206 3226 ,
3241 3159 3362 3222 ubi,
3386 3160 3524 3213 sicut

273 3224 411 3295 tbag.
454 3242 605 3279 anno
635 3229 737 3283 H9
774 3229 872 3282 sub
924 3224 1163 3292 Aurelio;
1208 3238 1263 3281 ut
1314 3228 1539 3281 refertur
1588 3230 1640 3282 in
1669 3229 1852 3284 codice

275 3295 540 3350 Africana:
566 3296 838 3352 Ecclesize.
872 3298 934 3350 Et
954 3298 1165 3365 quidem
1194 3297 1353 3351 l.~ctio
1385 3298 1662 3352 Labbeana
1687 3300 1853 3366 magis

276 3366 421 3418 nobis
451 3366 618 3426 favet,
651 3368 739 3420 ubi
772 3368 997 3421 habetur
1027 3366 1258 3422 Nivellus
1306 3368 1691 3433 Ruscuiiemis,
1724 3370 1851 3423 etin

272 3436 512 3501 margine
562 3437 1016 3498 Rusucrurrensis,
1048 3438 1130 3489 vel
1165 3437 1560 3501 Rusocorensis,
1597 3448 1743 3491 tumo
1772 3439 1809 3491 ll
1832 3482 1847 3503 ,

272 3504 370 3575 qui.
402 3506 547 3559 1605
570 3517 623 3560 et
654 3506 808 3561 1605.
839 3506 1102 3561 Caeterum
1121 3506 1322 3560 Plinius
1349 3507 1441 3561 lib.
1466 3522 1519 3568 ν,
1554 3521 1672 3575 cap.
1698 3507 1753 3574 2,
1777 3511 1851 3563 ait

278 3570 620 3628 liusucurium
646 3577 843 3630 civitate
870 3578 1172 3630 honoratum
1213 3575 1376 3630 fuisse
1422 3593 1454 3629 a
1484 3570 1719 3631 Claudio.
1741 3570 1853 3630 'Co-

276 3642 461 3715 [auiam
493 3648 767 3715 appellant
796 3647 1098 3702 Antoninus
1118 3647 1184 3712 ,in
1229 3646 1528 3710 ltinerario,
1550 3657 1602 3700 et
1636 3646 1852 3702 Tabula:

276 3710 719 3779 Petitingerianze.
756 3717 832 3771 Ab
859 3716 976 3770 aliis
1006 3710 1131 3771 item
1167 3717 1474 3770 auctrribus
1502 3726 1848 3784 memoratur,

268 3784 406 3854 apud
441 3785 794 3839 Ptolemzcmn
815 3786 906 3840 lib.
932 3801 1002 3850 tv,
1030 3801 1148 3854 cap.
1179 3787 1232 3849 2,
1268 3786 1553 3839 Rusuccorc
1576 3787 1731 3841 dicta.

339 3852 425 3907 55.
464 3855 898 3911 SFASFtRIENSlS.
954 3856 1042 3911 Sic
1071 3852 1290 3924 uterque
1316 3870 1419 3910 ms.
1451 3870 1570 3909 cum
1602 3856 1777 3911 editis.

337 3926 426 3977 56.
469 3926 796 3983 UBBITAMJS.
847 3926 901 3979 In
947 3926 1245 3980 Collatione
1284 3926 1532 3994 Qartliag.
1567 3940 1685 3994 cap.
1744 3927 1849 3981 195

274 3991 405 4047 inter
417 3994 741 4067 ponatistas
768 3999 1066 4067 comparuit
1093 3997 1243 4067 171
1274 3991 1850 4067 Felicissimus‘cpisco-

274 4079 361 4134 pus
404 4062 675 4134 beensis.
714 4062 955 4119 Interfuit
997 4062 1172 4119 etiaTn'
1203 4062 1429 4119 cincilio
1472 4067 1657 4133 qttinto
1684 4062 1850 4134 ἐθηε-

275 4132 365 4203 rali
408 4133 716 4187 Valerianus
754 4136 1018 4203 episcopus
1052 4136 1225 4197 Ubbte,
1262 4132 1513 4203 Africanae
1559 4132 1848 4203 prouinciae,

274 4213 324 4254 ut
350 4201 578 4273 habetur
594 4205 648 4256 in
672 4220 807 4257 nova
832 4201 1173 4259 conciliorum
1192 4201 1517 4259 Colle-otione
1541 4201 1847 4273 Baluziana§

279 4274 327 4324 in
350 4272 587 4344 editione
615 4274 893 4327 Labbeana
924 4276 1116 4329 dicitur
1144 4276 1412 4344 provincia:
1432 4272 1847 4344 proconsularis,

276 4352 323 4395 ct
371 4343 422 4414 in
462 4347 704 4412 margine
751 4345 1027 4412 Africana'.
1057 4343 1161 4401 Sed
1195 4345 1275 4398 his
1311 4345 1557 4398 omnibus
1586 4343 1852 4414 antiquior

275 4421 351 4497 es!
381 4411 867 4497 Pauluscoufessor
886 4416 947 4466 ab
980 4415 1138 4497 Obba,
1162 4415 1249 4497 qui
1274 4417 1327 4468 in
1346 4415 1575 4497 concilio
1595 4411 1843 4497 Carthag.

276 4481 368 4532 sub
387 4492 587 4552 sancto
617 4482 884 4551 Cypriano
915 4499 1010 4550 pro
1057 4481 1318 4552 baptismo
1346 4484 1713 4538 ha’reticorutu
1746 4481 1843 4540 ne.

277 4550 439 4623 rando
478 4550 797 4623 sententiain
840 4553 975 4606 dixit
1022 4550 1168 4610 nutu.
1219 4554 1307 4609 47.
1356 4554 1573 4623 Aliquot
1622 4569 1750 4608 mss.
1796 4565 1850 4610 et

277 4620 395 4693 editi
423 4621 625 4693 habent
650 4637 693 4693 ιι
724 4620 919 4693 Bobba,
950 4637 1055 4691 quo
1078 4626 1237 4678 etiam
1277 4624 1438 4679 modo
1462 4620 1678 4693 'legitur
1705 4626 1847 4693 apud

276 4689 627 4754 Augustinum
685 4692 879 4745 lih.vtt
934 4689 1116 4747 contra
1173 4689 1685 4761 Donatistasfcap.
1742 4689 1846 4759 'H;

277 4772 436 4833 quam
454 4761 741 4833 lectionem
768 4762 940 4833 editor
964 4763 1281 4818 Omniensis
1307 4778 1526 4832 Operum
1550 4764 1716 4815 sancti
1745 4764 1851 4833 Cy-

276 4830 439 4901 priani
473 4831 782 4901 conﬁrmari
813 4847 968 4897 posse
1006 4835 1081 4887 ait
1117 4849 1180 4886 ex
1215 4830 1400 4896 Plinio,
1433 4835 1539 4901 qui,
1572 4842 1630 4887 ut
1656 4830 1848 4901 ipsein

276 4900 411 4952 notis
439 4898 625 4966 refert,
658 4903 711 4953 in
745 4900 1052 4955 Ma‘rritania
1089 4919 1119 4954 a
1151 4902 1278 4957 Lixa
1300 4904 1368 4957 40
1399 4898 1453 4955 ,11
1462 4943 1475 4957 .
1515 4902 1575 4955 Ρ.
1610 4904 1660 4956 in
1681 4898 1849 4956 inedi-

272 4976 504 5039 terraiteo
533 4971 746 5039 Augusti
775 4970 1037 5024 Coloniam
1066 4971 1288 5025 Bobbani
1326 4973 1566 5025 collocat.

200 5042 207 5048 “
344 5037 433 5090 57.
478 5037 871 5093 TtutuaaeaSts.
897 5040 1072 5094 Codex
1106 5042 1324 5105 Halleri,
1343 5042 1757 5096 Timidianensis.

276 5173 292 5227 ἰ
334 5106 815 5228 ῥῗιεῑξιιοκτεκειε.
842 5112 935 5165 Sic
959 5111 1211 5166 scribitur
1239 5112 1293 5165 in
1334 5122 1561 5183 utroque
1589 5114 1771 5167 codice
1786 5122 1852 5167 et

297 5190 325 5226 11
356 5191 385 5228 (ξ
428 5193 441 5228 1
472 5194 536 5228 IS.

297 5190 325 5226 η
356 5188 536 5232 callis.

341 5245 432 5299 59.
470 5246 791 5301 ICOSITANUS.
822 5248 909 5302 Sic
933 5249 1130 5305 diserte
1159 5250 1319 5305 habet
1345 5252 1510 5306 codex
1554 5267 1657 5306 ms.
1702 5252 1846 5305 Lau-

274 5313 552 5370 duneusis.
592 5316 733 5369 Editi
756 5334 882 5372 vero
902 5322 1156 5374 mendose
1190 5321 1505 5374 Lcositanus.
1539 5323 1603 5374 Et
1632 5325 1843 5386 quidem

274 5399 433 5437 nemo
472 5400 575 5439 non
605 5390 757 5439 novit
804 5388 1028 5459 Icosium
1054 5391 1360 5452 ,celebrem
1392 5391 1527 5458 apud
1552 5392 1843 5459 scriptores

276 5462 383 5505 tum
406 5466 725 5528 sacrostum
758 5458 1008 5523 profanos
1024 5461 1207 5513 urbem
1232 5475 1349 5528 qua:
1366 5460 1608 5514 Colonia-
1629 5458 1843 5515 nomine

272 5533 328 5602 et
368 5525 657 5602 priuilegiis
694 5528 974 5602 gaudebat.
996 5530 1203 5602 ‘Eauta
1240 5525 1574 5602 Vespasiano
1595 5532 1845 5586 donatam

279 5593 428 5643 Latio
457 5593 619 5647 fuisse
646 5597 833 5650 scribit
874 5599 1075 5652 Plinius
1106 5598 1196 5657 lib,
1230 5614 1295 5662 v,
1320 5593 1438 5663 cap.
1463 5602 1515 5654 2.
1562 5600 1705 5655 llanc
1736 5618 1847 5654 tue-

268 5676 449 5713 ..tuurat
486 5664 814 5723 Ptuleuncns.
846 5666 1357 5733 Pomponius-Mela,
1378 5671 1692 5731 Antoninus.
1722 5675 1847 5725 Ain-

272 5732 493 5789 suianus
516 5735 853 5817 yarcelliuus
890 5732 989 5797 lib.
1014 5752 1166 5806 nu,
1198 5754 1497 5813 anonyiuus
1536 5741 1850 5806 liavcunas.

1955 3228 2166 3299 etapud
2206 3242 2530 3299 anonymunt
2571 3229 2927 3284 Ravennatem
2969 3229 3058 3285 lib.
3100 3244 3153 3283 tn
3191 3238 3301 3284 etv
3334 3228 3524 3283 dicitur

1956 3298 2251 3369 llusgtutiaz.
2283 3298 2427 3353 [Istuc
2457 3299 2758 3369 llarduinus
2785 3309 2935 3369 putat
2959 3315 3078 3355 esse
3118 3300 3381 3354 Coloniam
3420 3305 3524 3354 Att-

1952 3368 2084 3436 gusti
2120 3369 2401 3422 Ruscouias
2429 3384 2456 3421 a
2490 3369 2659 3423 Plinio
2688 3368 2779 3423 lib.
2804 3386 2868 3436 ν,
2898 3386 3015 3437 cap.
3054 3371 3089 3423 2
3108 3411 3122 3429 .
3155 3379 3520 3423 memoratam.

1958 3439 2156 3507 Dicitur
2181 3454 2210 3492 a
2241 3440 2526 3493 Ptolemaeo
2556 3439 2857 3492 Rttstonium
2882 3456 2899 3492 :
2928 3449 2981 3494 et
3014 3441 3227 3507 quidem
3266 3440 3317 3491 in
3349 3440 3522 3494 indice

1952 3506 2202 3580 Cypriani
2233 3509 2483 3580 operibus
2501 3508 2717 3580 praeﬁxo
2740 3508 2993 3563 Rustonio
3011 3506 3058 3563 et
3083 3511 3235 3580 172
3259 3510 3519 3579 Rusgonia

1952 3577 2093 3631 idem
2123 3577 2408 3645 significari
2431 3577 2644 3631 dicitur.

2022 3648 2111 3700 64.
2143 3648 2440 3701 Βειυιςτιυδ
2470 3647 2932 3702 Occisoacaessm.
2956 3649 3041 3703 Sic
3066 3648 3232 3702 codex
3259 3648 3516 3701 ms.Lau-

1951 3718 2231 3771 dunensis.
2260 3716 2399 3770 Editi
2432 3726 2642 3781 autem,
2685 3717 2977 3771 Venantitts.
3022 3718 3253 3773 Ortelius
3284 3734 3406 3771 vero
3451 3734 3518 3772 ex

1955 3788 2148 3841 Halleri
2187 3785 2371 3841 codice
2392 3828 2404 3847 ,
2439 3785 2714 3841 Benantius
2736 3788 3143 3856 opidonobensis,
3173 3802 3278 3856 quo
3307 3790 3520 3844 nomine

1952 3856 2260 3927 designatur
2288 3855 2545 3927 Oppidum
2577 3855 2800 3922 Nouum,
2834 3858 2899 3911 de
2930 3874 3035 3926 quo
3061 3855 3264 3911 Plinius
3304 3858 3438 3911 libro
3462 3874 3515 3925 v,

1953 3941 2069 3995 cap.
2098 3926 2161 3991 ‘2;
2180 3926 2489 3998 Antoninus
2514 3928 2563 3979 in
2587 3928 2889 3991 Itinerariu;
2915 3943 3214 3998 auonymus
3244 3927 3520 3981 Raveunas

1952 4008 2007 4051 et
2032 3997 2151 4063 alii,
2176 3998 2366 4065 quibus
2410 3997 2777 4065 adjungendus
2810 4006 2896 4053 est
2930 3997 3249 4051 Ptoletnwus
3281 3998 3414 4051 libro
3442 4013 3519 4061 tv,

1952 4081 2069 4133 cap.
2099 4070 2164 4128 ἐς
2198 4067 2286 4119 ubi
2331 4066 2686 4129 θ’ππινδυνεο,
2734 4068 2919 4120 Latine
2964 4068 3346 4133 Oppidoncunt,
3382 4069 3520 4136 quod

1951 4136 2178 4259 Cploniaz
2207 4136 2359 4190 titulo
2407 4135 2479 4190 ibi
2528 4136 2829 4205 insignitur,
2888 4135 3025 4189 sicut
3077 4146 3132 4189 et
3180 4136 3318 4204 apud
3357 4135 3521 4191 Anto-

1953 4222 2158 4259 unum.

1953 4222 2158 4261 1111111111.

2024 4279 2112 4332 65.
2142 4277 2403 4331 (Σιετειιι
2418 4274 2811 4329 νΙΑΒΑιιιτΑιηυε.
2836 4274 2965 4331 Illud
2984 4283 3065 4328 est
3085 4274 3223 4329 forte
3243 4272 3519 4329 Castellum

1953 4346 2305 4417 Aboritanum,
2333 4348 2473 4417 quod
2501 4345 2791 4417 esYictore
2819 4345 3053 4402 Uticensi
3082 4345 3259 4417 laudat
3280 4345 3521 4417 Urielins

1953 4414 2005 4468 in
2038 4417 2312 4469 Thesauro
2333 4414 2687 4485 geograpltico
2713 4456 2726 4477 ,
2759 4417 2845 4485 qui
2877 4418 3009 4469 alias
3028 4430 3103 4485 ex
3130 4416 3321 4468 eodem
3349 4414 3520 4465 Aulio-

1876 4506 1927 4566 D
1952 4486 2175 4566 manuni
2216 4484 2509 4566 episcopum
2552 4484 2965 4566 in‘Haui-itania
2997 4484 3295 4537 Cwsariensi
3320 4500 3519 4538 utemu-

1952 4567 2052 4608 rat.
2082 4554 2210 4608 Vide
2229 4555 2363 4608 infra
2395 4570 2540 4607 num.
2576 4555 2665 4607 72.

2022 4623 2107 4676 66.
2139 4628 2519 4685 AQIJISIRENSIS.
2563 4623 2696 4677 Huic
2719 4665 2735 4689 ,
2766 4634 2823 4677 ut
2859 4624 3146 4677 verisimile
3164 4633 3277 4687 est,
3314 4626 3427 4677 luco
3453 4640 3517 4679 ex

1952 4703 2102 4747 sexta
2126 4694 2519 4764 Donatistarum
2551 4692 2761 4764 prmi'uit
2792 4694 3093 4747 Honoratus
3114 4697 3380 4764 episcopus
3406 4694 3516 4745 Ad-

1951 4763 2277 4831 quesircnsis,
2311 4765 2365 4816 in
2403 4760 2698 4816 Collatione
2722 4764 2970 4832 Carthag.
3002 4779 3121 4833 cap.
3140 4760 3291 4831 188,
3312 4778 3516 4818 memo-

1951 4843 2115 4887 ratus.
3402 4848 3405 4851 ’

2023 4903 2110 4957 6⁸1.
2142 4900 2574 4955 Cauaomsasw.
2607 4901 2692 4956 Sic
2723 4919 2852 4957 mss.
2881 4912 2938 4957 ct
2965 4899 3117 4958 editi.

2024 4972 2115 5026 68.
2161 4972 2532 5026 'l‘tcamraaus.
2577 4972 2718 5027 inter
2759 4974 3051 5027 catholicos
3087 4973 3352 5025 antistites
3382 4986 3515 5039 quos

1955 5042 2105 5095 initio
2133 5042 2250 5094 libri
2281 5040 2347 5093 de
2378 5040 2552 5094 Gestis
2579 5056 2697 5094 cum
2733 5043 2966 5095 Emrrito
2994 5052 3235 5096 recenset
3263 5042 3514 5110 Augusﬁ-

1955 5127 2075 5178 nus,
2108 5112 2338 5165 occurrit
2369 5110 2639 5182 Palladius
2662 5112 2991 5178 Tigabitanus
3014 5114 3314 5182 episcopus.
3334 5112 3513 5182 Eidem

1954 5185 2065 5236 sedi
2098 5183 2254 5247 paulo
2271 5190 2389 5249 post
2418 5180 2628 5246 pra:fuit
2657 5182 2973 5246 Honoratus,
2997 5182 3062 5235 ad
3080 5180 3233 5250 quem
3255 5180 3513 5250 egregiam

1954 5252 2231 5318 epistolam
2270 5252 2481 5315 scripsit
2530 5251 2668 5305 idem
2713 5263 2925 5305 sanctus
2966 5253 3322 5319 Augustinus,
3365 5262 3515 5319 nova)

1954 5319 2340 5385 editionisQQS,
2371 5321 2421 5371 in
2450 5336 2550 5387 qtta
2584 5320 2753 5374 fusius
2775 5323 2988 5375 disserit
3015 5318 3079 5372 an
3104 5323 3266 5374 liceat
3291 5318 3513 5383 pastori-

1949 5392 2065 5454 bus,
2095 5392 2333 5444 fervente
2362 5392 2749 5457 persecutione,
2779 5393 2959 5457 plebes
2975 5392 3213 5457 proprias
3240 5390 3512 5457 deserere.

1952 5462 2097 5514 lianc
2147 5460 2425 5529 epistolam
2476 5460 2589 5514 lete
2638 5456 2895 5529 integram
2945 5456 3103 5512 refert
3142 5456 3411 5529 Possidius
3456 5461 3512 5529 in

1954 5531 2068 5584 Vita
2116 5528 2284 5583 sancti
2320 5532 2613 5597 Augustini.
2659 5530 2711 5581 lu
2742 5528 2925 5581 codice
2959 5542 3218 5597 canonum
3262 5528 3514 5580 Ecclesia:

1950 5602 2214 5653 Africum:
2262 5614 2378 5666 t'ap.
2412 5595 2480 5652 97
2511 5600 2712 5654 tuentio
2752 5602 2807 5649 fit
2850 5598 3063 5649 civitatis
3096 5595 3431 5662 'l'liigunensis
3458 5599 3513 5651 in

1952 5669 2262 5723 Mauritania
2289 5707 2302 5730 ,
2334 5668 2417 5721 cui
2449 5709 2461 5728 ,
2501 5672 2571 5722 uti
2603 5671 2807 5722 videtur
2831 5709 2844 5727 ,
2882 5676 3104 5730 prtecrat
3136 5666 3431 5731 l’rimosus;
3461 5677 3511 5719 et

1955 5740 2164 5812 quidem
2194 5755 2295 5795 ins.
2327 5736 2492 5793 codex
2516 5777 2532 5803 ,
2571 5749 2624 5794 ut
2653 5745 2832 5793 monet
2862 5737 3164 5795 llolstcuius
3189 5778 3203 5805 ,
3237 5737 3390 5793 habet
3423 5736 3511 5790 Ti-
