3944 6176
378 312 483 368 διδ

1384 310 1718 365 arcemus
1761 312 1849 365 AD
1894 310 2247 367 VICTOltEM‘
2280 284 2639 368 Vireussii’

3525 304 3631 361 3H

376 428 646 503 gat'ensis._
684 428 910 503 Griecus
948 435 1125 481 textus
1254 426 1411 480 cdtis
1447 429 1935 503 depugnasset};
1966 432 2011 487 Α
2044 430 2239 503 locum,
2266 445 2332 503 a_a
2361 445 2391 483 e
2422 429 2661 483 Numidia
2701 427 2855 503 fuerit
2886 435 2974 480 aut
3022 441 3052 480 e
3077 425 3629 503 Mauritaniaﬁzesa-

375 495 589 557 ἓτὸλεως.
621 498 772 564 Apud
801 498 1140 550 Ptolemaeum
1170 495 1364 565 lih.iv,
1394 511 1511 565 cap.
1544 498 1600 557 9..
1631 495 1826 550 dicitur
1851 497 1939 550 Ti-

377 585 538 638 gara;
568 569 735 621 codex
776 567 1043 638 Palatinus
1074 565 1234 620 habet
1264 564 1471 638 Pigat‘a.
1503 566 1605 638 _Civ
1630 577 1708 620 tas
1736 566 1942 637 Tigam

378 635 702 690 memoratur
731 652 761 689 a
794 636 967 689 Plinio
1013 636 1103 689 lib.
1138 651 1167 686 v
1195 677 1209 701 ,
1238 650 1353 702 cap.
1386 635 1441 687 2.
1497 636 1729 699 Tigavias
1765 635 1944 691 laudat

378 707 687 759 Ammianus
717 707 1052 760 Marcellinus
1100 705 1190 758 lib.
1223 720 1369 763 χχιι.
1415 720 1533 762 can.
1566 706 1617 759 5.
1646 707 1810 761 Porro
1840 710 1940 759 du-

378 777 570 841 plicetn
604 778 832 829 nominis
859 776 1009 829 istius
1043 777 1214 828 locum
1256 778 1307 827 in
1335 774 1646 828 Mauritania
1685 776 1845 829 fuisse
1873 792 1939 829 ex

377 845 629 915 Antonini
664 846 939 899 ltinerario
977 854 1160 915 patetJ
1210 845 1298 897 ulii
1332 843 1547 914 Tigaras
1578 847 1940 915 municipium,

380 914 641 983 Oppidum
666 915 865 967 Novum
882 917 1101 976 colonia,
1116 913 1307 983 Tigava
1333 913 1521 967 castra.
1548 915 1747 969 Tamen
1777 913 1943 969 editio

376 985 539 1038 Bertii
568 986 726 1038 habet
760 984 976 1053 Tiragas
1005 994 1188 1036 castra.

446 1055 534 1108 69.
577 1055 963 1108 RUSLDITANUS.
990 1054 1290 1121 Legendltm
1322 1054 1789 1120 putatHarduinus
1832 1055 1941 1108 Ru-

377 1126 673 1186 sadiranns,
705 1139 799 1179 seu
828 1126 1003 1190 potius
1034 1123 1454 1187 liusadiritanus,
1488 1126 1625 1189 quod
1672 1140 1737 1176 ex
1774 1125 1943 1179 Plinio

378 1192 467 1245 lib.
502 1211 551 1255 v,
574 1208 691 1259 cap.
724 1194 777 1252 2.
814 1194 864 1245 in
903 1193 1209 1246 Mauritania
1244 1192 1518 1255 Tingitana
1539 1194 1765 1247 Rusadir
1790 1196 1942 1261 oppi-

378 1264 498 1314 dum
521 1276 566 1313 et
585 1274 761 1329 portus
784 1262 1057 1317 habeatur.
1085 1262 1282 1316 Dicitur
1304 1261 1569 1315 Rusadder
1584 1263 1781 1316 colonia
1804 1264 1940 1329 apud

376 1336 699 1385 Antoninum
751 1334 803 1385 in
847 1332 1154 1393 ltinerario,
1188 1346 1214 1383 a
1258 1331 1544 1385 Ptolemmo
1573 1347 1700 1386 vero
1730 1333 1818 1385 lib.
1867 1348 1940 1395 Iv,

377 1416 493 1466 cap.
530 1402 581 1464 1,
626 1400 970 1469 Ῥντσάδιρον.
1014 1402 1075 1454 Et
1119 1402 1437 1469 Pomponius
1467 1402 1596 1454 Mela
1635 1403 1855 1455 Rusadir
1896 1412 1943 1456 et

377 1469 556 1540 Sigam
586 1488 767 1537 parvas
792 1469 935 1525 urbes
959 1473 1008 1525 in
1033 1471 1337 1525 Mauritania
1372 1472 1647 1538 Tingitana
1679 1481 1940 1534 recenset,

377 1556 494 1592 cum
519 1541 649 1611 alias
671 1583 685 1606 ,
716 1543 922 1611 inquit,
955 1541 1084 1596 nihil
1124 1540 1192 1595 sit
1224 1541 1275 1593 in
1306 1541 1403 1611 hac
1442 1542 1709 1607 provincia
1741 1557 1943 1595 memo-

376 1621 493 1662 ratu
517 1610 755 1678 dignum.
791 1609 1017 1675 Verum,
1048 1612 1097 1663 ni
1127 1611 1280 1663 fallor
1305 1651 1318 1673 ,
1353 1609 1709 1664 Rnsadatanns
1739 1615 1944 1677 episco-

380 1694 478 1741 pus
505 1680 587 1734 hic
618 1681 669 1733 in
699 1682 884 1734 notitia
912 1684 1205 1734 recensitos
1230 1682 1306 1734 sic
1327 1680 1502 1733 dictus
1535 1683 1630 1734 luit
1651 1696 1677 1732 a
1711 1681 1939 1734 Rusazo.

376 1749 501 1802 Erat
547 1759 721 1804 autem
777 1751 1007 1805 Rusazns
1052 1751 1252 1803 colonia
1282 1750 1531 1817 Augusti,
1573 1766 1731 1815 quam
1782 1752 1938 1817 paulo

378 1818 597 1872 inferius
624 1822 735 1886 ipse
771 1821 969 1873 Plinius
997 1821 1048 1873 in
1074 1820 1379 1873 Mauritania
1409 1818 1720 1875 Caesariensi
1750 1835 1935 1873 recen-

375 1897 474 1942 set.
510 1889 711 1943 Dicitur
736 1892 802 1943 ab
825 1891 1092 1943 Antonino
1129 1889 1358 1941 liusazus
1384 1890 1736 1954 municipium,
1770 1906 1797 1941 a
1829 1904 1934 1953 quo

374 1962 509 2011 sicut
551 1969 604 2012 et
634 1975 661 2011 a
694 1960 983 2013 Ptolemzeo
1014 1958 1149 2013 libro
1176 1974 1248 2025 tv,
1277 1972 1394 2025 cap.
1425 1958 1480 2022 2,
1513 1958 1564 2011 in
1597 1959 1782 2014 eadem
1813 1974 1937 2024 pro-

376 2028 546 2081 vincia
594 2030 819 2083 locatur.
864 2030 928 2083 Et
958 2029 1169 2096 quidem
1213 2034 1406 2095 pra-ter
1432 2026 1531 2096 loci
1560 2030 1718 2083 situm
1744 2068 1759 2090 ,
1801 2029 1940 2083 favet

376 2099 536 2150 etiam
573 2100 726 2153 nobis
763 2095 1010 2153 Afrorum
1042 2097 1311 2153 familiaris
1332 2095 1602 2167 scribendi
1634 2102 1789 2160 ratio,
1822 2100 1935 2167 qui,

376 2175 433 2219 ut
460 2181 522 2219 ex
564 2169 679 2229 ipso
733 2170 1001 2223 llarduino
1032 2170 1255 2236 aliisque
1292 2165 1421 2219 viris
1449 2170 1671 2222 eruditis
1697 2171 1803 2236 jam
1831 2165 1935 2222 non

376 2238 537 2289 semel
569 2238 910 2293 observatum
961 2248 1079 2303 est,
1110 2238 1313 2292 litteras
1363 2238 1396 2288 d
1425 2246 1478 2290 et
1505 2255 1533 2289 ι
1578 2238 1938 2293 indiﬂ'erenter

377 2305 730 2373 adhibebant;
754 2309 822 2362 ita
856 2318 912 2362 nt
944 2308 1172 2361 Ruzasus
1194 2317 1245 2360 et
1276 2305 1511 2360 Rusadus
1535 2309 1672 2362 idem
1704 2310 1832 2361 sint.

448 2375 535 2446 70.
556 2378 950 2432 REPERITANUS.
974 2378 1235 2446 Oppidum
1262 2375 1623 2443 Reperitanum
1646 2395 1708 2431 ex
1728 2378 1939 2431 Vii'lore

378 2445 812 2518 habetOrtehus.
845 2445 1155 2518 Anouyiuus
1182 2446 1461 2518 Ravennas
1487 2448 1575 2502 lib.
1607 2464 1684 2509 tn,
1710 2464 1855 2518 num.
1880 2449 1934 2515 8,

378 2512 763 2581 Ilepetinianam
797 2519 976 2572 urbem
1004 2512 1271 2570 memorat
1317 2514 1370 2567 in
1417 2516 1721 2571 Mauritania
1762 2512 1937 2572 Caesa;

376 2586 558 2657 tiensi,
590 2602 685 2654 pro
707 2603 807 2655 qua
831 2603 862 2640 n
888 2598 1009 2641 ister
1033 2587 1275 2641 Placidus
1302 2582 1608 2642 Porcheron
1639 2590 1939 2657 suspicatur

376 2654 653 2722 legendum
682 2654 801 2711 esse
833 2658 1161 2725 Reperitana.

448 2726 533 2777 7|.
567 2726 876 2781 UBABENSIS.
908 2722 1146 2780 Ubadam
1193 2726 1244 2780 in
1284 2722 1595 2782 Mauritania
1623 2726 1937 2783 Caesariensi

376 2804 637 2848 memorat
682 2797 911 2851 Ortelius
950 2814 1013 2851 ex
1049 2796 1264 2851 Victore
1303 2797 1556 2853 Uticensi.
1605 2798 1839 2852 Hahetnr
1885 2809 1940 2852 et

380 2863 545 2936 libata
572 2865 621 2917 iti
650 2866 822 2920 Africa
855 2869 1066 2933 prppria
1114 2884 1176 2920 ex
1219 2867 1536 2931 Ptolemazo,
1560 2884 1718 2936 quam
1749 2868 1936 2923 urbem

375 2933 769 3005 sub_Adrumeto
789 2937 951 2991 fuisse
978 2937 1103 2989 dicit
1136 2938 1227 2991 lih.
1253 2954 1323 2995 iv.
1347 2950 1464 3003 cap.
1484 2938 1551 2998 ὅς
1574 2933 1691 3003 qua:
1715 2939 1937 3005 proinde

376 3004 438 3053 ad
462 3003 785 3072 Byzacenani
820 3006 1059 3058 revocari
1087 3008 1261 3061 debet.
1298 3007 1466 3062 Ubasa
1488 3003 1751 3058 castellum
1778 3008 1939 3061 habe-

377 3082 464 3124 tur
491 3074 542 3147 in_
566 3072 787 3147 Tabulis
811 3075 1255 3147 Peutingeriaiuis,
1285 3078 1376 3147 sed
1403 3080 1453 3147 in
1479 3076 1746 3147 Numidia,
1783 3079 1934 3147 173

378 3150 435 3193 nt
458 3141 666 3206 quidem
700 3143 824 3196 mihi
864 3144 1088 3197 videtur.
1134 3146 1297 3200 Porto
1325 3146 1559 3201 Ubabam
1590 3141 1942 3200 eamdem—ur-

378 3208 495 3264 bem
523 3225 642 3265 esse
668 3225 786 3283 cuni
819 3213 957 3267 Baba
986 3228 1016 3266 a
1049 3214 1335 3269 Ptolemaeo
1364 3222 1418 3269 et
1446 3214 1716 3283 Stephano
1740 3232 1944 3271 memo-

378 3289 487 3332 rata
518 3291 701 3335 censet
735 3282 1061 3338 Holstenius.

447 3350 535 3422 7’2.
564 3351 915 3407 annrrsaus.
948 3354 1090 3407 inter
1121 3353 1275 3422 hujus
1307 3353 1591 3420 provinciae
1619 3355 1795 3419 sedes,
1827 3372 1945 3422 quae

377 3417 597 3492 inferius
618 3422 896 3489 episcopos
917 3434 1042 3477 tunc
1060 3438 1161 3477 non
1187 3417 1433 3477 habuisse
1448 3422 1717 3490 dicuntur,
1735 3417 1946 3492 quando

377 3487 569 3573 Africae
598 3487 830 3573 episcopi
864 3493 1236 3573 Carthaginem
1272 3496 1532 3573 mandato
1562 3487 1943 3573 regis'_conve—

377 3562 493 3615 nire
512 3561 643 3625 jussi
674 3573 817 3628 sunt,
847 3573 1156 3617 numeratur
1185 3564 1299 3618 loco
1322 3565 1354 3617 6
1378 3561 1676 3617 Obaritana.
1704 3565 1778 3617 Ex
1807 3581 1948 3619 com-

378 3630 613 3695 pluribus
636 3643 810 3686 antem
844 3634 1063 3687 urbibus
1090 3649 1220 3701 quas
1245 3649 1311 3688 ex
1344 3634 1556 3687 Victore
1578 3634 1810 3689 Uticensi
1836 3652 1947 3689 me-

377 3710 551 3754 morat
582 3701 843 3775 Qrtelius,
862 3719 962 3755 una
991 3716 1062 3775 est
1101 3702 1421 3775 cuiipraiinit
1461 3703 1803 3775 Auboritanus
1832 3708 1945 3775 epi-

376 3784 557 3837 scopus
588 3771 638 3822 in
672 3770 985 3824 Mauritania
1016 3770 1332 3833 Cwsariensi,
1365 3788 1520 3840 quem
1546 3774 1644 3827 iste
1669 3770 1946 3831 auctor'ab

377 3842 509 3891 urbe
534 3840 821 3913 ﬁubureum
847 3843 982 3913 dicta
1014 3844 1089 3913 sic
1113 3844 1433 3913 appellatum
1460 3843 1621 3913 [uisse
1648 3853 1814 3911 putat.
1837 3845 1945 3913 Ego

375 3922 502 3961 vero
534 3908 632 3962 hac
660 3924 786 3962 voce
814 3911 1011 3963 nullum
1036 3908 1197 3964 alium
1220 3927 1250 3964 a
1279 3910 1430 3964 Petro
1456 3908 1755 3977 Obaritano,
1787 3908 1943 3968 hicin

374 3977 570 4030 Notitia
619 3989 932 4042 memorato,
983 3981 1246 4045 designari
1294 3983 1563 4035 existimo.
1617 3983 1725 4036 Nec
1768 3984 1947 4039 obstat

374 4048 512 4109 quod
541 4062 605 4102 ex
636 4050 825 4102 eodem
853 4049 1066 4103 Victore
1098 4050 1428 4103 Obaritanam
1457 4051 1644 4105 urbem
1685 4065 1946 4108 memoret

374 4117 487 4182 ipse
517 4118 769 4184 Ortelius,
797 4134 917 4173 cum
964 4119 1122 4183 infra,
1156 4132 1215 4173 ut
1245 4137 1366 4176 mox
1396 4120 1731 4184 dicebamus,
1776 4124 1943 4177 altera

373 4186 611 4252 ejusdem
644 4188 873 4243 numinis
914 4191 1068 4243 sedes
1100 4190 1373 4243 habeatur.

444 4257 530 4310 75.
570 4257 1205 4313 Cssrussraamauensm.
1239 4258 1535 4312 Castrorum
1564 4257 1945 4314 Seberianensis

374 4327 695 4380 mentionem
720 4345 782 4381 ex
820 4328 1029 4381 Victore
1052 4330 1172 4381 facit
1201 4329 1454 4381 Ortelius.

444 4396 531 4449 74.
560 4400 1038 4453 Casrnaaoauivsts.
1063 4399 1242 4452 Codex
1266 4397 1485 4457 Halleri.
1511 4397 1941 4454 Castronobensis.

375 4464 448 4516 Ea
472 4475 552 4519 est
577 4468 704 4520 urbs
729 4482 883 4536 quam
910 4470 1202 4523 Anioninns
1231 4469 1279 4521 in
1304 4469 1579 4521 ltinerario
1596 4466 1775 4521 Castra
1796 4469 1940 4523 Nova

372 4537 621 4609 appellat.
674 4537 925 4603 Ejusdem
975 4540 1203 4593 nominis
1233 4538 1414 4591 urbem
1449 4547 1707 4591 memorat
1732 4554 1937 4609 anony-

371 4602 884 4678 tnn_s__Ravennensis
912 4610 961 4660 in
990 4609 1266 4678 Tingitana
1299 4609 1392 4661 lib.
1424 4623 1497 4678 tn,
1532 4624 1584 4660 ιι.
1610 4608 1660 4661 9.

444 4673 532 4746 75.
557 4675 951 4746 casuscasus.
978 4673 1121 4732 Hanc
1146 4681 1324 4731 sedem
1352 4677 1469 4730 aliis
1498 4678 1759 4746 plerisque
1784 4678 1939 4746 hujus

370 4743 655 4807 provinciae
678 4745 897 4798 urbibus
925 4750 1182 4803 notiorem
1212 4747 1335 4802 fecit
1373 4743 1624 4801 Voconius
1665 4743 1939 4802 Castaliani

370 4810 697 4886 Mauritania:
741 4815 915 4886 oppidi
955 4818 1238 4886 episcopus,
1282 4818 1368 4882 qui
1416 4831 1445 4869 a
1485 4817 1761 4870 Gennadio
1800 4819 1939 4872 inter

371 4883 657 4954 scriptores
685 4883 1080 4939 ecclesiasdcos
1109 4883 1159 4939 in
1190 4886 1441 4951 Catalogo
1471 4901 1589 4954 cap.
1620 4888 1686 4940 78
1716 4903 1937 4954 compu-

373 4961 531 5023 tatur,
585 4953 763 5021 ibique
812 4955 1055 5008 laudatur
1093 4955 1233 5023 quod
1268 4965 1458 5021 prmter
1501 4953 1560 5009 ea
1592 4972 1711 5022 qua:
1751 4953 1933 5010 contia

370 5020 604 5093 Judaeos,
629 5020 878 5093 Arianos,
904 5020 1138 5092 aliosque
1168 5026 1415 5078 Ecclesia:
1438 5020 1678 5078 inimicos
1706 5028 1936 5093 scripsit,

371 5090 597 5163 ediderit
620 5091 787 5163 etiam,
807 5090 1255 5147 Sacramentorum
1282 5098 1536 5163 egregium
1560 5090 1827 5150 volumenf
1844 5090 1939 5152 llic

368 5162 611 5223 antistes,
658 5171 717 5213 ut
746 5162 953 5215 Mirazus
982 5162 1247 5227 observat,
1286 5165 1353 5217 ab
1384 5162 1617 5218 llonorio
1648 5176 1701 5219 et
1727 5167 1937 5221 Trithe-

368 5231 476 5283 mio
502 5231 694 5283 dicitur
722 5229 999 5304 Baconius,
1032 5247 1185 5299 quam
1222 5235 1504 5288 lectionem
1540 5235 1695 5286 habet
1726 5251 1935 5304 quoque

373 5311 524 5353 vetus
546 5303 819 5366 exemplar
841 5303 1096 5354 (.‘eunadii
1125 5318 1187 5355 ex
1219 5304 1539 5358 bibliotheca
1567 5305 1931 5359 Fiscannensi.

370 5370 423 5420 In
457 5381 638 5423 nostro
659 5380 833 5423 autem
858 5372 1213 5424 vetustiSsimo
1229 5374 1411 5427 endice
1433 5376 1623 5427 dicitur
1654 5374 1929 5429 Vuconius.

368 5440 693 5512 Deci-redi
744 5442 1065 5507 Castellano,
1116 5442 1204 5507 qni
1252 5446 1408 5495 etiam
1461 5445 1599 5496 inter
1645 5446 1931 5512 Scriptores

367 5507 755 5576 ecclesiasticos
806 5512 976 5563 locum
1026 5514 1238 5576 meruit,
1281 5512 1402 5564 vide
1445 5515 1577 5563 intra
1626 5507 1770 5566 num.
1807 5516 1927 5567 119.

368 5574 533 5628 Porro
559 5580 621 5649 ing
636 5578 926 5633 Collatione
952 5580 1195 5648 Carthag.
1226 5574 1346 5647 cap.
1404 5583 1500 5636 180
1531 5582 1797 5635 Severinus
1826 5586 1932 5649 epi-

368 5661 547 5708 scopus
585 5647 900 5703 Castellunus
938 5666 1001 5703 ex
1045 5647 1431 5705 Donatistarum
1466 5664 1607 5704 secta
1637 5647 1932 5706 recensitos

371 5727 468 5777 est.
520 5732 675 5785 quem
719 5732 777 5773 se
808 5720 1012 5775 nesciis
1058 5724 1128 5775 ait
1171 5722 1413 5777 Baluzius
1443 5722 1492 5775 in
1522 5731 1643 5776 nota
1688 5723 1751 5775 ad
1795 5726 1931 5779 hunc

1967 4511 2018 4570 D

2046 499 2231 551 riensi.
2273 501 2472 552 Tamen
2520 514 2701 562 supra,
2751 497 2816 548 ad
2858 512 2976 563 cap.
3016 496 3219 549 scilicet
3252 497 3353 551 155
3379 496 3621 563 ejusdem

2042 568 2376 630 Collalionis,
2423 570 2507 622 ubi
2557 568 2826 620 Severinus
2856 568 3119 633 episcoims
3162 566 3437 618 Donatista
3472 566 3621 618 testi-

2046 638 2282 690 monium
2313 639 2485 690 reddit
2528 638 2577 689 in
2610 638 2819 703 negotio
2844 636 2983 703 quod
3012 636 3075 686 ad
3108 634 3467 688 Cmsarienses
3496 649 3619 701 spe-

2043 708 2242 769 ctabat,
2287 724 2406 760 eum
2450 707 2809 761 Castellanum
2859 708 2907 756 in
2953 705 3262 758 Mauritania
3310 706 3621 772 episconuiu

2045 776 2206 828 fuisse
2251 775 2421 830 fassus
2460 786 2561 831 est.
2601 775 2881 828 Castrllum
2926 775 3064 827 inter
3094 774 3419 826 Mauritaniae
3444 777 3623 826 Czesao

2046 846 2437 967 riensissurbes
2476 856 2735 901 memorat
2778 860 3076 913 anouyinus
3119 843 3490 897 Ravennensis
3523 845 3620 901 lib.

2046 930 2123 967 ιιι.
2156 931 2208 967 ιι.
2280 956 2294 967 .

2044 930 2123 978 ιιι,
2156 931 2208 968 ιι.
2241 930 2294 969 ts.

2116 986 2203 1037 76.
2246 984 2643 1038 Muremrasus.
2672 982 2726 1036 In
2753 982 3155 1047 Carthaginensi
3178 982 3476 1036 Collatione
3497 998 3620 1051 cap.

2048 1052 2149 1107 155
2171 1064 2491 1108 memoratur
2513 1054 2751 1107 Leontius
2773 1055 3040 1119 episcopus
3064 1053 3219 1122 plebis
3242 1052 3290 1103 Μ
3302 1056 3621 1115 usertitanw.

2046 1138 2143 1189 pro
2185 1140 2290 1191 quo
2330 1126 2629 1188 suspicatur
2681 1123 2741 1177 V.
2786 1123 2845 1176 C.
2890 1123 3130 1175 Baluzius
3172 1122 3453 1188 legendum
3499 1138 3623 1177 esse

2048 1192 2391 1246 Mutecitame.
2422 1195 2482 1246 Et
2513 1193 2725 1260 quidem
2750 1192 2982 1247 Ortelius
3012 1194 3061 1244 in
3088 1192 3360 1244 Thesauro
3390 1208 3617 1257 geogra-

2046 1263 2204 1329 pliico
2246 1264 2604 1316 .llutecimnwn
2654 1263 2837 1315 urbem
2894 1277 2957 1315 ex
3015 1261 3311 1314 Collatione
3359 1261 3618 1322 Carthag.

2047 1332 2246 1396 laudat,
2295 1347 2452 1399 quam
2498 1344 2675 1385 tamen
2721 1346 2978 1398 nusquam
3010 1331 3243 1388 reperire
3274 1329 3400 1399 mihi
3447 1331 3620 1385 licuit.

2046 1401 2189 1455 ldein
2219 1398 2406 1455 auctor
2450 1402 2605 1468 p-inlo
2652 1400 2871 1454 inferius
2923 1400 3275 1453 Muticilanum
3306 1398 3540 1452 Liniitem
3569 1403 3622 1454 in

2047 1470 2361 1524 Mauritania
2398 1472 2697 1525 Cwsariensi
2726 1470 2945 1524 laudans
2986 1486 3049 1523 ex
3094 1470 3229 1522 libro
3266 1469 3496 1533 Notitia,
3531 1470 3621 1525 ubi

2047 1538 2273 1594 habetur
2300 1551 2433 1594 sect.
2466 1542 2554 1601 iii,
2593 1552 2771 1593 monet
2812 1541 2863 1592 in
2903 1540 3087 1593 codice
3131 1540 3475 1593 membraneo
3522 1555 3623 1607 pro

2049 1608 2339 1663 Muticilani
2376 1611 2555 1664 haberi
2606 1610 2945 1663 Mauticitani.
3003 1609 3167 1662 Porro
3208 1624 3326 1661 cum
3373 1608 3621 1663 Leontius

2046 1694 2203 1745 supra
2248 1696 2311 1733 ex
2354 1680 2647 1735 Collatione
2688 1680 2931 1732 laudatus
2960 1679 3150 1732 ibidem
3186 1680 3384 1731 nullum
3418 1693 3476 1731 se
3522 1678 3620 1731 ha-

2048 1747 2173 1804 bere
2218 1750 2544 1804 Donatistam
2591 1749 2952 1803 adversarium
2998 1759 3376 1811 asseverasset,
3426 1748 3622 1803 Habet~

2045 1817 2177 1872 deus
2204 1820 2461 1873 diaconus
2490 1819 2762 1887 respondit
2790 1817 3111 1871 Cresconium
3140 1819 3296 1887 modo
3326 1818 3490 1871 fuisse
3523 1835 3623 1886 pro

2043 1903 2103 1942 ea
2134 1889 2266 1943 urbe
2286 1886 2609 1942 ordinatum.
2642 1889 2791 1943 Unde
2817 1889 2975 1942 infert
3000 1887 3242 1941 Balnzius
3268 1886 3619 1941 Cresconium

2044 1958 2373 2013 Donatistam
2402 1961 2491 2027 qui
2524 1958 2744 2012 inferius
2773 1973 2891 2026 Cap.
2932 1957 3035 2011 906
3082 1960 3346 2027 episcOpus
3375 1957 3622 2010 Mustita-

2042 2044 2139 2080 nus
2166 2029 2379 2092 dicitur,
2408 2032 2692 2097 ipsummet
2732 2042 2852 2081 esse
2886 2027 3209 2081 Cresconinm
3240 2043 3394 2093 quem
3424 2027 3621 2079 liabet-

2042 2097 2172 2150 di-us
2218 2096 2640 2159 memoraverat;
2684 2113 2743 2152 ac
2786 2098 3025 2163 proinde,
3068 2099 3136 2151 ibi
3173 2112 3266 2163 pro
3305 2096 3622 2149 Mustitanus

2042 2168 2407 2235 reponendum
2438 2185 2557 2222 esse
2600 2168 2997 2231 Musertitanus,
3040 2167 3179 2235 quod
3214 2176 3265 2218 et
3309 2166 3454 2220 fecit.
3486 2168 3617 2232 Sed,

2043 2248 2099 2290 ut
2125 2252 2283 2305 supra
2307 2238 2535 2292 diximus
2556 2243 2603 2291 in
2629 2239 2765 2291 notis
2790 2239 2853 2289 ad
2878 2238 3156 2305 episcopos
3183 2238 3444 2290 Numidia:
3466 2253 3617 2289 num.

2042 2307 2128 2369 7i,
2158 2319 2211 2379 et
2240 2309 2303 2379 ad
2337 2310 2638 2379 Byzacenos
2663 2324 2811 2363 num.
2832 2306 3207 2379 28,}gienricus
3229 2306 3467 2379 Nurisjus
3487 2322 3621 2379 con-

2042 2378 2207 2432 tendit
2232 2376 2557 2431 Cresconium
2576 2378 2741 2432 istum
2774 2393 2898 2431 vere
2928 2377 3263 2430 Mnstitanum
3291 2378 3343 2430 in
3371 2376 3620 2429 Numidia

2042 2449 2347 2515 episiiopum
2391 2448 2581 2513 fuisse,
2629 2449 2870 2517 duasque
2918 2447 3035 2514 ejus
3072 2448 3317 2517 nominis
3357 2448 3517 2500 iubes
3565 2448 3620 2501 ιιι

2042 2518 2218 2571 Africa
2249 2518 2522 2572 exstitisse
2550 2518 2753 2581 scribit,
2786 2532 3007 2586 quarum
3037 2516 3203 2568 altera
3228 2516 3291 2569 ad
3322 2531 3617 2584 proconsu-

2043 2588 2228 2653 larem,
2258 2591 2425 2641 altera
2462 2603 2590 2641 vero
2616 2587 2681 2640 ad
2714 2586 3011 2641 Numidiam
3049 2587 3345 2653 Spectabat.
3380 2586 3622 2653 Denique

2043 2657 2094 2709 in
2145 2658 2447 2711 calendario
2485 2655 2888 2724 Carthaginensi
2934 2672 3000 2708 vn
3033 2657 3105 2708 id.
3154 2656 3385 2707 Octobris
3422 2659 3477 2708 lit
3505 2671 3621 2708 tne-

2043 2729 2209 2779 moria
2250 2729 2409 2780 sancti
2447 2727 2703 2793 Quintasi,
2737 2742 2893 2794 quem
2927 2727 3067 2779 hunc
3107 2727 3278 2793 ipsum
3316 2724 3470 2795 174
3496 2740 3621 2780 esse

2045 2795 2349 2860 Quintasum
2384 2797 2685 2863 suspicatur
2724 2796 2953 2850 domnus
2994 2795 3224 2849 Joannes
3256 2796 3614 2859 Mabillonius,

2042 2865 2131 2931 qui
2162 2869 2247 2919 hic
2280 2870 2332 2921 in
2362 2866 2557 2920 Notitia
2603 2866 2944 2919 Mutecitnnus
2982 2865 3263 2931 episcOpus
3292 2866 3507 2918 dicitur.
3545 2868 3618 2919 At

2043 2934 2095 2988 in
2128 2938 2338 3005 vulgato
2367 2936 2745 3006 martyrologio
2797 2936 3224 3006 Hieronymiauo,
3269 2944 3337 3006 ut
3366 2935 3504 2988 idem
3535 2938 3620 2989 vir

2043 3004 2281 3060 eruditus
2311 3004 2582 3067 observat,
2616 3007 2802 3059 eadem
2833 3006 2919 3059 die
2947 3004 3082 3057 inter
3112 3004 3244 3057 alios
3276 3005 3431 3058 Afros
3459 3020 3621 3058 reco-

2046 3073 2174 3128 litur
2205 3076 2506 3139 Quintasus.
2533 3076 2587 3128 In
2611 3077 2711 3129 isto
2741 3086 2915 3130 autem
2941 3074 3319 3145 martyrologio
3342 3077 3623 3141 pauciores

1969 3149 2016 3212 C
2049 3160 2078 3198 e
2113 3146 2505 3201 recentioribus
2542 3146 2742 3201 sancds
2787 3154 3074 3199 occurrunt
3122 3145 3290 3214 prima
3334 3160 3493 3199 manu
3518 3147 3622 3200 de-

2048 3216 2250 3281 scripti.

2120 3285 2204 3338 77.
2237 3286 2656 3339 RUBICARIENSIS.
2702 3286 2791 3339 Sic
2827 3294 2882 3340 et
2930 3286 3094 3339 codex
3132 3284 3350 3338 lialleri.
3390 3284 3445 3338 in
3483 3283 3623 3338 Car-

2057 3352 2549 3422 lhag.‘C0llatione,
2583 3371 2700 3413 cap.
2736 3358 2854 3419 l97,
2887 3356 3023 3410 inter
3046 3355 3345 3409 Donatistas
3370 3354 3623 3410 Constan-

2050 3425 2147 3495 tius
2188 3426 2449 3495 epismpus
2501 3426 2963 3479 Rnsubiccaiiensis
3008 3426 3323 3492 comparuit,
3360 3441 3514 3492 quem
3550 3426 3621 3477 ad

2050 3492 2416 3548 Mauritaniam
2459 3495 2545 3548 Cas
2577 3500 2838 3549 aricnsem
2876 3497 3195 3563 pertinuisse
3234 3511 3297 3548 ex
3332 3496 3523 3547 Notitia
3560 3511 3625 3548 se

2049 3564 2298 3632 colligere.
2320 3565 2391 3618 ait
2424 3565 2682 3617 Baluzius.
2706 3566 2756 3616 In
2781 3565 2971 3618 Notitia
2996 3580 3121 3617 vero
3151 3564 3624 3618 Rusubiccariensis

2049 3635 2331 3702 episcopus
2361 3649 2619 3700 nusquam
2655 3635 2896 3698 habetur,
2932 3637 3029 3688 nisi
3062 3650 3125 3689 eo
3153 3637 3364 3689 nomine
3396 3634 3623 3687 Rubica-

2048 3705 2261 3757 riensem
2282 3706 2488 3767 urbem,
2521 3705 2587 3756 de
2625 3720 2726 3771 qua
2752 3706 2834 3757 hic
2857 3706 3082 3771 agimus,
3112 3715 3203 3756 aut
3226 3717 3369 3760 certe
3394 3703 3622 3757 Rusubi-

2049 3775 2292 3837 ritanam,
2322 3778 2563 3842 superius
2592 3790 2735 3826 num.
2762 3774 2831 3826 22
2858 3776 3197 3837 recuusitam,
3222 3775 3503 3841 designare
3526 3792 3621 3826 vo-

2050 3842 2207 3896 luerit
2236 3846 2313 3896 vir
2342 3844 2595 3897 eruditus.
2631 3844 2969 3898 Subicarense
2995 3845 3255 3896 Cus‘ellum
3287 3844 3336 3897 in
3370 3844 3624 3897 Maurita-

2050 3912 2134 3965 nia
2162 3914 2319 3965 situm
2352 3924 2613 3967 memorat
2642 3915 2951 3967 Ammianus
2982 3915 3311 3968 Marcellinus
3344 3914 3435 3966 lih.
3469 3930 3619 3977 χιιι,

2048 3996 2166 4048 Cap.
2198 3983 2251 4042 5,
2274 3983 2414 4049 quod
2443 3983 2510 4035 ab
2538 3984 2636 4036 hoc
2670 3984 3109 4036 liusubiccariensi
3138 3998 3232 4038 seu
3265 3983 3624 4036 Παρῆσαν-ἱειυί

2049 4051 2244 4117 oppido
2282 4053 2422 4104 aliud
2456 4068 2559 4105 non
2600 4069 2721 4107 esse
2752 4054 3186 4107 verisimillimum
3217 4063 3314 4107 est.
3361 4055 3518 4108 Certe
3544 4054 3619 4109 cl.

2048 4119 2129 4172 vir
2160 4121 2457 4174 Hadrianus
2488 4123 2745 4184 Valesius,
2778 4124 2860 4177 cui
2894 4125 3133 4177 Baluzius
3165 4138 3222 4178 se
3253 4124 3391 4177 ultro
3422 4138 3615 4177 asseu-

2049 4192 2131 4242 tiri
2158 4191 2450 4257 proﬁtetur,
2484 4207 2548 4244 eo
2590 4192 2690 4245 loci
2734 4192 2873 4258 apud
2916 4193 3250 4247 Ammianum
3296 4193 3619 4247 Rusubbica-

2048 4276 2191 4314 reme
2209 4260 2311 4330 legi
2329 4272 2576 4324 aportcre
2602 4265 2918 4330 suspicatur.
2937 4266 2989 4317 Si
3015 4275 3188 4317 tamen
3203 4264 3413 4318 Notitia:
3436 4264 3618 4330 lectio,

2048 4344 2165 4394 qua:
2200 4328 2574 4385 Rubicariensis
2613 4328 2788 4397 habet,
2823 4334 3010 4387 melior
3046 4332 3223 4399 fuerit,
3264 4334 3436 4400 potius
3482 4328 3621 4387 retii-

2050 4400 2218 4472 nenda
2251 4401 2351 4455 erit
2377 4401 2583 4469 vulgata
2616 4403 2876 4455 Ammiani
2910 4404 3086 4467 lectio,
3112 4418 3235 4457 cum
3257 4403 3472 4472 propius
3503 4404 3619 4457 Ru-

2048 4469 2342 4542 biaariensis
2369 4486 2469 4524 vox
2497 4472 2564 4542 ad
2595 4472 2941 4542 Subicarensis
2972 4472 3189 4527 accedat
3214 4469 3372 4542 quani
3406 4475 3469 4526 ad
3504 4473 3618 4527 Ru-

2042 4539 2444 4594 subiccariensis.
2495 4541 2660 4595 Porro
2702 4540 3026 4595 Rusubricari
3064 4539 3523 4597 habet—Antonius
3561 4545 3616 4597 in

2046 4607 2344 4680 ltinerario,
2396 4611 2679 4664 Rusubeser
2716 4613 3031 4665 Ptoleniaaus
3059 4613 3195 4666 libro
3222 4628 3292 4675 tv,
3326 4627 3445 4680 cap.
3476 4611 3533 4670 2.
3559 4624 3619 4669 et

2043 4678 2307 4800 fasiciber
2336 4695 2455 4750 cap.
2488 4682 2749 4751 sequenti.
2799 4682 2857 4735 lu
2880 4682 3094 4737 Tabulis
3124 4678 3425 4751 Peutingeri
3456 4681 3619 4739 Rusi-

2074 4765 2246 4800 rtcart.

2074 4765 2246 4802 rtcart.

2114 4819 2661 4892 78.AMAMMILLENSIS.
2680 4890 2688 4892 Α
2706 4819 2875 4875 Victor
2906 4823 3167 4892 episcopus
3196 4819 3615 4892 Mammillensis,

2041 4903 2162 4942 cum
2194 4888 2473 4943 Sereniano
2504 4905 2599 4943 suo
2628 4888 2943 4944 adversario
2963 4888 3082 4958 cap.
3119 4890 3223 4945 208
3255 4892 3380 4946 item
3410 4888 3616 4949 inemo;

2042 4968 2179 5021 rato,
2207 4959 2373 5031 adfuit
2404 4959 2681 5031 CQIAIationi
2709 4962 2959 5031 Carthag.
2986 4976 3105 5029 eap.
3140 4962 3260 5016 135.
3288 4966 3366 5016 An
3400 4964 3503 5017 huc
3530 4981 3617 5017 re-

2042 5028 2218 5101 vocari
2246 5028 2693 5101 possetMantmte
2718 5034 2878 5100 regio,
2915 5028 2966 5083 in
2998 5028 3098 5099 qua
3129 5032 3429 5086 Maurorum
3462 5034 3616 5101 prin-

2040 5098 2403 5171 cipes_ca_slra_
2434 5100 2681 5171 habuisse
2723 5098 2971 5155 dicuntur
2998 5098 3138 5169 apud
3172 5098 3482 5171 Procopium
3519 5106 3613 5158 lib.

2040 5182 2075 5219 ιι
2102 5168 2167 5219 de
2195 5166 2340 5221 Bello
2369 5168 2673 5233 Vandalico,
2706 5171 2791 5224 alii
2816 5166 3151 5238 judicabant.
3186 5166 3395 5226 Videtui
3429 5181 3615 5229 tamen

2038 5239 2103 5289 ad
2130 5238 2405 5312 Byzacium
2441 5240 2759 5312 pertinuisse
2786 5258 2797 5292 :
2826 5252 2879 5295 et
2900 5240 3111 5312 quidem
3142 5242 3420 5295 Maiuinam
3448 5243 3618 5312 Byza-

2038 5321 2185 5360 cena'.
2214 5310 2397 5360 urbem
2424 5310 2864 5364 mediterraneain
2900 5310 3056 5363 habet
3087 5312 3223 5363 idem
3256 5326 3443 5366 aucnor
3473 5310 3616 5367 libro

2038 5391 2085 5451 vi
2122 5376 2192 5451 de
2226 5376 2509 5443 AEdiliciis,
2549 5395 2667 5451 cap.
2712 5382 2770 5451 6.
2809 5380 3095 5432 Mamillain
3138 5381 3279 5435 inter
3321 5384 3613 5451 Byzacense

2034 5446 2275 5517 civitates
2308 5458 2570 5503 memorat
2611 5449 2806 5503 Notitia
2855 5451 3047 5504 Leonis
3091 5446 3424 5517 imperatoris
3470 5454 3612 5517 apud

2034 5516 2281 5591 Goarem,
2330 5519 2423 5591 sed
2476 5518 2694 5591 Grrpcus
2724 5528 2898 5572 textus
2950 5523 3109 5573 habet
3136 5516 3397 5591 Matinae;
3444 5516 3615 5577 editio

2034 5595 2212 5660 autem
2241 5587 2523 5660 Bodleiana
2554 5588 2735 5660 Graece
2764 5599 2818 5642 et
2847 5592 3031 5643 Latine
3055 5587 3282 5660 Μαμσδά.

2106 5656 2194 5727 79.
2230 5657 2571 5727 Αιιιυιεκεις.
2604 5659 2691 5711 Sic
2720 5658 2875 5712 hibet
2904 5656 3320 5727 uterquecodex
3352 5678 3453 5716 nis.
3482 5678 3609 5717 cuni

2035 5724 2211 5780 editis.
2244 5726 2366 5781 Haec
2409 5727 2535 5781 urbs
2579 5728 2645 5778 ad
2687 5730 2893 5783 Albula:
2934 5732 2987 5785 in
3031 5724 3282 5786 Antonini
3324 5731 3607 5791 ltinerario
