3944 6176
168 259 253 313 33:7
1103 250 1629 307 ANNOTATIONES
1668 251 1732 306 ΙΝ
1772 251 2103 308 NOTITIAM
2143 254 2444 310 AFlllCE.

3294 260 3405 319 358

166 375 230 425 itit
254 367 482 422 Aurelius
514 368 745 423 formam
785 367 1057 441 antiquam
1108 368 1313 441 servari
1353 368 1552 421 debere
1578 410 1592 432 ,
1651 381 1706 424 ut
1738 381 1785 435 Α
1814 371 1978 435 edita,
2001 381 2328 426 memoratur
2356 374 2626 439 Mittorica,
2654 388 2771 441 quae
2789 374 2973 429 Grtcce
2992 375 3186 431 dicitur
3199 384 3401 438 Μήνυκα

169 459 249 495 non
280 442 441 491 minus
473 455 633 509 quam
676 450 775 491 (res
821 440 1069 506 su/[iciant
1102 453 1122 491 :
1151 438 1285 492 alias
1328 454 1442 492 rem
1476 442 1705 494 futuram

169 513 293 564 valde
317 511 711 562 incommodam
736 509 801 561 iis
826 525 915 577 qui
942 509 1324 577 'l'ripolitattam
1360 509 1665 564 incolebant
1690 553 1706 577 ,

168 598 263 634 cum
293 582 421 632 inea
452 580 752 646 provincia,
785 588 838 630 ut
866 579 1131 645 asseritur,
1168 580 1389 649 episcopi
1436 580 1537 634 sint
1592 590 1713 634 tan-

170 650 395 705 tummodo
420 650 663 718 quinque.

360 740 515 809 133
556 737 653 792 AD
681 738 1099 793 rnovmcmu
1132 738 1497 796 sanatum.

225 853 412 924 Nosti.“
448 853 807 924 episcoporum
851 854 1038 908 insula:
1084 854 1363 910 Sardiniae.
1397 854 1712 910 Addendum

172 935 235 977 est
256 940 304 978 et
322 923 611 976 vicinarum
638 925 1193 993 insularum,quarutn
1216 926 1452 993 episcOpi
1486 926 1570 981 hic
1592 926 1716 981 Sar-

171 994 302 1047 diniae
324 996 702 1057 attribuuntur,
735 997 875 1063 quod
899 996 1129 1048 Calarim
1151 1035 1167 1060 ,
1208 998 1527 1063 praecipuam
1574 998 1715 1051 Illius

173 1068 330 1116 insulae
352 1067 556 1126 urbem,
591 1066 927 1132 ntetropolim
953 1066 1229 1118 haberent.
1254 1064 1518 1120 C:etertim
1550 1066 1715 1120 JnSti-

172 1135 334 1186 uiantis
354 1136 605 1201 praefecto
650 1137 897 1202 przetorio
929 1134 1122 1189 Africa:
1160 1146 1366 1203 septem
1414 1139 1715 1203 provincias

170 1205 445 1274 assignavit,
474 1220 506 1257 e
533 1220 762 1273 quarum
792 1220 1014 1259 numero
1046 1206 1229 1259 ultima
1253 1205 1501 1258 Sardinia
1528 1210 1713 1274 appel-

173 1278 306 1338 tatur,
332 1273 480 1335 ϐοά..
516 1276 600 1328 tit.
629 1276 719 1336 27,
747 1278 965 1329 constit.
998 1277 1047 1328 1.

228 1346 270 1397 l.
295 1344 518 1397 Lucrrsn
545 1344 942 1399 CALAIHTAMJS.
977 1345 1120 1399 Bona
1152 1343 1308 1397 simul
1341 1356 1395 1398 et
1416 1346 1552 1399 mala
1578 1346 1713 1399 fama

170 1413 366 1468 celebris
394 1426 476 1467 est
504 1416 645 1467 alius
669 1416 880 1468 Lucifer
904 1416 1238 1469 Calaritanus
1264 1415 1548 1483 episCOpns
1569 1456 1583 1479 ,
1624 1417 1713 1484 qui

174 1494 271 1552 post
293 1485 597 1555 innumeros
639 1500 736 1554 pro
774 1485 970 1539 Lhristi
1005 1485 1282 1538 divinitate
1334 1488 1714 1555 prOpugnanda

163 1565 418 1621 superatos
462 1554 677 1610 labores
708 1558 1002 1623 exsiliaque
1041 1556 1347 1619 durissima,
1379 1554 1622 1609 carceres
1663 1567 1715 1609 et

172 1625 380 1692 graviora
412 1626 747 1681 incommoda
774 1640 870 1693 pro
896 1641 1056 1679 causa
1100 1625 1350 1679 Ecclesiae
1372 1666 1386 1689 ,
1432 1627 1530 1679 sub
1573 1625 1717 1679 Con-

172 1696 340 1747 stantio
368 1694 694 1763 imperatore
714 1697 913 1749 Ariano
935 1697 1432 1765 perpessa,taudem
1458 1696 1717 1750 schisma-

175 1764 204 1815 ti
244 1766 571 1818 occasionem
622 1778 712 1819 aut
756 1764 947 1821 Saltem
984 1764 1178 1819 nomen
1224 1766 1423 1819 tribuit.
1466 1771 1546 1820 An
1589 1782 1715 1820 vero

176 1832 265 1887 lucc
286 1836 426 1888 labes
456 1836 576 1889 talis
597 1835 777 1904 fuerit,
817 1846 874 1889 ιιι
899 1838 1092 1890 exinde
1121 1851 1313 1889 nomen
1345 1837 1508 1904 ipsius
1535 1851 1566 1890 e
1594 1852 1710 1889 san-

174 1915 348 1958 ctorum
370 1905 740 1959 confessorem
768 1908 1009 1973 catalogo
1030 1921 1257 1977 expungi
1287 1907 1510 1973 debeat,
1539 1909 1714 1975 gravis

175 1983 254 2040 est,
280 1977 609 2043 potissimum
636 1979 774 2029 inter
803 1981 1165 2041 recentiores,
1193 1981 1577 2031 controversia.
1607 1979 1713 2029 Ln-

174 2044 295 2098 ciferi
316 2049 656 2099 sanctitatem
685 2060 749 2099 ex
779 2047 1095 2101 Calaritanaa
1132 2048 1384 2100 Ecclesia:
1430 2048 1715 2100 traditione

174 2127 287 2168 etes
308 2114 542 2182 antiquis
566 2117 786 2187 aedibus
823 2117 988 2171 sacris
1034 2132 1154 2187 qua:
1192 2119 1292 2170 sub
1338 2120 1455 2183 ejus
1500 2133 1624 2170 nom
1650 2132 1716 2172 ne

176 2186 338 2248 paSs-im
371 2187 422 2239 in
446 2185 692 2239 Sardinia
724 2186 1022 2252 habentur,
1052 2185 1191 2241 tueri
1228 2196 1451 2241 conatur
1497 2192 1719 2241 Ambros

174 2254 259 2307 sius
278 2255 551 2309 Machinns
578 2256 817 2324 ejusdem
866 2257 1012 2310 urbis
1050 2257 1211 2311 archn
1235 2257 1482 2326 piscopus
1507 2300 1522 2324 ,
1562 2259 1715 2325 cujus

174 2326 457 2379 sententiain
489 2330 769 2393 amplexus
790 2337 871 2381 est
898 2328 1137 2381 eruditus
1149 2327 1229 2381 vir
1253 2328 1432 2380 Daniel
1452 2327 1718 2396 Papehro-

173 2396 295 2447 chius
317 2397 410 2450 die
428 2396 503 2450 ΞΟ
528 2398 646 2450 Maii
681 2398 1027 2460 Bollandiani,
1058 2398 1281 2466 quodie
1309 2398 1532 2451 Luciferi
1563 2398 1717 2451 Cala-

174 2466 298 2535 ritani
329 2483 527 2520 nomen
558 2470 610 2520 in
638 2482 808 2521 sat-ris
852 2468 1026 2521 FaSIis
1074 2468 1329 2534 scriptum
1380 2468 1594 2535 legitur.
1644 2467 1715 2522 At

174 2532 481 2606 Luciferum,
533 2553 691 2605 quem
725 2538 798 2591 uti
837 2546 1077 2592 sanctum
1110 2532 1293 2593 colunt
1345 2532 1530 2606 Sardi,
1576 2542 1716 2592 hunc

173 2605 311 2670 ipsum
340 2620 463 2660 esse
485 2608 787 2675 suspicatur
817 2608 1017 2662 Natalis
1047 2607 1346 2663 Alexander
1389 2610 1590 2662 saeculo
1630 2623 1713 2673 tv,

171 2683 251 2726 art.
278 2678 360 2741 15,
394 2692 555 2744 quem
595 2678 694 2731 sub
726 2678 1007 2732 Vandalica
1042 2679 1414 2745 persecutione
1443 2679 1509 2732 ab
1539 2678 1717 2731 Hune-

171 2747 259 2798 rica
285 2762 408 2816 rege
429 2748 763 2816 exagitatam
789 2750 875 2802 hic
896 2749 1088 2802 Notitia
1111 2748 1359 2802 Africana
1381 2761 1715 2802 commemo-

172 2824 250 2867 rat.
282 2816 474 2887 Verum
504 2833 624 2871 cum
650 2818 768 2872 haec
808 2819 990 2886 opinio
1020 2819 1168 2872 nulla
1208 2828 1406 2887 prieter
1442 2818 1718 2885 conjectu-

172 2898 260 2938 ram
280 2886 627 2942 fundamento
653 2888 878 2942 stabiliri
903 2892 1102 2956 possit,
1147 2886 1264 2942 eam
1301 2889 1452 2955 quasi
1501 2889 1713 2941 inanem

172 2957 316 3027 rejicit
337 2958 761 3024 Papebrochius,
798 2961 964 3011 multo
996 2961 1173 3027 plures
1199 2968 1253 3011 et
1291 2960 1564 3026 graviores
1593 2973 1715 3011 esse

171 3025 418 3096 affirmans
450 3044 545 3095 pro
584 3027 871 3082 asserenda
914 3025 1105 3096 prioris
1156 3025 1387 3082 Luciferi
1431 3028 1714 3082 sanctitate

172 3095 394 3161 rationes,
443 3112 602 3167 quam
643 3113 739 3166 pro
784 3095 1115 3153 admittendo
1159 3098 1314 3167 hujus

172 3164 277 3216 alias
300 3168 388 3220 vix
421 3174 557 3221 uoti.
598 3172 741 3221 cultu
779 3170 1012 3221 publico.
1042 3168 1306 3221 Caeterum
1338 3113 1388 3221 (ﬁ

172 3164 277 3236 alias
300 3168 388 3220 vix
421 3164 557 3235 miti,
598 3164 741 3221 cultu
779 3170 1012 3236 publico.
1042 3164 1306 3223 Caeterum
1338 3164 1406 3223 de
1438 3167 1716 3223 Calarensi

173 3235 296 3296 urbe,
324 3246 421 3290 aut
449 3239 591 3291 illius
620 3235 922 3306 episcOpis,
963 3241 1115 3308 plura
1154 3254 1224 3292 ex
1258 3240 1490 3307 antiquis
1526 3254 1718 3291 monu-

172 3309 332 3379 utentis
352 3323 649 3377 congerere
670 3325 775 3362 non
799 3318 970 3362 vaeat.
1003 3308 1191 3363 Adhuc
1210 3309 1409 3379 smculo
1432 3325 1571 3362 nono
1593 3308 1721 3363 Sar-

172 3374 374 3451 ιιιιιὶθειι]
408 3374 643 3433 Africani
675 3381 992 3451 pertinebat,
1017 3388 1073 3432 ut
1093 3395 1162 3432 ex
1186 3378 1379 3451 Notitia
1410 3379 1602 3433 Leonis
1624 3382 1722 3433 Sa-

174 3447 333 3518 pientis
360 3458 529 3516 patet,
553 3451 605 3502 in
632 3463 733 3518 qua
757 3449 962 3503 (Ialaris
988 3449 1295 3516 mell'Opolis
1320 3449 1459 3502 inter
1478 3452 1722 3502 civitates

172 3512 471 3587 llauritartias
518 3512 766 3572 secundae
810 3512 1177 3587 computatur,
1223 3519 1317 3572 sub
1361 3518 1722 3587 gloriosissimo

174 3584 331 3650 Africi:
360 3587 568 3655 Epaico
611 3584 1166 3644 constitutafGraecus
1203 3584 1379 3642 textus
1417 3590 1573 3641 habet
1613 3591 1719 3642 Χά-

173 3657 326 3723 ραλοςς
359 3659 500 3711 unde
545 3659 599 3712 in
640 3660 876 3714 editione
923 3659 1195 3727 Beveregii
1233 3659 1460 3712 vertitur
1485 3655 1719 3711 Caralus.

174 3726 395 3797 lfleritpie
428 3738 635 3783 veteres
666 3728 887 3782 Caralim
925 3726 1197 3797 scribunt,
1237 3729 1563 3794 AntonLnus,
1604 3728 1724 3781 Hir-

173 3795 273 3868 tius,
302 3796 519 3868 Tabula:
552 3798 850 3868 Peutingeri
868 3839 883 3864 ,
905 3809 1000 3852 etc.

226 3864 274 3917 3.
304 3866 381 3919 De
420 3868 568 3921 Fouo
612 3864 857 3922 Titos'stvt.
902 3869 1037 3922 Editi
1082 3868 1277 3924 habent
1323 3868 1386 3921 de
1414 3867 1555 3922 Foro
1594 3867 1725 3920 Tra-

177 3935 283 3992 iani.
353 3939 692 3991 Betinuintus
756 3948 933 3994 tamen
1002 3938 1204 3993 codicis
1258 3955 1360 3994 ms.
1418 3940 1722 3993 lectionem.

178 4008 401 4079 utramvis
432 4010 577 4061 enim
610 4012 736 4062 urbs
762 4012 857 4061 ista
902 4010 1081 4062 notior
1108 4010 1178 4063 sit
1203 4011 1304 4064 sub
1340 4007 1467 4062 Fari
1508 4008 1726 4079 Trujani

178 4077 381 4143 nomine,
418 4080 621 4145 aliquot
665 4087 840 4133 tamen
877 4079 1109 4141 codices,
1148 4087 1208 4133 ut
1247 4090 1428 4134 monet
1467 4077 1723 4144 Urtelins,

176 4146 362 4222 passim
387 4149 420 4201 h
440 4151 589 4222 ibent
636 4147 830 4222 Forum
865 4149 1099 4218 Trajani.
1140 4150 1288 4222 Hanc
1314 4150 1531 4222 urbem
1559 4164 1727 4222 muris

176 4217 314 4288 eiusit
340 4217 673 4288 {ustiriianus
701 4221 987 4287 Augustus,
1018 4228 1075 4272 ut
1118 4220 1280 4275 refert
1310 4219 1602 4288 Procopius
1631 4220 1724 4273 lib.

179 4297 215 4335 tt
240 4286 298 4335 de
327 4286 612 4341 Edtiiciis.

231 4353 278 4406 3.
296 4355 367 4409 Dr.
389 4358 663 4412 Saxum.
690 4357 839 4413 Hunc
860 4358 1031 4412 locum
1055 4359 1105 4412 itt
1124 4357 1317 4412 Notitia
1336 4358 1528 4414 Leonis
1560 4359 1729 4425 impe-

178 4426 343 4496 ratoris
361 4429 617 4483 editionis
645 4429 1015 4496 Βενκτθςὶιιηιιε
1034 4430 1316 4482 memorari
1338 4431 1703 4483 existimamus

1392 3099 1669 3169 osterioris
1695 3140 1709 3161 ,
1743 3104 1790 3169 α

1815 450 1985 515 νῆσος.
2004 443 2201 515 Eodem
2216 444 2374 515 modo
2389 441 2572 515 Grazce
2588 447 2690 498 scri
2702 486 2706 491 .
2718 448 2833 498 uitur
2848 464 2897 497 in
2914 448 3265 515 Beveregiuna
3281 450 3397 502 edi-

1819 512 1963 581 tione
1988 529 2002 565 :
2031 522 2085 564 at
2110 512 2297 566 Latine
2318 512 2533 581 Menyca
2555 514 2721 567 insula
2740 530 2833 581 pro
2856 515 2999 568 Mino
3020 512 3399 572 rica'vertitur.

1891 580 1942 635 5.
1973 581 2324 636 Succrrsuus.
2367 580 2665 636 Sulcitauos
2710 580 2969 639 memorat
3012 586 3214 640 Plinius
3251 589 3387 640 lihro

1818 667 1897 717 nt,
1931 667 2050 718 cap.
2099 655 2150 705 7.
2210 652 2533 719 Pomponius
2563 654 2693 706 Mela
2718 654 2849 707 libro
2880 670 2913 708 tt
2954 655 3021 709 de
3063 658 3181 710 Situ
3222 658 3391 720 orbis,

1817 737 1936 788 cap.
1961 724 1991 774 7
2012 722 2105 785 ait,
2141 721 2354 776 Urbium
2382 722 2747 790 antiquissimi:
2769 721 2966 776 Calaris
2992 737 3037 777 et
3066 726 3391 787 Sulcltt,etc.

1820 792 2001 845 Sulclii
2036 791 2165 846 item
2219 802 2545 846 memoratur
2590 793 2641 846 iit
2681 793 2874 847 Notiiia
2918 795 3111 848 Leonis
3145 796 3394 862 superius

1819 862 2052 927 laudata,
2086 876 2132 914 et
2160 862 2372 927 quidem
2405 863 2594 916 eodem
2623 864 2780 916 modo
2810 864 2861 916 in
2901 878 3122 930 utraque
3159 866 3393 919 editione

1816 932 2004 985 Latine
2034 944 2083 986 et
2105 933 2311 986 Craice.
2343 932 2516 987 δαισεὶ
2536 946 2796 985 memorat
2818 934 3119 987 Antoninus
3143 935 3193 987 in
3226 934 3392 988 ltine-

1822 1003 1983 1055 rario.
2036 1000 2182 1055 Sulci
2212 1002 2407 1056 dicitur
2439 1003 2491 1056 in
2523 1002 2738 1056 Tabulis
2768 1004 3211 1072 Pentingerianis.
3242 1002 3395 1057 Cele-

1819 1072 2003 1125 bratur
2034 1074 2226 1136 passim
2250 1074 2387 1139 apud
2418 1084 2683 1127 auctores.
2708 1073 2976 1127 Sulcitana
3000 1074 3154 1127 sedes
3183 1072 3394 1136 Villam,

1819 1146 1931 1196 sive
1968 1140 2156 1194 Vallim
2186 1141 2426 1196 Ecclesiie
2451 1145 2622 1210 primo
2669 1143 2922 1195 translata
2970 1144 3084 1206 fuit,
3118 1159 3218 1208 qua
3255 1153 3396 1211 post-

1821 1212 2034 1265 modum
2072 1214 2282 1279 penitus
2309 1214 2590 1275 exstincta,
2623 1211 2869 1267 ditecesis
2897 1212 3168 1267 Sulcitana
3195 1213 3395 1266 (Salari-

1820 1291 1958 1335 tatta:
1989 1281 2239 1335 Ecclesiae
2262 1282 2517 1351 adjnueta-
2540 1291 2641 1334 est.

1894 1352 1949 1405 6.
1982 1351 2060 1404 De
2086 1351 2149 1405 Tt
2170 1350 2378 1405 uulnus.
2412 1354 2491 1404 Ad
2516 1351 2726 1404 Turrem
2748 1351 2889 1406 inter
2917 1350 3179 1405 Sardinia:
3203 1350 3362 1419 oppid
3374 1366 3396 1405 :l

1818 1431 2079 1475 memorat
2110 1422 2417 1476 Antoninus
2454 1422 2505 1474 in
2537 1422 2840 1475 ltinerario.
2894 1420 3097 1474 Turrim
3132 1420 3397 1489 Libysom's

1820 1491 2022 1544 Plinius
2064 1492 2220 1545 habet
2266 1492 2404 1545 libro
2453 1507 2508 1545 ιιι
2532 1534 2546 1555 ,
2578 1507 2697 1557 cap.
2721 1494 2776 1557 7,
2807 1506 2925 1560 quae
2953 1492 3238 1546 Ptoletnaio
3266 1491 3397 1544 libro

1820 1575 1898 1623 tn,
1924 1576 2045 1629 cap.
2068 1563 2122 1626 5,
2154 1571 2236 1615 est
2260 1561 2439 1614 Turris
2472 1560 2734 1631 Byssom’s.
2768 1565 3082 1631 Anonymns
3118 1560 3399 1631 Iuventius

1820 1632 2017 1685 insulas
2039 1647 2157 1697 quae
2181 1631 2379 1686 Sicilia:
2400 1629 2588 1685 vicinas
2609 1642 2733 1685 sunt
2760 1633 2838 1685 sic
2869 1629 3115 1685 recenset
3157 1649 3168 1681 :
3214 1629 3400 1683 Turri-

1819 1702 1929 1766 bus,
1961 1701 2251 1763 Sibrorum,
2279 1698 2599 1765 Cuniculari,
2628 1699 2858 1762 Ficaria,
2883 1712 2988 1755 etc.
3032 1700 3277 1753 Turribus
3306 1702 3399 1753 lia-

1822 1773 1949 1825 bent
1978 1770 2194 1825 Tabulae
2223 1771 2640 1839 Petttingerianzc
2671 1773 2810 1824 inter
2825 1771 3053 1824 Caralim
3083 1782 3137 1824 et
3166 1770 3393 1824 Nubatn.

1818 1841 2135 1910 Complures
2157 1843 2226 1894 ibi
2257 1851 2520 1910 martyres
2547 1857 2643 1909 pro
2672 1842 2887 1894 Christo
2927 1855 3111 1907 passos
3139 1851 3399 1910 martyru-

1820 1909 1965 1977 logia
1988 1912 2196 1978 vulgata
2220 1909 2414 1979 passim
2446 1919 2889 1965 commemorant.
2916 1911 3065 1964 Hanc
3084 1926 3296 1978 quoque
3322 1909 3399 1963 ci-

1819 1982 2033 2035 vitatein
2080 1983 2218 2034 inter
2254 1981 2585 2035 Mauritania:
2624 1982 2874 2035 secundae
2928 1980 3088 2033 urbes
3127 1989 3402 2047 computat

1821 2051 2016 2105 Notitia
2048 2051 2241 2105 Leonis
2274 2052 2637 2119 imperatoris,
2665 2052 2714 2104 iti
2746 2061 2968 2119 utraque
2994 2049 3252 2104 editione.
3294 2051 3399 2103 Ar-

1819 2121 2199 2189 chiepiscopali
2239 2122 2576 2188 posunoilum
2618 2122 2876 2189 dignitate
2913 2129 3070 2174 aucta
3120 2120 3238 2186 fuit,
3282 2134 3402 2187 qua

1819 2195 2084 2246 Sassarim
2112 2191 2323 2245 tandem
2349 2194 2603 2246 translata
2631 2202 2734 2245 est.

1889 2262 1940 2314 7.
1976 2262 2050 2314 Dn
2080 2262 2365 2315 MAJORICA.
2394 2262 2564 2315 Insula
2618 2262 2695 2315 sic
2742 2260 2881 2314 dicti
2929 2260 3071 2329 quod
3118 2273 3149 2313 e
3195 2257 3403 2313 duabus

1820 2330 2129 2386 Balearibus
2154 2337 2218 2384 sit
2252 2332 2442 2400 major.
2476 2332 2671 2387 Africa:
2713 2331 2921 2400 Eparco
2965 2330 3141 2383 adhuc
3182 2329 3403 2400 parebat

1820 2408 2063 2469 tempore
2095 2402 2289 2455 Leonis
2313 2399 2592 2470 sapientis,
2635 2413 2691 2455 ut
2734 2416 2801 2455 ex
2836 2401 3033 2454 Notitia
3063 2399 3260 2466 stepins
3290 2401 3402 2452 Iau-

1817 2470 1939 2524 data
1975 2480 2140 2536 patet,
2167 2471 2257 2526 ubi
2283 2471 2425 2526 inter
2444 2471 2689 2527 civitates
2709 2486 2829 2538 quae
2853 2471 3185 2524 Mauritania:
3212 2484 3403 2522 ειιειιιι-

1816 2541 1899 2595 d.e
1930 2551 2055 2596 tunc
2074 2553 2229 2596 erant
2261 2543 2549 2607 attributae,
2583 2552 2890 2596 recensetur
2920 2539 3180 2607 Majorica
3230 2540 3402 2591 insula

1819 2611 1871 2663 in
1922 2611 2111 2681 Goaris
2154 2610 2412 2675 editione,
2464 2613 2551 2665 ubi
2613 2611 2797 2665 Graece
2844 2610 3068 2663 habetur
3115 2612 3404 2681 Μαιᾳύρηκα

1815 2689 1990 2741 νῆσος.
2032 2680 2251 2735 Cra-cus
2294 2692 2470 2735 autem
2521 2690 2696 2734 textus
2725 2681 3102 2748 Bereragiante
3147 2680 3400 2733 editionis

1817 2760 2016 2824 mutata
2059 2751 2229 2824 prima
2276 2752 2450 2824 littera
2501 2751 2659 2824 habet
2691 2754 2993 2824 _Nat0*3pnr.a
3036 2758 3298 2824 vﬁaog,_et
3330 2753 3402 2800 ibi

1819 2822 2049 2891 vertitur
2062 2818 2069 2819 7
2096 2818 2350 2891 Najurica
2387 2822 2585 2873 insula.
2616 2818 3063 2891 Baleares-autem
3089 2819 3277 2872 insula:
3309 2834 3403 2886 po.

1817 2898 1929 2944 stea
1956 2905 1985 2943 a
2012 2890 2205 2945 Mauris
2230 2890 2513 2958 Hispanias
2534 2890 2937 2944 det-astantibus
2959 2902 3230 2956 occupatae
3252 2897 3396 2950 sunt,

1818 2961 1907 3028 qui
1933 2960 1999 3014 ibi
2036 2975 2257 3026 regnum
2289 2976 2353 3014 ex
2388 2962 2501 3014 istis
2525 2961 2732 3014 duabus
2761 2961 2971 3021 insulis,
2998 2973 3051 3013 et
3080 2960 3295 3012 Ettbnso
3322 2960 3403 3010 in-

1818 3031 2125 3093 stituerunt,
2155 3031 2295 3099 quod
2326 3046 2494 3099 usque
2532 3031 2597 3084 ad
2652 3031 2833 3084 sasculi
2871 3030 3064 3083 decimi
3112 3030 3252 3082 tertii
3292 3044 3405 3081 me-

1823 3101 1968 3153 dium
2000 3103 2383 3170 perseveravit.
2424 3101 2571 3170 Unde
2613 3101 2882 3167 Majoricae
2917 3100 3063 3166 regni
3086 3113 3278 3152 nomen
3308 3113 3404 3152 na-

1825 3180 1934 3223 tum
1963 3183 2065 3224 est.
2092 3170 2195 3225 Sed
2219 3186 2360 3224 anno
2387 3169 2523 3224 1252
2546 3171 2776 3224 Jacobu.
2805 3170 3115 3238 Arragoniaa
3140 3183 3255 3230 rex,
3286 3170 3403 3238 pul-

1822 3242 1897 3294 sis
1928 3240 2050 3294 inde
2082 3240 2295 3305 Mauris,
2325 3242 2540 3295 easdem
2582 3240 2787 3293 insulas
2836 3255 3001 3307 regno
3043 3253 3141 3292 suo
3188 3237 3402 3306 adjecit.

1826 3310 1893 3364 Et
1915 3321 2039 3364 tunc
2064 3311 2202 3378 apud
2226 3311 2531 3379 Majoricatn
2556 3311 2876 3379 episcopalis
2905 3309 3064 3362 sedes
3092 3308 3255 3361 simul
3274 3323 3401 3379 cum

1824 3377 2121 3434 Christiana
2155 3377 2411 3448 religione
2437 3377 2680 3434 restituta
2710 3377 2828 3444 fuit,
2851 3381 3002 3446 cujus
3031 3379 3257 3432 antistes
3270 3377 3405 3432 Tar~

1826 3455 2105 3504 raconensi
2140 3451 2553 3518 metropolitano
2582 3451 2810 3517 primum
2839 3449 3129 3515 subjectus,
3164 3455 3406 3516 postmo-

1824 3519 1948 3572 dum
1968 3520 2205 3573 Valentia
2228 3522 2293 3573 ad
2320 3521 2632 3587 dignitatem
2655 3518 3166 3586 archiepiscopalem
3191 3527 3400 3581 evecta,

1827 3590 1967 3643 inter
1997 3590 2259 3642 Valentini
2290 3589 2685 3658 metropolitani
2716 3587 3079 3658 suffraganeos
3127 3595 3407 3655 computa-

1828 3668 1911 3712 lus
1939 3669 2041 3714 est.

1898 3728 1951 3783 8.
1986 3726 2061 3783 De
2093 3728 2287 3783 Evuso.
2350 3728 2584 3782 Ebusum
2612 3727 2783 3781 insula
2808 3726 3177 3781 Mediterranei
3208 3725 3403 3789 maris;

1827 3812 1933 3852 una
1962 3809 2041 3853 est
2072 3815 2141 3852 ex
2174 3798 2381 3851 duabus
2424 3797 2677 3867 Pytinsis,
2716 3812 2879 3865 prope
2925 3798 3227 3865 Majoricant
3278 3796 3402 3867 sita,

1827 3883 1983 3936 quam
2019 3869 2233 3937 Hispani
2262 3866 2543 3922 vernacula
2570 3870 2743 3937 lingua
2772 3867 2913 3920 loica
2948 3868 3234 3937 appellant.
3277 3866 3408 3919 Pro-

1827 3940 2013 4006 copius
2045 3936 2180 3993 libro
2208 3954 2224 3991 l
2252 3939 2318 3991 de
2343 3938 2488 3993 Bello
2517 3936 2807 3992 Vzinilalico
2836 3938 3054 3998 scribit,
3101 3936 3310 3989 lutei-no
3350 3937 3405 3988 in

1830 4009 1959 4061 mari
1994 4009 2213 4063 bbusam
2243 4008 2433 4073 videri,
2470 4010 2621 4062 velati
2669 4012 2723 4061 in
2751 4011 2859 4075 ejus
2906 4008 3171 4069 uestibulo,
3216 4014 3406 4071 septem

1830 4078 1982 4147 probe
2023 4078 2221 4132 dierum
2264 4078 2504 4146 naviyatu
2530 4080 2591 4130 ab
2623 4076 2813 4130 Oceani
2842 4079 3050 4145 illapsu,
3069 4076 3219 4143 juxta
3246 4090 3404 4142 quant

1831 4147 2140 4220 Majoricam
2166 4159 2219 4220 et
2248 4148 2736 4220 Minoricamfuisse
2760 4148 2911 4220 dicit.
2956 4147 3119 4198 Libro
3156 4155 3332 4220 autem
3367 4158 3406 4220 tt

1831 4215 1940 4272 tres
1966 4223 2181 4272 easdem
2210 4218 2410 4274 insulas
2438 4220 2502 4270 ab
2536 4218 2725 4269 Oceani
2753 4216 2985 4285 faucibus
3024 4231 3124 4266 non
3169 4218 3262 4285 ita,
3282 4215 3408 4285 ntul-

1831 4296 1936 4341 lum
1968 4288 2225 4343 distitisse
2267 4288 2448 4342 tefert.
2485 4286 2683 4340 Ebusos
2724 4282 2778 4340 in
2810 4286 3089 4340 ltinerario
3134 4282 3405 4336 maritimo

1833 4360 2133 4413 Antoninus
2156 4368 2562 4412 commemorat.
2622 4357 2694 4411 De
2734 4356 2921 4412 eadem
2970 4354 3141 4409 insula
3172 4352 3406 4422 loquitur

1834 4441 2016 4483 noster
2047 4430 2224 4483 Victor
2252 4429 2386 4482 libro
2414 4444 2451 4492 ι,
2485 4444 2628 4481 nunt.
2662 4427 2713 4481 5.
2772 4427 3050 4495 Singulare
3098 4433 3275 4495 autem
3317 4431 3402 4495 est

180 4494 264 4569 ltiti
280 4497 413 4551 inter
425 4498 557 4552 alias
570 4501 812 4552 civutaies
832 4473 1153 4552 aiauritauim
1170 4500 1441 4565 secundat,
1461 4516 1578 4569 quae
1597 4473 1727 4555 Sari
1757 4474 1808 4533 D
1837 4497 1990 4567 hujus
2023 4499 2209 4553 insulae
2243 4473 2597 4567 privilvgium,
2623 4505 2686 4569 ut
2708 4512 2812 4549 uno
2831 4473 3138 4569 oi‘eomttcs
3166 4492 3407 4546 historici

180 4561 350 4638 diutam
367 4569 674 4634 vicinasque
691 4570 888 4623 insulas
899 4569 1289 4638 complectitur,
1311 4561 1616 4625 recensetur
1628 4570 1728 4624 Sa.

181 4634 352 4700 napltas
381 4654 528 4691 num.
562 4640 645 4704 {0,
678 4640 859 4708 sicque
896 4634 1088 4694 dicitur
1115 4634 1280 4694 etiam
1305 4638 1509 4696 Graece.
1539 4641 1729 4697 Goaris

184 4709 526 4787 IIII-tenneditio
555 4710 715 4764 habet
739 4708 973 4787 Sit/fora,
996 4712 1485 4787 GrreceAzgupéppa.

237 4772 286 4852 τι.
317 4775 720 4852 ῡε--Μιιιιιιιιομ
758 4772 870 4852 lina
897 4772 1068 4835 estex
1116 4772 1605 4852 189'Ba'léaribus
1646 4780 1730 4834 in-

181 4842 319 4924 suts,
344 4860 375 4924 ς.
400 4847 647 4924 Majorica
677 4850 862 4924 stadiis
905 4853 1011 4907 eoo
1036 4842 1331 4924 ςιίεῗῶἴειῖυι
1354 4851 1522 4924 habet
1564 4852 1731 4924 ᾼηω·

182 4914 272 4988 uini
291 4914 630 4988 itinerarium
664 4921 1009 4975 maritimum.
1041 4922 1308 4976 Habemus
1341 4922 1524 4977 Severi
1570 4920 1730 4987 hujus

181 4986 349 5064 "bula:
382 4989 613 5064 episc0pi
656 4992 937 5064 epistolam
973 4991 1042 5047 de
1082 4992 1350 5064 miraculis
1384 4992 1561 5064 sancti
1605 4986 1730 5046 Ste-

182 5052 350 5135 phani,
371 5052 492 5135 qua:
520 5052 661 5135 edita
690 5052 852 5135 estin
870 5063 1207 5135 _appendice_
1225 5060 1467 5135 totni_\ll_l
1507 5076 1729 5130 operum

180 5130 634 5201 sancti_Augustiiii
662 5131 913 5185 editionis
930 5130 1320 5186 'Bencdictinze.
1345 5133 1419 5186 Ex
1446 5132 1543 5185 hac
1570 5147 1731 5200 porro

178 5196 383 5269 epistola
408 5196 659 5254 discimus
685 5202 792 5255 duo
818 5202 872 5254 in
900 5217 962 5255 ea
993 5204 1161 5255 instila
1188 5204 1382 5270 Oppida
1412 5196 1591 5267 fuisse,
1614 5217 1731 5270 qua:

179 5275 373 5340 unicum
422 5270 753 5324 soluunnodo
783 5274 1048 5325 habebant
1076 5271 1406 5340 episcopum.
1443 5273 1584 5326 Inter
1619 5287 1731 5340 epi-

176 5335 400 5410 Scopales
423 5341 576 5394 sedes
606 5356 723 5409 quae
751 5342 851 5395 sub
880 5335 1206 5396 Mauritania:
1239 5335 1488 5395 secunda:
1518 5335 1728 5410 provin-

174 5417 243 5452 cia
286 5408 541 5465 habentur
572 5408 845 5466 in’Notttia
889 5413 1081 5467 Leonis
1125 5414 1462 5482 imperatoris
1501 5408 1530 5464 ιι
1560 5410 1731 5467 Goare

1837 4566 2147 4638 prtedicant,
2175 4569 2316 4637 quod
2348 4568 2402 4621 itt
2429 4566 2489 4621 ea
2522 4567 2726 4620 nullum
2757 4566 2953 4638 animal
2986 4568 3149 4635 190
3171 4577 3405 4638 venena-

1834 4634 1944 4693 tum
1966 4652 2055 4692 aut
2083 4634 2226 4708 gigni
2256 4639 2442 4704 possit,
2471 4647 2563 4689 aut
2590 4637 2803 4689 aliunde
2824 4634 3044 4708 allatum
3066 4634 3312 4688 enutriti.

1911 4710 1963 4763 9.
1992 4710 2067 4762 ΕΤ
2088 4705 2176 4763 ’διὸ
2208 4723 2432 4762 ειυιιτ...
2464 4720 2679 4761 nunt-no
2706 4707 2833 4761 466.
2861 4705 2978 4760 Non
3006 4715 3180 4758 tamen
3209 4717 3409 4757 inemo-

1834 4794 2021 4834 rantur
2051 4781 2328 4848 plusquam
2366 4778 2503 4842 461,
2551 4778 2651 4848 nisi
2691 4776 2953 4848 addantur
2988 4775 3094 4828 duo
3124 4774 3413 4848 Numida,

1836 4860 1892 4903 ut
1920 4844 2150 4904 diximus
2188 4844 2346 4917 supra
2379 4862 2495 4916 pag.
2530 4846 2622 4901 Ml
2673 4846 2808 4912 (Col.
2843 4847 2975 4911 5M,
3003 4858 3143 4917 nunt.
3177 4844 3411 4917 124),_et

1834 4920 2038 4989 aliquot
2075 4912 2355 4990 Byzacéni,
2379 4912 2625 4990 'quorum
2655 4917 2910 4990 [ortassis
2950 4916 3161 4990 nomine
3193 4912 3408 4990 excide-

1835 4982 1978 5043 τυιῐι.
2019 4982 2151 5045 Vide
2191 5005 2278 5058 pp.
2320 4982 2505 5043 ltt'et
2547 4989 2613 5042 δι
2643 4986 2832 5058 (Nobis
2869 4984 3140 5058 catasta
3170 4992 3218 5036 et
3255 4982 3416 5049 271).

1834 5061 2163 5115 Cteterorum
2194 5055 2347 5115 't'ero
2400 5055 2743 5112 numerorum
2795 5057 2973 5124 quivis
3012 5055 3166 5109 facile
3225 5068 3414 5124 emenf

1835 5131 1983 5185 dabit
2016 5139 2214 5196 errata,
2261 5144 2379 5198 quae
2415 5129 2499 5183 vel
2535 5143 2605 5183 ex
2645 5122 2983 5198 librariorum
3035 5124 3275 5198 incuria,
3324 5122 3420 5176 vel

1882 5200 1981 5254 alia
2011 5196 2292 5257 occasione
2324 5201 2674 5269 irrepserunt.
2707 5197 3001 5261 Caeterum,
3047 5208 3104 5250 ut
3135 5196 3243 5264 jam
3292 5210 3415 5269 tuo-

1836 5273 2080 5335 nuintus,
2108 5271 2308 5326 codicis
2339 5262 2709 5323 Laddunensis
2750 5269 3005 5322 lectiones
3039 5262 3288 5321 accurate
3317 5262 3423 5315 de—

1835 5342 2174 5409 scripsimus;
2205 5355 2323 5410 qua:
2364 5356 2490 5396 vero
2540 5340 2859 5395 Sirntondus
2902 5337 3222 5399 emendavit,
3266 5340 3418 5385 retu-

1837 5413 1994 5466 limus
2023 5412 2161 5466 inter
2189 5412 2425 5466 ansulas.
