3910 6172
177 276 270 332 573

519 266 848 324 RUINARTI
891 272 956 328 IN
995 271 1366 330 HISTORIA“
1407 265 1687 324 PERSEC.
1729 262 2030 319 VANDAL.
2068 261 2605 320 COMMENTARIUS
2645 262 3075 320 ﬂlSTORlCllS.
3307 260 3412 313 ’574

177 383 492 456 ιοριιαιξσνεξ
522 381 856 456 sibifaceret,
887 381 938 456 in
964 381 1209 434 Arianam
1231 381 1498 456 perfidiam
1519 383 1737 434 transire
1771 385 1813 440 Α
1846 378 2336 456 instructissimum,
2368 378 2644 456 catholicis
2665 378 3114 456 contra_Arianos
3145 379 3409 448 proponit.

179 450 415 524 pracepit.
450 451 557 506 Sed
585 451 665 504 illi
687 450 1003 524 hocfacinua
1039 451 1443 524 coristantissime
1485 467 1734 524 respuen-

179 520 256 584 tes.
292 520 502 578 excitato
528 524 578 573 in
631 520 1004 573 rabidissimam
1046 520 1179 573 iram
1221 523 1458 584 barbaro,
1513 522 1733 587 primum

179 592 462 664 proscripti,
503 592 690 664 deinde
713 592 768 664 in
795 590 1032 664 exsilium
1079 591 1200 652 acti,
1248 599 1355 664 tum
1403 589 1732 664 atrocissimis

177 659 421 728 suppliciis
461 661 764 726 ea'crttcinti,
795 659 863 712 ad
903 668 1210 724 postremum
1249 661 1460 713 diversis
1493 661 1735 714 mortibus

178 731 438 800 interempti
490 730 686 784 illustri
722 731 968 800 martyrio
1021 729 1322 783 mirabiliter
1368 731 1732 784 occubuerunt.

179 804 259 860 His
278 798 542 869 subjungit
566 801 706 854 idem
739 809 924 854 auctor
945 798 1149 852 Paulilli
1179 801 1323 866 pueri
1347 800 1594 855 catholici
1617 815 1735 854 cer-

181 885 358 933 tamen,
381 872 468 940 qui
491 871 682 924 maluit
705 869 968 940 exraulico
993 869 1255 940 ditissimo
1281 870 1384 923 vile
1407 885 1503 940 pro
1533 869 1734 924 Christi

185 941 375 997 nomine
400 939 726 1008 mancipium
756 939 890 1003 fieri,
923 954 1078 1005 quam
1111 939 1470 1008 ejurareitidei
1503 940 1732 994 catholi-

182 1029 246 1068 ca:
271 1007 671 1082 professionem.
731 1009 1083 1082 Pueriauten‘i,
1111 1009 1303 1082 inquit,
1330 1007 1589 1082 Paulillus
1643 1027 1737 1082 no-

183 1078 316 1146 mine,
367 1085 525 1148 frater
577 1080 892 1150 Eutycltiani
928 1089 974 1132 et
1019 1078 1312 1142 Paschasii,
1369 1095 1461 1145 pro
1482 1079 1733 1150 elegantia

185 1155 340 1220 {omne
365 1162 510 1219 atque
558 1151 747 1220 ingenii
794 1150 1069 1220 admodum
1119 1150 1224 1220 regi
1263 1159 1497 1220 acceptus
1523 1190 1536 1214 ,
1561 1165 1678 1220 cum
1701 1165 1734 1202 a

185 1219 471 1288 professione
491 1219 644 1287 atque
665 1237 838 1273 amore
867 1219 1131 1272 catholica:
1152 1219 1273 1286 ﬁdei
1299 1219 1454 1270 nullis
1479 1220 1627 1271 minis
1649 1219 1735 1271 de-

187 1293 357 1344 turbari
377 1302 558 1356 posset,
577 1291 794 1358 fustibus
817 1290 902 1344 diu
915 1305 1095 1350 cturus,
1111 1299 1156 1343 et
1180 1289 1248 1344 ad
1273 1289 1498 1354 inﬁmam
1519 1291 1733 1342 serritu-

185 1371 268 1414 tem
292 1362 553 1413 damnatus
575 1369 651 1414 est
671 1377 688 1412 :
712 1361 846 1421 ideo,
875 1367 928 1410 ut
957 1367 1188 1428 apparet,
1213 1375 1315 1410 non
1345 1362 1656 1427 interfectus,
1675 1374 1735 1413 ne

187 1433 239 1484 de
251 1441 470 1498 superata
482 1432 679 1499 mitia
693 1431 836 1497 impii
853 1431 984 1498 regis
1005 1431 1154 1481 etiam
1166 1437 1288 1483 tetas
1307 1430 1394 1480 illa
1408 1429 1730 1497 gloriaretur.

245 1499 292 1554 6.
313 1499 502 1554 Horum
527 1510 836 1554 sanctorum
870 1501 1180 1553 memoriam
1203 1499 1475 1552 celebrant
1495 1507 1734 1552 veterum

185 1569 324 1624 simul
351 1580 403 1623 et
421 1572 780 1624 recentiorum
812 1569 1308 1637 martyrologiorum
1331 1570 1639 1634 scriptores,
1667 1583 1734 1621 ex

185 1642 362 1707 quibus
391 1640 505 1692 Ado
537 1639 712 1694 locum
763 1638 1010 1705 Prospcri
1050 1638 1308 1704 integrum
1355 1638 1735 1707 martyrologio

185 1725 274 1763 suo
300 1709 514 1764 inseruit
541 1709 608 1762 ad
638 1711 778 1764 diem
821 1709 889 1762 15
922 1708 1259 1774 Novembris,
1282 1709 1423 1776 quod
1471 1719 1524 1762 ct
1550 1719 1731 1775 postea

187 1779 232 1832 in
287 1779 518 1834 Romano
562 1795 775 1848 quoque
828 1779 1203 1847 Martyrologio
1265 1779 1458 1830 factum
1510 1790 1614 1832 est.
1665 1780 1734 1831 At

190 1850 436 1903 L’suardus
463 1847 637 1904 solum
660 1847 722 1904 ea
753 1848 936 1902 retulit
955 1864 1072 1916 qua:
1090 1847 1154 1901 ad
1173 1859 1401 1917 quatuor
1429 1849 1635 1916 priores
1653 1857 1736 1900 at-

188 1922 374 1984 tinent,
403 1919 533 1972 nihil
579 1921 645 1974 de
687 1920 908 1973 l‘aulillo
956 1932 1416 1984 commemorans,
1449 1923 1589 1971 sicut
1636 1932 1734 1973 nec

186 1987 376 2054 Florus,
407 1993 457 2043 in
499 1994 653 2056 cujus
693 1989 1075 2058 martyrologio
1120 1987 1276 2058 iidem
1322 1988 1489 2041 sancti
1535 1987 1734 2048 pariter

184 2069 530 2121 recensentur,
562 2061 655 2113 sed
687 2060 772 2112 die
811 2057 1156 2122 praecedenti.
1195 2057 1269 2110 lbi
1301 2058 1484 2122 etiam,
1517 2059 1654 2112 sicut
1677 2069 1735 2114 et

186 2130 228 2182 in
271 2131 537 2184 Canisiana
583 2128 834 2196 Prositeri
881 2126 1131 2181 Chronici
1179 2127 1434 2188 editione,
1465 2129 1552 2196 qui
1596 2130 1733 2184 inter

186 2202 314 2266 ipsos
340 2211 559 2268 quartus
581 2201 682 2253 sub
710 2199 924 2252 nomine
952 2197 1261 2267 Eutychiani
1292 2209 1615 2262 reccnsetur,
1641 2213 1734 2265 ap-

185 2271 392 2336 pellatur
416 2270 714 2339 Eutyrhius.
750 2269 1069 2322 Eorumdetu
1098 2268 1292 2339 Chrisu
1329 2277 1616 2339 martyrum
1639 2269 1734 2339 ile-

183 2339 449 2393 stivitatem
471 2381 486 2405 ,
517 2337 687 2394 'veluti
715 2353 932 2394 suorum
979 2337 1300 2402 concivium,
1334 2337 1606 2390 celebrant
1636 2338 1730 2392 lli-

184 2413 367 2476 spanim
395 2412 710 2478 scriptores.
747 2410 810 2462 Et
842 2408 1031 2462 merito
1061 2408 1298 2474 quidem.
1329 2407 1434 2460 Eos
1462 2409 1602 2460 enim
1636 2409 1730 2462 lli-

186 2495 364 2543 spauos
413 2482 596 2546 fuiss»,
646 2480 726 2535 vel
782 2495 848 2532 ex
898 2478 1143 2546 Prosperi
1200 2478 1324 2546 loco
1366 2493 1523 2546 quem
1573 2493 1730 2546 supra

183 2548 548 2617 descripsimus
570 2559 796 2604 constat.
830 2549 982 2603 Plura
1017 2545 1124 2616 pra:
1151 2545 1360 2601 cmteris
1387 2545 1547 2602 habet
1576 2545 1646 2602 de,
1668 2548 1732 2603 iis

183 2615 431 2700 Tamayiis
449 2622 665 2700 sa'aaar
701 2617 1155 2700 it_t_niartyru_l~gio
1181 2617 1484 2698 Hispanico,
1519 2618 1731 2700 ulrion-

185 2705 284 2742 rum
307 2687 420 2744 acta
451 2690 517 2743 ad
550 2693 690 2744 diem
719 2690 784 2743 15
809 2687 1122 2743 Novembtis
1149 2703 1215 2741 ex
1241 2688 1400 2741 variis
1427 2687 1733 2742 auctoribus

183 2763 575 2814 consarciuavit.
607 2761 744 2828 Quin
771 2767 826 2812 et
862 2760 927 2813 ibi
975 2756 1300 2828 epitaphium
1327 2773 1512 2811 eorum
1557 2760 1731 2824 sepul-

183 2844 281 2893 cro,
314 2831 388 2884 uti
427 2827 643 2898 refert,’
668 2831 980 2895 inscriptum
1013 2827 1232 2892 laudat,
1263 2828 1313 2881 in
1342 2842 1448 2896 quo
1474 2828 1732 2882 Arcadius

185 2900 361 2964 Toleti,
383 2901 565 2955 caeteri
594 2901 929 2956 Salmantica:
953 2898 1058 2952 nati
1080 2899 1349 2961 dicuntur,
1374 2909 1734 2966 vocanturque

184 2980 455 3040 martyrum
483 2972 779 3025 Vandalica:
799 2970 1182 3038 persecutionis
1198 2967 1251 3040 in
1275 2967 1451 3021 Africa
1473 2969 1728 3035 primitiat.

186 3039 501 3094 Postremum
533 3043 672 3095 hunc
720 3042 926 3094 titulum
971 3041 1049 3094 eis
1075 3053 1193 3093 esse
1222 3039 1477 3101 debitum,
1511 3054 1573 3090 ex
1618 3040 1732 3105 epi-

1843 460 1898 501 ut
1931 449 2127 502 exinde
2149 451 2276 514 quid
2314 450 2681 502 haereticorum
2723 451 3149 503 cavillationibus
3195 460 3412 513 respon-

1841 519 2024 582 deant,
2051 519 2262 574 haurire
2285 519 2509 584 possint,
2539 533 2657 571 cum
2677 519 2743 571 ab
2771 520 2833 575 iis
2870 515 3412 587 impeteren'ur.Iino

1841 588 2155 643 Varimadus
2191 589 2446 642 diaconus
2498 588 2758 648 Arianus.
2803 585 3059 643 adversus
3089 603 3244 656 quem
3278 585 3411 638 liber

1840 658 1940 713 iste
1962 661 2192 728 scriptus
2219 669 2320 726 cst,
2352 676 2456 712 non
2487 660 2622 712 alius
2651 658 2858 712 videtur
2883 676 3024 725 esse,
3057 663 3129 713 uti
3166 656 3406 725 su-pica-

1841 740 1925 782 tur
1957 727 2271 784 Sirmondus
2315 731 2365 782 in
2413 728 2728 797 pra-latione
2773 729 2838 782 ad
2881 731 3134 789 apuscula
3175 727 3410 797 quinque

1841 799 2137 868 dogmatica
2169 795 2427 866 superius
2447 798 2680 860 laudata,
2712 816 2868 868 quam
2903 798 3198 852 .‘vlai-ivadus
3224 795 3407 850 diaco-

1841 885 1962 933 nus,
1992 885 2172 934 quem,
2203 879 2335 922 teste
2356 871 2585 937 ipsumet
2609 868 2818 922 Vicrore
2846 868 3042 922 \‘itensi
3075 869 3164 922 lib.
3187 883 3224 934 t,
3255 881 3403 919 num.

1842 939 1928 1003 16,
1977 939 2148 994 adhuc
2198 941 2405 993 vivente
2435 940 2725 994 Genserico
2759 939 3054 993 llunericus
3083 937 3410 1001 singulariter

1839 1010 2139 1062 honorabat.
2168 1009 2332 1062 Porro
2362 1011 2598 1072 eiusdem
2630 1011 2807 1074 operis
2836 1020 3105 1061 auctorem
3147 1007 3270 1061 facit
3309 1004 3409 1058 Pe-

1839 1088 1948 1133 trus
1980 1079 2292 1133 Franciscus
2323 1079 2622 1133 Chiillctius
2664 1078 2908 1145 Vigilium
2941 1080 3266 1146 Tapsensem
3297 1076 3410 1142 epi-

1837 1163 2088 1216 scopum,
2120 1150 2170 1203 in
2213 1151 2468 1217 Opusculo
2495 1151 2528 1202 9.
2570 1149 2636 1204 de
2670 1149 2926 1204 Viudiciis
2969 1149 3124 1213 hujus
3171 1146 3404 1202 Africani

1839 1219 2074 1284 epismpi
2123 1218 2618 1284 elucubratiunum,
2647 1220 2787 1287 quod
2841 1221 3000 1272 etiam
3047 1219 3146 1272 hoc
3191 1219 3408 1272 nomine

1837 1288 2003 1342 edidit
2025 1291 2075 1341 in
2105 1289 2268 1343 libros
2294 1298 2400 1342 tres
2429 1289 2791 1343 distributum.
2820 1289 2921 1343 Sed
2957 1290 3408 1358 refraganturcm

1837 1358 1985 1412 dices
2027 1375 2176 1425 m~s.,
2206 1361 2316 1428 qui,
2364 1361 2584 1428 ipSnmet
2619 1370 2900 1414 attestan'e
2926 1356 3218 1424 Cltifﬂetio,
3263 1356 3405 1410 idem

1838 1442 1971 1491 opus
2004 1428 2169 1481 ldatin
2216 1431 2469 1497 episcopo
2514 1430 2770 1485 tribuunt.
2821 1429 3065 1484 Chil‘lletii
3098 1429 3405 1496 opinionem

1839 1498 2111 1568 impugnat
2158 1500 2222 1554 γ.
2261 1501 2320 1553 C.
2354 1501 2551 1566 Josepli
2595 1501 2892 1554 Allit'llllllls
2931 1501 2981 1554 in
3032 1499 3405 1554 dissertatimie

1837 1584 2198 1640 quaminupcr
2231 1571 2392 1623 edidit
2423 1570 2488 1625 dc
2513 1571 2739 1640 symboli
2769 1570 3117 1624 Athanasiani
3156 1579 3401 1640 auctore,

1837 1648 1968 1691 sect.
1994 1639 2046 1692 2.
2081 1639 2273 1693 Verum
2301 1642 2398 1693 etsi
2434 1639 2741 1707 persitasum
2773 1642 2925 1694 nobis
2948 1641 3015 1695 sit
3043 1640 3262 1694 idalium
3294 1639 3404 1704 epi-

1839 1721 2054 1781 scopum
2081 1710 2238 1777 hujus
2260 1713 2437 1777 operis
2463 1721 2756 1774 aut-torem,
2789 1726 3117 1781 nequaquam
3147 1724 3266 1781 esse
3287 1709 3403 1781 ldaf

1840 1778 1966 1849 tium
1995 1777 2226 1833 Clarium
2257 1782 2565 1849 episcopum
2615 1777 2940 1848 Hispanum,
2980 1777 3077 1848 qui
3117 1779 3403 1835 Theodosii

1836 1848 2008 1916 Magni
2042 1850 2364 1914 temporibus
2385 1848 2452 1904 ob
2478 1862 2780 1904 accusatum
2809 1851 3194 1906 Priscillianum
3226 1849 3402 1905 luere-

1837 1921 1997 1971 ticuni
2040 1920 2266 1974 celebris
2295 1919 2409 1985 fuit,
2443 1930 2497 1972 ut
2529 1921 2766 1989 plerique
2796 1937 2858 1974 ex
2893 1921 3274 1975 recentioribus
3301 1936 3400 1974 no-

1836 1994 2038 2058 minum
2065 1990 2408 2044 similitudine
2429 1990 2634 2058 decepti
2658 1991 2898 2046 arbitrati
2921 1999 3075 2055 sunt;
3103 2007 3205 2044 non
3227 1999 3245 2044 t
3264 2005 3402 2044 :men

1836 2057 2062 2112 inliciari
2105 2075 2385 2124 possumus
2430 2057 2604 2128 ipsum
2635 2062 2786 2115 alteri
2821 2061 3008 2127 ldatio,
3040 2062 3266 2115 Lcmicaa
3293 2063 3400 2114 sci-

1837 2128 1958 2182 licet
1983 2129 2039 2200 in
2069 2128 2314 2184 Callaecia
2347 2133 2616 2199 episcopo,
2647 2131 2840 2186 ascribi
2866 2147 3042 2200 posse,
3076 2147 3231 2198 quem
3262 2130 3403 2186 Geti-

1833 2199 1994 2252 serici
2041 2202 2367 2268 ten-poribus
2421 2201 2664 2256 ﬂoruisse
2707 2199 2948 2265 constat,
3006 2218 3125 2256 cum
3184 2200 3403 2254 Vandali

1835 2269 2090 2339 llispania
2114 2272 2294 2324 relicta
2317 2272 2368 2324 in
2393 2272 2625 2325 Africam
2658 2274 3089 2326 lransfretarunt.
3109 2272 3171 2325 Et
3189 2271 3402 2339 quidem

1835 2337 2068 2414 ipsemet
2113 2341 2166 2414 in
2195 2341 2482 2414 Chronico,
2530 2345 2665 2400 quod
2698 2343 2763 2396 ad
2799 2343 3012 2414 tertium
3048 2337 3216 2414 usque
3244 2341 3403 2414 214.

1836 2409 2174 2476 imperatoris
2201 2412 2470 2465 Anthemii
2495 2427 2688 2465 annum
2720 2413 2986 2481 perduxit,
3019 2428 3078 2466 se
3123 2409 3289 2466 rebus
3307 2409 3399 2480 ξεῖ

1834 2481 1930 2558 stis
1962 2496 2078 2558 quze
2125 2492 2302 2534 narrat
2329 2493 2648 2552 praesentem
2681 2491 2737 2538 ut
2776 2483 3058 2554 plurimum
3085 2482 3247 2538 fuisse
3273 2498 3401 2550 pas-

1833 2557 1932 2602 sim
1961 2557 2204 2604 testatur.

1904 2620 1958 2674 8.
1982 2619 2148 2690 Paulo
2181 2629 2299 2687 post
2336 2620 2476 2675 istud
2511 2630 2739 2690 tempus,
2770 2637 2889 2674 curn
2946 2622 3148 2676 scilicet
3177 2619 3396 2674 Cartha-

1792 2751 1798 2756 _
1833 2689 2008 2758 ginem
2028 2689 2134 2755 jam
2151 2690 2473 2744 Censericus
2493 2689 2793 2749 iuvasiSSet.
2811 2690 3043 2746 Cerealis
3059 2693 3129 2743 Ca
3164 2691 3401 2746 tellensis

1834 2760 2116 2831 episcopus
2139 2759 2330 2812 librum
2359 2761 2616 2816 advetsus
2640 2761 2980 2831 Maximinum
3015 2761 3223 2814 Arianae
3239 2772 3400 2831 secta:

1835 2829 2141 2897 episcopum
2171 2831 2509 2900 conscripsit,
2541 2831 2630 2900 qui
2659 2841 2834 2886 esstat
2865 2831 2916 2883 in
2951 2829 3272 2900 Bibliotheca
3304 2830 3400 2884 Pa-

1836 2910 1996 2962 trum,
2025 2900 2416 2967 laudaturquea
2449 2899 2722 2958 Gennadio
2747 2916 2864 2969 cap.
2885 2901 2970 2955 66.
2999 2901 3137 2954 Idem
3165 2899 3399 2956 Cerealis

1835 2969 1887 3024 in
1918 2970 2112 3023 Notitia
2141 2970 2389 3024 Africana
2420 2980 2730 3025 recensetur
2758 2971 2898 3025 inter
2939 2971 3265 3024 Mauritanim
3287 2969 3401 3024 Cte-

1836 3041 2091 3096 sariensis
2120 3042 2422 3108 episc0pos,
2455 3039 2818 3108 quillunerici
2841 3040 2979 3107 regis
3006 3043 3254 3095 mandato
3274 3040 3401 3094 Car-

183 3111 301 3164 stola
324 3111 581 3190 llonorati
609 3110 887 3190 antoniui,
900 3125 1056 3190 quam
1074 3125 1232 3190 supra
1431 3109 1725 3190 retulimus,
1758 3107 1802 3170 Ο
1837 3110 2106 3190 t_haginem
2125 3107 2491 3190 convenerunt
2513 3127 2608 3180 pro
2627 3110 2893 3190 reddeitda
2916 3110 3032 3190 lidei
3047 3127 3158 3190 suae
3175 3112 3398 3190 ratione,

185 3196 323 3232 nemo
355 3191 535 3248 potest
564 3181 806 3234 inliciari.
853 3178 928 3233 lbi
950 3181 1091 3233 enim
1135 3178 1419 3231 Arcadium
1447 3178 1524 3230 sic
1554 3178 1730 3231 llono-

183 3261 309 3305 ratus
342 3253 632 3317 alloquitur
663 3266 812 3308 num.
850 3251 915 3304 5:
953 3249 1178 3320 Signifer
1204 3265 1254 3320 es
1295 3248 1504 3320 Christi,
1547 3250 1599 3300 in
1626 3249 1734 3300 acie

182 3322 359 3385 primus
397 3323 649 3379 «turbatas.
694 3321 753 3375 Si
783 3332 836 3372 tu
867 3319 1138 3386 cecideris,
1195 3319 1255 3372 ab
1301 3319 1522 3370 aliorum
1579 3329 1736 3373 morte

182 3407 269 3441 non
295 3392 395 3444 eris
451 3394 711 3451 immunis.
757 3402 863 3444 etc.
911 3390 1016 3444 Sed
1055 3405 1172 3458 qum
1203 3399 1457 3458 przeterca
1502 3388 1568 3442 de
1617 3392 1735 3442 istis

183 3463 489 3530 martyribus
515 3477 578 3516 ex
611 3460 995 3515 recentioribus
1028 3469 1208 3513 narrat
1236 3460 1373 3512 idem
1406 3468 1611 3530 auctor,
1642 3473 1734 3530 ite-

183 3545 258 3582 mo
279 3529 433 3585 facile
458 3531 700 3586 admittet
726 3531 926 3599 absque
950 3531 1128 3600 aliquo
1149 3533 1283 3583 vade
1307 3529 1550 3583 certioris
1593 3529 1731 3582 fidei.

240 3600 288 3653 7.
304 3603 572 3656 Caeterum
588 3602 753 3656 multo
768 3601 945 3669 plures
959 3600 1057 3654 hac
1073 3609 1388 3667 tempestate
1410 3606 1668 3669 martyres
1682 3607 1738 3654 et

184 3670 508 3726 confessores
529 3687 624 3738 pro
646 3666 836 3727 Christi
867 3670 1152 3725 asserenda
1176 3666 1451 3723 divinitate
1479 3670 1529 3722 in
1558 3666 1736 3722 Africa

184 3742 472 3796 decertasse
498 3753 745 3797 auctores
774 3741 970 3796 laudati
1004 3743 1248 3802 innuunt,
1275 3739 1516 3808 quamvis
1545 3754 1736 3806 pauco-

185 3827 285 3864 rum
312 3813 652 3868 solummodo
685 3813 898 3865 nomina
939 3813 1218 3864 brevitatis
1239 3809 1413 3863 studio
1453 3824 1740 3863 recensue-

187 3882 296 3957 tiut.
313 3884 423 3957 ideo
445 3885 604 3957 etiam
630 3883 845 3938 defuere
863 3880 1485 3957 san_ctissimi_pr;nsules,
1505 3881 1594 3957 qui
1618 3895 1738 3957 sese

187 3954 333 4008 veluti
376 3950 560 4008 muros
601 3968 772 4007 atreus
804 3968 901 4021 pro
947 3953 1142 4006 domus
1190 3950 1400 4004 Domini
1431 3950 1738 4006 defensione

187 4021 448 4078 Geuseiici
472 4025 752 4078 conatibus
782 4031 1149 4092 opponerent;
1174 4036 1238 4074 ex
1267 4036 1490 4088 quorum
1517 4033 1738 4074 numero

185 4094 368 4160 aliquot
397 4094 577 4148 laudat
603 4091 909 4148 Gennadius
938 4095 988 4146 in
1018 4091 1260 4157 cataIOgo
1289 4094 1741 4160 scriptorumec-

187 4159 591 4234 etesiasticorum
637 4164 748 4233 qui,
788 4173 1007 4234 accepto
1042 4162 1281 4234 calamo,
1315 4161 1433 4234 fidei
1464 4159 1742 4215 catholica:

188 4232 453 4287 veritatem
478 4232 666 4289 contra
702 4232 930 4287 Arianos
948 4233 1162 4300 scriptis
1194 4233 1407 4299 egregie
1437 4245 1738 4299 promigna-

188 4313 314 4359 runt.
343 4303 590 4358 Celebris
638 4303 777 4357 inter
804 4303 938 4357 alios
987 4302 1084 4355 fuit
1130 4301 1311 4355 Victor
1357 4301 1638 4353 Cartennte
1687 4301 1739 4354 in

190 4371 488 4426 Mauritania
509 4375 809 4441 episcopus,
830 4373 918 4441 qui
949 4372 1140 4426 librum
1169 4387 1196 4423 a
1224 4385 1284 4424 se
1303 4369 1558 4423 adversus
1586 4369 1740 4423 Aria-

191 4457 273 4495 nos
293 4443 490 4497 editum
525 4445 738 4511 ipsimet
768 4447 878 4508 regi
909 4442 1200 4496 Genserico
1230 4441 1407 4495 offerri
1431 4445 1652 4504 curavit,
1681 4447 1738 4492 ut

191 4525 239 4564 se
275 4514 524 4568 didicisse
566 4523 788 4566 testatur
819 4513 1124 4565 Gennadius
1152 4529 1272 4579 cap.
1313 4512 1375 4562 77
1405 4526 1468 4563 ex
1499 4511 1736 4576 ejusdem

191 4580 293 4652 libri
318 4583 559 4652 prologo.
592 4583 667 4637 De
693 4584 791 4635 huc
813 4583 932 4636 vide
959 4597 1116 4650 Supra
1144 4597 1262 4650 pag.
1296 4581 1398 4652 ιω
1419 4579 1611 4652 (Nobis
1633 4587 1731 4632 cat.

189 4649 299 4716 340,
320 4649 610 4722 'numeO).
634 4653 708 4706 Ad
741 4651 878 4706 idem
902 4667 1111 4722 quoque
1135 4649 1314 4718 procul
1345 4649 1503 4704 dubio
1530 4659 1740 4722 tempus

191 4725 412 4776 revocari
434 4720 593 4776 debet
610 4720 929 4776 breviarium
941 4723 1061 4776 fidei
1079 4722 1336 4775 adversus
1352 4722 1567 4773 eosdem
1587 4720 1740 4774 Aria-

192 4796 663 4860 nosconscriptum,
680 4794 818 4861 quod
846 4808 964 4846 cum
986 4793 1106 4846 aliis
1129 4803 1354 4860 quatuor
1378 4798 1737 4861 veterumau-

190 4868 377 4930 currum
395 4865 671 4930 opusculis
683 4860 1090 4917 edidttlacobus
1103 4863 1416 4914 Sirmondus
1428 4875 1566 4912 anno
1582 4860 1737 4930 1650.

193 4929 580 5001 Elqutdcmjam
599 4948 756 5000 supra
771 4933 1172 4986 observavimus
1195 4934 1244 4983 in
1261 4940 1378 4984 nota
1392 4932 1460 4984 20
1476 4931 1538 4982 ad
1554 4929 1734 4982 Victo-

193 5013 291 5072 rem
318 5000 584 5072 Vitensem
605 5004 804 5072 (Supra
826 5003 1067 5066 col.188,
1091 5019 1145 5054 n.
1164 5001 1234 5069 ε).
1254 5001 1623 5072 Sebastianum
1641 5013 1733 5054 co-

194 5070 358 5140 mitem
379 5088 406 5123 a
423 5070 715 5126 Genserico
737 5072 1074 5126 sollicitatum
1101 5080 1157 5125 ut
1185 5073 1403 5140 patriam
1423 5070 1731 5137 religionem

193 5139 480 5209 abnegaret,
496 5159 558 5195 ex
576 5143 677 5194 isto
693 5143 951 5194 breviario
966 5139 1360 5208 responsionem
1377 5140 1617 5193 hausisse
1632 5152 1733 5207 qua

196 5213 388 5276 lyranni
406 5212 818 5265 conatusirritos
831 5209 972 5264 fecit.
991 5211 1178 5265 Iisdem
1200 5213 1524 5278 temporibus
1540 5209 1738 5274 prodiit

195 5278 240 5349 i_n
277 5280 447 5334 lucem
470 5281 621 5333 Liber
651 5297 750 5349 seu
773 5280 1059 5334 Declaratio
1083 5296 1392 5349 quorumque
1419 5283 1642 5331 locorum
1671 5281 1734 5333 de

195 5345 428 5402 Trinitate
458 5365 632 5403 contra
682 5345 1014 5403 Vtirimndum
1044 5345 1248 5401 Artena:
1273 5345 1421 5403 δέδιτε
1445 5351 1734 5414 diaconum,

193 5420 534 5486 quodquidem
561 5437 694 5488 Opus
724 5421 920 5474 editum
960 5422 1114 5474 estin
1149 5419 1468 5472 Bibliotheca
1501 5419 1740 5484 Patrum,

193 5490 270 5560 ubi
299 5493 464 5560 ipsius
492 5501 674 5544 auctor
696 5491 746 5544 in
774 5490 1080 5558 praefatione
1108 5489 1252 5557 operi
1278 5491 1492 5556 pnetixa
1519 5501 1576 5560 se
1606 5489 1744 5556 apud

192 5557 455 5628 beapblim
497 5557 800 5629 Campaniae
847 5562 1032 5614 urbem
1079 5557 1748 5629 constitutumﬂscripsisse

195 5638 406 5682 testatur
435 5645 500 5682 eo
529 5628 766 5699 tempore
792 5647 892 5700 quo
935 5631 1112 5682 Ariani
1160 5632 1222 5682 de
1261 5628 1542 5700 inﬁdelium
1575 5643 1744 5694 regum

101 5755 106 5762 ,
196 5699 534 5765 gtoriabantur
565 5697 833 5773 superbia:
851 5716 1006 5763 quem
1033 5701 1246 5759 librum.
1280 5697 1438 5754 veluti
1457 5701 1742 5754 armarium

1766 4481 1818 4542 D

1836 3180 1904 3236 de
1929 3196 2033 3251 quo
2055 3195 2214 3248 supra
2235 3181 2470 3251 diximus
2485 3196 2603 3251 pag.
2626 3182 2744 3237 H9.
2768 3181 2972 3235 Floruit
2988 3188 3039 3234 in
3055 3182 3399 3250 eademprovi

1835 3253 1914 3305 cia
1929 3250 2198 3305 Vcennius
2219 3249 2414 3304 Castell
2434 3249 2573 3316 «nus,
2588 3265 2703 3314 seu,
2730 3262 2788 3306 ut
2814 3252 2968 3305 habet
2991 3261 3231 3305 nostrum
3250 3249 3400 3304 vetus

1837 3320 2446 3390 exemplar,Castallanw
2459 3321 2786 3375 Mauritaniae
2803 3323 3401 3390 urbisepiscopus,eujus

1838 3394 1984 3444 varia
2007 3392 2259 3454 opuscula
2277 3403 2517 3444 recenset
2531 3392 2833 3446 Gennadius
2851 3407 2968 3459 cap.
2993 3391 3079 3446 78.
3099 3392 3226 3446 Vide
3243 3405 3400 3458 supra

1834 3463 1940 3516 θυι.
1968 3460 2265 3528 175(Νοῡὶ.ς
2278 3461 2512 3531 cof.545,
2537 3476 2675 3514 nam.
2704 3460 2813 3528 75).
2837 3462 3071 3531 Denique
3092 3462 3273 3531 grandi
3290 3463 3398 3525 api-

1836 3520 2197 3584 nionecele‘bris
2223 3530 2359 3597 apud
2379 3520 2622 3584 eumdem
2647 3520 2940 3595 auctorem,
2957 3520 3073 3598 cap.
3092 3520 3183 3594 ἥδ,
3207 3520 3401 3584 dicitur

1836 3601 2115 3668 Asclepios
2141 3601 2266 3655 Afer
2293 3601 2345 3652 in
2374 3601 2600 3653 docendo
2631 3618 2692 3654 ra:
2721 3609 2962 3670 tempore,
2993 3602 3080 3670 qui
3123 3602 3283 3654 etiam
3311 3601 3401 3654 ad-

1836 3687 2024 3725 versus
2051 3671 2280 3724 Arianos
2305 3672 2438 3724 sicut
2469 3677 2522 3722 et
2541 3681 2725 3724 contra
2755 3671 3056 3724 Donatistas
3080 3673 3241 3724 multa
3271 3672 3401 3725 scri-

1838 3741 2008 3810 psisse
2040 3751 2389 3794 memoratur.
2412 3737 2514 3794 Sed
2542 3741 2682 3794 illius
2705 3741 2844 3796 sedis
2873 3755 3068 3795 nomen
3099 3742 3243 3795 varie
3274 3741 3400 3794 varii

1837 3812 2054 3868 codices
2099 3811 2359 3872 Scribunt,
2397 3811 2463 3863 ita
2497 3819 2672 3865 tamen
2712 3821 2768 3865 ut
2803 3812 2976 3865 nullus
3002 3827 3030 3865 a
3062 3813 3404 3878 corruptione

1841 3884 2076 3936 videatur
2123 3880 2389 3935 imtnunis.
2423 3881 2560 3934 Editi
2612 3883 2836 3948 habent,
2886 3881 3151 3951 Asclepius
3202 3883 3323 3951 Afer
3352 3882 3404 3936 in

1839 3951 2114 4020 Bngaiensi
2145 3953 2410 4023 ter_ritorio_
2447 3952 2540 4004 vici
2570 3969 2668 4004 non
2712 3953 2922 4022 grandis
2967 3955 3266 4023 episcopus;
3300 3967 3405 4023 Ano-

1839 4035 2010 4076 suum
2039 4037 2166 4076 vero
2195 4020 2450 4075 Gennadii
2476 4020 2748 4089 exemplar
2773 4020 3184 4076 vetustissimum
3228 4021 3404 4082 habet,

1839 4094 1895 4147 in
1915 4091 2164 4146 Gabaensi
2195 4093 2450 4144 territorio
2487 4089 2896 4158 Vicimegrantis,
2921 4102 3060 4156 ctc.;
3089 4092 3189 4146 alia
3222 4107 3402 4158 manu,

1840 4178 1948 4217 non
1980 4172 2157 4218 tamen
2185 4159 2320 4216 adeo
2363 4160 2603 4227 antiqua,
2659 4159 2837 4216 Vicine
2883 4162 3116 4214 civitatis.
3169 4161 3404 4214 Priorem

1842 4241 2020 4288 tamen
2070 4233 2347 4286 lectionem
2374 4229 2653 4285 conﬁrmat
2683 4232 2848 4285 codex
2899 4229 3313 4295 Fiscamnensis,
3351 4241 3407 4282 ut

1841 4305 2048 4358 monuit
2071 4317 2155 4356 me
2186 4315 2367 4356 n05ter
2387 4302 2612 4356 domnus
2640 4299 2954 4355 Guillelmus
2975 4298 3238 4363 Fillas're,
3253 4301 3339 4353 ubi
3356 4301 3407 4353 in

1845 4371 1896 4425 Ν
1901 4373 2122 4442 avigensi
2135 4373 2390 4425 territorio
2416 4371 2788 4437 Vicinigrandit
2802 4369 3285 4442 episcopusdicitnr.
3303 4370 3406 4442 llo-

1845 4441 2024 4496 norius
2045 4457 2161 4510 cap.
2179 4443 2247 4496 '72
2261 4443 2505 4495 eumdem
2524 4443 2834 4509 simpliciter
2855 4442 2907 4493 in
2926 4441 3128 4493 Baiensi
3153 4441 3408 4493 territorio

1846 4515 2134 4580 episcopum
2147 4512 2395 4580 appellat.
2415 4511 2704 4578 thuidem
2725 4511 2956 4564 hicforte
2978 4525 3167 4564 nomen
3187 4510 3409 4581 alicujus

1845 4585 1946 4637 vici
1965 4583 2290 4651 designatur.
2310 4581 2596 4651 Episcopus
2613 4582 2750 4634 enim
2775 4583 2827 4633 in
2856 4581 2988 4634 villis
3017 4589 3061 4634 et
3084 4583 3135 4633 in
3155 4581 3408 4651 fundig,ct

1846 4667 1934 4722 per
1961 4649 2108 4721 agros
2132 4653 2183 4704 in
2215 4650 2386 4722 Africa
2419 4650 2581 4722 fuisse
2607 4665 2764 4722 nemo
2797 4652 2993 4722 nescit,
3014 4651 3154 4721 quod
3188 4667 3250 4706 ex
3287 4649 3408 4704 Col-

1849 4719 2045 4776 latione
2073 4719 2478 4784 Carthaginiensi
2513 4733 2631 4788 cap.
2675 4721 2766 4774 181
2805 4731 2858 4774 et
2903 4719 3282 4790 182,'aliisque
3318 4738 3408 4790 veg

1847 4791 2004 4846 tustis
2048 4790 2405 4860 monumentis
2451 4791 2654 4856 absque
2701 4805 2890 4860 magno
2937 4792 3149 4858 negotio
3200 4789 3409 4858 probari

1850 4871 2044 4927 posset.
2079 4862 2182 4915 Sed
2209 4861 2289 4914 his
2319 4859 2516 4913 diutius
2543 4859 2810 4914 immorari
2842 4875 2946 4913 non
2979 4869 3151 4916 vacat.
3175 4859 3410 4914 Caeteros

1849 4946 1978 4986 vero
1994 4943 2238 4985 auctores
2261 4930 2345 4998 qui
2370 4929 2817 4996 subsequentibus
2842 4931 3164 4998 temporibus
3182 4929 3411 4982 ﬂoruere

1881 5002 2215 5067 raztermitto,
2263 5006 2401 5054 inter
2430 5015 2564 5068 quos
2609 5001 2801 5053 enituit
2851 5003 3183 5068 potissimum
3226 5001 3411 5054 beatus

1888 5071 2172 5140 ulgentius,
2205 5071 2273 5125 de
2299 5085 2404 5140 quo
2435 5069 2580 5138 plura
2605 5085 2704 5122 suo
2733 5070 2850 5124 loco
2866 5070 3056 5124 dicturi
3086 5085 3292 5125 sumus.

2457 5161 2680 5216 CAPUT
2715 5161 2751 5214 V

1910 5254 2208 5308 Gensericus
2236 5263 2383 5324 capta
2414 5251 2723 5322 Carthagine
2752 5253 2802 5305 in
2833 5251 2996 5322 ipsius
3027 5254 3156 5306 cives
3183 5262 3339 5306 struit.

1923 5347 1973 5400 l.
2006 5347 2348 5413 Gensericus,
2382 5345 2448 5399 de
2476 5347 2626 5412 cujus
2659 5345 2759 5399 fido
2786 5345 2854 5397 ob
2885 5359 3066 5413 pacem
3109 5358 3412 5397 sat-ramen-

1851 5426 1926 5483 to,
1957 5423 2032 5470 uti
2065 5418 2311 5479 diximus,
2337 5417 2726 5478 confirmatam,
2757 5429 2976 5469 securus
3005 5415 3281 5467 videbatur
3319 5416 3411 5465 im-

1851 5499 2084 5557 perator,
2117 5487 2302 5540 videns
2325 5485 2580 5540 Romanis
2602 5487 2704 5539 alin
2727 5486 3083 5547 detentis,eas
3114 5483 3414 5557 urbesqme

1851 5555 1952 5611 sibi
1981 5559 2079 5626 ipsi
2112 5573 2215 5610 non
2248 5557 2524 5626 parebant,
2556 5571 2615 5610 se
2641 5558 2999 5619 haud-magno
3033 5555 3244 5626 negotio
3271 5555 3414 5606 inva-

1852 5623 2056 5690 surum,
2092 5623 2370 5694 repentino
2393 5629 2590 5695 impetu
2615 5626 2984 5695 Carthaginem
3009 5623 3420 5695 advolans,eam

1851 5712 1947 5752 suo
1977 5692 2653 5769 subiecithnperio,ratus,
2685 5706 2834 5764 capta
2862 5693 3024 5748 totius
3053 5692 3246 5751 African
3279 5696 3411 5750 urbe
