3910 6172
436 274 543 331 3Ἰῦ

1286 274 1624 330 APPENDIX
1666 274 1755 335 AD
1795 274 2139 331 VICTORIS.“
2180 274 2535 333 VITENSEM

3606 279 3709 336 578

475 385 725 456 raecipua,
756 399 878 441 cum
910 396 1150 461 senatum
1191 387 1439 461 virosque
1468 388 1679 461 nobiles
1707 387 1759 440 in
1790 401 1887 461 sua
1916 387 2012 461 lia-
2038 395 2084 449 Α
2117 390 2260 443 enim
2280 392 2505 461 timeret
2537 388 2860 444 Gensericus
2889 403 2976 461 ne,
3004 388 3048 443 si
3074 388 3149 444 illi
3177 390 3258 446 vel
3287 389 3557 444 modicum
3585 394 3708 461 quid

454 466 587 511 teret
605 455 896 525 potestate.
930 457 1042 512 fore
1067 465 1131 514 ut
1160 455 1288 512 nulli
1308 458 1561 526 deinceps
1582 459 1681 512 sibi
1707 458 2005 512 resistendo

432 542 590 598 pares
616 538 817 598 essent.
850 531 920 581 At
947 536 1090 581 tanta
1119 542 1238 583 cum
1266 528 1468 581 srevitia
1506 530 1554 582 in
1580 530 1732 582 istius
1764 528 2009 583 miserriv

433 597 536 650 iure
567 597 711 651 urbis
740 598 889 651 cives
918 598 1137 661 exarsit,
1173 608 1229 652 ut
1249 600 1351 652 nisi
1381 613 1569 652 omnes
1597 598 1709 652 fere
1734 600 1882 653 istius
1909 600 2007 653 aevi

430 676 682 722 auctores
705 676 866 721 testes
896 684 1083 724 eorum
1114 684 1233 737 qua:
1258 668 1358 722 bac
1377 671 1660 723 occasione
1688 668 2011 724 Geusericus

433 738 662 804 patravit
691 737 1031 798 haberemus,
1061 754 1273 794 omnem
1311 752 1531 806 prorsus
1556 739 1713 792 tidem
1746 742 2007 794 excedere

430 809 761 862 viderentur.
798 808 928 862 llem
966 809 1189 863 aliorum
1220 811 1397 862 verbis
1442 823 1712 878 exponere
1734 809 1907 877 juvat,
1941 826 2006 865 ne

427 879 551 931 uuis
580 878 714 931 forte
738 894 822 931 tne
847 879 1210 933 celeberrima:
1234 881 1466 932 civitatis
1490 880 1822 949 calamitates
1848 896 2008 949 exag-

427 961 645 1070 gerasse
672 949 965 1003 esist'met.
992 950 1080 1003 Sic
1110 951 1289 1017 itaque
1310 949 1375 1004 de
1406 949 1507 1003 lioc
1537 948 1743 1003 excidio
1771 948 2007 1016 loquitur

456 1022 664 1070 ’rosner
689 1019 740 1070 in
767 1020 1065 1070 Chronico:
1094 1018 1375 1070 Theodosio
1406 1036 1513 1070 xvn
1537 1031 1584 1070 et
1617 1017 1768 1070 Festo
1786 1022 2007 1070 consuli-

456 1022 664 1085 ’rosper
689 1019 740 1071 in
767 1020 1065 1073 Chronico:
1094 1018 1375 1072 Theodosio
1406 1036 1513 1073 xvu
1537 1031 1584 1074 et
1617 1017 1768 1072 Festo
1786 1022 2009 1073 consuli-

430 1100 543 1158 tus,
570 1088 621 1141 id
657 1097 740 1141 est
771 1104 893 1142 arra:
924 1091 1155 1158 vulgaris
1200 1104 1341 1143 anno
1370 1091 1494 1155 459,
1529 1090 1676 1143 Αἱιὶο
1724 1092 1869 1143 rebus
1895 1106 2010 1157 qua:

425 1159 482 1210 in
507 1157 1141 1230 Galliiscompunebantur
1162 1160 1373 1221 intento,
1415 1159 1739 1227 Genserirus,
1771 1162 1833 1213 de
1857 1164 2009 1230 cujus

427 1229 652 1281 amicitia
706 1229 833 1282 nihil
883 1229 1245 1296 metuebatur,_
1278 1247 1364 1284 xw
1414 1230 1655 1291 calendas
1703 1229 2008 1286 Novembris

429 1297 807 1379 Carthaginem
836 1298 957 1352 dolo
990 1302 1129 1365 pacis
1176 1301 1391 1369 invadit,
1420 1305 1967 1379 omnesqueopes-ejus
1988 1341 2003 1365 ,

427 1370 731 1444 cxcruciatis
754 1370 964 1444 diverso;
984 1378 1349 1444 tormentorum
1374 1388 1555 1444 genere
1591 1373 1800 1432 ciuibus,
1828 1370 1889 1425 in‘
1918 1376 2008 1444 jus

423 1455 575 1492 suum
596 1441 743 1494 uertit
762 1457 779 1504 ;
800 1456 889 1493 nec
912 1440 975 1493 ab
995 1443 1327 1497 ecclesiarum
1348 1443 1715 1513 dcspoliatioue
1728 1440 2003 1507 abstinens,

425 1525 557 1577 quas
582 1518 631 1563 et
655 1513 814 1564 sacris
847 1513 982 1565 vasis
1022 1513 1307 1566 exinanitas
1347 1524 1392 1566 tt
1431 1514 1749 1566 sacerdotum
1789 1515 2009 1566 admini-

423 1581 942 1654 strationeprivatas,
975 1598 1076 1635 non
1098 1586 1215 1654 jam
1240 1584 1395 1637 divini
1419 1584 1586 1637 cultus
1609 1585 1742 1647 loca,
1779 1585 1867 1635 scd
1894 1600 2009 1636 suo-

424 1668 540 1705 rum
569 1652 728 1723 215
744 1654 897 1719 jussit
927 1668 1033 1706 esse
1061 1652 1381 1717 habitacula;
1420 1655 1472 1707 in
1506 1655 1792 1707 universum
1821 1655 2008 1719 captivi

426 1722 609 1796 populi
636 1722 864 1796 ordinem
911 1739 1091 1789 sanius,
1135 1725 1224 1777 sed
1245 1725 1787 1796 prwcipuegnobilitati
1809 1732 1857 1778 et
1880 1726 2003 1777 reli-

425 1793 566 1864 gioni
593 1793 842 1864 infensus,
877 1803 931 1846 ιιι
960 1811 1063 1848 non
1094 1793 1465 1849 discerneretur
1497 1794 1785 1848 hominibus
1833 1796 1996 1864 magis

424 1860 865 1933 unDeo‘bellum
919 1864 1194 1918 intulisset.
1247 1865 1399 1918 Hanc
1436 1874 1604 1918 autem
1660 1860 1998 1933 captivitatEm

425 1932 687 2005 garthago
712 1934 863 2005 subiit
889 1950 1035 2005 anno,
1072 1945 1338 2005 postquam
1387 1935 1617 1988 Romana
1645 1952 1753 1988 esse
1785 1944 2001 2005 δωρειαί

424 2001 551 2057 585.
586 2001 781 2058 Eadem
816 2004 976 2059 liabet
1022 2001 1257 2059 Isidorus
1280 2005 1332 2059 in
1378 2005 1607 2059 llistoria
1640 2001 1998 2060 Vandalorum

423 2087 530 2148 tura
550 2072 691 2148 467.Δ
711 2074 812 2148 Ille
833 2076 1017 2148 violata
1042 2076 1346 2148 sacramenti
1371 2074 1617 2148 religione
1642 2076 2002 2148 Carthaginem

423 2141 548 2197 dolo
579 2145 718 2211 pacis
746 2146 941 2198 inuadit
966 2186 980 2210 ,
1013 2154 1141 2209 etc.,
1182 2157 1240 2199 ιιι
1271 2141 1530 2210 Prosper;
1577 2148 1768 2212 quibus
1813 2141 1997 2201 addit:

420 2214 671 2268 Arianam
702 2218 1038 2284 pestilentiam
1062 2233 1151 2281 per
1172 2226 1325 2270 totam
1339 2218 1563 2283 Africam
1586 2218 1895 2281 intromittit,
1914 2234 2001 2271 sa-

420 2285 650 2357 cerdotes
676 2285 899 2340 ecclesia:
946 2287 1121 2357 pellit,
1156 2297 1404 2356 martyres
1437 2288 1684 2355 plurimos
1714 2289 1888 2357 efficit;
1918 2298 2000 2353 et,

420 2356 572 2427 juxta
592 2357 909 2427 prophetiam
934 2356 1189 2421 Daniclis,
1223 2358 1493 2412 demutatis
1514 2356 1767 2427 mysteriis
1800 2368 2003 2410 sancto-

419 2426 537 2477 rum
557 2426 792 2481 ecclesias
811 2426 1001 2480 Christi
1025 2429 1251 2482 hostibus
1273 2429 1505 2482 tradidit.
1530 2426 1662 2492 Qua:
1684 2430 1866 2483 ultima
1884 2445 2003 2482 ver-

420 2492 488 2547 ba
509 2510 576 2549 ex
603 2497 750 2551 ldatii
780 2497 1049 2555 Chronico
1089 2510 1360 2553 mutuatus
1382 2509 1487 2555 est.
1521 2499 1671 2553 Dicm
1696 2514 1824 2553 vero
1854 2507 2007 2553 notat

423 2564 766 2622 Marcellinus
791 2584 975 2623 comes
1008 2586 1036 2621 ι
1069 2571 1324 2623 calendas
1349 2568 1686 2635 Novembris,
1719 2585 1824 2636 quo
1850 2584 2002 2624 asse-

419 2636 491 2688 rit
529 2637 907 2709 Qartbaginem
939 2656 968 2693 a
1001 2639 1296 2695 Genserico
1343 2652 1658 2709 occupatam
1702 2638 1887 2695 fuisse.
1936 2642 2029 2694 At

418 2706 862 2780 pt‘n'ferendaest
886 2710 1136 2780 Prosperi
1165 2722 1219 2765 et
1240 2711 1389 2765 ldatii
1412 2706 1725 2765 auctoritas.

488 2776 663 2851 ille
700 2776 1070 2835 Africanarum
1112 2782 1503 2850 provinciarum
1552 2783 1824 2851 ipsiusque
1878 2780 2007 2835 Car-

421 2846 652 2920 thaginis
694 2851 905 2907 excidio
944 2846 1297 2920 plura-liabet
1342 2846 1620 2907 Salvianus
1662 2846 2007 2906 Massiliensis

419 2918 699 2989 presbyter
758 2922 810 2974 in
862 2918 1010 2976 libris
1052 2922 1119 2976 de
1150 2920 1546 2976 Gubernatioue
1597 2923 1686 2976 llei
1716 2963 1731 2984 ,
1779 2938 2005 2990 quorum

415 2997 601 3043 sextus
631 3000 687 3061 et
724 2992 830 3044 duo
866 3000 1150 3055 sequentes
1196 2993 1305 3046 fere
1336 3003 1460 3047 sunt
1502 2992 1597 3046 ιοιί
1633 2992 1701 3046 de
1727 2993 1827 3046 lioc
1851 3008 2009 3061 argu-

418 3067 622 3111 mento.
649 3059 752 3112 llas
786 3076 913 3115 vero
938 3061 1271 3115 calamitates
1297 3063 1481 3116 divina:
1508 3064 1757 3116 severitati
1786 3059 2010 3116 tribuen-

2113 475 2179 513 cx
2209 460 2429 520 pristina
2460 461 2777 513 auctoritate
2812 459 3143 528 retinerent,
3171 461 3459 529 aliquando
3489 459 3711 516 sibi'in-

2115 530 2375 584 fensiores
2400 540 2580 584 essent
2606 529 2789 593 futuri,
2822 529 3102 584 universos
3131 532 3218 598 qui
3242 532 3418 600 aliqua
3450 532 3710 599 dignitate

2117 601 2408 667 pollebant,
2432 601 2514 653 vel
2537 600 2749 667 generis
2774 600 3049 654 nobilitate
3069 604 3277 655 cmteris
3301 604 3709 665 prmstantiores

2114 682 2382 741 utcunque
2414 670 2748 734 videbantur,
2782 670 2937 723 bonis
2981 671 3232 726 omnibus
3262 674 3524 740 spoliatos
3561 685 3712 728 trans

2114 756 2261 794 mare
2294 742 2541 809 navigare
2570 741 2851 805 compulit,
2884 741 2983 794 nisi
3016 742 3327 795 maluissent
3359 744 3425 796 ad
3456 744 3711 799 viliorum

2113 811 2498 874 mancipiorum
2546 812 2905 865 conditionem
2964 812 3156 879 redigi.
3214 813 3451 867 Priorem
3504 826 3710 869 sortem

2112 882 2252 934 bi-ati
2279 882 2536 950 Fulgentii
2566 897 2720 934 avum
2745 881 2907 951 216
2929 896 3140 944 passum
3172 882 3333 938 fuisse
3355 883 3623 938 discimus
3647 901 3709 938 ex

2110 952 2350 1015 ejusdem
2382 956 2549 1005 sancti
2583 953 2710 1015 vita,
2735 967 2856 1019 cap.
2895 951 2941 1014 l,
2977 951 3064 1005 ubi
3097 952 3422 1017 Gordianus,
3452 956 3533 1007 sic
3564 956 3708 1007 enim

2111 1022 2501 1087 appellabatur,
2524 1037 2590 1076 ex
2618 1033 2928 1076 senatorum
2952 1022 3447 1091 Cartltaginensiuui
3481 1040 3710 1077 numero

2110 1092 2401 1159 impositam
2441 1094 2899 1161 peregrinationem
2939 1091 3123 1145 libenti
3170 1096 3347 1148 animo
3398 1098 3709 1161 suscepisse

2111 1164 2325 1226 (llCillll‘,
2345 1165 2513 1216 volens
2525 1164 2729 1231 saltem,
2756 1163 3087 1233 facultatibus
3108 1164 3342 1234 perditis,
3364 1182 3467 1218 non
3493 1164 3709 1232 perdere

2113 1234 2411 1286 libertatem.

2180 1302 2234 1356 4.
2268 1304 2507 1357 Aliorum
2530 1303 2880 1372 quorumdam
2904 1303 3167 1358 fortunam
3192 1305 3386 1359 docent
3409 1319 3505 1359 nos
3529 1306 3709 1358 Theo-

2110 1374 2267 1428 doriti
2300 1375 2542 1438 epiStolrc
2562 1417 2577 1441 ,
2606 1376 2693 1442 qui
2722 1390 2754 1428 e
2783 1376 2949 1441 patria
2985 1375 3213 1441 profugi,
3247 1386 3361 1441 post
3393 1390 3706 1443 peragratas

2112 1444 2288 1499 varias
2307 1444 2894 1516 gOrientisprovincias
2932 1446 3226 1516 iuSyriam
3266 1446 3436 1512 usque
3470 1449 3707 1516 pertige-

2110 1524 2255 1569 runt.
2292 1514 2532 1569 Celebris
2561 1515 2700 1569 inter
2726 1524 2953 1569 cmteros
2981 1514 3077 1569 fuit
3106 1516 3474 1579 leestiacus,
3502 1514 3627 1581 aut,
3652 1526 3707 1571 ut

2110 1586 2230 1639 alia:
2257 1586 2520 1639 editiones
2569 1587 2765 1639 habent
2789 1628 2805 1652 ,
2841 1585 3200 1641 C(elestianus
3242 1588 3455 1651 quidam
3484 1628 3499 1647 ,
3541 1602 3704 1653 quem

2112 1657 2252 1709 idem
2278 1656 2637 1710 'l‘lieodoritus
2659 1657 2958 1724 Appellioni
2988 1656 3328 1711 commendat
3349 1672 3397 1720 et
3421 1658 3576 1709 istola
3602 1660 3704 1722 29;

2115 1726 2167 1778 in
2194 1740 2295 1796 qua
2324 1726 2824 1791 Carthaginensium
2854 1727 2998 1781 vices
3028 1728 3334 1795 deplorans,
3362 1729 3579 1793 egregie
3614 1745 3705 1781 ur-

2112 1797 2188 1849 bis
2232 1798 2382 1850 istius
2423 1797 2627 1852 cladem
2667 1797 2943 1851 describit.
2976 1798 3100 1861 Qua:
3129 1796 3578 1867 Carlhagincnses,
3624 1800 3707 1852 it:-

2100 1868 2235 1936 quit,
2253 1869 2391 1936 passi
2411 1876 2550 1932 sunt,
2571 1867 2808 1935 /Eschyli
2829 1876 2875 1921 et
2903 1868 3173 1928 Saphoclis
3198 1869 3443 1935 tragoedia
3471 1880 3702 1936 egerent,

2100 1949 2250 2007 atque
2279 1939 2461 2009 horum
2488 1954 2685 2003 quoque
2709 1939 2936 2005 linguam
2963 1939 3176 2009 fortasse
3204 1940 3420 1990 uinceret
3448 1940 3707 1994 mulorum

2102 2009 2418 2075 magnitudo.
2440 2007 2460 2060 l
2470 2010 2539 2061 lla
2560 2010 2692 2061 enim
2714 2027 2744 2060 a
2766 2010 2806 2061 fl
2813 2007 3007 2062 omanis
3026 2011 3150 2079 ipsis
3165 2010 3417 2077 quondam
3432 2011 3517 2062 ria:
3528 2028 3589 2062 ca
3596 2021 3706 2077 pta,

2101 2082 2203 2131 imo
2227 2094 2342 2147 qua:
2369 2097 2486 2133 cum
2508 2080 2729 2133 maxima
2758 2078 2919 2132 Roma
2958 2081 3019 2132 de
3047 2080 3337 2147 principatu
3363 2097 3501 2144 stupe
3528 2092 3703 2133 certa-

2101 2158 2219 2220 rat,
2265 2166 2474 2220 eamque
2514 2152 2565 2203 in
2607 2165 2859 2203 summum
2900 2150 3168 2220 discrimen
3198 2150 3527 2213 adduxerat,
3563 2153 3707 2203 ludi—

2105 2219 2271 2272 brium
2297 2219 2445 2275 modo
2470 2222 2606 2287 facta
2636 2232 2708 2273 est
2738 2220 3088 2274 barbarorum.
3123 2219 3185 2271 Et
3208 2223 3295 2288 qui
3321 2221 3707 2273 celeberrimam

2104 2290 2214 2357 ejus
2250 2293 2443 2344 curiam
2480 2292 2752 2356 ornabant,
2790 2290 2908 2343 orbe
2940 2300 3044 2344 toto
3077 2307 3211 2343 nunc
3239 2301 3432 2354 errant,
3456 2294 3615 2342 vitam
3643 2308 3707 2344 ca:

2106 2360 2439 2429 hospitalium
2468 2361 2732 2413 hominum
2780 2364 3013 2415 manibus
3059 2371 3398 2414 sustentantcs
3420 2402 3434 2421 ,
3471 2363 3708 2423 cientque

2106 2434 2445 2499 speetantibus
2475 2432 2756 2501 lacrymas,
2793 2440 2840 2485 et
2874 2447 3044 2485 rerum
3080 2430 3419 2501 humanarum
3447 2433 3705 2484 instabili-

2108 2510 2260 2553 tatem
2293 2500 2758 2570 t'olubilitatentque
2806 2502 3089 2555 declarant.
3133 2500 3275 2555 Alios
3321 2503 3556 2571 equidem
3600 2504 3707 2555 ridi

2107 2572 2389 2637 complures
2418 2573 2537 2626 inde
2569 2576 2843 2640 profectos,
2874 2581 2919 2624 et
2945 2572 3091 2625 timui
3124 2588 3142 2623 :
3181 2577 3346 2625 nescio
3376 2574 3540 2638 enim,
3567 2576 3705 2635 quod

2107 2642 2179 2693 ait
2212 2642 2482 2707 Scriptura
2521 2642 2703 2710 (Prov.
2756 2657 2921 2706 xxvtt,
2956 2642 3033 2711 l).
3069 2643 3190 2710 quid
3218 2653 3580 2706 superuentura
3617 2660 3707 2703 ρας

2108 2711 2209 2765 riat
2239 2715 2364 2767 dies.
2406 2713 2540 2767 Tum
2582 2714 2885 2781 Appellioni
2914 2712 3288 2767 leestiacum
3317 2714 3537 2774 spei-tali
3567 2714 3704 2767 alle-

2109 2792 2197 2835 ctu
2220 2785 2578 2847 commendat,
2603 2780 2690 2853 qui
2717 2799 2963 2853 maguum
2991 2799 3055 2837 ex
3080 2782 3697 2853 calamitatibusgquibus

2111 2853 2466 2907 afflictabatur
2497 2851 2716 2908 faciebat
2751 2851 3031 2918 inpietate
3072 2864 3409 2921 proventum.
3473 2851 3706 2905 Veneror

2110 2934 2310 2986 autem,
2344 2925 2510 2993 inquit
2532 2966 2543 2983 .
2575 2927 2625 2977 in
2662 2925 2838 2991 primis
2873 2924 3352 2994 pmstantissimnm
3384 2935 3428 2976 et
3462 2926 3708 2990 magniﬁ-

2110 2996 2453 3048 centissimum
2477 2994 2827 3049 Caelestiacum
2845 3037 2860 3058 ,
2889 2996 2973 3062 qui
3005 3004 3049 3048 et
3072 2995 3407 3047 calamitatem
3431 3009 3581 3061 atquo
3604 2997 3705 3059 fert

2110 3066 2315 3129 animo,
2357 3076 2403 3117 et
2443 3066 2703 3133 felicitatis
2742 3067 3074 3118 mutationem
3110 3066 3163 3117 in
3200 3067 3512 3115 occasionem
3556 3067 3708 3118 vertit

419 3130 513 3205 das
551 3144 652 3181 non
672 3145 821 3205 esse,
851 3131 979 3205 digit
1006 3132 1143 3205 idem
1187 3141 1373 3205 auctor
1395 3173 1409 3196 ,
1436 3133 1526 3185 sed
1557 3133 1799 3205 Afrorum
1827 3133 2007 3186 sceleri
2035 3130 2080 3192 C
2115 3130 2482 3203 philosophice,
2518 3137 2963 3205 universorumque
3001 3134 3498 3205 Rectore‘nlaudat,
3530 3144 3575 3185 et
3608 3136 3710 3187 huc

418 3197 761 3264 deputandas,
792 3202 880 3273 qui
916 3200 1179 3273 Vandalos
1207 3202 1368 3269 gravi,
1395 3197 1663 3270 antequam
1685 3204 1807 3256 illuc
1834 3220 2011 3273 perge-

419 3276 559 3333 rent,
590 3285 650 3321 ac
678 3274 833 3341 longa
859 3272 1122 3341 iniquitate
1154 3280 1447 3327 traxerant.
1488 3273 1815 3327 Eorumdem
1854 3272 2010 3327 Afro-

419 3353 537 3412 rum
562 3340 687 3412 vitia
714 3350 765 3395 et
794 3340 1120 3410 depravatos
1155 3357 1333 3397 mores
1362 3347 1431 3397 ita
1466 3354 1778 3412 exaggerat.
1810 3356 1863 3398 ut
1895 3349 2012 3397 nut-

419 3410 526 3462 lum
552 3411 690 3477 apud
725 3412 868 3481 ipsos
903 3412 1113 3479 bonum,
1145 3413 1237 3467 sed
1263 3422 1421 3467 totum
1452 3410 1644 3468 malum
1672 3413 1831 3468 fuisse
1861 3429 2009 3469 asse-

417 3494 608 3553 verare
638 3498 759 3553 non
802 3483 1051 3547 dubitet,
1101 3482 1242 3550 quod
1304 3500 1496 3553 nempe
1557 3486 1766 3538 exclusa
1814 3496 2013 3541 natura:

417 3551 690 3620 originalis
717 3554 1037 3612 sinceritate.
1076 3551 1639 3623 aliam,quodammodo
1669 3557 1720 3607 in
1747 3554 1827 3610 his
1863 3566 2013 3609 natu-

419 3637 530 3696 ram
555 3624 677 3675 uitia
709 3622 979 3679 fecissent.
1030 3625 1227 3696 Eorum
1263 3622 1594 3693 potissimum
1625 3626 2008 3696 impudicitiam

418 3692 715 3764 insectatur
746 3696 882 3748 libro
913 3711 1004 3749 vtt.
1036 3695 1107 3750 At
1133 3692 1273 3750 libro,
1295 3699 1537 3764 sequenti
1570 3696 1619 3750 in
1652 3692 1747 3751 eos
1778 3698 2009 3753 maxime

419 3762 646 3836 invehit,
676 3765 816 3833 quod
849 3767 987 3818 nulla
1019 3767 1070 3820 in
1096 3781 1282 3821 servos
1311 3762 1425 3830 Dei,
1457 3765 1791 3836 potissimum
1824 3783 2012 3823 mona-

422 3832 594 3899 chos,
624 3832 824 3887 εαιιιιοδ
869 3836 961 3888 Dei
1004 3836 1279 3904 appellat,
1328 3832 1625 3893 reverentia
1675 3847 2007 3904 tenerentur,

422 3916 556 3975 quos
598 3912 782 3975 contra
823 3905 1134 3969 irridebant,
1173 3906 1571 3969 maledicebant,
1614 3910 2009 3975 detestabantur,

421 3972 829 4049 insectabantur,
871 3990 929 4028 ea
962 3977 1131 4049 omnia
1165 3978 1215 4030 in
1243 3977 1361 4031 illos
1387 3995 1513 4047 pene
1543 3979 1783 4049 facientes
1818 3994 1933 4046 qua:
1959 3972 2010 4034 in

424 4042 746 4118 salvatorem
767 4056 995 4099 nostrum
1009 4045 1040 4098 J
1048 4048 1313 4101 udazorum
1331 4042 1562 4115 impietas
1586 4062 1703 4102 ante
1726 4042 1841 4116 fecit
1860 4066 2012 4118 quam

422 4116 491 4166 ad
516 4113 1016 4190 eﬂ'itsionem_ipsam
1049 4118 1206 4190 diuini
1238 4113 1501 4187 sanguinis
1534 4113 1836 4190 perveniret.
1873 4113 2011 4174 Tum

422 4186 582 4253 paulo
613 4194 737 4257 post
760 4186 1027 4257 subjungit
1057 4204 1071 4241 :
1105 4186 1249 4242 Inter
1274 4190 1462 4255 Africw
1485 4186 1743 4247 ciuitates.
1773 4197 1818 4240 et
1846 4192 2013 4243 maxi-

419 4272 502 4308 me
528 4257 668 4310 intra
698 4255 1024 4327 Carthaginis
1058 4273 1253 4321 muros,
1284 4258 1555 4327 palliatum
1584 4270 1630 4313 et
1660 4260 1936 4328 pallidum,
1966 4271 2014 4315 et

421 4327 606 4400 recisis
636 4343 925 4400 comarum
948 4329 1213 4400 fluentium
1232 4328 1396 4400 jubis_
1414 4345 1570 4398 usque
1615 4327 1683 4382 ad
1709 4340 1871 4383 cutem
1901 4340 2015 4385 ton-

422 4413 533 4450 sum
557 4397 751 4471 uidere,
778 4408 885 4450 tam
912 4399 1097 4468 infelia:
1116 4398 1206 4452 ille
1233 4397 1458 4468 populus
1484 4397 1637 4471 quam
1639 4400 1881 4471 inﬁdelis
1902 4403 2013 4457 sine

423 4469 661 4540 convicia
685 4477 838 4540 atque
876 4473 1222 4540 exsecrat'oue
1248 4473 1332 4524 via:
1376 4469 1593 4538 poterat.
1628 4469 1695 4523 Et
1729 4472 1773 4524 si
1804 4474 2009 4540 quando

423 4538 611 4612 aliquis
628 4536 718 4589 Dei
732 4554 903 4612 seruus
920 4552 1009 4593 aut
1028 4541 1092 4594 de
1104 4536 1470 4612 zEgyptiorum
1486 4541 1742 4606 coenobiis,
1756 4536 1867 4609 aut,
1883 4553 2009 4607 etc.,

425 4610 494 4660 ad
525 4610 699 4680 urbem
735 4607 880 4661 illam
928 4612 1088 4680 officio
1129 4607 1285 4665 diuini
1314 4612 1481 4680 aperis
1510 4614 1749 4676 accessit,
1782 4607 1935 4666 simul
1958 4624 2012 4667 ut

426 4677 619 4745 populo
647 4680 903 4755 apparuit,
932 4677 1299 4755 contumelias,
1330 4677 1597 4755 sacrilegia
1623 4695 1669 4738 et
1699 4684 2015 4739 maledictio-

427 4763 515 4803 nes
542 4751 767 4825 excepta
790 4747 899 4801 Nec
926 4751 1087 4825 solum
1117 4747 1765 4825 hoc,.sedimprobissimis
1790 4756 2014 4825 flagitio-

427 4833 601 4872 sorum
629 4817 893 4871 hominum
920 4817 1226 4887 cachinnis,
1246 4832 1295 4876 et
1335 4817 1697 4878 detestantibus
1739 4817 2014 4878 ridetitium

427 4888 589 4942 sibilis
611 4890 756 4963 quasi
781 4893 967 4963 laureis
988 4890 1296 4963 credebatur,
1320 4909 1455 4960 vere,
1478 4908 1532 4947 ut
1553 4897 1595 4948 si
1616 4896 1727 4963 quis
1748 4912 1807 4947 ra
1828 4896 2014 4949 inscius

427 4974 597 5011 rerum
616 4959 728 5034 ﬁeri
751 4960 940 5034 uideret
961 4976 1063 5014 non
1087 4960 1308 5027 aliquem
1329 4963 1581 5018 hominem
1609 4959 1865 5034 ludiﬁcari
1885 5008 1899 5029 ,
1926 4966 2015 5019 sed

428 5043 612 5104 nouum
637 5030 1025 5104 inauditamque
1052 5041 1334 5104 monstrum
1357 5034 1494 5103 abigi
1513 5046 1662 5104 atque
1690 5030 2018 5089 eirterminari

428 5099 783 5170 arbitraretur.
824 5099 951 5155 Hinc
976 5110 1029 5156 et
1057 5102 1158 5157 alia
1208 5105 1357 5170 plura
1400 5099 1683 5161 Salvianus
1726 5121 1876 5161 more
1919 5119 2018 5162 suo

431 5168 657 5241 populos
682 5171 746 5241 ad
787 5171 1157 5241 ptenitentiam
1200 5168 1517 5239 provocandi
1562 5175 1832 5231 desiderio
1859 5179 2014 5232 abre.

428 5249 573 5306 ntus.
621 5238 725 5296 Sed
765 5238 833 5296 de
872 5241 971 5296 bac
999 5238 1333 5310 Carthaginis
1361 5246 1514 5301 clade
1548 5246 1907 5301 consulendus
1936 5256 2021 5301 est

433 5312 766 5385 potissimum
801 5312 983 5385 \lictor
1012 5311 1246 5385 Vitensis
1285 5316 1420 5369 libro
1444 5318 1620 5385 primo
1660 5335 1672 5371 :
1707 5332 1771 5371 ex
1802 5332 1909 5385 quo
1935 5317 2018 5370 di-

432 5384 633 5457 scimus
678 5380 1106 5457 Quodvultdeum
1160 5380 1496 5456 Carthaginis
1539 5380 1847 5457 episcopum
1896 5402 2016 5441 tum

435 5454 821 5525 maximacleri
852 5454 931 5508 sui
964 5454 1415 5525 parte,_vetustte
1460 5459 1585 5512 navi
1617 5454 1920 5525 impositum
1960 5466 2019 5511 ut

422 5524 1087 5597 .undisgabsorberentur,
1132 5523 1406 5597 Neapolim
1448 5523 1752 5597 Campaniae
1794 5526 2021 5583 feliciter

437 5593 723 5665 appulisse.
772 5595 848 5650 De
879 5597 980 5650 isto
1009 5609 1228 5665 agemus
1258 5596 1389 5651 infra
1421 5612 1539 5665 cap.
1570 5593 1625 5652 9.

510 5663 563 5738 βε
602 5659 864 5738 Caeterum
912 5681 1017 5738 quo
1043 5659 1354 5738 'nobiliores
1396 5659 1551 5723 erant
1589 5668 2019 5738 Cartliaginensis

441 5727 590 5790 urbis
617 5736 787 5803 cives,
818 5749 883 5791 eo
912 5727 1268 5805 uiistrabilior
1295 5739 1388 5800 fuit
1421 5740 1633 5798 illorum
1668 5727 1843 5799 casus.
1883 5739 2045 5823 Cum

2041 4507 2091 4565 D

2114 3206 2397 3261 conducere
2436 3208 2736 3272 arbitratur,
2770 3205 3145 3277 quodprillegaut
3173 3204 3282 3271 ﬁeri
3305 3205 3481 3272 jussit,
3520 3217 3619 3277 aut
3645 3222 3711 3258 ne

2114 3277 2255 3341 ﬁeret
2304 3293 2404 3329 non
2463 3279 2741 3342 prohibuit.
2785 3275 3092 3343 'Ineﬁ'abilis
3148 3291 3363 3343 namque
3406 3285 3478 3327 est
3517 3276 3711 3327 divina

2120 3345 2458 3400 Providentia:
2486 3350 2637 3401 ratio.
2676 3347 2833 3400 Hunc
2859 3364 2960 3399 una
2985 3362 3099 3399 cum
3130 3362 3289 3399 uxore
3317 3362 3380 3397 ac
3408 3345 3531 3412 filiis
3560 3363 3710 3415 pere-

2113 3416 2398 3486 grinantctn
2437 3418 2815 3470 Abra/tamitira
2862 3418 3200 3470 benevolentia
3242 3415 3463 3479 excipiat
3499 3417 3710 3481 niagni-

2115 3488 2319 3552 ﬁcentia
2359 3497 2465 3540 tua.
2520 3489 2596 3541 De
2638 3488 2797 3541 animi
2829 3489 2963 3542 enim
2995 3488 3069 3540 tui
3097 3487 3447 3553 magnitudine
3474 3487 3709 3551 conﬁsus

2114 3558 2335 3625 hospites
2370 3560 2494 3613 istos
2520 3559 2793 3612 introdueo
2816 3598 2832 3624 ,
2869 3568 2921 3611 et
2964 3558 3222 3611 liberalem
3261 3557 3521 3609 dexterum
3561 3567 3710 3610 tuam

2114 3630 2343 3682 ostendo.

2185 3700 2239 3753 5.
2287 3700 2507 3752 Exstant
2550 3698 2689 3767 apud
2717 3698 2966 3753 eumdem
3007 3698 3389 3752 Theodorilum
3420 3696 3589 3750 varie
3619 3698 3709 3752 lit-

2117 3778 2248 3823 tera:
2275 3772 2338 3822 ad
2367 3772 2647 3838 episcopos
2678 3769 2963 3823 nonnullos
2983 3811 2996 3831 .
3030 3770 3272 3838 aliosque
3314 3768 3459 3838 viros
3491 3768 3709 3823 nobiles

2115 3839 2252 3910 data:
2277 3842 2340 3892 de
2362 3837 2564 3893 eodem
2580 3851 2914 3910 argumento,
2941 3840 2994 3894 in
3017 3837 3208 3909 quibus
3235 3837 3419 3910 laudat
3434 3851 3705 3892 summam

2114 3909 2414 3965 leestiaci
2458 3913 2508 3963 in
2558 3907 3077 3965 bis'calamitatibus
3122 3907 3455 3978 perferendis
3494 3910 3708 3977 patien—

2117 3981 2265 4033 tiam.
2296 3978 2655 4047 Paupertatem
2677 3992 2866 4043 autem,
2895 3980 3066 4050 inquit
3091 3977 3313 4049 epistola
3344 3977 3413 4031 3i
3437 3985 3502 4031 ait
3533 3979 3709 4033 Patri-

2114 4051 2252 4121 cium
2281 4053 2560 4115 comitem,
2595 4052 2747 4119 facile
2778 4053 2849 4104 ita
2875 4055 2993 4120 fert,
3029 4052 3278 4121 quomodo
3300 4051 3449 4117 pauci
3476 4050 3706 4104 divitias.

2119 4120 2292 4192 Utitur
2317 4122 2477 4173 etiam
2510 4122 2607 4176 hac
2637 4122 2919 4176 occasione
2958 4120 3227 4192 piissimus
3264 4129 3486 4173 aututcs
3526 4132 3585 4173 ut
3622 4138 3709 4175 re~

2114 4207 2232 4245 rum
2278 4190 2629 4245 humanarum
2663 4190 2997 4260 fragilitatem
3034 4193 3105 4244 ob
3144 4193 3327 4245 oculos
3356 4202 3581 4257 poneret
3614 4207 3711 4246 eo-

2116 4277 2231 4315 rum
2261 4261 2325 4313 ad
2356 4276 2488 4330 quos
2519 4264 2805 4318 scribebat.
2836 4263 2925 4316 Sic
2947 4264 3012 4316 ad
3041 4262 3328 4317 Stasimum
3358 4265 3613 4315 comitem
3648 4273 3699 4315 et

2118 4333 2398 4401 primatem
2436 4333 2667 4401 loquitur
2694 4335 2918 4401 epistola
2948 4335 3019 4387 55
3062 4348 3077 4386 :
3116 4332 3336 4401 Expono
3372 4334 3709 4401 iimgniﬁcm-

2119 4404 2202 4475 tize
2242 4412 2346 4456 tua:
2385 4405 2603 4475 patriam
2641 4404 2721 4456 illi
2761 4404 3120 4475 (lecstiaco)
3161 4418 3267 4458 esse
3306 4404 3539 4454 omnibus
3584 4403 3708 4455 ιιιὶηι

2116 4474 2435 4545 decantatam
2497 4474 3047 4545 Libyam,'ciritatem
3102 4490 3218 4527 vero
3276 4475 3707 4545 spectatissimum

2116 4543 2495 4613 Carthaginem,
2522 4543 2707 4598 tribum
2736 4554 2781 4599 et
2813 4545 3064 4616 familiam
3100 4546 3153 4597 in
3186 4552 3362 4597 senatu
3392 4544 3705 4609 clarissimo,

2117 4623 2223 4685 tum
2259 4632 2376 4684 opes
2398 4631 2634 4685 magnas,
2668 4626 2714 4667 et
2743 4632 2901 4679 supra
2934 4632 3087 4684 quam
3118 4631 3244 4679 apus
3275 4620 3380 4685 erat
3407 4617 3702 4683 afﬂuentes.

2122 4683 2311 4737 Verum
2340 4686 2447 4739 lucc
2476 4683 2644 4738 omnia
2669 4684 2843 4752 fabula
2881 4683 3012 4738 nunc
3041 4695 3177 4745 sunt,
3211 4693 3254 4737 et
3288 4683 3435 4737 rebus
3466 4687 3708 4736 destituta

2118 4757 2460 4811 narratio.....
2496 4755 2638 4809 Talis
2664 4759 2903 4810 nimirum
2940 4767 3011 4808 est
3042 4756 3302 4807 hominum
3332 4754 3433 4817 frit".
3454 4760 3577 4817 itas,
3600 4766 3705 4808 etc.

2119 4825 2317 4880 Eadem
2351 4829 2518 4882 l'erme
2553 4830 2746 4896 repetit
2777 4828 2828 4880 in
2861 4828 3083 4895 epistola
3113 4826 3179 4879 '50
3210 4826 3272 4877 ad
3300 4831 3483 4883 Αιιιιιιι
3510 4828 3705 4893 Sophi-

2118 4907 2253 4948 Stam
2276 4938 2289 4958 .
2320 4908 2372 4950 et
2409 4898 2460 4950 in
2500 4899 2724 4965 epismla
2766 4897 2835 4951 32
2862 4898 2926 4951 ad
2957 4897 3290 4951 Theotimum
3336 4901 3557 4952 Βι·ι‹ιε;υ
3595 4899 3706 4963 epi-

2121 4980 2361 5034 sc0pum.
2400 4968 2505 5021 Sed
2539 4969 2911 5023 observatione
2938 4969 3097 5036 digna
3124 4978 3246 5021 sunt
3274 4984 3391 5037 qum
3420 4968 3489 5021 de
3512 4968 3704 5019 eodem

2121 5037 2435 5090 Cmtestiaco
2474 5039 2658 5091 scribit
2685 5039 2748 5091 ad
2782 5038 3059 5103 Domuum
3080 5039 3469 5094 Antiochenum
3497 5038 3707 5103 episco-

2121 5121 2265 5175 pum,
2296 5110 2520 5176 epistola
2549 5108 2635 5161 5|.
2668 5102 3124 5171 Prtrstantissin'in,
3162 5109 3347 5175 inquit.
3381 5121 3429 5162 et
3467 5102 3706 5175 magniﬁ-

2120 5179 2405 5230 cautissimo
2435 5178 2728 5232 Ccelcsliaco
2773 5181 2942 5242 patria
2972 5181 3172 5245 quidem
3217 5182 3541 5233 Crlr'bcrrima
3583 5176 3707 5231 Car-

2125 5248 2298 5316 thago,
2338 5264 2493 5316 genus
2526 5265 2640 5301 vero
2674 5249 2809 5315 quod
2828 5250 2919 5302 illa
2956 5251 3051 5317 fuit
3072 5251 3365 5317 spectabile.
3393 5251 3457 5301 At
3488 5265 3623 5302 nunc
3648 5266 3706 5301 es

2122 5332 2181 5370 ea
2205 5318 2379 5382 pulsus
2406 5329 2603 5372 exteras
2638 5336 2753 5372 oras
2775 5330 3044 5387 peragrat,
3069 5329 3129 5373 et
3152 5319 3246 5372 Dei
3280 5322 3567 5372 amantium
3601 5336 3705 5371 mtt-

2121 5403 2245 5439 num
2284 5389 2645 5456 circumspicit.
2693 5389 2857 5442 Habet
2899 5399 3140 5455 prteterea
3177 5406 3306 5444 onus
3339 5391 3707 5452 necessarium,

2122 5459 2258 5526 quod
2278 5458 2357 5511 illi
2378 5476 2524 5512 curas
2547 5470 2695 5529 auget
2712 5503 2724 5522 ,
2755 5475 2966 5512 uxorrm
2992 5470 3038 5512 et
3066 5460 3199 5529 ﬁlius
3224 5472 3271 5515 et
3296 5462 3541 5529 famulos,
3580 5476 3709 5528 quo-

2122 5543 2235 5580 rum
2262 5544 2415 5583 causa
2447 5528 2674 5599 pluribus
2705 5540 2812 5601 eget
2840 5530 3101 5597 impensis.
3144 5528 3253 5600 Ego
3276 5528 3391 5585 vero
3426 5530 3570 5583 illius
3600 5530 3709 5601 ani-

2123 5614 2262 5651 mum
2298 5601 2581 5652 admiratus
2618 5600 2747 5652 sum.
2785 5600 2874 5655 Sic.
2916 5602 3050 5653 enim
3087 5603 3231 5668 quasi
3267 5602 3499 5653 secundis
3554 5600 3711 5655 ventis

2123 5671 2357 5741 ferretur.
2389 5670 2778 5741 gubernatorem
2814 5672 3014 5735 laudat,
3051 5680 3099 5724 et
3133 5688 3335 5741 gravem
3362 5680 3711 5741 tempestatem

2094 5739 2270 5825 arma
2307 5739 2460 5813 217
2498 5740 2636 5811 facit.
2672 5739 2919 5799 Pietatem
2951 5739 3168 5813 namque
3193 5757 3257 5798 ex
3291 5740 3590 5796 calamitate
3623 5754 3716 5796 sua
