3910 6172
206 334 211 342 ,
229 274 313 329 δίἸ

554 268 878 326 ιιυιΝΑιιΤι
918 269 982 323 IN
1026 266 1395 328 HISTORIAM
1435 258 1717 315 PERSEC.
1766 258 2058 316 \‘ANDAL.
2101 258 2632 318 COMMENTARIUS
2673 251 3095 315 llLSTORICUS.

3352 258 3457 315 598

228 384 387 447 fundo,
415 392 606 436 caetera
640 397 769 433 vero
797 394 917 451 quae
946 380 1011 433 de
1047 378 1278 443 Eugenio
1317 382 1540 451 aliisque
1567 381 1775 431 confcs-
1806 392 1857 451 Α
1883 384 2051 451 desire
2080 380 2327 451 conﬁrma
2354 375 2514 451 iuueni
2543 378 2704 431 virere
2730 378 2938 451 assiirit.
2973 376 3179 451 Locum
3200 384 3457 451 integrum

225 455 409 508 soribus
457 451 723 505 Africanis
778 450 1011 516 profert,
1062 465 1126 517 ex
1181 450 1566 517 antiquioribus
1614 459 1774 516 atque

226 528 362 577 certis
386 523 745 574 monumentis
771 521 1040 573 hauserat.
1067 516 1329 572 Caeterum
1359 534 1417 573 ea
1449 518 1625 572 munia
1654 534 1774 586 qua:

225 595 278 647 de
315 594 405 645 hac
442 594 813 655 persecutione
851 598 956 642 tam
991 591 1041 641 in
1078 588 1238 658 250
1268 588 1499 641 Historia
1543 587 1775 642 Franco-

225 679 322 717 rutn
353 677 503 730 quam
538 663 588 712 in
632 660 772 713 libro
809 659 873 713 de
903 659 1082 712 Gloria
1114 662 1403 730 Martyrum
1442 658 1639 730 ret'ert,
1677 676 1776 711 suo

226 735 325 787 loco
352 728 565 785 inferius
593 730 984 793 exhibebimus,
1017 744 1137 783 cum
1171 728 1420 782 nonnulla
1453 729 1774 793 prmitiiseri-

226 818 325 857 mus
350 818 463 870 quae
498 802 565 853 de
613 800 715 853 illis
752 800 1099 853 sanctissimis
1126 797 1524 853 confessoribus
1552 797 1641 850 alii
1684 814 1775 850 au-

224 884 376 927 ctores
402 872 617 924 habent.

278 943 326 995 ‘2.
361 944 427 995 De
456 939 676 1007 Euge‘nii
702 936 1033 992 ordinatione
1060 938 1137 990 sic
1164 936 1399 1006 loquitur
1422 934 1603 1007 Victor
1632 936 1775 1007 Tun-

224 1013 449 1067 noncnsis
487 1006 773 1078 episcopus
797 1009 861 1078 Ain
901 1007 1165 1078 Chronico
1197 1022 1213 1059 :
1250 1007 1465 1078 l’iviano
1515 1006 1581 1059 V.
1626 1006 1775 1078 Cret

227 1082 395 1134 Basilio
436 1076 726 1133 consulibus
775 1076 1187 1145 Carthaginensis
1238 1077 1475 1130 Ecclesia:
1519 1086 1630 1142 post
1673 1077 1772 1129 Ca-

224 1153 453 1220 preolnin,
489 1150 890 1220 Quodvultdeus,
917 1146 1176 1218 Eugenius
1201 1147 1463 1220 episcopus
1484 1146 1631 1198 ordin
1650 1159 1771 1199 itur.

223 1216 383 1274 Annus
410 1223 489 1273 liis
518 1220 829 1273 consulibus
857 1216 1165 1283 designatus
1194 1216 1332 1283 apud
1370 1217 1630 1269 Victorem
1654 1234 1774 1270 tera:

222 1293 509 1345 Christiana.-
550 1306 692 1342 anno
737 1288 843 1343 465
871 1289 1190 1354 respondet,
1232 1302 1337 1355 quo
1384 1300 1513 1339 Sane
1557 1286 1773 1351 Engenii

219 1362 458 1415 irdinatio
487 1360 791 1427 consignari
832 1360 1031 1418 nequit.
1064 1357 1265 1409 Etenim
1311 1371 1373 1408 ex
1418 1357 1639 1427 alterius
1691 1356 1776 1407 Vi-

217 1433 394 1493 ctoris,
431 1426 665 1484 Viti-usis
703 1428 907 1482 scilicet
937 1428 1198 1488 Historia,
1229 1441 1436 1479 certum
1474 1435 1557 1479 est
1608 1426 1774 1493 Euge-

220 1504 347 1555 nium
373 1503 493 1554 huic
533 1501 791 1554 Ecclesim
824 1497 1128 1565 prchectmn
1170 1495 1333 1549 fuisse
1374 1498 1472 1550 sub
1512 1496 1777 1550 Hunerico

220 1586 347 1639 rege,
377 1588 492 1625 cum
528 1572 780 1623 nimirum
822 1570 921 1621 iste
963 1568 1216 1639 barbarus
1248 1567 1311 1620 ad
1344 1566 1569 1620 Zenonis
1610 1566 1775 1639 impe-

221 1636 391 1694 raioris
420 1640 768 1708 Placidueque
796 1638 997 1708 Olybrii
1030 1637 1231 1690 relicta:
1259 1652 1462 1708 preces,
1496 1636 1775 1690 catholicis

223 1707 713 1780 Cartliaginensibus
734 1707 1061 1780 peritusnsset
1081 1707 1315 1780 episcopi
1339 1708 1652 1780 eleCtioni-m
1672 1747 1697 1780 ,_
1719 1715 1776 1780 ut

224 1781 369 1835 fusius
400 1776 577 1834 narrat
615 1781 702 1832 ille
734 1787 916 1831 auctor
957 1777 1075 1830 libri
1123 1793 1155 1829 ιι
1191 1778 1361 1830 initio.
1393 1779 1458 1830 At
1499 1792 1641 1830 anno
1672 1776 1778 1830 462

226 1851 523 1904 Censericus
576 1849 827 1903 Iluuerici
877 1858 1025 1915 pater
1068 1857 1121 1900 et
1169 1862 1462 1914 praecessor
1506 1848 1679 1900 adhuc
1725 1847 1776 1901 in

229 1923 345 1973 vivis
382 1922 597 1989 agebat,
632 1929 686 1972 et
714 1918 859 1972 Zeno
891 1918 972 1970 his
1013 1918 1340 1983 temporibus
1387 1916 1618 1970 nonduin
1650 1933 1775 1970 con-

230 1988 486 2044 scenderat
518 1991 846 2055 imperialem
898 1989 1174 2051 thronum,
1221 1988 1295 2041 uti
1333 1996 1538 2040 certum
1578 1994 1692 2051 est,
1726 1994 1781 2040 et

227 2076 285 2113 ex
313 2062 417 2127 ipso
449 2060 679 2113 Victoris
707 2058 1081 2113 Tunnoncnsis
1118 2056 1385 2127 Chronico
1417 2058 1626 2127 probari
1658 2072 1781 2125 pos-

230 2142 315 2183 set.
332 2125 475 2185 Sane
502 2146 568 2183 ex
597 2129 714 2182 aliis
747 2128 1107 2195 compluribus
1138 2125 1390 2181 Victorini
1422 2125 1579 2196 hujus
1602 2126 1776 2180 Chro-

231 2202 318 2253 uici
346 2201 469 2254 locis
497 2213 700 2254 certum
741 2208 823 2252 est
855 2201 992 2251 hunc
1030 2208 1322 2259 auctorem,
1352 2212 1471 2251 cum
1499 2198 1780 2267 episcopos

233 2271 537 2324 iliver~arum
572 2271 777 2323 sudium
812 2280 1089 2333 recenset,
1122 2268 1279 2321 simul
1311 2270 1360 2321 in
1394 2283 1554 2321 unum
1585 2282 1779 2320 annum

232 2342 389 2404 plures
430 2342 765 2410 congessisse
803 2353 938 2410 quos
977 2348 1152 2410 tamen
1199 2339 1357 2392 Variis
1400 2349 1453 2391 ct
1496 2337 1779 2410 plurimum

226 2412 405 2465 (liSalllS
429 2407 755 2475 temporibus
777 2409 1048 2463 ordinatos
1070 2407 1232 2462 fuisse
1258 2424 1413 2462 nemo
1438 2408 1776 2463 iuliciabitur.

228 2481 304 2535 Sic
329 2483 474 2548 paulo
511 2479 731 2534 inferius
772 2480 1021 2533 Hilarium
1041 2517 1055 2543 ,
1085 2478 1436 2547 Simplicitqu
1464 2489 1515 2532 et
1544 2478 1778 2533 Felicem

230 2552 484 2613 pontiﬁces
512 2555 781 2606 ltomanos
808 2552 859 2603 in
892 2565 1054 2602 unum
1085 2552 1357 2617 congerit,
1386 2549 1525 2603 sicut
1559 2558 1613 2602 et
1639 2550 1780 2603 Gen-

228 2623 454 2685 nadium,
485 2623 789 2675 Anatolium
829 2632 881 2674 ct
912 2623 1158 2673 Acacium
1202 2620 1480 2687 episeopos
1518 2618 1781 2672 Constan-

231 2694 610 2759 tinopolitanos,
643 2703 729 2757 et,
763 2703 817 2744 ut
860 2701 1086 2745 αυιθιοε
1116 2698 1349 2751 taceam,
1393 2690 1774 2755 Alexandrum,

226 2762 507 2832 Martyrium
538 2770 591 2815 et
618 2762 885 2816 lulianum
916 2762 1298 2832 Antiochenos.
1322 2761 1482 2832 _Adde
1512 2758 1779 2813 Victorem

225 2849 286 2885 eo
314 2830 405 2886 loci
443 2833 641 2885 nullam
683 2832 993 2899 Deogratias
1029 2830 1266 2897 episc0pi
1315 2830 1504 2883 fecisse
1548 2833 1777 2883 mentio-

226 2918 373 2954 nem:
412 2918 569 2972 quem
621 2913 800 2954 tamen
851 2902 987 2954 inter
1034 2899 1491 2972 Quodvultdeum,
1539 2902 1643 2972 qui
1683 2914 1780 2972 pro

228 2973 320 3025 ﬁde
354 2976 401 3025 in
428 2969 673 3026 exsilium
716 2972 899 3040 pulsus
936 2982 1047 3034 est,
1091 2983 1144 3024 et
1189 2969 1482 3037 Eugenium
1525 2970 1779 3023 Ecclesia:

224 3042 609 3110 Cirtliagiuensi
643 3042 916 3110 praefuisse
944 3050 1173 3094 coostat.
1206 3044 1271 3094 Ai
1302 3040 1520 3109 Eugenii
1564 3041 1779 3093 ordina-

1880 447 2083 502 rel'erre
2106 448 2174 500 ab
2200 462 2258 499 re
2281 459 2391 498 ιιοιι
2416 446 2513 498 erit
2537 462 2601 498 cx
2628 462 2735 515 quo
2763 446 3020 500 discimus
3053 447 3182 500 tanti
3218 448 3314 499 viri
3347 450 3461 500 elu-

1878 518 2220 571 cubrationes
2249 517 2441 584 quibus
2470 516 2761 569 Ecclesiam
2800 518 3115 571 catholicam
3148 518 3456 572 illustravit.

1878 588 1968 641 Sic
1994 598 2169 639 autem
2204 585 2365 639 habet
2401 586 2453 638 in
2484 588 2845 639 vetustissimo
2886 600 3078 641 nostra:
3124 587 3459 641 biblotliecze

1876 658 2055 711 Sancti
2088 655 2339 710 Germani
2366 655 2551 709 codice
2580 658 2962 724 ttiattuscripto,
2995 656 3185 711 litteris
3228 655 3458 709 Franco-

1877 726 2115 789 Gallicis,
2148 728 2260 779 sive
2292 726 2683 794 Merovingicis,
2714 728 2780 779 ab
2812 727 2967 780 anuis
2993 727 3207 781 circiter
3237 740 3451 779 ceniun

1878 798 2034 860 supra
2067 796 2231 856 mille,
2260 807 2315 848 ut
2341 796 2449 859 jam
2478 797 2727 861 diximus,
2758 808 2976 850 exarato
3002 813 3014 847 :
3049 795 3305 863 Engcnins
3332 796 3455 849 Cu"—

1878 867 2102 937 thaginis
2132 866 2345 937 Africae»
2360 867 2576 937 civitatis
2606 872 2894 937 episcopus,
2924 875 2971 919 et
3001 872 3258 934 confessor
3291 867 3456 934 publi-

1878 935 1987 1000 cus,
2022 937 2207 1003 petitus
2244 953 2273 986 ιι
2307 935 2592 988 Chunerico
2630 935 2981 989 l’anda/orum
3008 952 3153 1005 rege,
3193 937 3458 989 cat/iuliae

1880 1007 1998 1072 fidei
2028 1007 2389 1069 expositionem
2421 1016 2467 1057 et
2500 1007 2718 1057 maxime
2748 1006 2880 1059 verbi
2919 1008 3135 1059 omousii
3175 1009 3452 1067 rationem,

1877 1091 2126 1130 consensu
2150 1079 2373 1128 omnium
2395 1077 2752 1144 Africanorum
2777 1086 2822 1129 et
2851 1075 3172 1140 Maurorum,
3197 1075 3286 1131 Sa:
3304 1077 3456 1128 diuiw

1878 1154 1924 1198 et
1957 1144 2177 1199 Corsicw
2202 1147 2555 1214 episcoporum
2592 1156 2636 1198 et
2677 1151 3025 1211 confessormn
3062 1149 3147 1215 qui
3197 1148 3249 1199 in
3281 1154 3455 1201 catho-

1880 1216 1979 1267 lica
2018 1229 2399 1285 permanserunt
2446 1216 2566 1283 ﬁde,
2613 1220 2894 1280 composuit
2930 1218 3115 1269 librum
3164 1218 3311 1281 fidei,
3355 1235 3454 1270 non

1877 1286 2045 1337 solum
2070 1298 2365 1337 sanctarum
2394 1286 2602 1351 Scripu
2632 1303 2807 1348 arum,
2845 1288 2932 1340 sed
2974 1298 3019 1339 et
3050 1286 3267 1339 Patrum
3312 1289 3450 1340 testi-

1878 1357 2061 1408 moniis
2088 1356 2482 1419 conimimitunt;
2514 1368 2558 1408 et
2588 1372 2675 1425 per
2714 1357 2934 1425 collegas
2977 1358 3306 1425 confessionis
3353 1373 3457 1409 sum

1878 1428 2104 1493 porrexit
2133 1427 2200 1496 ad
2242 1426 2576 1496 portandum.
2617 1426 2774 1496 [Eiliti
2816 1428 3053 1491 perrexit.
3083 1426 3203 1479 Jam
3229 1443 3344 1480 vero
3373 1445 3454 1480 αδδ

1879 1494 2187 1566 portandus]
2219 1513 2310 1563 pro
2351 1496 2515 1562 ﬁdelis
2560 1494 2749 1564 lingua:
2786 1498 3188 1551 remuneratione
3226 1498 3280 1551 in
3323 1500 3455 1551 exsi-

1880 1565 2041 1625 lium,
2071 1565 2182 1618 vice
2212 1568 2293 1619 sui
2340 1568 2727 1619 commonitoria
2767 1567 2914 1631 ﬁdei,
2955 1579 3003 1621 et
3041 1570 3189 1621 unius
3234 1570 3368 1621 sacri
3411 1577 3457 1620 et

1880 1637 2213 1687 conservandi
2245 1636 2560 1701 baptismatis
2592 1640 2762 1690 ovibus
2788 1640 2916 1700 suis,
2943 1639 3087 1703 quasi
3118 1648 3287 1699 pastor
3314 1639 3457 1690 solli-

1881 1707 2011 1757 cims
2040 1706 2323 1772 dereliquit.
2349 1706 2715 1759 Altercationes
2737 1724 2933 1776 quoque
2956 1725 3080 1772 quas
3107 1719 3282 1761 contra
3311 1711 3461 1761 Aria-

1883 1790 1973 1846 nos
2008 1779 2250 1839 pussula
2297 1792 2386 1844 Per
2414 1777 2747 1829 internuntios
2790 1778 3000 1837 habuit,
3041 1781 3373 1846 conscripsit;
3411 1792 3457 1833 et

1884 1843 2121 1916 legendas
2148 1862 2236 1911 per
2263 1843 2511 1916 majorem
2538 1847 2717 1900 domus
2743 1846 3024 1901 Chunerico
3062 1843 3267 1902 direxit.
3301 1850 3339 1903 S
3366 1852 3457 1903 mi-

1882 1913 1999 1988 liter
2020 1927 2066 1968 et
2090 1932 2259 1988 preces
2278 1913 2554 1988 proquiele
2576 1916 2985 1988 Christianorum
3005 1920 3164 1971 eidem
3184 1920 3315 1973 velut
3334 1939 3457 1988 opo-

1882 1981 2045 2051 logias
2075 1981 2286 2038 obtulit.
2314 1981 2494 2039 Vicere
2518 1986 2686 2038 adhuc
2720 1988 2789 2040 ad
2817 1989 3251 2055 confirmationem
3283 1981 3455 2044 Eccle-

1882 2056 1971 2107 sia:
1984 2055 2189 2108 dicitur.
2213 2057 2283 2108 Ex
2302 2055 2382 2110 his
2399 2065 2575 2109 autem
2604 2056 2823 2123 Eugenii
2846 2058 3113 2125 opus-cinis
3133 2074 3161 2112 a
3186 2060 3458 2115 Gennadio

1884 2126 2182 2196 recensitis,
2211 2136 2403 2193 printer
2426 2127 2541 2180 fidei
2568 2125 2933 2182 Conlessiouis
2962 2128 3175 2193 librum,
3203 2131 3289 2196 qui
3321 2145 3350 2181 li
3378 2142 3459 2185 tus

1886 2193 2115 2269 Victoris
2159 2199 2402 2269 Historia:
2432 2197 2667 2269 ittSertus
2704 2211 2817 2261 εει,
2850 2209 2902 2252 et
2936 2193 3303 2269 suggerendnin
3352 2202 3457 2254 llu-

1884 2266 2069 2319 nerico
2098 2267 2208 2335 regi
2241 2266 2503 2329 oblatam,
2534 2268 2673 2335 apud
2704 2269 2949 2323 eumdem
2982 2266 3270 2331 auctorem,
3307 2288 3457 2327 unica

1884 2346 2130 2408 superest
2156 2339 2270 2404 ejus
2300 2338 2545 2404 epistula,
2573 2355 2732 2408 quam
2763 2341 2813 2393 in
2840 2340 3087 2393 exsilium
3116 2341 3458 2408 abripiendns

1884 2406 1950 2459 ad
1988 2409 2289 2478 suoscives
2316 2406 2763 2478 Carthaginienses
2803 2410 3153 2477 conscripsit,
3195 2406 3251 2465 ut
3284 2429 3377 2465 eos
3408 2432 3457 2467 in

1888 2478 1990 2529 tide
2029 2476 2286 2532 catholica
2316 2476 2678 2534 confirmaret.
2716 2482 2859 2534 lianc
2897 2495 3058 2547 porro
3084 2476 3202 2534 cum
3241 2482 3357 2537 aliis
3392 2499 3456 2536 εις

1887 2546 2099 2600 milibus
2132 2550 2227 2602 hac
2254 2564 2383 2607 voce
2407 2552 2823 2614 comntonitoria,
2848 2546 2941 2603 seu
2959 2590 2972 2609 .
3004 2560 3061 2603 ut
3089 2551 3212 2603 editi
3244 2553 3458 2616 habent,

1884 2616 2125 2684 epistolas
2152 2618 2415 2683 designari
2461 2619 2681 2673 dubiant
2727 2636 2831 2673 non
2879 2629 2980 2674 est.
3030 2620 3282 2674 Eamdem
3326 2624 3459 2675 infra

1885 2686 2235 2760 exGregorio
2260 2688 2593 2760 Turonensi,
2623 2692 2712 2758 qui
2744 2690 2899 2743 nobis
2927 2691 3068 2743 illam
3101 2697 3455 2760 eoiiservavit,

1884 2756 2252 2812 exhibebimus
2281 2761 2345 2813 ad
2383 2759 2589 2825 aliquot
2631 2756 3021 2829 iuanuscriptos
3060 2761 3270 2816 codices
3299 2756 3461 2817 colla;

1886 2835 2015 2880 tam.

1955 2896 2010 2950 4.
2044 2897 2338 2953 Cardinalis
2379 2899 2658 2963 Baronius,
2692 2899 2757 2953 ad
2799 2915 2995 2953 annum
3027 2899 3153 2964 495,
3186 2905 3462 2959 contendit

1888 2967 2180 3036 Eugenum
2208 2986 2237 3022 a
2267 2970 2623 3024 Guntabuudo
2664 2970 2912 3025 Himerici
2956 2985 3269 3025 successore
3317 2976 3462 3029 varie

1883 3039 2229 3110 exagitatnm,
2254 3049 2309 3095 ct
2334 3040 2548 3094 tandem
2574 3052 2721 3095 extra
2747 3042 2977 3110 Africam
3000 3043 3230 3110 ejectum
3264 3043 3314 3095 iu
3339 3045 3464 3098 Gal—

226 3114 371 3189 tionis
383 3105 607 3189 tempus
732 3113 885 3189 longe
919 3112 1235 3166 certioribus
1264 3105 1590 3189 argumentis
1628 3112 1778 3189 colli-
1807 3125 1853 3189 ρ
1883 3105 2491 3189 Ιὶξιςξθρριιιιιεεθηδιίιιιθ
2520 3111 2591 3165 ibi
2622 3112 2761 3178 apud
2796 3105 3148 3189 Albig'ensein
3167 3114 3464 3189 Aquitania:

223 3196 335 3249 gere
360 3183 504 3247 licet,
540 3198 606 3236 ex
638 3183 702 3236 iis
728 3182 932 3235 scilicet
966 3196 1084 3250 quae
1119 3195 1279 3250 supra
1308 3195 1426 3248 cap.
1455 3180 1509 3246 6,
1543 3196 1691 3233 num.
1720 3180 1778 3246 6,

224 3254 283 3305 de
322 3254 473 3307 beato
518 3253 828 3320 Deogratias
869 3252 983 3319 ejus
1028 3252 1312 3305 decessore
1358 3252 1777 3304 observavimus.

225 3332 342 3374 Lum
368 3326 504 3375 enim
532 3340 597 3375 ex
630 3324 711 3377 his
740 3330 914 3390 pateat
946 3323 1248 3389 Deogratias
1273 3336 1414 3374 anno
1438 3323 1651 3374 circiter
1674 3321 1778 3375 457

225 3394 283 3443 ad
304 3407 515 3460 superos
536 3394 754 3454 abiisse,
782 3393 1102 3460 aliuudcque
1131 3407 1195 3445 ex
1222 3392 1431 3444 Victore
1454 3391 1652 3445 Vitensi
1684 3392 1775 3446 lib.

225 3477 285 3515 ll.
315 3481 450 3515 num.
497 3466 556 3529 t,
604 3476 809 3516 certum
858 3463 925 3516 sit
970 3462 1256 3516 Ecclesiam
1303 3461 1778 3529 Carthaginiensem

226 3534 363 3584 aniiis
414 3533 481 3585 ξι
535 3542 655 3601 post
707 3536 871 3599 ipsius
918 3533 1121 3585 obitum
1167 3535 1421 3597 episcopo
1470 3533 1775 3585 destitutam

227 3606 499 3667 mansisse;
531 3614 676 3671 patet
704 3618 915 3671 quoque
946 3602 1162 3670 Eugeuii
1195 3602 1623 3668 ordinationem,
1654 3604 1776 3669 qui,

225 3688 271 3721 ut
296 3690 352 3725 ex
381 3676 563 3727 eodem
591 3688 806 3725 auctore
837 3673 1112 3738 discimus,
1146 3672 1302 3725 beato
1332 3673 1634 3739 Deogratias
1661 3688 1779 3726 suc-

224 3749 403 3806 cessit,
431 3760 572 3796 anno
605 3744 819 3797 circiter
846 3742 941 3796 481
983 3743 1179 3795 debere
1208 3741 1530 3811 ciinsignari.
1575 3743 1635 3794 Et
1665 3742 1783 3811 qui-

224 3816 334 3864 dem
360 3815 452 3867 hoc
480 3830 621 3866 anno
654 3815 885 3867 nondum
913 3824 1091 3880 aperta
1121 3821 1235 3865 erat
1264 3829 1354 3876 gra
1367 3827 1443 3863 vis
1480 3813 1567 3864 illa
1601 3828 1782 3878 persc-

222 3892 304 3934 cnt
325 3902 357 3935 o
392 3901 485 3951 qua
519 3885 815 3938 llunericus
846 3894 1024 3944 postea
1066 3894 1168 3934 tam
1215 3893 1448 3950 gravdcr
1479 3883 1778 3936 Africanam

223 3955 439 4006 turpavit
478 3955 802 4019 Ecclesium,
834 3967 891 4006 ut
920 3968 1080 4020 supra
1123 3968 1242 4020 Cap.
1278 3953 1596 4020 praecedenti
1628 3968 1777 4008 num.

226 4021 284 4075 l0
306 4033 357 4075 ct
383 4027 613 4092 sequenti
639 4027 1003 4092 exposuimus.

281 4096 332 4147 5.
369 4093 455 4147 Poi
470 4111 529 4149 ro
563 4095 741 4148 Victor
772 4092 1148 4147 Tunnoncnsis
1187 4093 1303 4148 loco
1338 4092 1553 4147 laudato
1589 4093 1780 4148 obser-

220 4176 295 4215 vat
320 4165 602 4231 Eugenium
643 4175 754 4234 past
775 4166 890 4217 dira
917 4165 1067 4217 eremi
1093 4164 1273 4216 exsilia
1302 4165 1533 4234 plurimis
1554 4164 1784 4234 afﬂictio-

218 4234 360 4286 nibus
400 4238 657 4303 pwiiisme
687 4236 880 4287 clarum
926 4235 1065 4303 apud
1109 4249 1281 4287 omnes
1310 4233 1504 4298 fmsse,
1536 4235 1678 4301 quod
1715 4251 1780 4289 ex

216 4306 428 4358 aliorum
459 4310 618 4360 etiam
650 4306 887 4372 ejusdem
928 4305 1027 4358 aevi
1068 4304 1411 4357 illustriorqu
1453 4306 1775 4371 scriptorum

218 4377 522 4429 testimoniis
545 4376 850 4430 coulirtnari
885 4385 1075 4439 potest
1106 4375 1178 4429 De
1206 4376 1288 4427 Itis
1313 4391 1433 4441 qua:
1458 4377 1524 4428 ab
1552 4376 1784 4430 Antonio

216 4444 616 4499 Taiuallumensi
657 4450 973 4498 Arianorum
1019 4447 1272 4512 episcopo
1314 4447 1366 4497 in
1410 4446 1599 4499 exsiiio
1638 4446 1775 4515 apud

215 4529 326 4566 cum
348 4518 667 4569 coiistituius
698 4518 943 4583 pertulit,
972 4531 1073 4569 non
1095 4516 1253 4568 alium
1275 4515 1564 4583 querimus
1588 4527 1775 4570 testem

216 4596 398 4649 prater
427 4588 696 4640 Victorem
726 4588 1014 4649 VitcnSi-m,
1040 4602 1196 4655 quem
1227 4588 1506 4640 COIISIllel‘e
1536 4586 1657 4640 licet
1684 4587 1773 4640 lib.

216 4668 262 4718 ν,
297 4672 438 4709 num.
470 4660 557 4712 ll.
600 4656 781 4711 Animi
822 4671 948 4710 vero
991 4657 1151 4724 ipsius
1202 4656 1616 4721 magnitudinem
1661 4660 1778 4726 plu-

215 4729 397 4779 rimum
434 4731 777 4782 commendat
818 4725 1060 4781 Gelasms
1092 4743 1222 4794 papa
1260 4728 1309 4780 in
1334 4726 1557 4791 epistola
1604 4725 1668 4781 l3
1712 4730 1776 4781 ad

212 4797 479 4866 episcopos
510 4799 823 4856 Dirdaniaa.
854 4800 1045 4866 quibus
1089 4798 1307 4867 Eugeuii
1347 4798 1779 4866 collegarumque

214 4867 341 4920 illius
370 4870 670 4936 exemplum
712 4876 836 4921 aute
863 4869 1046 4920 oculos
1079 4873 1259 4935 ponit,
1292 4878 1348 4921 ut
1374 4883 1404 4921 e
1434 4883 1492 4921 re
1531 4874 1782 4923 sacerdo-

214 4945 312 4989 ttnn
351 4953 470 4993 esse
515 4940 791 4997 ostendat.
844 4938 1135 5006 principum
1180 4938 1459 4992 conatibus
1490 4939 1773 5002 obsistere,

209 5022 320 5059 rum
358 5011 499 5075 regia
540 5009 855 5063 auctoritate
896 5010 1108 5061 lirmare
1154 5012 1393 5062 nituntur
1418 5024 1480 5062 ea
1523 5026 1640 5077 qua:
1685 5011 1779 5062 ad-

210 5091 386 5131 tersus
414 5082 633 5145 justitia:
664 5081 806 5145 legis
843 5081 992 5131 liunt.
1038 5077 1189 5135 Ecce.
1231 5080 1425 5148 inquit,
1471 5096 1632 5148 nuper
1661 5080 1779 5133 Ilu-

207 5150 366 5200 nerico
397 5152 502 5219 regi
541 5150 839 5202 l’andalictc
863 5151 1105 5212 nationis,
1138 5150 1211 5203 vir
1238 5166 1448 5217 magnus
1475 5164 1519 5202 et
1544 5155 1778 5218 egregius

207 5222 437 5273 sacerdos
460 5232 507 5274 et
547 5221 804 5290 Eugenius
836 5221 1251 5287 Carthaginensis
1278 5223 1562 5287 episcopus,
1597 5223 1775 5273 multi-

208 5305 293 5349 que
320 5307 439 5342 cum
467 5294 645 5343 eodem
697 5291 931 5343 catholici
972 5290 1259 5343 sacerdotes
1296 5290 1452 5360 241
1485 5301 1777 5345 constanter

206 5362 490 5413 restiterunt
548 5363 811 5424 uenienti,
870 5372 1150 5428 cunctaque
1195 5370 1419 5412 extrema
1468 5363 1770 5430 tolerantes,

204 5432 446 5498 hodieque
486 5434 888 5495 persecutoribus
916 5432 1147 5484 resistere
1184 5446 1283 5482 non
1324 5434 1579 5484 omittunt.
1614 5432 1777 5485 Eum—

204 5502 314 5552 dem
344 5505 740 5555 sanctissimum
768 5505 1054 5556 antistitem
1078 5502 1382 5569 confessoris
1411 5501 1602 5568 publici
1626 5504 1779 5557 titulo

204 5585 422 5625 exornat
459 5572 763 5625 Gennadius
796 5571 1141 5625 Massilicnds
1173 5575 1223 5625 in
1254 5571 1508 5641 Catalogo
1549 5574 1777 5641 scripto-

204 5656 310 5693 rum
343 5646 521 5696 eccles
542 5645 862 5705 asticorum,
889 5658 1047 5710 quem
1079 5646 1288 5696 vivente
1329 5644 1501 5695 adhuc
1540 5644 1778 5711 Eugenio

201 5714 467 5769 scribebat
493 5730 505 5766 :
537 5716 607 5768 ibi
630 5716 796 5774 enim,
817 5731 934 5776 cap.
963 5713 1052 5775 97,
1088 5714 1378 5774 Eugenium
1398 5714 1647 5765 adliuemt
1677 5712 1781 5765 Ec-

1804 4490 1857 4550 D

1889 3178 2158 3235 civitatem
2187 3182 2287 3237 hoc
2314 3182 2430 3250 ipso
2449 3196 2593 3236 anno
2612 3196 2769 3250 quem
2793 3178 2950 3235 etiam
2976 3188 3085 3251 regi
3110 3178 3426 3239 Guniabund
3452 3209 3465 3236 ι

1882 3262 2181 3305 extremum
2219 3254 2386 3308 fuisse
2425 3252 2575 3315 dicit,
2604 3269 2635 3306 e
2663 3255 2793 3304 vivis
2833 3255 3151 3307 excessisse.
3202 3255 3267 3307 At
3304 3256 3363 3308 V.
3395 3255 3457 3309 Ο.

1882 3320 2143 3377 Henricus
2181 3322 2443 3386 Norisius,
2499 3322 2590 3377 lib.
2619 3339 2652 3376 It
2696 3324 2942 3377 "lSlJll'liB
2990 3324 3307 3391 Pciagianso,
3337 3342 3456 3389 cap.

1878 3391 1969 3453 ΩΙ,
2000 3393 2216 3461 Eugenii
2250 3394 2454 3447 obitum
2489 3394 2699 3446 nonnisi
2728 3394 2989 3447 deceunio
3023 3404 3141 3460 post
3171 3396 3460 3463 contigisse

1880 3463 2166 3516 existimat.
2203 3464 2267 3516 Et
2298 3466 2488 3516 merito
2510 3464 2743 3531 quidem.
2770 3463 2900 3516 Naso
2928 3463 3109 3517 Victor
3138 3464 3459 3518 Tunnoncn-

1880 3532 1955 3602 sis
1985 3533 2207 3602 antistes
2240 3534 2289 3585 in
2318 3533 2605 3597 Chronico,
2630 3533 2717 3602 qui
2744 3532 2852 3599 jam
2899 3545 3077 3597 antea,
3114 3542 3169 3586 ut
3197 3535 3458 3599 diximus,

1882 3601 2178 3674 Eugenium
2228 3613 2341 3668 post
2369 3603 2568 3655 diversa
2604 3601 2759 3674 eremi
2808 3604 3010 3674 exsilia,
3055 3604 3289 3671 plurimis
3333 3606 3461 3674 affli-

1881 3673 2126 3725 ctionibus
2153 3682 2196 3724 et
2225 3674 2384 3738 poenis
2413 3675 2610 3725 clarum
2637 3673 2799 3725 fuisse
2828 3673 3055 3735 dixerat,
3086 3673 3300 3726 disertis
3340 3691 3457 3728 vei--

1881 3740 1965 3795 bis
1980 3744 2171 3795 asserit
2192 3743 2437 3796 emndem
2464 3752 2706 3796 sanctum
2730 3743 2899 3795 virum
2924 3744 3023 3795 sub
3039 3743 3303 3797 Theodori
3328 3760 3451 3797 con-

1880 3814 2078 3874 Sulatu,
2104 3812 2153 3866 id
2178 3822 2260 3866 est
2278 3814 2507 3882 vulgaris
2524 3829 2646 3866 tera:
2668 3828 2808 3866 anno
2833 3813 2954 3878 505,
2982 3824 3246 3867 mortuum
3275 3816 3455 3869 fuisse.

1884 3882 1961 3953 En
1992 3883 2108 3948 ejus
2154 3884 2314 3936 verba
2356 3902 2371 3937 :
2417 3883 2679 3937 Theodoro
2716 3882 2781 3937 V.
2830 3882 2889 3937 C.
2947 3886 3150 3936 consule
3204 3883 3460 3953 Eugenins

1883 3952 2295 4023 Carthaginensis
2345 3958 2609 4024 epr‘sc0pus
2648 3960 2909 4020 confessor
2944 3955 3179 4007 moritur.
3239 3952 3347 4009 Nec
3388 3958 3457 4009 ilii

1884 4038 1970 4077 res
2021 4025 2197 4090 plures
2243 4026 2290 4076 in
2338 4023 2497 4077 uim-ii
2548 4023 2950 4079 commiscuisse
2995 4025 3173 4077 Victor
3218 4028 3457 4079 accusiri

1882 4104 2078 4162 potest,
2110 4105 2166 4149 ut
2209 4110 2368 4161 supra
2396 4100 2463 4150 de
2502 4111 2566 4150 eo
2594 4096 2902 4148 dicebamus
2933 4112 2943 4146 :
2976 4111 3096 4147 cum
3131 4110 3322 4161 nempe
3376 4095 3461 4149 hic

1883 4166 1949 4218 de
1980 4164 2095 4219 solo
2136 4166 2357 4231 Eugettii
2397 4166 2546 4220 obitu
2580 4166 2740 4218 verba
2774 4166 2950 4226 faciat,
2987 4165 3233 4232 superius
3282 4176 3459 4219 autem

1887 4251 1973 4288 res
2012 4236 2207 4289 multas
2240 4238 2399 4290 vaiiis
2435 4238 2762 4303 temporibus
2796 4244 2975 4304 gestas
3026 4235 3078 4287 in
3120 4250 3281 4287 unum
3308 4240 3459 4302 quasi

1885 4304 2193 4360 fasciculum
2242 4310 2593 4375 congesserit.
2636 4306 2739 4361 Sed
2773 4317 2829 4360 et
2874 4306 3100 4359 Victoris
3151 4306 3460 4375 tesniinonio

1884 4378 2104 4430 alterius
2133 4378 2295 4430 etiam
2328 4374 2530 4446 :iiitiqui
2561 4378 2838 4445 scriptoris
2868 4376 3239 4429 auctoritatem
3271 4374 3458 4443 adjun-

1887 4446 1959 4513 git
1996 4448 2134 4499 idem
2185 4448 2446 4510 Norisius,
2504 4446 2785 4515 fragmenti
2838 4448 3041 4500 scilicet
3089 4448 3456 4511 vetustissnni,

1881 4517 2021 4585 quod
2053 4518 2282 4584 'l‘yronis
2320 4517 2587 4570 Chronico
2616 4518 2954 4580 subjunctum
2995 4524 3078 4585 est
3119 4516 3259 4583 apud
3303 4518 3462 4569 (Iani-

1881 4584 2019 4640 sium
2055 4599 2199 4639 tomo
2240 4589 2256 4640 Ι
2297 4587 2564 4641 Lectionis
2599 4588 2863 4651 Antiqum,
2890 4586 2976 4639 ubi
3003 4584 3361 4641 Guntabuudo
3392 4589 3459 4642 ἰιει

1884 4657 2149 4727 Eogenius
2168 4668 2420 4726 acceptus
2449 4657 2609 4711 fuisse
2637 4657 2851 4727 dicitur.
2886 4669 2942 4709 ut
2991 4656 3059 4710 ab
3082 4670 3147 4709 co
3182 4671 3307 4725 rege
3356 4674 3460 4712 non

1880 4725 2053 4781 solum
2077 4728 2188 4793 ipse
2219 4725 2504 4781 abexsilio
2547 4730 2702 4780 fuerit
2747 4725 2908 4796 242
2953 4738 3254 4790 revocatus,
3284 4729 3374 4782 sed
3409 4742 3463 4783 et

1881 4799 2093 4851 caneris
2118 4814 2332 4867 quoilue
2370 4799 2696 4850 antistitibus
2726 4799 3041 4850 ortliodoxis
3086 4798 3303 4863 Engcnii
3338 4814 3461 4866 pre-

1883 4868 2033 4923 cibus
2064 4870 2268 4936 integra
2301 4868 2516 4923 libertas
2549 4868 2709 4921 fuerit
2750 4870 3014 4922 restituta.
3046 4868 3461 4931 Guiitamundus,

1887 4938 2059 5007 inquit
2100 4940 2187 4993 ille
2226 4950 2430 5001 auctor,
2485 4940 2630 4991 tertio
2666 4955 2802 5009 nimo
2839 4938 2980 5009 regni
3010 4940 3087 4991 sui
3126 4941 3462 5009 cieineterimu

1884 5009 2045 5063 sancti
2075 5011 2312 5095 mar-(pris
2334 5010 2497 5095 rigilgi
2517 5010 2656 5095 apud
2671 5007 3038 5090 .Cartliugjinem
3061 5007 3324 5095 cntimlicis
3344 5011 3462 5061 dare

1885 5081 2142 5150 pra’cepit,
2176 5079 2407 5150 Eugenio
2437 5079 2833 5150 Cart/iaginensi
2858 5081 3114 5147 episcOpo,
3135 5080 3251 5148 jam
3281 5082 3341 5131 de
3372 5097 3461 5132 ex-

1884 5148 2000 5204 silio
2028 5148 2278 5203 revocato;
2309 5150 2442 5204 Tum
2466 5150 2766 5215 siilijungit:
2801 5148 3010 5202 Decimo
3030 5160 3200 5201 autem
3225 5167 3357 5201 anno
3389 5167 3462 5200 rc-

1884 5225 1971 5292 gni
2000 5224 2081 5275 sui
2125 5223 2360 5274 ecclesias
2392 5222 2761 5292 catholicorum
2798 5222 3022 5292 aperuit,
3060 5231 3105 5272 et
3149 5236 3321 5272 omnes
3374 5220 3461 5292 Dei

1884 5288 2191 5354 sacerdotes,
2230 5302 2427 5361 petente
2459 5291 2847 5360 Carthagineusi
2893 5290 3247 5361 episcopo,rde
3287 5288 3463 5341 exsilia

1884 5363 2155 5417 revocavit.
2190 5360 2331 5416 Idem
2355 5379 2567 5430 quoque
2600 5370 2863 5413 testantur
2894 5360 3338 5430 posterioris‘icvi
3372 5373 3457 5430 au-

1882 5447 2082 5496 ctores,
2110 5434 2251 5487 inter
2272 5428 2407 5501 quos
2434 5428 2768 5487 llermaunus
2782 5433 3098 5501 Coiitractus
3131 5429 3182 5479 in
3201 5428 3483 5481 Chronica,

1885 5502 2082 5557 laudati
2114 5497 2393 5572 fragmenti
2423 5502 2582 5558 verba
2601 5501 2956 5570 exscripsisse
2978 5497 3226 5572 videtur;
3242 5505 3462 5552 testatus

1884 5566 2294 5628 Guntabund'uin
2326 5574 2537 5628 decimo
2568 5576 2712 5638 regni
2755 5566 2833 5624 sui
2865 5586 3003 5619 anno
3034 5566 3327 5621 catholicos
3354 5584 3459 5621 Otii-

1887 5659 1982 5697 nes
2004 5645 2308 5712 episciipos,
2339 5645 2696 5712 persuadente
2725 5638 2957 5712 iiiigvuiu
2978 5640 3263 5712 episcopo,
3295 5640 3461 5712 abex:

1888 5716 2008 5769 silio
2036 5709 2351 5772 revocasse:
2367 5726 2421 5770 et
2444 5715 2533 5768 diu
2565 5716 2771 5766 cIau-as
2797 5709 3056 5764 ecclesias
3092 5724 3224 5776 pace
3264 5709 3470 5765 reddita
