3910 6172
418 358 523 416 ιοτ

1418 357 1762 412 API‘ENDIX
1804 358 1893 411 AD
1940 356 2281 413 VCTOREM
2326 358 2679 416 VITENSEM.

3573 360 3671 415 ιοδ

417 473 685 541 beri,qua
710 482 884 526 tamen
910 470 1194 542 utrobique
1212 474 1441 542 corporis
1463 471 1990 542 nominedonantur.
2022 473 2070 529 Α
2099 485 2219 542 men
2244 472 2288 524 t-i
2319 475 2497 527 omnis
2536 486 2757 542 prorsus
2786 472 3095 539 deneganda
3126 471 3276 526 lides.
3313 472 3521 528 Etenim
3553 490 3668 541 cap.

417 538 567 596 Ilunt-
588 538 829 610 loquendi
853 541 1066 593 modum
1089 540 1142 593 in
1158 538 1396 610 Ecclesia
1418 540 1843 610 antiquiSsimtttn
1866 554 1989 592 esse

416 627 479 665 ex
512 608 846 664 Theodoreto
878 620 1044 676 patet,
1073 610 1164 678 qui
1210 609 1262 661 in
1304 608 1526 676 epistola
1561 609 1684 670 150,
1714 610 1777 662 ad
1810 610 1991 662 Titnt-

417 684 598 735 theom
632 682 937 749 episcopum
974 680 1118 740 data.
1160 678 1237 749 sic
1266 694 1328 738 ea
1356 680 1421 749 de
1450 695 1526 741 re,
1556 680 1717 732 veluti
1746 680 1813 732 de
1842 695 1991 749 rei-e-

416 747 680 819 ptiSsimo'
705 747 951 819 monendi
995 764 1092 801 usu
1132 748 1317 801 scribit
1343 766 1355 799 :
1385 747 1408 799 Ι
1420 749 1497 813 psi
1534 766 1733 817 quoque
1762 750 1831 800 ad
1856 747 1991 800 hunc

415 818 548 873 diem
569 836 683 871 cum
705 818 1121 883 triumphantium
1146 828 1426 885 martyrum
1448 820 1633 885 templa
1654 819 1986 886 ingredimur,

414 890 663 943 sciscitari
700 890 921 941 solemus
959 888 1072 958 quis
1110 898 1310 939 vocetur
1338 888 1427 955 qui
1474 888 1527 938 in
1572 889 1713 958 tlteca
1758 888 1989 940 conditus

413 970 527 1014 est:
558 969 601 1011 et
633 960 810 1025 quibus
846 973 924 1011 res
955 955 1075 1009 nota
1111 965 1183 1009 est
1223 959 1547 1024 respondent,
1589 955 1854 1008 Julianum
1885 966 1991 1021 [or-

416 1040 548 1082 tasse
584 1038 874 1098 martyrem.
923 1035 1008 1079 aut
1062 1025 1505 1098 Romanum,_aut
1556 1026 1891 1098 Timotheum.
1927 1025 1990 1077 Et

414 1097 640 1167 quamvis
668 1095 734 1149 ne
765 1099 962 1166 integra
996 1096 1203 1167 quidem
1241 1095 1309 1146 ibi
1349 1096 1449 1148 sint
1487 1110 1723 1167 corpora,
1753 1097 1841 1147 sed
1870 1111 1988 1160 per-

415 1172 609 1235 exiguo:
635 1167 879 1231 reliquitz.
906 1166 1163 1218 communi
1202 1176 1369 1235 tamen
1399 1166 1599 1217 nomine
1624 1167 1775 1217 etiam
1804 1181 1989 1227 corpus

416 1232 753 1306 appellamus.
778 1240 954 1290 Καέτοι
986 1236 1220 1294 πολλάκις
1247 1232 1367 1306 οιῦδὲΔ
1384 1236 1580 1288 τελείων
1605 1242 1705 1306 τῶν
1741 1238 1989 1306 ᾳωμάτων

414 1303 668 1375 κειμένων,
713 1307 838 1360 ἀλλὰ
877 1308 1231 1377 σμικροτάτων
1268 1303 1530 1372 λειψάνων,
1579 1304 1875 1377 ἁλλ’-ὅμως
1892 1313 1989 1377 -τῷ

413 1373 555 1445 mea
583 1378 789 1448 dubitari
809 1373 1160 1448 sulcantibus:
1183 1384 1645 1448 npoaa'yopspopsv.
1694 1374 1859 1448 Porro
1891 1373 1989 1448 Ba:

414 1442 594 1500 roni‘us
626 1442 679 1499 in
710 1447 850 1499 notis
882 1445 949 1498 ad
990 1442 1424 1512 Martyrologium
1468 1442 1766 1496 Romanum
1796 1443 1882 1495 die
1916 1442 1989 1497 26

414 1516 658 1571 Octobris
684 1522 909 1568 testatur
936 1529 995 1567 se
1025 1513 1075 1564 in
1104 1512 1466 1567 vetustissimo
1492 1512 1823 1578 Neapolitani
1854 1513 1985 1565 sub~

414 1586 550 1639 urbii
578 1585 887 1639 cmmelerio
917 1583 1116 1637 vidisse
1146 1584 1285 1636 inter
1310 1582 1413 1633 alia
1444 1582 1667 1649 ittsiguia
1697 1597 1864 1636 sacrae
1891 1598 1987 1633 au-

415 1656 673 1724 tiquitatis
698 1664 1064 1715 monumenta.
1100 1652 1502 1724 inscriptionem
1537 1653 1705 1705 sancti
1730 1651 1986 1724 Gaudiosi

415 1721 619 1778 tumulo
662 1724 790 1778 olim
834 1724 1157 1793 impositam,
1198 1736 1356 1793 quam
1399 1722 1467 1775 ob
1506 1730 1824 1775 vetustatem
1861 1721 1985 1775 licet

413 1797 517 1864 iam
543 1809 677 1862 pene
703 1791 1017 1864 diminuiam
1035 1791 1428 1864 descripseras
1452 1806 1681 1864 [ιυςυιρε
1700 1806 1979 1864 θέιιυιιιίξ·

412 1860 519 1932 une
546 1860 630 1918 hic
649 1863 959 1916 exhibemus
984 1881 996 1914 :
1030 1862 1159 1932 HIC.
1191 1860 1604 1932 REQUIIRSCITV
1622 1860 1988 1932 ξριυυιο-

414 1929 560 1989 Sus.
594 1934 729 2000 QUI.
753 1932 939 1985 VIXIT
967 1931 1220 1985 ANN.....
1258 1931 1385 1984 om.
1410 1929 1566 1983 KAL.
1591 1929 1982 2000 NOVEMB-m-

414 1999 657 2057 INDIC’I‘.
688 2002 774 2057 VI.
804 2003 959 2072 257
1006 2001 1083 2072 De
1112 2000 1299 2072 eadem
1329 2000 1611 2072 sepulcrali
1635 1999 1986 2072 in~criptione

413 2087 576 2141 agunt
620 2068 978 2140 Capaciusi—et
1028 2071 1299 2141 Ugbellus.
1345 2068 1451 2126 Sed
1501 2085 1570 2122 an
1618 2069 1797 2121 statim
1866 2079 1988 2137 post

415 2140 666 2197 Gaudiosi
690 2143 888 2195 obitum
916 2146 1163 2199 sepulcro
1189 2140 1353 2208 ipsius
1386 2141 1629 2207 imposita
1662 2141 1842 2198 fuerit.
1866 2154 1988 2206 pro-

414 2214 659 2267 nuntiare
682 2227 786 2265 non
817 2211 956 2265 licet.
975 2210 1115 2265 Sane
1138 2219 1489 2278 praeterquam
1518 2210 1658 2277 quod
1687 2209 1986 2263 Caudiosus

414 2284 486 2337 ibi
517 2291 720 2335 sanctus
745 2282 960 2345 dicitur,
992 2282 1075 2333 cui
1103 2281 1405 2348 conlessoris
1433 2280 1617 2333 titulus
1646 2279 1837 2333 melius
1856 2294 1983 2332 con-

413 2354 667 2422 gruisset,
702 2352 896 2422 mirum
936 2350 1162 2422 fortasse
1191 2349 1464 2422 videbitur
1508 2348 1799 2422 nonnullis,
1844 2349 1983 2422 quod

414 2416 555 2476 nulla
607 2423 771 2490 ipsius
812 2420 1129 2490 episc0pa|is
1172 2418 1445 2489 dignitatis
1480 2419 1679 2473 mentio
1720 2420 1792 2472 ibi
1843 2416 1982 2475 facta

414 2493 593 2546 fuerit.

486 2565 540 2616 7.
583 2563 871 2630 Antiquam
928 2559 1192 2630 Ecclesizn
1232 2557 1593 2625 Neapolitana;
1643 2558 1982 2613 traditionem

416 2634 700 2687 occasione
735 2629 975 2699 ejusdem
1029 2629 1197 2683 sancti
1249 2629 1345 2682 viri
1397 2636 1693 2683 memorant
1739 2638 1983 2683 auctores

350 2721 363 2733 ·
415 2703 551 2763 Itali.
576 2717 733 2771 quam
765 2702 850 2755 hic
881 2700 1284 2771 prnitermittere
1311 2715 1415 2752 non
1449 2700 1614 2771 licuit.
1643 2700 1806 2752 Aiunt
1832 2714 1984 2752 nem-

414 2786 480 2842 pe
511 2770 832 2826 Gaudiosum
871 2784 936 2824 ex
980 2770 1156 2823 Africa
1202 2777 1472 2842 extorrem
1523 2770 1751 2842 factum,
1798 2783 1981 2842 secum

416 2838 556 2896 inter
601 2842 733 2896 alias
784 2851 1087 2894 sanctorum
1139 2839 1388 2907 reliquias
1419 2838 1693 2905 Neapolim
1737 2840 1983 2893 attulisse

414 2913 699 2980 ampullam
740 2912 997 2973 vitream,
1039 2920 1294 2963 concreto
1338 2908 1595 2975 sanguine
1625 2909 1769 2980 beati
1795 2920 1978 2980 proto-

414 2979 663 3051 martyris
699 2980 953 3051 Stephani
987 2982 1273 3046 replctatn,
1312 2994 1448 3051 quae
1475 2979 1811 3051 hactenus_in
1840 2979 1985 3046 ejus-

414 3054 535 3105 dem
554 3047 730 3104 sancti
757 3047 983 3103 ecclesia
1011 3059 1334 3107 asservatur,
1363 3047 1482 3113 ubi,
1517 3047 1687 3114 inquit
1723 3049 1984 3103 Baronius

415 3122 468 3175 in
501 3121 639 3173 notis
664 3120 731 3172 ad
760 3118 1189 3186 Martyrologium
1236 3118 1529 3170 Romanum
1559 3117 1647 3171 die
1667 3118 1700 3170 5
1722 3118 1980 3185 Augusti,

416 3191 718 3243 miraculum
739 3192 979 3240 Iiactmus
1010 3196 1310 3254 perseverat,
1330 3195 1385 3237 ut
1402 3204 1552 3252 super
1572 3190 1733 3239 altare
1752 3189 1981 3249 ampulla

415 3260 616 3329 posita,
657 3260 780 3311 dum
808 3273 956 3311 sacra
996 3259 1261 3329 missarum
1290 3256 1885 3329 solemniaperaguntur,
1916 3258 1982 3309 li-

415 3325 648 3399 quescere
675 3329 808 3381 velut
846 3343 1015 3380 recens
1035 3326 1224 3399 effusus
1248 3327 1453 3399 sanguis
1476 3325 1751 3395 aliquando
1776 3329 1981 3397 conspi-

414 3397 595 3452 ciatur.
629 3399 875 3452 Testatur
905 3399 1039 3451 idem
1076 3397 1331 3449 BaI'OlIiIIS
1370 3410 1511 3448 anno
1538 3412 1642 3465 quo
1670 3400 1983 3452 auctoritate

416 3469 655 3537 Gregorii
674 3468 785 3522 XIII
807 3468 1000 3520 summi
1026 3466 1285 3535 pontilicis
1300 3467 1661 3521 calendarium
1686 3466 1980 3522 Romanum

416 3536 751 3593 emendatum
807 3539 937 3599 fuit,
993 3537 1141 3607 istud
1176 3536 1484 3607 miraculum
1514 3551 1579 3589 eo
1618 3537 1733 3605 ipso
1762 3537 1847 3591 die
1872 3554 1981 3607 quo

416 3607 553 3663 beati
591 3608 859 3677 Gaudiosi
900 3608 1089 3661 festum
1120 3605 1216 3660 fuit
1260 3606 1586 3677 celebratum
1610 3645 1626 3671 ,
1658 3605 1980 3677 contigisse,

416 3693 535 3732 cum
565 3689 718 3733 antea
750 3676 961 3732 decimo
987 3677 1323 3731 solummodo
1352 3676 1439 3729 die
1468 3686 1587 3743 post
1612 3678 1770 3743 hujus
1812 3676 1983 3732 sancti

418 3748 759 3802 festivitatem
792 3747 954 3801 videri
985 3748 1185 3801 soleret
1218 3765 1230 3798 :
1265 3746 1526 3814 Itujusque
1555 3748 1630 3800 rei
1664 3757 1853 3801 testem
1901 3748 1983 3802 af—

418 3818 523 3871 fert
566 3817 904 3871 Frauciscum
947 3817 1163 3869 Mariam
1193 3815 1467 3869 Tarasium
1498 3816 1853 3881 cardinalem,
1899 3819 1984 3872 cui

419 3898 542 3939 tunc
562 3886 815 3951 temporis
833 3886 970 3951 apud
997 3885 1269 3950 Neapolim
1296 3887 1668 3953 cotnmoranti,
1691 3896 1745 3940 et
1769 3903 1981 3942 sacrum

419 3955 470 4008 in
502 3956 741 4020 ejusdem
773 3956 942 4007 sancti
974 3955 1173 4008 sacello
1208 3955 1495 4008 celebranti
1519 3993 1533 4013 ,
1584 3958 1799 4024 sanguis
1840 3957 1986 4012 visus

418 4036 498 4078 est
546 4024 826 4093 liquefieri.
858 4024 1016 4079 Certe
1067 4026 1119 4076 in
1166 4025 1301 4077 libro
1343 4040 1356 4077 ι
1394 4024 1461 4078 de
1509 4025 1774 4080 Miraculis
1816 4030 1983 4081 sancti

419 4095 698 4163 Stephani,
730 4095 818 4162 qui
849 4095 948 4148 Sub
980 4094 1162 4148 Exodii
1194 4094 1409 4149 noutine
1441 4097 1581 4147 inter
1607 4097 1776 4148 sancti
1808 4098 1987 4162 Angu-

417 4164 541 4237 stini
570 4178 731 4237 opera
758 4166 1128 4237 vulgatusgest,
1158 4180 1275 4237 cap.
1307 4166 1359 4237 l,
1384 4163 1582 4215 mentio
1608 4166 1985 4237 babeturejus-

418 4234 561 4289 modi
593 4233 837 4303 ampulla:
857 4233 978 4302 qua:
1010 4234 1062 4287 in
1087 4233 1330 4289 Uzalensi
1356 4233 1748 4302 proconsularis
1774 4236 1985 4304 provin-

417 4309 513 4359 cia:
544 4305 671 4358 urbe
691 4306 1086 4358 asservabatur.

487 4376 542 4429 8.
585 4374 661 4428 Ex
704 4375 897 4429 eodem
942 4373 1110 4427 sancti
1150 4370 1502 4440 Quodvultdei
1549 4372 1985 4443 Carthaginiensis

418 4444 665 4498 sodalitio
683 4445 920 4500 Priscum
946 4444 1182 4510 aliosque
1202 4443 1536 4496 confeSsores
1552 4443 1796 4498 undecim
1821 4445 1983 4501 fuisse

420 4522 565 4581 putat
596 4516 858 4594 Antonius
881 4514 1219 4596 Caracci‘ol‘us
1247 4512 1300 4566 in
1326 4526 1474 4596 sacra
1505 4512 1722 4596 Neapoli
1746 4530 1863 4583 cap.
1887 4516 1977 4580 26,
2009 4536 2063 4596 Β

417 4597 616 4649 eosque
637 4584 916 4651 episcopos
954 4600 1059 4644 non
1088 4583 1251 4637 fuisse
1277 4592 1492 4648 censet,
1526 4584 1619 4637 sed
1648 4584 1980 4639 diversorum

416 4652 663 4705 ordinum
696 4653 942 4715 clericos,
983 4669 1077 4708 eos
1106 4653 1307 4708 scilicet
1333 4668 1467 4720 quos
1504 4653 1681 4707 Victor
1705 4655 1934 4709 Vitensis
1954 4671 1986 4710 e

417 4720 848 4795 Cartltaginensis
872 4722 1125 4795 Ecclesia;
1141 4724 1286 4795 clero
1296 4723 1454 4795 simul
1477 4737 1597 4777 cum
1620 4740 1717 4777 suo
1732 4726 1985 4795 episcopo

417 4802 638 4846 vetustae
663 4792 780 4843 navi
813 4791 1089 4861 impositos
1111 4793 1383 4860 Neapolim
1409 4795 1675 4861 appulisse
1701 4791 1980 4849 memorat.

418 4863 488 4915 At
516 4863 629 4915 hmc
658 4860 919 4914 sententia
963 4862 1092 4932 aliis
1116 4877 1220 4932 non
1262 4864 1452 4932 placet.
1484 4860 1565 4915 Et
1602 4865 1816 4932 quidem
1849 4868 1889 4917 si
1920 4864 1983 4919 iis

416 4946 535 4996 qua:
561 4932 713 4985 nobis
752 4940 1041 4998 supersunt
1066 4931 1135 4985 tle
1163 4931 1243 4985 his
1276 4930 1432 4987 rebus
1462 4930 1823 4988 monumentis
1852 4935 1983 4989 lides

417 5000 589 5067 aliqua
623 5003 791 5069 possit
828 4999 1100 5062 adhiberi,
1132 5011 1275 5053 stare
1317 5016 1423 5056 non
1474 5006 1667 5064 poterit
1694 5004 1985 5059 Caraccioli

416 5069 599 5134 opinio
618 5110 633 5135 ,
661 5085 778 5137 quae
808 5084 979 5139 neque
1003 5070 1358 5125 recentiorum
1386 5071 1674 5139 sulfragiis,
1699 5088 1871 5139 neque
1895 5090 1986 5128 ve-

416 5151 588 5193 terum
636 5138 951 5193 auctoritate
988 5139 1206 5193 stabitiri
1240 5150 1433 5207 potest.
1470 5141 1531 5194 V.
1564 5144 1625 5193 (2.
1661 5138 1985 5197 ’Godefridus

419 5208 784 5263 Ilenschenius
816 5217 961 5261 torno
1008 5210 1047 5261 II
1091 5208 1361 5262 Februarii
1405 5210 1735 5265 Bollandiani
1760 5252 1773 5275 ,
1802 5213 1887 5266 die
1919 5213 1982 5265 II

414 5281 655 5347 ejusdem
700 5278 916 5350 mensis
947 5280 1113 5333 edidit
1145 5280 1314 5350 Vitam
1341 5282 1507 5333 sancti
1549 5280 1848 5335 Castrensis
1877 5282 1987 5350 epi—

414 5350 562 5418 scopi
582 5391 595 5410 .
625 5349 781 5403 unius
804 5347 1012 5404 scilicet
1038 5363 1112 5418 ex
1144 5347 1363 5402 istorum
1405 5350 1770 5407 confessorem
1801 5347 1988 5405 nume-

415 5417 601 5484 ro,’ex
623 5434 727 5487 qua
759 5424 894 5471 torte
926 5417 1077 5471 nobis
1096 5418 1271 5489 aliqua
1304 5422 1387 5472 Ius
1417 5418 1671 5487 adulgere
1697 5424 1894 5489 poterit
1918 5422 1984 5476 ad

414 5489 727 5547 illustranda
756 5488 991 5555 ipsorum
1038 5496 1211 5557 gesta.
1240 5487 1490 5553 Quamvis
1518 5491 1661 5549 enim
1685 5487 1851 5553 mevis
1879 5508 1983 5543 non

415 5568 629 5623 careat,
670 5569 830 5625 atque
869 5556 1064 5625 scripta
1110 5556 1269 5610 fuerit
1295 5559 1362 5612 ab
1391 5570 1609 5615 auctore
1650 5577 1828 5614 rerum
1860 5571 1986 5615 ante

415 5645 508 5684 sua
541 5640 775 5694 tempora
800 5638 1067 5696 gestarum
1115 5641 1330 5695 prorsus
1370 5630 1553 5696 ignaro
1574 5670 1588 5691 ,
1620 5640 1709 5683 aut
1740 5642 1887 5685 certe
1917 5632 1985 5684 ab

416 5698 591 5761 aliquo
613 5696 892 5763 posteriori
921 5699 1123 5763 vitiata,
1151 5698 1241 5767 qui
1276 5698 1509 5751 Valentis
1537 5699 1721 5753 Ariani
1754 5701 1987 5767 impera-

418 5767 550 5839 toris
571 5771 993 5839 persecutionem
1020 5782 1141 5822 cum
1175 5766 1456 5839 Vandalica
1478 5770 1742 5834 canludit,
1773 5766 1878 5826 non
1907 5780 1988 5841 ta.-

2096 540 2131 593 5
2151 580 2164 603 ,
2197 557 2343 594 num.
2390 542 2477 605 I6,
2510 540 2760 595 nonnuli‘a
2790 556 2907 610 qum
2953 542 3148 603 refert,
3176 557 3234 595 se
3260 558 3323 593 ea:
3346 544 3508 594 relatu
3550 540 3673 610 quo-

2093 613 2330 661 rumdam
2361 612 2709 669 sacerdotum.
2758 612 2845 678 qui
2896 611 3165 664 Castrt-usi
3218 612 3372 663 m0rli
3426 612 3671 677 proximo

2094 680 2395 744 adfuerant,
2425 695 2483 734 se
2504 682 2773 746 accepisse
2803 689 3024 733 teStatur
3055 696 3070 733 :
3102 695 3223 748 quae
3256 682 3415 734 verba
3440 698 3503 734 es
3536 686 3671 734 arni-

2093 763 2198 813 quo
2228 750 2350 802 vitae
2380 751 2647 815 scriptore
2680 751 2842 802 fuisse
2879 750 3198 804 crediderim
3224 791 3238 813 ,
3285 767 3403 813 quae
3431 767 3560 805 vero
3591 770 3671 805 se-

2091 831 2326 885 quuntur
2365 835 2431 871 ex
2480 819 2903 883 interpolatore:
2947 819 3069 872 Hinc
3115 835 3261 883 vero,
3307 819 3513 886 inquit,
3558 836 3671 886 qua

2090 890 2275 940 nostris
2302 888 2527 941 sensibus
2556 889 2716 955 pietas
2742 891 2973 951 perennis
3000 890 3093 941 Dei
3122 905 3210 952 per
3237 899 3534 942 sanctorum
3566 888 3669 943 Pa-

2090 964 2223 1007 trum
2245 958 2381 1009 dicta
2403 958 2632 1017 tradidit.
2656 959 2844 1010 idcirco
2866 970 3115 1012 annotat‘e
3131 959 3440 1022 studuimus,
3470 970 3524 1011 ut
3545 963 3671 1013 dum

2089 1026 2272 1093 aliquis
2298 1028 2528 1095 ﬁdelium
2558 1027 2777 1095 alicujus
2805 1034 2999 1091 sancti,
3048 1044 3113 1082 ex
3142 1027 3443 1082 Castrensis
3464 1030 3671 1083 scilicet

2088 1096 2281 1164 sociis,
2316 1094 2697 1149 solemnitatem
2734 1098 2976 1162 celebrat,
3024 1099 3213 1164 pariter
3258 1098 3323 1149 de
3368 1110 3670 1151 cunctorum

2090 1163 2348 1232 triumpho
2394 1166 2607 1220 laetetur.
2656 1168 2729 1219 Ibi
2778 1167 2917 1218 enim
2964 1163 3223 1219 rationem
3272 1168 3443 1220 reddit
3469 1184 3569 1220 cur
3616 1175 3669 1222 in

2088 1230 2391 1304 Castrensis
2438 1234 2574 1297 Vita,
2628 1236 2850 1288 aliorum
2881 1237 3039 1289 etiam
3068 1247 3214 1304 gesta
3259 1239 3664 1300 interserneriz,

2086 1307 2174 1369 qui
2206 1303 2358 1355 simul
2407 1318 2528 1357 cum
2557 1319 2623 1357 eo
2660 1320 2724 1357 es
2770 1305 2945 1357 Africa
2997 1303 3165 1371 pulsi,
3210 1306 3383 1358 varias
3415 1307 3469 1359 in
3501 1308 3667 1359 Italia:

2089 1372 2249 1445 urbes
2272 1373 2435 1443 258
2455 1384 2509 1426 et
2536 1374 2781 1441 regiones
2806 1375 3034 1443 diSpersi
3056 1420 3068 1440 ,
3103 1375 3281 1445 ibique
3306 1375 3547 1430 defuncti
3577 1392 3666 1431 ce-

2087 1439 2454 1496 Iehrabantu'r.

2157 1512 2210 1565 9.
2254 1512 2575 1564 Eorumdem
2603 1512 2970 1566 confessorum
3012 1514 3224 1567 nomina
3255 1524 3502 1567 recenset
3524 1515 3668 1569 idem

2087 1589 2296 1645 auctor,
2324 1596 2439 1647 cap.
2471 1582 2539 1645 2,
2570 1598 2715 1634 num.
2743 1582 2799 1643 8,
2830 1598 2895 1636 eo
2915 1583 3122 1636 scilicet
3140 1585 3325 1636 ordme
3350 1600 3456 1651 quo
3488 1588 3665 1638 navim

2085 1651 2316 1718 ingressi
2347 1654 2579 1704 luerunt.
2608 1651 2815 1705 Primus
2836 1652 3033 1705 dicitur
3067 1652 3285 1713 Rosius;
3319 1662 3427 1705 tntn
3462 1654 3665 1707 Secun-

2085 1719 2244 1773 dinus
2262 1761 2275 1779 .
2306 1720 2394 1789 qui
2434 1721 2665 1790 [ecundte
2693 1721 2878 1790 sobolis
2905 1723 3073 1784 proles
3102 1724 3401 1788 appellatur
3425 1740 3439 1774 :
3465 1724 3666 1778 deinde

2013 1814 2061 1874 Β
2088 1788 2367 1874 Heraclqu
2382 1829 2399 1853 ,
2434 1788 2532 1874 qui
2554 1793 2697 1874 "jura
2725 1788 2915 1874 Christi
2948 1792 3002 1871 in
3027 1793 3227 1874 populis
3245 1794 3497 1874 audacter
3542 1810 3666 1845 con-

2087 1861 2300 1924 sparsit.
2330 1860 2520 1913 Postea
2554 1859 2838 1929 Benignus,
2874 1859 3109 1926 Priscus,
3140 1861 3399 1927 Eipidius,
3426 1862 3664 1929 Marcus,

2088 1929 2435 1993 Augustinus,
2468 1930 2701 1992 Canion,
2733 1928 3064 1993 Vindonius;
3108 1931 3226 1984 loco
3265 1931 3546 1985 undecimo
3580 1928 3664 1985 Si.

2086 1999 2253 2070 gnifer
2276 2011 2553 2067 prtcceptor
2578 1998 2897 2070 Castrensis,
2924 2001 3009 2053 cui
3030 2002 3213 2070 puppis
3235 2017 3331 2052 ara:
3353 2002 3664 2066 possidenda

2089 2068 2427 2140 traditur,qab
2456 2069 2629 2140 indole
2656 2070 2743 2136 qui
2764 2068 2968 2137 ﬂatibus
2995 2068 3254 2140 imperavit
3280 2071 3497 2137 iniquis;
3530 2073 3665 2123 ulti-

2086 2154 2205 2192 mus
2234 2138 2463 2206 denique
2495 2139 2829 2207 Tammarus,
2857 2142 2939 2191 cui
2972 2138 3124 2205 prora
3153 2141 3302 2193 navis
3328 2143 3666 2207 gubernanda

2086 2209 2455 2260 committitur.
2503 2206 2665 2261 Iidem
2710 2209 2970 2262 habentur
2998 2211 3048 2262 in
3073 2206 3665 2277 RomanoMartyrolo-

2085 2278 2173 2347 gis
2203 2278 2343 2331 diei
2386 2278 2751 2345 Septembris.
2801 2286 2856 2331 et
2902 2279 3039 2345 apud
3080 2279 3359 2347 Ugbellutn
3400 2290 3549 2333 tomo
3594 2279 3663 2333 V’I

2085 2346 2249 2400 Italia:
2290 2362 2488 2410 sacrae,
2529 2349 2615 2397 tibi
2657 2348 2727 2401 de
2750 2348 3017 2414 Capuanis
3054 2346 3504 2417 archiepiscopis;
3559 2352 3665 2402 nisi

2085 2418 2223 2483 quod
2257 2418 2307 2469 in
2342 2427 2567 2485 utroque
2587 2428 2804 2470 auctore
2827 2434 2921 2484 pro
2946 2420 3179 2487 Benigno
3205 2422 3444 2488 Adjutor,
3477 2430 3533 2473 et
3565 2436 3664 2486 pro

2087 2488 2380 2557 Augustino
2410 2488 2666 2555 Augustus
2690 2500 3085 2541 reccnsmutur.
3124 2489 3407 2557 Plerosque
3434 2506 3564 2543 vero
3592 2506 3662 2543 ex

2086 2556 2214 2623 ipsis
2244 2557 2531 2626 episcopali
2556 2557 2810 2624 dignitate
2853 2558 3087 2611 illustres
3117 2558 3278 2611 fuisse
3298 2556 3543 2626 ,przeter
3567 2576 3661 2611 va-

2085 2624 2287 2678 riarum
2333 2624 2882 2697 Italitellcclesiarom
2917 2627 3288 2693 traditionem,
3328 2624 3497 2681 innuit
3527 2645 3663 2697 quo-

2085 2709 2188 2762 que
2230 2697 2472 2749 laudatus
2505 2694 2637 2749 Vita:
2676 2708 2882 2757 auctor,
2913 2697 2997 2750 ubi
3035 2713 3150 2765 cap.
3193 2700 3246 2761 ‘2,
3286 2714 3429 2751 num.
3467 2698 3520 2757 6,
3546 2694 3664 2750 ’(ὶιι-

2084 2767 2307 2837 ειιιιιιιδίς
2332 2782 2598 2837 con_versus
2630 2769 2697 2818 ad
2736 2770 3017 2837 confratres
3052 2777 3099 2819 et
3134 2769 3453 2836 coepiscopos
3479 2770 3549 2819 ιιι
3583 2779 3664 2821 est

2084 2834 2378 2888 allocutus:
2403 2832 2618 2889 Fratres
2652 2837 2747 2888 mei
2787 2832 2845 2889 et'
2876 2838 3093 2902 domini,
3136 2832 3241 2891 etc.
3284 2832 3421 2903 Quin
3463 2848 3518 2891 ιιι
3544 2838 3663 2904 jam

2087 2920 2204 2972 cap.
2244 2904 2295 2968 I,
2326 2921 2472 2958 num.
2506 2906 2560 2968 5,
2593 2906 2801 2959 dixerat
2828 2922 2857 2957 a
2886 2918 3109 2976 tyranno
3125 2918 3459 2976 prteceptum
3492 2908 3665 2962 fuisse

2086 2984 2142 3027 ut
2183 2990 2246 3028 ex
2278 2990 2598 3042 unaquaque
2630 2975 3086 3043 provincia’sanrti
3112 2975 3203 3030 Dei
3235 2980 3391 3029 vincti
3423 2977 3663 3029 adduce.-

2085 3055 2288 3098 rentur.
2336 3047 2665 3113 Congregata
2700 3062 2830 3100 vero
2875 3044 3070 3110 ingenti
3105 3047 3459 3110 multitudine,
3501 3048 3661 3099 etiam

2086 3126 2133 3166 et
2173 3116 2340 3168 sancti
2371 3115 2534 3169 viri...
2572 3118 2753 3169 summi
2783 3116 3051 3170 sacerdotii
3077 3117 3269 3169 honore
3296 3118 3495 3187 prttditi
3514 3115 3680 3166 inter-

2008 3174 2053 3235 C
2085 3194 2262 3249 erant,
2302 3188 2388 3252 qui
2427 3195 2686 3255 gratantes
2727 3203 2843 3239 cum
2880 3187 3163 3238 commissis
3192 3174 3422 3255 greqibus
3450 3188 3665 3254 gradie-

2087 3257 2287 3316 bantur,
2319 3266 2553 3319 putuntes
2588 3272 2641 3310 se
2667 3273 2783 3309 cum
2813 3256 3043 3325 martyrii
3073 3256 3327 3325 triumpho
3354 3260 3507 3308 vitam
3535 3272 3665 3308 con-

2084 3325 2225 3395 sequi
2246 3325 2640 3395 sempiternam;
2661 3342 2721 3379 επ
2736 3326 2918 3395 quibus
2942 3326 3192 3393 praecipue
3213 3326 3491 3378 rutilabant
3527 3326 3666 3378 llos-

2084 3392 2224 3455 sius,
2258 3392 2503 3455 Priscus,
2540 3406 2587 3449 et
2619 3392 2974 3460 Tammarius,
3024 3392 3116 3449 seu
3142 3438 3157 3462 ,
3201 3405 3260 3448 ut
3302 3396 3441 3449 alius
3481 3396 3664 3451 codex

2091 3463 2249 3518 habet
2269 3504 2282 3527 ,
2320 3463 2566 3518 Zamorus
2595 3476 2641 3519 et
2666 3464 2965 3519 Castrensis.

2158 3534 2243 3588 It).
2286 3532 2398 3605 Non
2431 3534 2603 3587 solum
2635 3537 2809 3603 itaque
2846 3545 3112 3602 pastmes,
3141 3535 3233 3589 sed
3266 3534 3409 3605 ipsos
3444 3552 3666 3605 quoque

2086 3618 2275 3727 greges
2298 3604 2411 3658 ha'c
2443 3615 2731 3670 tempestas
2780 3605 3032 3668 involvit,
3077 3618 3131 3657 ut
3159 3604 3297 3659 idem
3324 3609 3442 3659 vita:
3467 3604 3667 3661 auctor

2114 3690 2205 3727 use
2232 3682 2432 3727 narrat.
2464 3674 2661 3727 Pueros
2684 3690 2746 3727 ac
2771 3690 2951 3727 senes.
2990 3676 3343 3727 mttlieresuue
3362 3678 3515 3727 simul
3533 3692 3667 3727 cum

2114 3690 2205 3728 use
2232 3682 2432 3727 narrat.
2464 3674 2661 3729 Pueros
2684 3690 2746 3728 ac
2771 3690 2951 3739 senes,
2990 3676 3343 3743 mulieresque
3362 3678 3515 3729 simul
3533 3692 3669 3731 cum

2088 3746 2215 3797 viris
2231 3745 2295 3796 ad
2313 3754 2580 3799 certamen
2609 3745 2905 3799 accurrisse
2927 3745 3248 3813 scribitcap.
3277 3748 3325 3800 I.
3354 3746 3417 3799 Et
3437 3749 3665 3814 quidem

2090 3814 2203 3867 hate
2240 3814 2391 3866 initio
2423 3815 2805 3880 persecutionis
2835 3830 2849 3867 :
2879 3830 2997 3881 qua:
3023 3829 3142 3867 cum
3175 3827 3352 3880 postea
3384 3818 3551 3880 magis
3580 3820 3668 3867 in-

2090 3884 2374 3954 valuisset,
2422 3885 2711 3937 catervatim
2747 3901 2808 3938 es:
2845 3901 3142 3953 unaquaque
3186 3888 3445 3954 provincia
3494 3889 3664 3938 sancti

2092 3951 2183 4005 Dei
2232 3954 2384 4006 vincti
2432 3954 2643 4007 adducti
2693 3964 2851 4019 sunt,
2896 3951 2985 4022 qui
3033 3951 3194 4006 ~ariis'
3222 3958 3393 4022 pmnis
3434 3958 3666 4009 cruciati

2089 4022 2303 4087 fuerunt
2348 4024 2650 4091 priusquam
2681 4025 2811 4077 mari
2842 4025 3332 4089 committerentur,
3367 4036 3422 4078 ut
3460 4026 3671 4079 dicitur

2088 4109 2235 4145 num.
2277 4093 2330 4146 '5.
2373 4092 2554 4146 Primo
2598 4094 2774 4162 itaque
2802 4094 2939 4147 alter
2967 4094 3035 4146 ah
3060 4095 3227 4147 altero
3268 4096 3553 4161 separatim
3605 4096 3666 4148 in

2086 4177 2357 4217 carcerem
2397 4164 2589 4217 retrusi
2621 4163 2856 4231 fuerunt,
2878 4175 2987 4216 tum
3011 4163 3169 4216 simul
3204 4167 3250 4216 in
3284 4181 3443 4218 unum
3477 4165 3669 4219 locum

2087 4231 2427 4301 congregati,
2455 4232 2545 4286 alii
2575 4232 2757 4301 virgis,
2789 4234 2877 4287 alii
2905 4233 3091 4300 alapis,
3124 4233 3385 4301 lapidibus
3413 4234 3500 4287 alii
3532 4237 3666 4289 εαξδί

2086 4302 2263 4367 fuere;
2293 4318 2521 4369 cumque
2561 4304 2724 4358 variis
2761 4303 2933 4357 modis
2965 4307 3148 4356 tentati
3192 4305 3446 4367 fuissent,
3472 4314 3529 4357 et
3557 4320 3669 4360 nec

2091 4371 2254 4443 minis
2305 4371 2757 4443 aut‘verheribus
2804 4388 2990 4428 eorum
3046 4375 3345 4427 constantia
3400 4376 3670 4443 pctuisset

2090 4442 2280 4511 frangi,
2309 4440 2520 4496 tandem
2542 4444 2769 4498 consilio
2792 4445 2972 4497 nescio
2994 4443 3145 4510 cujus
3167 4440 3508 4509 Aristodetni,
3536 4461 3569 4497 n
3591 4446 3668 4499 «vi

2088 4511 2437 4566 vetustissimi
2469 4512 2701 4579 impositi
2751 4514 2991 4578 fuerunt,
3045 4525 3101 4565 ut
3140 4514 3191 4565 in
3240 4529 3383 4568 mare
3422 4513 3668 4569 demersi

2088 4582 2217 4635 nihil
2270 4596 2456 4651 eorum
2505 4582 2844 4651 reliquiarum
2889 4580 3157 4637 residuum
3205 4594 3381 4647 esset;
3431 4584 3527 4636 sed
3568 4585 3667 4637 Dei

2092 4661 2221 4704 nutu
2251 4652 2301 4705 in
2333 4650 2675 4720 Campaniam
2707 4653 2939 4706 Italic.tm
2982 4651 3205 4705 feliciter
3250 4653 3485 4721 appulsi,
3539 4670 3669 4719 pro.

2087 4722 2313 4775 vinciam
2343 4721 2495 4774 istam
2534 4722 2801 4776 miraculis
2836 4730 2889 4776 et
2924 4725 3206 4777 sanctitate
3249 4724 3370 4776 vitae
3417 4724 3666 4776 illustra-

2092 4800 2235 4844 runt.
2271 4793 2360 4843 Iiis
2386 4790 2652 4861 consentit
2685 4791 3115 4861 Martyrologium
3169 4792 3466 4845 Romanum
3509 4793 3597 4844 die
3638 4794 3664 4847 ι

2091 4861 2450 4928 Septembris,
2487 4860 2573 4913 ubi
2604 4860 2881 4914 duodecim
2912 4862 2983 4914 illi
3018 4862 3114 4913 viri
3146 4862 3350 4923 sancti,
3377 4862 3465 4929 qui
3495 4873 3669 4915 ωειδ-

2091 4946 2272 4982 rorum
2302 4939 2456 4984 erant
2481 4930 2637 4983 veluti
2660 4931 2823 4984 duces
2849 4941 2905 4984 et
2926 4931 3163 4998 magistri
3181 4972 3194 4990 .
3224 4932 3274 4983 in
3299 4931 3670 4985 Vandalorum

2092 4999 2466 5067 persecutione
2494 5000 2564 5053 ob
2592 5000 2749 5070 tidem
2771 5002 3088 5054 catholicam
3120 5002 3253 5070 varie
3278 5001 3670 5070 aﬂlictidicun-

2093 5078 2200 5135 tur,
2246 5080 2301 5122 et
2330 5078 2555 5123 vetustae
2605 5069 2724 5123 navi
2764 5070 2992 5135 impositi
3025 5085 3087 5123 ex
3122 5069 3299 5123 Africa
3340 5070 3405 5123 ad
3435 5069 3672 5137 Campa-

2093 5141 2195 5192 nia:
2224 5139 2398 5191 littora
2440 5140 2777 5206 pervenisse,
2826 5140 2913 5192 ubi
2957 5140 3314 5194 Christianam
3346 5140 3671 5203 religionem

2092 5209 2145 5263 in
2197 5208 2260 5261 iis
2307 5209 2440 5261 locis
2489 5208 2754 5275 dispersi,
2796 5208 3127 5275 diversisque
3154 5210 3398 5263 ecclesiis
3428 5210 3676 5277 piam-eti

2095 5278 2319 5334 miriﬁce
2350 5280 2776 5346 propagaverint.
2813 5278 3011 5331 Eorum
3053 5292 3209 5346 porro
3242 5279 3293 5331 in
3335 5280 3534 5331 Italiam
3565 5282 3674 5331 ad-

2094 5361 2307 5402 ventum
2336 5361 2477 5400 attno
2501 5358 2689 5413 quarto
2723 5347 3021 5401 Vandalicas
3061 5349 3449 5415 persecutionis
3478 5351 3675 5402 consi-

2092 5428 2217 5487 gnat
2247 5432 2389 5485 Saepe
2429 5419 2672 5471 laudatus
2708 5419 2876 5471 sancti
2916 5416 3219 5471 Castrensis
3267 5417 3403 5471 Vita:
3444 5428 3677 5480 auctor;

2091 5488 2183 5542 sed
2233 5503 2351 5539 cum
2399 5488 2530 5540 alias
2576 5496 2814 5555 tempora
2848 5501 3069 5554 prorsus
3118 5488 3469 5554 permisceat,
3524 5490 3676 5542 nulla

2093 5568 2205 5610 tuto
2248 5558 2379 5610 lides
2419 5556 2535 5622 ejus
2578 5558 2785 5611 calcuio
2834 5557 3078 5611 adhiberi
3129 5568 3319 5625 potest.
3370 5558 3428 5611 Si
3483 5569 3681 5613 autem

2092 5627 2414 5692 coniecturis
2458 5626 2731 5693 indulgere
2779 5627 3143 5690 voluerimus,
3186 5626 3362 5680 nullus
3407 5626 3519 5679 fere
3565 5631 3679 5686 erit

2092 5712 2262 5752 annus
2293 5696 2393 5749 sub
2424 5696 2708 5749 Vandalit-a
2738 5696 3101 5750 dominatione
3121 5696 3186 5747 ad
3217 5711 3373 5763 quem
3403 5696 3518 5750 haec
3548 5712 3678 5764 per.

2093 5768 2295 5835 secutio
2324 5768 2563 5825 revocari
2591 5784 2694 5821 non
2725 5769 2916 5836 possit.
2943 5767 3046 5821 Eos
3076 5776 3249 5821 tamen
3273 5782 3339 5821 ex
3365 5766 3679 5835 Quodvult.
