3910 6172
440 347 541 404 H5

442 461 612 528 major
640 468 802 515 esset.
845 459 1167 515 Genseriius
1214 455 1429 525 quippe,
1482 456 1630 524 regni
1660 456 1930 528 Vandalici
1961 458 2017 528 in

444 526 618 584 Africa
647 531 911 591 conditor,
946 537 1267 583 testamento
1296 542 1415 589 suo,
1468 534 1527 579 ut
1550 528 1658 589 jam
1689 541 1717 578 a
1748 527 1901 579 nobis
1922 526 2021 578 ob—

442 609 712 652 servatum
740 610 841 663 est,
871 608 1195 669 przeceperat
1216 607 1271 649 ut
1294 611 1513 669 regnum
1540 596 1607 669 ad
1632 598 1777 648 illum
1804 612 2021 662 semper

441 669 795 722 deveheretur
824 670 913 737 qui
945 685 1012 724 ex
1038 667 1133 723 sua
1161 667 1441 736 agitatione
1468 668 1704 719 omnium
1728 676 1869 720 esset
1895 677 2019 721 natu

444 740 728 791 maximus.

510 813 565 861 2.
598 809 762 861 Porro
795 809 857 860 lis
885 817 966 861 est
1010 807 1147 861 in'er
1185 815 1431 859 aui-tores
1474 815 1647 857 utrum
1691 805 1789 859 iste
1813 806 2018 859 Gunta-

444 878 655 931 bundns
687 879 824 930 inter
859 881 1276 931 ortlioiloxorutn
1309 884 1675 943 persecutores
1707 875 1900 929 debeat
1937 892 2020 930 re-

446 950 677 1012 censeri,
705 963 825 1000 cum
864 962 966 1000 non
1002 964 1101 1000 una
1126 948 1195 999 sit
1224 962 1284 998 ea
1312 945 1379 998 de
1410 962 1464 998 re
1487 943 1831 1011 scriptorum,
1860 947 2019 1000 etiam

444 1019 803 1080 antiquorum,
833 1020 1130 1070 sententia:
1161 1017 1446 1082 Procopius
1476 1015 1565 1068 lib.
1598 1014 1698 1067 Ide
1718 1016 1862 1068 Bello
1885 1016 2023 1069 Van-

445 1088 622 1141 dalico
652 1086 863 1139 disertis
896 1088 1071 1139 verbis
1102 1084 1330 1137 allii-mat
1352 1100 1415 1137 eo
1448 1096 1699 1151 regnante
1727 1086 2020 1139 catholicos

446 1158 741 1225 exagitatos
765 1157 944 1208 fuisse.
968 1156 1086 1223 llic,
1114 1156 1304 1222 inquit,
1336 1153 1743 1225 Gundeniundus
1768 1157 1940 1208 multis
1968 1159 2020 1209 in

448 1222 661 1280 Mauros
684 1226 872 1292 prwliis
900 1222 1079 1295 factis,
1114 1228 1439 1290 tractatisque
1465 1226 1677 1291 pessime
1692 1222 2017 1290 Christianis,

442 1314 578 1365 nigro
626 1311 838 1362 corpore
880 1297 1103 1358 interiit;
1164 1311 1228 1347 ex
1276 1294 1467 1361 quibus
1522 1295 1699 1347 verbis
1763 1295 2021 1349 Barouius

444 1364 856 1418 Guntabundum
887 1383 919 1418 α
947 1365 1055 1419 Deo
1086 1382 1111 1417 e
1134 1367 1232 1418 vita
1262 1365 1521 1416 hominum
1561 1364 1821 1433 abreptum
1856 1366 2021 1420 fuisse

441 1436 675 1503 collegit,
720 1436 860 1504 quod
896 1436 1293 1503 persecutionem
1327 1435 1624 1501 aliquandiu
1676 1436 2019 1488 intermissam

443 1507 622 1558 denuo
646 1509 956 1567 excita-set,
988 1506 1038 1556 in
1069 1520 1192 1572 qua,
1220 1514 1275 1556 ut
1298 1504 1408 1569 ipse
1427 1516 1593 1571 putat,
1618 1505 2019 1572 Eugeniustlar-

444 1576 1092 1645 tltaginensis,episcopus
1115 1576 1351 1645 secundo
1382 1590 1411 1626 e
1441 1576 1568 1627 sede
1593 1576 1799 1642 pulsus,
1826 1576 1877 1626 in
1895 1576 2019 1629 Gal-

447 1646 543 1697 lias
572 1646 734 1715 266
760 1646 1076 1697 amandatus
1114 1655 1214 1708 est,
1260 1644 1345 1696 tibi
1380 1644 1587 1697 vivendi
1623 1645 1779 1696 finem
1814 1646 2015 1715 liabuit.

448 1714 629 1768 Eidem
654 1714 933 1769 Seiitentim
972 1714 1277 1782 sulfragrari
1312 1715 1519 1767 videtur
1562 1715 1785 1781 epistola
1822 1714 2016 1769 Gelasii

447 1802 595 1851 papa:
620 1786 683 1839 ad
720 1785 994 1838 Dardania:
1040 1786 1341 1850 €pl>CO|)()S,
1400 1784 1550 1837 initio
1599 1791 1742 1846 anni,
1792 1790 1863 1835 uti
1907 1787 2014 1851 jam

441 1855 871 1920 observavimus,
897 1856 1020 1917 495,
1050 1854 1377 1921 proindeque
1409 1864 1664 1921 regnante
1686 1854 1859 1906 adhuc
1883 1854 2018 1908 Gun-

445 1925 698 1989 tabundo,
732 1925 874 1977 data.
900 1926 952 1977 lti
983 1939 1041 1976 ea
1071 1923 1265 1989 quippe
1293 1926 1477 1976 beatus
1511 1925 1745 1990 pontifex
1777 1935 2017 1977 sanctum

445 1995 738 2062 Eugenium
770 1993 964 2056 laudat,
999 1992 1138 2060 quod
1169 2009 1288 2044 cum
1321 1993 1440 2045 aliis
1474 1994 1742 2060 dignitatis
1768 2008 1877 2045 sua:
1905 1998 2012 2047 eul-

446 2066 578 2132 legis
612 2064 967 2117 Vandalorutn
1016 2062 1179 2115 fui0ti
1218 2078 1313 2129 pro
1341 2064 1613 2115 catholica:
1666 2063 1787 2115 fidei
1835 2065 2020 2118 defen-

442 2136 594 2188 sione
621 2135 880 2187 consutnti
913 2133 1090 2185 animo
1121 2133 1423 2195 restitisset,
1469 2141 1524 2186 et
1550 2147 1613 2185 eo
1639 2132 1755 2200 ipso
1781 2142 2020 2200 tempore

443 2220 548 2272 quo
598 2207 733 2258 banc
779 2204 1050 2257 scribebat
1096 2203 1414 2269 epi~tolam,
1465 2204 1772 2265 resisteret;
1829 2206 2020 2267 quith

442 2274 618 2328 verbis
648 2275 911 2336 Gelasiue,
961 2282 1018 2325 ut
1056 2273 1272 2326 evidens
1320 2283 1423 2336 est,
1447 2281 1501 2325 et
1545 2288 1606 2325 ea
1656 2289 1772 2340 qua:
1822 2273 2021 2328 fecerat

444 2345 711 2412 Eugeitius
748 2362 866 2397 cum
904 2344 1110 2397 cazteris
1146 2343 1412 2396 Africanis
1450 2342 1715 2411 episcopis
1751 2343 1800 2395 in
1842 2342 2018 2398 Colla-

445 2416 589 2467 tione
614 2414 1037 2482 Carthaginiensi,
1070 2426 1116 2465 et
1151 2430 1210 2466 ea
1241 2428 1360 2481 quze
1391 2423 1513 2482 tunc
1544 2423 1798 2481 regi-tante
1821 2414 2021 2467 Gunta-

444 2485 624 2537 biiudo
649 2481 965 2551 patiebatur,
993 2485 1156 2536 voluit
1191 2483 1449 2535 indicare.
1473 2481 1807 2536 Contrariam
1843 2495 2016 2539 tamen

443 2558 661 2607 ottinino
706 2554 1023 2608 sententiain
1074 2553 1352 2621 amplexus
1397 2562 1477 2605 est
1524 2563 1741 2606 sanctus
1786 2553 2020 2611 Isidorus

448 2624 778 2691 Hispalensis
811 2625 1115 2691 episcopus,
1145 2624 1233 2691 qui
1268 2624 1318 2675 in
1353 2622 1499 2675 brevi
1533 2622 1892 2677 Vandaloriitn
1930 2626 2017 2678 Hi-

442 2699 605 2748 storia
635 2704 801 2748 totum
825 2695 1163 2749 Guutabnndi
1197 2707 1417 2757 regnum
1447 2707 1551 2745 aera
1591 2692 1691 2747 διδ
1728 2693 1807 2747 bis
1839 2695 2020 2749 verbis

442 2765 713 2818 concludit
757 2784 767 2816 :
818 2763 1036 2818 Unerico
1079 2764 1299 2816 succedit
1336 2760 1751 2835 Guutamuudus,
1788 2782 2020 2835 regnans

444 2836 589 2888 annis
617 2835 904 2888 duodecim.
928 2835 1027 2897 Qui
1049 2836 1221 2887 statim
1250 2849 1425 2900 pacem
1446 2831 1687 2885 Ecclesia:
1714 2831 2018 2902 reformatis,

446 2905 721 2959 callioticos
749 2905 812 2957 ab
855 2904 1033 2958 exsilio
1068 2904 1335 2957 revocavit.
1380 2903 1575 2956 Eodem
1608 2905 1721 2957 fere
1750 2906 1909 2958 modo
1938 2908 2017 2959 lo-

444 2975 624 3042 quitur
648 2974 828 3027 Victor
854 2974 1226 3027 'l'unnmtensis
1267 2975 1318 3024 in
1353 2973 1465 3039 ipsa
1508 2973 1683 3026 Africa
1715 2977 2014 3042 episcopus,

445 3056 499 3096 et
549 3045 751 3097 Isidoro
798 3045 1093 3107 antiquior,
1140 3042 1230 3110 qui
1280 3042 1395 3096 hinc
1433 3043 1486 3095 in
1515 3042 1782 3097 Chronico
1820 3044 2013 3100 habet:

453 3113 709 3166 llunerico
738 3112 954 3166 succedit
977 3112 1393 3171 Guntamundus,
1429 3122 1607 3183 regnat
1643 3116 1788 3168 annis
1829 3115 2019 3169 duode-

446 3185 567 3246 cim,
594 3184 681 3250 qui
707 3193 906 3236 nostros
937 3184 1165 3249 pratinus
1194 3184 1254 3234 de
1275 3183 1455 3235 exsilio
1484 3184 1748 3236 revocavit.

515 3254 569 3305 5.
600 3252 713 3308 Huc
732 3256 890 3308 etiam
923 3268 1158 3307 revocari
1191 3262 1364 3323 potest
1385 3251 1576 3306 Felicis
1598 3268 1746 3321 papa:
1767 3255 2015 3323 epistola,

446 3340 603 3390 quam
636 3324 862 3390 ipsemet
897 3323 1155 3376 Baronius
1202 3322 1408 3393 laudat,
1457 3322 1523 3375 ad
1564 3322 1844 3393 episcopos
1874 3326 2018 3382 Afri-

444 3409 608 3448 canos
642 3396 783 3458 data,
830 3394 1084 3463 Dynamio
1128 3402 1180 3463 et
1220 3392 1424 3463 Sulidio
1452 3394 1779 3459 consulibus,
1825 3396 1875 3448 id
1916 3408 2017 3461 est,

446 3465 762 3518 Christianae
800 3461 922 3518 terte
967 3478 1108 3516 anno
1149 3461 1271 3515 488.
1330 3462 1385 3515 lit
1431 3463 1529 3516 liae
1571 3473 1748 3518 autent
1797 3465 2018 3530 epistola

449 3536 705 3601 pontifex,
730 3546 847 3603 post
870 3536 1200 3600 deplm-atam
1225 3533 1478 3605 Ecclesia:
1501 3534 1764 3588 Africana:
1788 3535 2016 3605 cladem,

447 3606 498 3658 itt
528 3621 630 3674 qua
659 3621 764 3657 non
792 3605 964 3659 solum
994 3606 1187 3674 vulgus
1234 3604 1615 3669 promiscuum,
1664 3616 1753 3658 aut
1794 3607 2017 3660 inferio-

446 3673 563 3728 rum
595 3676 842 3728 ordinum
870 3675 1072 3738 clerici,
1102 3673 1194 3727 sed
1219 3690 1281 3726 ex
1307 3673 1550 3739 ip:ismet
1574 3676 1731 3729 etiam
1755 3677 2015 3743 diacoiis,

448 3745 792 3815 presbyteris,
825 3754 879 3798 et
904 3746 1168 3812 episcopis
1203 3744 1438 3796 nonnulli
1480 3746 1609 3812 lapsi
1644 3748 1871 3811 fuerant.
1906 3764 2018 3800 nio-

446 3814 569 3867 duni
592 3814 646 3868 et
672 3815 1005 3867 conditiones
1039 3815 1333 3882 praescribit
1363 3816 1556 3880 quibus
1579 3816 1633 3876 ii,
1667 3818 1754 3882 qui
1783 3819 2018 3870 secundo

448 3885 711 3950 baptismo
739 3883 806 3936 ab
838 3884 1047 3953 Ariani.
1082 3883 1264 3950 polluti
1293 3885 1517 3949 fuerant,
1555 3887 1619 3938 ad
1653 3888 2016 3953 pteuitentiam

447 3955 832 4022 reciperentur.
867 3952 1064 4005 Eadem
1091 3969 1218 4005 vero
1240 3955 1458 4020 epistola
1482 3956 1591 4022 jam
1621 3952 1771 4009 antea
1814 3959 1860 4008 in
1889 3974 2018 4009 con-

444 4024 567 4077 cilio
606 4024 844 4076 Romano
886 4039 1028 4076 anno
1074 4023 1409 4091 praecedente
1456 4027 1587 4078 lecta
1630 4026 1832 4087 fuerat;
1880 4029 2020 4081 unde

444 4108 563 4147 cum
590 4094 853 4163 ejusmodi
882 4095 1115 4147 remedia
1158 4094 1485 4147 ferveseeute
1534 4096 1899 4162 persecutione
1929 4112 2016 4151 re-

445 4165 582 4233 quiri
606 4180 710 4217 non
732 4165 957 4229 soleant,
983 4163 1277 4219 verisimile
1299 4172 1383 4217 est
1410 4173 1534 4215 tunc
1559 4166 1811 4231 temporis
1837 4167 2019 4221 Eccle-

375 4294 381 4301 ,
443 4236 574 4287 siam
605 4234 909 4288 Africanam
939 4233 1115 4301 aliqua
1145 4248 1296 4302 pace,
1341 4233 1673 4289 concedente
1708 4244 1800 4288 aut
1827 4238 2014 4290 saltem

447 4304 819 4359 tliSsiinulante
848 4303 1227 4368 Guntabundo,
1281 4302 1490 4355 fruitam
1520 4319 1658 4358 esse.
1708 4306 1775 4359 Et
1803 4307 2014 4373 quidem

446 4375 687 4429 Romano
736 4376 857 4430 huic
902 4373 1132 4428 ccucilio
1176 4382 1402 4442 quatuor
1443 4374 1736 4429 intererant
1779 4376 2016 4443 episcopi

446 4446 697 4511 Afiicani,
730 4447 817 4513 qui
851 4446 985 4499 forte
1022 4462 1048 4497 ιι
1077 4446 1185 4498 suis
1216 4444 1436 4515 collegis
1464 4445 1684 4515 Romam
1718 4446 1872 4515 legati
1904 4449 2016 4501 fue-

444 4526 583 4577 rant,
617 4526 695 4579 ut,
720 4520 857 4570 sicut
883 4516 1008 4569 olim
1038 4517 1253 4584 Magnus
1273 4513 1569 4584 Cyprianus
1609 4513 1831 4575 fecerat.
1873 4518 2015 4570 sedis

444 4587 748 4651 apostolica:
780 4588 1099 4641 sententiam
1148 4586 1287 4640 circa
1321 4586 1588 4651 lapsorum
1623 4587 2013 4641 restitutionem

444 4654 861 4726 sciscitarentur.
894 4656 1006 4710 Non
1036 4657 1177 4710 enim
1215 4656 1428 4710 fortuito
1471 4656 1572 4709 huc
1610 4657 1889 4711 advenisse
1913 4673 1946 4726 p
1968 4676 2012 4709 ι-

444 4724 587 4778 tandi
619 4732 764 4778 sunt.
796 4724 1071 4794 Siquidem
1102 4727 1154 4779 in
1183 4741 1243 4778 ea
1275 4727 1481 4795 synodo
1510 4726 1639 4779 nihil
1680 4726 1789 4781 fere
1816 4729 1884 4781 de
1909 4724 2009 4781 alia

442 4796 687 4864 quapiam
740 4812 796 4847 re
838 4806 1012 4849 actum
1057 4808 1138 4849 est
1166 4811 1323 4863 quam
1354 4795 1422 4850 de
1469 4796 1729 4849 Africanae
1761 4797 2012 4853 Ecclesiae

443 4865 866 4920 necessitatibus.
910 4868 1147 4931 Quatuor
1189 4880 1347 4930 porro
1369 4867 1454 4917 isti
1486 4867 1750 4920 autiSIites
1780 4869 2010 4921 Africani

445 4937 495 4988 iti
523 4935 881 5004 subscription
909 4936 1004 4988 bus
1035 4936 1369 5003 appellantur
1399 4937 1694 4998 Pardalius,
1740 4939 2006 5002 ltiisticus,

444 5007 678 5058 Donatus
705 5017 759 5060 et
790 5006 994 5068 Victor;
1045 5017 1099 5059 at
1140 5005 1212 5059 ibi
1238 5006 1553 5070 quibusnam
1593 5006 1845 5059 ECClCSil.‘
1880 5023 2013 5075 prte-

442 5075 653 5138 fuerint,
702 5077 782 5130 vel
833 5093 898 5130 ex
945 5091 1045 5144 qua
1092 5076 1288 5129 fuerint
1330 5076 1520 5130 Africa:
1563 5079 1855 5143 provincia,
1906 5094 2008 5131 non

442 5146 724 5200 iudicatur.
774 5148 827 5201 Si
859 5158 1032 5199 tamen
1072 5146 1381 5213 conjectura
1425 5149 1497 5199 uti
1533 5147 1706 5211 liceat,
1752 5162 1870 5199 cum
1919 5165 2011 5201 eos

439 5216 723 5269 conventui
752 5214 1155 5285 Carthaginensi
1186 5216 1285 5268 sub
1310 5216 1577 5271 Hunerico
1602 5218 1903 5271 interfuisse
1924 5233 2010 5272 ve-

440 5287 661 5341 risimile
702 5288 790 5350 sit,
840 5293 995 5340 Sedes
1040 5300 1226 5339 eorum
1274 5301 1337 5339 ex
1378 5286 1569 5340 Notitia
1606 5286 1849 5340 Africana
1896 5288 2010 5342 erui

442 5368 707 5425 poterunt.
759 5358 811 5409 In
857 5372 917 5411 ea
951 5366 1129 5410 autem
1170 5358 1356 5408 unicus
1383 5356 1686 5422 Pardalius,
1718 5359 1805 5421 qui
1840 5358 2014 5412 Maeo-

440 5424 725 5482 niadieusis
753 5428 1009 5483 Ecclesiae
1032 5427 1082 5479 in
1113 5424 1355 5479 Numidia
1379 5429 1663 5495 epise0pits
1687 5428 1799 5491 fuit,
1829 5442 2013 5481 rei-en-

437 5512 603 5553 setur.
636 5500 871 5554 Rusticus
902 5498 1031 5554 vero
1059 5497 1254 5567 duplex
1292 5499 1555 5565 occurrit,
1598 5499 1798 5564 primus
1839 5499 2012 5567 'l'ypa-

436 5570 613 5623 sensi:
640 5571 691 5623 in
721 5570 984 5632 Numidia,
1032 5568 1169 5621 alter
1195 5566 1502 5620 Tetcitantts
1530 5574 1579 5620 in
1613 5566 1907 5637 Byzacena.
1942 5571 2011 5621 At

438 5654 565 5692 vero
598 5654 718 5693 cum
761 5641 949 5694 Donati
1002 5639 1199 5693 ibidem
1246 5639 1636 5701 uovemdecim,
1676 5647 1729 5691 et
1770 5637 2012 5692 Victores

436 5710 619 5775 viginti
649 5710 754 5764 duo
785 5719 1190 5775 recenseantur,
1242 5712 1457 5776 quinam
1506 5725 1571 5763 ex
1620 5709 1736 5762 istis
1780 5709 2010 5763 concilio

436 5779 678 5833 itomano
701 5781 987 5843 adfuerint,
1018 5779 1233 5835 nonnisi
1264 5791 1464 5834 temere
1494 5779 1717 5835 divinari
1740 5787 1933 5846 potest.

1454 343 1785 401 APPENDlX
1829 344 1919 398 AD
1963 341 2306 397 VICTOREM
2351 342 2708 400 VITENSEM.

3610 345 3710 401 416

2049 458 2097 515 Α
2196 453 2248 529 ιι,
2282 455 2545 529 caeterum
2584 456 2681 529 etsi
2712 455 2888 529 ⁸ιιιιιῖιιι
2930 463 3206 529 auctorum
3252 461 3535 514 sententia
3574 478 3711 529 qttas

2126 525 2285 577 modo
2306 525 2371 597 de
2404 524 2746 597 Guntaliuntli
2781 526 3151 591 persecutione
3190 530 3528 597 protulimus,
3580 524 3658 583 ita
3683 550 3708 584 a

2124 611 2182 649 se
2227 595 2453 647 invicem
2496 595 2698 647 dissita:
2745 596 3039 658 videantur,
3088 605 3143 649 ιιι
3172 598 3386 653 difficile
3429 595 3589 653 fuerit
3619 617 3710 655 eas

2124 680 2478 737 componi-re;
2509 680 2600 717 eas
2632 675 2805 737 tamen
2839 676 3104 732 utentique
3138 669 3352 723 tolerari
3379 685 3537 737 posse
3564 673 3710 725 πως

2127 745 2261 806 tror,
2303 738 2345 786 si
2370 734 2434 806 ad
2460 749 2519 786 ea
2552 735 2885 806 attendamus
2910 750 3030 802 qua:
3061 738 3215 806 267
3247 738 3314 792 de
3336 734 3458 806 rege
3488 741 3706 795 Conta-

2125 805 2303 857 bundo
2335 804 2637 857 referuntur
2668 805 2716 857 ιιι
2754 806 2981 874 Tyrouis
3010 804 3255 871 Prosperi
3281 804 3574 869 Chronico,
3612 828 3709 864 seu

2125 876 2320 940 potius,
2372 884 2426 925 ιιι
2474 874 2644 939 ipsum
2687 876 2916 941 appellat
2968 877 3226 929 llenriciis
3274 878 3515 933 Norisius
3566 883 3710 936 lih.i

2126 944 2369 1019 l_lis_tori_t_e
2402 945 2607 1019 Pelag!
2642 960 2690 997 ρ.
2724 946 2820 1019 2i,
2858 945 2911 997 in
2969 946 3073 1019 nob
3098 947 3129 999 li
3161 948 3452 1019 fragmento
3493 967 3708 1019 appen-

2123 1013 2259 1067 dicis
2288 1014 2533 1067 llhrottici
2576 1014 2846 1081 Prospcri,
2886 1017 3049 1078 quod,
3098 1028 3151 1068 ut
3191 1013 3293 1083 iatn
3343 1013 3606 1082 diximus,
3652 1039 3712 1076 ex

2125 1100 2225 1137 tus.
2259 1084 2444 1137 codice
2463 1086 2770 1149 Auguslauo
2792 1086 2954 1139 eilidit
2983 1085 3498 1143 Heuricusflanisim
3525 1094 3713 1145 tomul

2127 1154 2684 1225 Lectionisantiqua‘.
2736 1156 2998 1222 lntrgrtiin
3051 1172 3212 1224 porro
3262 1158 3415 1225 llllj'ts
3464 1164 3714 1216 auctoris

2125 1224 2300 1296 locum
2329 1223 2583 1278 exhibere
2611 1239 2789 1296 Opem:
2822 1223 3060 1292 pretium
3081 1236 3176 1296 est,
3228 1223 3347 1279 eum
3389 1230 3714 1296 aptissimus

2122 1295 2192 1347 sit
2238 1293 2303 1368 ad
2348 1309 2409 1347 ea
2458 1295 2822 1368 componenda
2873 1311 2993 1361 qua:
3041 1296 3109 1347 de
3148 1293 3485 1368 Guntaliun'di
3539 1316 3717 1368 regno

2123 1365 2261 1430 apud
2286 1372 2532 1418 auctores
2562 1364 2809 1431 antiquos
2839 1368 3102 1419 contraria
3156 1367 3415 1421 videntur.
3450 1369 3544 1423 Sic
3575 1364 3717 1424 vero

2122 1447 2181 1506 s_e
2232 1433 2611 1506 habet:_Post_
2641 1451 2777 1499 eum,
2838 1435 3157 1506 Hunericuin
3202 1438 3424 1500 scilicet,
3474 1442 3716 1506 regnavit

2122 1501 2537 1577 Guittontundus,
2570 1503 2815 1577 Gentunis
2835 1506 3063 1574 ejusdem
3096 1504 3343 1577 llunerici
3367 1510 3500 1577 regis
3530 1501 3717 1574 fratris

2123 1574 2282 1647 ﬁlius,
2318 1590 2478 1625 annos
2497 1576 2729 1647 undecim
2765 1592 2954 1627 menses
2976 1592 3153 1626 novem
3180 1576 3284 1628 dies
3314 1574 3551 1629 undecim
3578 1594 3601 1632 :
3633 1585 3718 1647 qui

2123 1643 2271 1717 tertio
2300 1646 2598 1717 annoregni
2622 1646 2703 1697 sui
2720 1647 3050 1717 cwmeterium
3081 1647 3246 1698 sancti
3278 1649 3517 1716 martyris
3540 1643 3719 1717 Agi'lei

2122 1714 2268 1787 apud
2302 1713 2662 1787 Carthaginem
2702 1716 2964 1787 catholicis
3009 1715 3131 1766 dare
3169 1713 3423 1784 prtecepit,
3477 1713 3718 1787 Eugenio

2124 1781 2509 1867 Ciirtliagineusi
2540 1785 2794 1853 episcOpo,
2824 1786 2887 1836 ab
2916 1787 3091 1866 eodem
3113 1781 3225 1867 jam
3256 1781 3533 1839 devexsitio
3561 1781 3721 1842 reto-

2125 1863 2257 1906 cato.
2288 1852 2496 1904 Decimo
2516 1864 2682 1905 autem
2705 1852 2839 1908 anno
2876 1856 3015 1921 regni
3044 1852 3126 1907 sui
3155 1858 3387 1909 ecclesias
3419 1858 3720 1912 catholico-

2124 1940 2236 1998 rum
2260 1924 2481 1998 aperuit,
2506 1934 2568 1998 get
2594 1940 2764 1998 omnes
2796 1926 2887 1977 Dei
2929 1929 3215 1998 sacerdotes
3253 1936 3447 1989 petente
3472 1926 3720 1998 Eugenio

2124 1991 2515 2061 Cari/tagirieitsi
2543 1996 2793 2061 i'piscopo,
2821 1998 2882 2046 de
2904 1995 3080 2045 emilio
3099 1998 3363 2048 revocavit.
3392 1998 3522 2057 Quia
3545 1991 3722 2053 e'ccle-

2124 2064 2213 2134 sire
2240 2067 2444 2134 [uerunt
2468 2066 2657 2115 clausa:
2690 2081 2851 2117 annos
2889 2064 2943 2117 11
2978 2064 3115 2134 [leae
3146 2066 3211 2118 10
3240 2076 3291 2117 ιιι
3323 2064 3476 2134 infra]
3512 2085 3721 2122 menses

2124 2132 2176 2193 (ἰ,
2204 2133 2309 2182 dies
2332 2133 2387 2193 5,
2414 2133 2507 2183 hoc
2532 2142 2601 2183 est
2622 2134 2682 2184 ab
2706 2145 2879 2186 octavo
2898 2132 3033 2187 anno
3059 2133 3323 2197 llunerici,
3344 2136 3398 2186 id
3422 2132 3521 2199 est,
3544 2154 3615 2190 ea:
3639 2142 3723 2192 die

2124 2215 2190 2252 \‘II
2224 2202 2339 2254 idus
2359 2200 2629 2254 Februarii
2648 2220 2803 2269 usque
2831 2206 2881 2256 in
2908 2206 3155 2255 decimum
3176 2221 3366 2257 annum
3396 2209 3535 2272 regis
3566 2208 3719 2261 Gun-

2123 2271 2379 2343 tuinundi,
2405 2274 2455 2323 in
2487 2272 2615 2323 diem
2648 2288 2696 2324 tv
2732 2274 2850 2326 idus
2872 2276 3105 2339 Augusti,
3132 2274 3182 2326 in
3208 2291 3305 2343 quo
3328 2271 3573 2337 completi
3593 2291 3723 2331 sunt

2122 2342 2407 2406 supradicti
2445 2343 2567 2393 anni
2605 2344 2671 2395 10
2712 2360 2905 2396 menses
2944 2348 2976 2397 ti
3008 2344 3115 2397 dies
3158 2342 3226 2408 5,
3269 2346 3354 2410 qui
3391 2360 3721 2399 memoratus

2126 2410 2517 2464 (iuntamundus
2540 2428 2629 2464 rei:
2657 2416 2976 2481 postmodum
2999 2417 3117 2466 vixit
3139 2432 3301 2467 annos
3324 2417 3450 2467 duos
3478 2432 3721 2468 mensem

2124 2496 2302 2533 unum.
2352 2482 2475 2534 ΙΙωο
2519 2482 2836 2534 inticiabitur
2868 2500 3042 2547 nemo,
3090 2485 3285 2552 scripta
3316 2487 3481 2539 fuisse
3508 2492 3582 2537 ab
3622 2489 3721 2539 lio-

2125 2552 2268 2623 niine
2313 2560 2661 2623 accuratioret
2708 2553 2965 2620 diligenti,
3013 2555 3099 2622 qui
3150 2564 3295 2608 certe
3335 2557 3498 2607 rebus
3542 2560 3723 2623 gestis

2126 2619 2335 2692 videtur
2375 2620 2701 2692 interfuisse,
2753 2619 2820 2675 uti
2843 2619 3051 2676 menses
3079 2635 3132 2676 et
3165 2626 3281 2678 dies
3311 2625 3455 2692 ipsos
3488 2619 3569 2677 ita
3598 2638 3720 2680 stu-

2124 2690 2273 2742 diose
2294 2690 2578 2757 desiguare
2617 2695 2865 2758 potuerit.
2914 2694 2989 2745 Ex
3044 2693 3146 2748 hoc
3192 2690 3366 2747 autem
3401 2696 3720 2758 fragmento

2123 2760 2386 2833 colligitur
2411 2761 2822 2833 Quntabundum
2858 2763 3013 2817 tertio
3041 2764 3230 2818 saltem
3263 2766 3409 2833 regni
3439 2766 3528 2818 sui
3559 2782 3719 2819 anno

2123 2830 2400 2883 catholicis
2423 2831 2636 2897 favisse,
2665 2835 2855 2899 quibus
2884 2835 3015 2886 alias
3046 2830 3403 2887 ecclesiam'iu
3434 2836 3549 2900 ipsa
3576 2840 3722 2891 urbe

2125 2903 2267 2973 ri-gia
2297 2902 2491 2973 habere
2520 2918 2622 2973 non
2658 2904 3020 2968 permisisset;
3068 2906 3174 2956 imo
3203 2914 3255 2957 et
3283 2905 3572 2973 lpﬂlllllliel
3605 2908 3723 2959 Eu-

2123 2970 2426 3045 geniunrei
2474 2972 2636 3025 fuisse
2667 2974 3092 3039 acceptissimum
3124 2988 3186 3045 ex
3236 2970 3312 3028 eo'
3349 2985 3515 3041 pate',
3562 2978 3722 3045 quod

2125 3041 2295 3105 ipsum
2344 3040 2499 3107 longe
2528 3054 2652 3096 ante
2682 3052 2906 3096 caeteros
2948 3044 3277 3097 ortbodoxos
3324 3040 3604 3099 antistites
3652 3049 3725 3100 ab

2124 3111 2312 3161 exsilio
2344 3114 2698 3173 revocaverit;
2748 3127 2809 3165 ac
2850 3114 3187 3181 postmodum
3230 3116 3391 3179 ipsius
3421 3115 3716 3183 precibus,

2047 3183 2092 3244 ο
2131 3183 2341 3252 caeteris
2362 3196 2571 3248 quoque
2596 3183 2878 3252 episcopis,
2913 3194 3032 3252 post
3061 3186 3334 3238 restitutas
3374 3186 3505 3251 ipsis
3531 3187 3728 3239 eccle-

2124 3251 2253 3317 sias,
2303 3252 2478 3305 redire
2529 3251 2825 3317 permiserit
2869 3251 2924 3306 in
2967 3269 3091 3306 suas
3130 3256 3305 3307 sedes.
3351 3254 3485 3307 Hinc
3529 3268 3725 3311 tamen

2124 3316 2325 3373 inferre
2355 3336 2459 3393 non
2505 3316 2627 3374 licet
2671 3323 2933 3393 prioribus
2964 3324 3303 3377 Guntabuudi
3352 3325 3500 3393 regni
3550 3330 3731 3380 annis

2123 3391 2545 3462 persecutionem
2577 3393 2628 3444 in
2660 3392 2839 3446 Africa
2865 3407 3139 3457 cessasse,
3190 3408 3349 3462 quam
3395 3391 3735 3450 iiicltoatam‘

2121 3459 2635 3532 saltemperniisiSse
2652 3462 2817 3515 multo
2836 3465 3182 3516 verisimilius
3196 3459 3298 3527 est,
3317 3464 3469 3532 idque
3489 3467 3729 3521 Arianis

2122 3528 2420 3584 furentibus
2448 3533 2510 3583 ad
2546 3533 2707 3584 multa
2742 3533 3043 3586 audendum
3077 3528 3409 3587 sufficiebat}
3447 3536 3562 3586 imo
3590 3553 3729 3590 cum

2130 3598 2289 3665 plane
2314 3612 2557 3654 revocata
2592 3618 2695 3654 non
2729 3602 2885 3656 fuerit
2924 3614 3047 3656 ante
3073 3604 3338 3658 decimum
3363 3604 3535 3671 ipsius
3559 3609 3726 3673 regni

2121 3685 2340 3734 annum,
2369 3683 2423 3725 ut
2452 3688 2515 3723 ex
2554 3673 2764 3725 laudato
2792 3673 3088 3741 fragmento
3127 3674 3417 3743 colligitur,
3468 3683 3588 3727 toto
3618 3677 3731 3730 hoc

2123 3744 2379 3811 temporis
2406 3742 2685 3796 intervallo
2707 3743 2996 3806 catholicos
3024 3745 3088 3796 ab
3105 3747 3313 3796 Arianis
3342 3746 3583 3811 pessime
3618 3747 3729 3798 ha-

2122 3806 2284 3871 bitos,
2335 3825 2398 3865 ac
2447 3812 2608 3865 multa
2651 3822 2707 3865 et
2746 3814 2924 3880 gravia
2966 3815 3246 3882 pertulisse
3286 3806 3442 3867 nemo
3491 3815 3731 3870 diffiteri

2123 3888 2299 3951 potest
2324 3883 2414 3949 qui
2446 3883 2583 3948 apud
2617 3882 2879 3936 Victorem
2918 3884 3183 3936 \‘itensem
3219 3885 3408 3951 legisse
3441 3886 3729 3940 mentine~

2122 3950 2190 4019 rit
2217 3950 2359 4014 ipsos
2401 3966 2525 4019 rege
2554 3954 2714 4005 etiam
2745 3953 2971 4016 crudeli,
3005 3952 3210 4006 scilicet
3240 3950 3530 4016 Hunerico,
3590 3972 3731 4008 cru-

2122 4018 2354 4091 deliores
2382 4018 2564 4085 fuisse,
2590 4020 2881 4087 Crudelius,
2922 4024 3090 4091 inquit
3121 4024 3210 4076 ille
3242 4025 3374 4076 libro
3398 4040 3448 4088 v,
3485 4040 3734 4079 numero

2125 4089 2559 4163 li,_Arianoruiit
2588 4094 2832 4162 episc0pi,
2858 4089 3131 4163 presbyteri
3151 4106 3199 4147 et
3226 4094 3419 4157 clerici,
3442 4110 3605 4162 quam
3630 4112 3737 4149 rex

2120 4168 2169 4211 et
2200 4158 2418 4212 Vandali
2440 4177 2500 4213 sa
2512 4158 2729 4215 viebant.

2191 4227 2241 4281 5.
2294 4231 2450 4284 Certe
2501 4245 2567 4285 ex
2621 4232 2881 4300 Fulgentil
2938 4231 3055 4285 Vita
3107 4242 3250 4301 patet
3300 4232 3736 4300 persecutiones

2123 4300 2439 4353 Arianorum
2465 4317 2570 4354 non
2604 4306 2768 4356 semel
2801 4304 2919 4356 istis
2962 4300 3295 4370 tempbribus
3331 4303 3726 4357 recruduisse.

2120 4371 2249 4425 Cum
2276 4371 2417 4423 enim
2458 4372 2569 4439 ipse
2611 4371 2918 4440 Fulgentius
2958 4387 3075 4439 cap.
3106 4373 3139 4425 4
3167 4387 3288 4427 Sese
3328 4374 3634 4440 recepisset
3672 4375 3738 4427 in

2120 4441 2507 4495 monasterium
2534 4442 2675 4509 quod
2722 4458 2751 4495 a
2803 4444 2959 4497 beaio
3008 4442 3204 4497 Fausto
3248 4445 3542 4510 episcopo,
3603 4460 3734 4499 non

2125 4512 2279 4580 longe
2307 4527 2335 4563 a
2371 4527 2467 4565 sua
2494 4512 2745 4566 cathedra
2792 4515 3045 4582 relegato,
3080 4513 3261 4581 fuerat
3288 4513 3618 4567 aedificatum
3667 4515 3734 4568 in

2122 4583 2237 4649 ipso
2266 4582 2439 4635 exsilii
2477 4586 2557 4635 sui
2600 4584 2754 4646 loco;
2808 4585 2931 4637 inde
2972 4582 3121 4636 abire
3152 4593 3368 4636 coactus
3398 4591 3515 4643 est,
3566 4586 3737 4649 quod

2119 4664 2238 4706 nata
2269 4669 2445 4706 rursus
2497 4653 2611 4707 talis
2658 4656 2940 4720 persecutio
2980 4654 3100 4719 ﬁdei
3141 4652 3328 4717 fuerit,
3369 4654 3542 4721 inquit
3575 4653 3741 4709 Vita:

2118 4734 2304 4777 auctor
2332 4726 2507 4791 capite
2536 4734 2748 4788 octavo,
2788 4740 2901 4793 qua:
2929 4733 3117 4776 sanctae
3162 4724 3422 4777 meruerim
3454 4721 3502 4775 F
3505 4735 3741 4777 austum

2116 4795 2409 4861 episcopum
2426 4804 2624 4862 cogeret
2647 4811 2734 4861 per
2760 4797 2979 4846 diversas
3003 4794 3219 4846 latebras
3234 4794 3591 4863 commigrare,
3624 4812 3741 4848 nec

2115 4866 2169 4917 in
2182 4866 2293 4933 ipso
2309 4866 2613 4917 monasterio
2618 4868 2648 4933 j
2654 4866 2736 4933 agi
2744 4876 2816 4917 ter
2827 4864 3011 4918 sineret
3024 4866 3348 4931 requiescere.
3368 4863 3513 4916 llanc
3532 4874 3744 4920 tamen

2120 4934 2542 4999 persecutionem
2585 4935 2838 4988 adversus
2867 4937 3146 5003 episcopos
3178 4934 3517 5000 potissimum
3558 4949 3741 4987 eom-

2116 5012 2312 5057 motam
2341 5003 2506 5057 fuisse
2530 5014 2673 5070 patet
2706 5020 2775 5057 ex
2808 5020 2872 5058 eo
2892 5006 3032 5073 quod
3062 5004 3373 5066 Fulgentius
3401 5005 3560 5071 paulo
3590 5017 3747 5068 post

2116 5088 2235 5127 sese
2261 5074 2311 5125 in
2345 5075 2561 5126 vicinum
2591 5078 2973 5130 monasterium
3014 5074 3098 5128 cui
3144 5073 3297 5128 Felix
3331 5077 3496 5126 abbas
3540 5074 3747 5141 ipsius

2116 5147 2318 5198 amicus
2352 5155 2593 5212 praeerat,
2632 5148 2898 5213 recepisse
2922 5145 3133 5208 dicitur,
3173 5145 3225 5198 in
3295 5159 3363 5197 uo
3386 5146 3455 5198 ab
3479 5143 3747 5197 Ariano-

2120 5230 2234 5267 rum
2281 5215 2562 5267 insultibus
2606 5217 2761 5268 nlane
2808 5231 3030 5268 securus
3081 5215 3194 5268 fuit.
3244 5161 3399 5268 iinde
3444 5215 3747 5268 cardinali

2120 5230 2234 5267 rum
2281 5215 2562 5267 insultibus
2606 5217 2761 5281 plane
2808 5231 3030 5269 securus
3081 5215 3194 5268 fuit.
3244 5214 3399 5268 Unde
3444 5215 3747 5271 cardinali

2120 5285 2346 5338 Baronio
2370 5283 2521 5338 facile
2546 5286 2932 5339 sub~cribimus
2963 5285 3222 5339 asserenti
3248 5284 3385 5337 lianc
3410 5293 3701 5351 tempesta
3718 5316 3747 5327 -

2119 5362 2225 5408 tem
2271 5356 2322 5408 in
2354 5356 2662 5409 sacerdotes
2692 5356 2968 5422 speciatim
3024 5356 3186 5408 fuisse
3216 5360 3534 5417 excitatam,
3567 5358 3749 5420 quod

2120 5426 2423 5494 complures
2467 5428 2630 5495 268
2656 5425 2970 5490 catholicos,
2997 5426 3107 5494 qui,
3143 5434 3367 5492 urgente
3412 5426 3754 5480 saevissima

2122 5496 2370 5548 llunerici
2404 5496 2795 5564 persecutione,
2823 5496 3015 5549 iterato
3060 5498 3377 5561 baptismate
3404 5498 3472 5548 ab
3500 5497 3753 5549 Ariauis

2121 5567 2302 5635 polluti
2328 5566 2553 5630 fuerant,
2588 5571 2653 5618 ad
2689 5567 3216 5632 ptenitentiatuiuxta
3238 5566 3455 5619 concilii
3488 5566 3760 5620 [tentant

2122 5640 2397 5689 decretum
2447 5648 2502 5691 et
2564 5635 2758 5690 Felicis
2812 5652 2960 5704 papa:
3013 5638 3293 5704 epistolam
3349 5638 3755 5702 recepissent.

2124 5708 2255 5759 llinc
2282 5704 2429 5760 Felix
2471 5710 2696 5761 Arianu~
2748 5709 3028 5775 presbyter
3084 5704 3317 5761 Felicem
3366 5707 3612 5758 abbatem
3680 5718 3761 5765 (τι

2120 5777 2452 5846 Fulgentiutn
2483 5779 2658 5834 aerius
2687 5774 3000 5846 persecutus
3026 5786 3129 5845 OSt,
3161 5779 3303 5846 quod
3330 5791 3447 5841 eos,
3488 5774 3562 5829 uti
3601 5774 3756 5829 ub-

2051 1822 2094 1878 Β

2045 4548 2093 4607 D
