3910 6172
476 235 571 289 l3.”-
1688 241 1996 297 SIDUNIUS
2035 243 2499 299 APOLLlNARIS.
3606 252 3704 308 436

480 365 695 395 Ἠ

728 365 2689 400 W

1653 478 1814 520 ANNO
1859 480 2081 522 DOMINI
2127 481 2524 525 CCCCLXXX".

567 478 1814 824 SIDONIUSW
1859 480 3607 843 ἶξὶῗίἷίιΙΝΑΒΙδ

1651 897 2078 955 ARVEBNOBUM
2126 902 2481 956 EPISCOPUS.

1472 1134 2690 1248 PROLEGOMENA.

1304 1467 1910 1549 EPISTOLA
1988 1469 2885 1549 DEDICATORIA.

1206 1630 1476 1693 “conus
1540 1633 1906 1693 Smmunus
1978 1632 2047 1691 D.
2102 1634 2581 1694 RUPIFUCALDIO
2634 1634 2984 1703 “suosuo,

1356 1773 1421 1831 S.
1456 1773 1527 1837 R.
1562 1774 1638 1841 E.
1683 1775 1995 1836 carilinali
2025 1778 2310 1855 episcopo
2346 1778 2824 1839 Silvanectenst.

1902 1932 2150 1939 ψ

548 2037 932 2096 Destinatum
964 2038 1080 2099 tibi
1106 2048 1250 2099 ante
1281 2057 1477 2101 annos
1503 2044 1848 2121 complures
1876 2046 2210 2111 Sidonium
2244 2059 2554 2120 nostrum,
2591 2046 3006 2109 illustrissime
3035 2044 3400 2113 cardinales,
3428 2060 3546 2121 pro
3583 2053 3735 2104 voto

466 2135 695 2195 accidit
731 2145 797 2195 ut
831 2154 943 2214 per
977 2138 1213 2199 eosdem
1243 2141 1369 2218 fere
1402 2141 1528 2201 dies
1554 2144 1730 2221 prelo
1767 2144 2153 2224 subjicerem,
2189 2148 2411 2228 quibus
2444 2159 2499 2209 te
2529 2148 2601 2209 ab
2632 2147 2827 2210 Italia
2860 2147 3141 2224 reducem
3180 2145 3483 2224 plaudens
3518 2144 3737 2207 Gallia

466 2235 731 2314 privatis
754 2234 1138 2316 publicisque
1166 2240 1699 2315 gratulationibus
1727 2245 2240 2325 prosequebatur.
2270 2248 2433 2312 Nam
2469 2267 2603 2308 cum
2634 2269 2669 2308 a
2702 2266 2793 2308 me
2820 2247 3034 2327 itidem
3069 2264 3150 2306 ea:
3180 2244 3402 2307 veteris
3431 2246 3738 2308 clientela:

465 2352 634 2393 nea'u
664 2334 1095 2396 adventorium
1123 2336 1240 2397 tibi
1263 2356 1485 2398 munus
1514 2340 1773 2419 aliquod
1807 2343 2013 2403 deberi
2047 2347 2363 2420 sentirem,
2401 2345 2740 2423 optandum
2774 2352 2903 2404 erat
2934 2345 3215 2422 profecto
3256 2352 3329 2403 ut
3372 2342 3494 2404 tale
3521 2345 3738 2403 nanci-

466 2449 687 2503 scerer,
719 2432 887 2511 quod
913 2452 1042 2493 non
1074 2434 1273 2497 solum
1307 2436 1610 2499 desideria
1638 2450 1852 2502 nostra
1888 2445 2129 2515 testari,
2166 2444 2270 2505 sed
2300 2454 2465 2505 tuam
2514 2463 2754 2524 quoque
2802 2444 3069 2522 gratiam
3098 2443 3260 2504 inire
3288 2462 3359 2503 ac
3388 2445 3739 2521 promereri

464 2539 688 2611 posset.
719 2531 904 2594 Nunc
934 2551 1077 2594 vero
1102 2554 1214 2595 sua
1238 2547 1456 2616 sponte
1496 2538 1562 2599 id
1589 2538 1860 2603 oblatum
1890 2553 2003 2619 est,
2040 2544 2207 2623 quod
2229 2545 2428 2604 amari
2453 2543 2559 2603 abs
2592 2552 2672 2616 te,
2707 2543 2763 2603 si
2793 2550 2850 2602 te
2876 2559 3066 2606 amas.
3087 2540 3465 2619 probarique
3492 2559 3740 2601 necesse

465 2631 575 2690 sit.
611 2630 781 2705 Quid
822 2634 984 2694 enim
1011 2634 1188 2695 aliud
1219 2635 1335 2697 tibi
1362 2636 1555 2717 offero
1587 2656 1726 2699 cum
1756 2640 2096 2702 Sidonium
2130 2644 2350 2721 offero,
2386 2661 2570 2721 quam
2598 2643 2860 2703 alterum
2891 2648 2947 2701 te
2978 2639 3114 2711 tibi,
3155 2640 3272 2701 hoc
3304 2651 3391 2700 est
3418 2650 3737 2718 praestan-

470 2732 771 2797 tissimum
791 2749 1033 2811 genere,
1057 2735 1370 2808 doctrina.
1395 2739 2018 2813 virtuteantistitem,
2043 2743 2260 2804 iisdem
2285 2734 2572 2805 laudibus
2604 2741 3097 2820 ornamentisque
3118 2742 3379 2819 praedito
3409 2744 3699 2803 antistiti
3712 2742 3740 2800 ΐ

466 2833 751 2917 praefecto
786 2835 1137 2901 Galliarum
1179 2845 1363 2915 patre
1390 2848 1628 2911 natum,
1664 2839 2005 2902 Gallicana
2050 2842 2292 2903 militiae
2340 2842 2631 2919 magistri
2680 2841 2810 2919 ﬁlio
2836 2861 2857 2909 ;
2898 2841 3258 2919 prafectum
3296 2840 3443 2902 urbi
3494 2842 3739 2917 Rome,

469 2935 782 2998 cardinali
812 2946 1198 2998 tantumnon
1219 2939 1420 3016 primo
1447 2939 1513 2999 in
1546 2939 1844 3001 Ecclesiae
1873 2941 2162 3001 Romana:
2185 2941 2383 3017 gradu
2414 2942 2798 3008 constituto;
2823 2940 3175 3018 episcopum
3204 2940 3459 3018 denique
3490 2940 3741 3002 Arver-

469 3050 691 3093 norum
712 3034 1068 3096 Arvernicce
1095 3036 1255 3097 sedis
1277 3037 1541 3113 ejusdem
1558 3039 1842 3116 episcopo
1859 3040 1890 3097 ἵ
1915 3041 2187 3101 Tametsi
2210 3041 2369 3101 enim
2394 3048 2449 3100 te
2470 3040 2763 3100 Arvernis
2787 3038 2912 3098 tuis
2937 3039 3301 3115 iampridem
3325 3038 3741 3112 subduxeris,

469 3132 878 3212 maluerisque
904 3134 1245 3197 desiderari
1275 3132 1348 3194 ab
1383 3136 1464 3196 iis
1495 3139 1886 3214 praesentiam
1924 3146 2088 3197 tuam
2115 3156 2295 3217 quam
2322 3146 2691 3217 perpetuum
2723 3137 2856 3198 illis
2892 3138 3113 3198 bonum
3143 3157 3263 3199 esse
3294 3156 3411 3216 quo
3440 3140 3741 3216 frueban-

472 3236 601 3307 tur,
632 3231 814 3292 luzret
862 3242 1060 3291 tamen
1115 3233 1395 3312 vigetque
1430 3235 1497 3295 in
1534 3237 1808 3296 omnium
1842 3237 2064 3298 animis
2108 3238 2462 3316 gratissima
2510 3240 2919 3317 pontiﬁcatus
2968 3240 3063 3300 tui
3107 3239 3487 3301 recordatio.
3523 3241 3741 3320 Neque

465 3327 596 3390 ulla
620 3347 893 3409 unquam
927 3330 1046 3391 erit
1073 3339 1218 3392 atas
1252 3350 1387 3411 quae
1412 3332 1615 3392 lustra
1644 3334 1756 3394 illa
1785 3334 2053 3415 quinque
2082 3354 2212 3396 non
2242 3336 2521 3413 celebret,
2551 3336 2773 3416 quibus
2797 3338 2879 3397 ad
2904 3338 3194 3399 Ecclesia:
3222 3337 3738 3399 Claromontame

468 3432 709 3492 clavum
740 3432 975 3503 sedens,
1014 3450 1215 3492 omnes
1263 3431 1364 3494 illi
1401 3433 1876 3509 prudentissimi
1911 3435 2499 3515 vigilantissimique
2524 3439 2803 3517 pastoris
2831 3454 3117 3497 numeros
3162 3436 3497 3498 reddidisti
3540 3460 3563 3500 :
3592 3458 3741 3499 cum

467 3530 764 3590 creditam
810 3529 928 3594 tibi
948 3529 1182 3609 plebem
1223 3530 1563 3592 cwlestibus
1598 3533 1974 3610 disciplinis.
2011 3552 2121 3597 nec
2156 3535 2359 3596 verbis
2394 3543 2635 3595 tantum
2665 3555 2738 3595 ac
2767 3554 3065 3612 sermone,
3102 3536 3207 3597 sed
3250 3537 3505 3614 scriptis
3543 3541 3741 3598 etiam

468 3629 913 3706 voluminibus,
960 3649 1116 3693 verte
1148 3632 1402 3711 pietatis
1436 3633 1725 3710 magister
1755 3634 2030 3696 erudires
2050 3656 2070 3702 ;
2103 3643 2235 3695 tum
2263 3638 2453 3697 vitam
2489 3638 2639 3713 ipse,
2672 3654 3030 3715 morumque
3072 3638 3338 3717 formam
3368 3656 3612 3700 omnem
3646 3642 3742 3701 sic

464 3731 826 3806 instrueres,
857 3739 931 3791 ut
954 3732 1176 3811 quibus
1200 3733 1608 3802 successisses,
1633 3751 1973 3812 quorumve
2000 3736 2067 3796 in
2094 3736 2382 3796 cathedra
2402 3736 2637 3796 sederes
2655 3781 2670 3810 ,
2698 3744 2996 3814 perpetuo
3027 3737 3341 3812 meditari,
3370 3738 3740 3800 laudandi:-

464 3848 580 3908 que
608 3832 983 3894 imitationis
1015 3832 1250 3904 studio,
1287 3852 1453 3894 nunc
1500 3836 1946 3912 Austremonii,
1976 3835 2300 3916 Illidiique
2332 3838 2753 3907 sanctitatem,
2799 3838 3151 3899 I’enerandi
3186 3847 3368 3917 atque
3412 3840 3738 3917 Eparchii

465 3929 852 4008 religionem,
878 3933 1216 4007 Quintiani
1248 3937 1689 4009 constantiam,
1716 3937 1884 3998 Galli
1911 3920 2295 4013 modestiam,
2316 3940 2868 4020 benignitatemque
2896 3944 3178 4003 eernulari
3201 3944 3479 4004 viderere
3505 3968 3526 4006 :
3555 3964 3739 4007 nunc

464 4029 644 4098 eniti,
671 4038 742 4088 ut
771 4028 1175 4089 humanarum
1204 4049 1408 4092 rerum
1437 4034 1843 4112 despicientia
1872 4036 2170 4112 Bonitas,
2200 4054 2523 4097 sacrorum
2554 4038 2833 4099 locorum
2876 4040 3047 4100 cultu
3082 4039 3392 4114 Genesios,
3420 4059 3739 4104 revocan-

464 4129 560 4190 dis
603 4127 684 4189 ad
730 4139 957 4190 rectam
1005 4131 1179 4209 fidem
1229 4131 1426 4191 deviis
1456 4132 1717 4206 Avitos,
1766 4131 2159 4193 sublevandis
2196 4136 2456 4211 inopum
2491 4136 2944 4196 calamitatibus
2978 4138 3309 4208 Sidonios,
3365 4139 3739 4201 universum

463 4229 719 4315 denique
745 4230 1214 4289 lectissimorum
1248 4230 1560 4308 quondam
1590 4231 1925 4308 prazsulum
1952 4242 2256 4313 senatum,
2287 4236 2605 4296 Arvernia:
2630 4255 2753 4297 sua:
2778 4238 3084 4298 virtutum
3112 4246 3361 4299 tuarum
3382 4239 3741 4303 luminibus

462 4328 875 4407 exemplisque
917 4345 1265 4395 renovares.
1303 4329 1669 4406 Quanquam
1711 4333 1836 4390 haec
1871 4351 1907 4389 a
1949 4350 2040 4392 me
2084 4350 2403 4411 quorsum,
2453 4336 2563 4415 qui
2595 4354 2702 4397 nec
2733 4336 2942 4396 laudes
2979 4344 3115 4397 tuas
3144 4337 3409 4399 scribere
3438 4342 3737 4416 institui,

465 4446 575 4487 nec
597 4428 651 4488 si
682 4428 884 4497 velim,
911 4446 1063 4504 opus
1096 4426 1341 4487 habeam
1382 4429 1703 4507 prasterita
1733 4437 2034 4501 retexere,
2073 4450 2211 4492 cum
2236 4433 2302 4493 in
2321 4444 2619 4512 promptu
2639 4435 2789 4505 sint,
2819 4453 2890 4493 ac
2921 4433 3162 4495 laudem
3180 4454 3414 4496 omnem
3434 4438 3737 4510 vincant.

462 4544 596 4602 qua:
628 4528 694 4586 in
723 4535 780 4585 te
822 4535 930 4586 aut
962 4528 1155 4586 Roma
1183 4543 1381 4604 nuper
1410 4534 1700 4587 venerata
1727 4535 1837 4597 est,
1870 4535 1981 4589 aut
2011 4545 2180 4589 nunc
2206 4530 2352 4590 aula
2404 4530 2695 4607 suspicit,
2742 4538 2850 4589 aut
2885 4530 3047 4608 forte
3075 4548 3187 4589 sua
3221 4531 3349 4592 (arti
3372 4534 3739 4610 prcedicant

464 4627 946 4688 Silvanectenses
1001 4630 1093 4688 tui
1109 4630 1139 4689 Ῡ
1170 4629 1458 4690 Attamen
1504 4627 1649 4688 hinc
1697 4627 1900 4699 vides,
1954 4627 2373 4691 illustrissime
2417 4629 2780 4701 cardinalis,
2833 4646 2954 4706 qua
3007 4627 3236 4705 ,‘iducia
3286 4631 3742 4696 benevolentia:

465 4723 1057 4804 upprobationisque
1101 4734 1220 4785 tua:
1243 4726 1645 4787 vernaculum
1675 4725 1791 4786 tibi
1819 4744 1891 4786 ac
1932 4743 2082 4803 pene
2106 4725 2506 4786 domesticum
2539 4744 2758 4785 munus
2783 4723 3096 4789 exhibeam
3122 4746 3143 4793 ;
3181 4734 3248 4785 ut
3277 4746 3415 4787 cum
3446 4732 3740 4794 nominis

465 4828 560 4889 tui
591 4825 1014 4885 studiosorum
1044 4836 1301 4885 conatus
1349 4844 1552 4885 omnes
1599 4824 1854 4903 benigne
1884 4825 2207 4902 complecti
2250 4826 2479 4893 soleas,
2514 4824 2889 4901 pracipuam
2937 4832 3137 4882 tamen
3180 4824 3450 4887 Sidonio
3496 4841 3734 4892 nostra

462 4928 727 5002 gratiam
755 4934 849 4987 tot
874 4925 990 4988 tibi
1016 4927 1371 4986 nominibus
1400 4928 1650 4988 addicto
1681 4934 1741 4988 et
1767 4934 2129 4989 consecrato
2159 4925 2365 4987 deberi
2395 4928 2723 5005 conﬁdam.
2757 4926 2975 5002 Itaque
3005 4942 3078 4982 ne
3103 4924 3285 4987 istam
3316 4928 3564 5007 quidem
3596 4939 3735 4993 tam

463 5032 616 5091 lenti
645 5039 789 5110 post
828 5040 919 5093 tot
946 5050 1148 5092 annos
1177 5032 1373 5109 ofﬁcii
1406 5032 1784 5103 tarditatem,
1819 5049 1894 5090 ne
1919 5030 2072 5091 mihi
2097 5028 2316 5109 fraudi
2344 5031 2424 5091 sit
2455 5029 2844 5107 pertimesco,
2890 5044 3025 5085 cum
3046 5026 3289 5104 facilem
3317 5032 3581 5101 veniam,
3609 5045 3739 5092 aut

461 5132 701 5194 laudem
728 5135 964 5212 potius,
1001 5132 1069 5191 ni
1115 5132 1330 5209 fallor,
1354 5131 1603 5210 judicio
1630 5139 1738 5191 tuo
1767 5130 2083 5191 relaturus
2114 5127 2368 5196 videar;
2399 5145 2574 5206 quem
2615 5123 2923 5201 intelliges
2951 5122 3064 5184 hac
3101 5125 3236 5203 ipsa
3262 5132 3485 5190 veteris
3519 5129 3739 5193 debiti

459 5233 837 5312 professione
866 5230 1187 5310 antiquam
1234 5239 1289 5292 et
1337 5237 1721 5291 constantem
1758 5228 1825 5289 in
1867 5228 1965 5288 tui
1998 5225 2395 5288 veneratione
2441 5232 2621 5303 atque
2649 5219 2936 5300 obsequio
2962 5226 3488 5296 perseverantiam
3523 5226 3745 5287 declw

460 5351 621 5401 mm
1149 5352 1160 5367 ί
1242 5356 1339 5468 ἰι.
1377 5406 1452 5471 Α.
1491 5407 1571 5467 Τ.

2446 5483 2871 5547 ῡυιιίιὶεδίτηυε
2904 5482 3037 5542 JAc.
3069 5481 3467 5556 Sinuouous,

2754 5583 2886 5641 Sos.
2920 5583 3073 5643 δεδι(
3106 5587 3313 5660 [ιι-ρει).
