3910 6172
453 265 553 321 ιῦθ

1668 263 1973 322 SIDONIUS
2010 263 2476 322 APOLLlNARTS.

3605 262 3709 322 “0

546 380 609 435 V.
647 380 860 447 Venno,
904 388 960 435 ut
987 395 1107 435 cum
1144 379 1343 434 Baunio
1381 380 1561 447 loquar
1591 379 1689 449 (a),
1719 397 1737 431 ι
1774 379 1901 433 nihil
1930 386 2011 434 est
2045 382 2089 442 Α
2120 394 2378 435 censurre
2409 381 2674 450 sequioris
2701 380 2797 434 aevi
2821 381 3134 448 scriptores,
3167 379 3517 446 Flodoardus,
3551 380 3697 445 Sige-

451 472 733 529 atlmoduin
763 471 903 543 quod
930 481 1085 543 cogat
1112 471 1384 527 discedere
1413 487 1441 525 a
1472 474 1732 533 sententia
1769 473 2013 527 cardina-

453 564 518 616 lis
550 564 757 618 Baronii
804 563 903 633 (b),
960 578 1116 633 quam
1156 563 1369 631 quidem
1412 562 1703 631 approbavi
1736 577 1795 616 se
1838 572 1889 618 et
1921 578 2013 616 ve-

449 653 642 707 riorem
671 651 1059 708 existimavisse
1079 653 1395 712 Sirmondus
1422 652 1629 709 videtur
1652 652 1726 722 (c)
1754 670 1766 705 :
1818 666 2015 720 nempe

447 742 723 798 Sidonium
752 746 1054 814 pervenisse
1079 745 1143 798 ad
1186 759 1383 799 annum
1428 743 1555 805 48L
1607 745 1760 813 idque
1795 745 2012 813 intelligi

425 837 510 889 ‘ex
544 836 712 903 ipsius
737 838 802 890 ad
833 837 1077 904 Oresium
1108 838 1350 908 epistola,
1381 839 1434 890 in
1464 853 1562 906 qua
1604 852 1662 890 se
1699 838 1760 889 ab
1802 840 2015 891 exordio

447 928 696 995 religiosa:
720 928 1044 998 professionis
1068 967 1082 990 ,
1115 927 1331 995 poetica:
1364 927 1753 983 renuntiavisse
1782 942 1843 981 ac
1868 941 1932 981 eo
1963 928 2014 980 in

445 1019 644 1083 silentio
676 1030 772 1072 tres
796 1019 904 1086 jam
933 1019 1270 1088 ofympt'a'las,
1295 1018 1396 1072 hoc
1414 1028 1497 1075 est
1522 1033 1691 1075 annos
1708 1018 2012 1086 duodecim,

446 1110 726 1164 decurrisse
754 1110 933 1165 scribit
962 1110 1059 1181 (d).
1090 1109 1218 1162 Nam
1248 1110 1407 1164 vcrha
1441 1110 1583 1174 haec,
1616 1110 1678 1162 ab
1701 1112 1910 1163 exordio
1938 1126 2015 1163 re-

445 1202 638 1271 ligiosa:
659 1202 1008 1269 professionis,
1038 1201 1105 1255 de
1130 1200 1281 1255 initio
1305 1201 1644 1273 episcopatus
1672 1211 1725 1258 et
1758 1202 2013 1261 ltaronius

444 1302 493 1349 et
522 1290 838 1351 Sirniondus
859 1292 1052 1357 merito
1082 1292 1386 1357 intelligunt
1411 1310 1423 1345 :
1446 1293 1729 1362 siquidem,
1758 1293 2015 1363 Eparchio

441 1388 724 1454 migrante,
779 1383 1054 1437 Sidonium
1106 1400 1171 1437 ea:
1227 1384 1354 1439 Urbi
1405 1386 1643 1453 prtrfecto
1682 1385 2007 1439 substitutum

443 1485 667 1531 testatur
701 1477 989 1547 Gregorius
1014 1478 1343 1533 Turonensis
1373 1479 1447 1546 (ε)
1474 1494 1488 1535 :
1522 1480 1893 1548 migrationem
1919 1494 2014 1533 au-

444 1576 548 1621 tem
581 1553 829 1635 Eparchii
875 1568 1133 1623 Baronius
1168 1568 1365 1637 aliique
1396 1568 1461 1622 ad
1501 1583 1696 1625 annum
1738 1568 1842 1622 472
1878 1568 2015 1623 refe-

440 1668 581 1715 runt.
613 1673 630 1711 ο
666 1658 789 1713 Hzrc
817 1660 927 1714 ille.
972 1661 1037 1713 At
1066 1660 1134 1713 dc
1162 1660 1244 1714 his
1271 1662 1419 1715 satis.

2124 473 2310 527 bertus
2374 471 2813 535 Gemblacensis,
2864 473 3130 528 Honorius
3183 472 3699 541 Augustoduncnsis,

2124 564 2273 633 liugo
2297 564 2675 629 Floriacensis,
2696 564 2888 618 Petrus
2914 564 3265 630 Venerabilis,
3300 565 3462 619 abbas
3480 564 3675 619 Clunia

2121 656 2318 719 censis,
2367 654 2585 723 aliique,
2629 669 2853 724 quorum
2912 656 3174 725 praeconia
3234 654 3473 726 proferre
3528 672 3703 723 neque

2122 743 2284 801 refert
2314 758 2486 813 neque
2508 746 2656 800 libet.

2195 834 2281 889 Vl.
2320 834 2581 892 Czeterum
2620 839 2803 907 quanti
2849 837 3123 892 habendus
3155 836 3227 891 sit
3262 836 3546 901 Sidonius,
3580 837 3702 890 Sir-

2122 925 2373 980 moiidum
2408 927 2590 981 audire
2628 927 2843 995 jnverit,
2888 928 2974 996 qui
3015 927 3131 997 ejus
3175 929 3493 996 scriptorum
3542 928 3703 981 dotes

2076 1044 2079 1047 ν
2119 1014 2286 1087 probe
2308 1025 2549 1071 noverat.
2576 1017 2665 1073 Sic
2692 1019 2851 1089 igitur
2880 1020 2968 1073 ille
3005 1020 3057 1073 in
3106 1020 3271 1088 ipsius
3304 1019 3499 1088 elogio,
3551 1020 3704 1087 quod

2118 1105 2388 1169 Opusculis
2433 1107 2736 1163 Sidonianis
2781 1111 3006 1165 atlevuit
3057 1110 3120 1184 (ι)
3158 1128 3173 1165 :
3228 1130 3246 1163 s
3278 1110 3473 1179 Ingenii
3515 1114 3705 1166 tnoni-
3743 1180 3751 1187 _

2122 1206 2320 1257 menta,
2367 1199 2608 1265 quamvis
2645 1198 2744 1252 alia
2792 1199 3015 1268 plurima
3066 1202 3368 1269 scripserit,
3423 1202 3537 1255 hmc
3582 1203 3713 1254 sola

2116 1301 2235 1355 qua:
2264 1296 2465 1342 restant
2494 1289 2689 1358 publici
2709 1289 2848 1359 juris
2876 1304 2995 1345 esse
3025 1290 3210 1345 voluit.
3241 1292 3297 1344 In
3324 1292 3514 1361 quibus
3540 1307 3704 1358 sane,

2116 1392 2212 1431 seu
2240 1388 2411 1433 metro
2432 1380 2645 1445 vinctis,
2677 1396 2771 1435 seu
2804 1380 2985 1435 liberis
3010 1396 3071 1436 ac
3098 1382 3288 1436 solutis
3313 1423 3327 1445 ,
3362 1386 3477 1438 sive
3510 1392 3706 1439 narret

2116 1479 2206 1523 aut
2230 1470 2470 1535 suadeat,
2499 1471 2610 1527 sive
2641 1472 2815 1527 laudet
2840 1482 2933 1528 aut
2959 1474 3243 1540 vituperet,
3266 1483 3318 1527 et
3336 1475 3705 1544 quodcunque

2115 1572 2484 1629 argumentum
2511 1570 2735 1631 tractet,
2782 1578 2879 1631 par
2909 1563 2960 1616 in
2988 1562 3238 1616 omnibus
3272 1562 3497 1616 felicitas
3524 1573 3577 1617 et
3608 1578 3680 1617 co

2118 1651 2223 1720 pia,
2257 1662 2416 1722 atque
2445 1666 2507 1705 ea
2537 1662 2644 1705 lum
2670 1652 2950 1706 verborum
2970 1660 3079 1706 tum
3105 1654 3492 1706 sententiarum
3519 1655 3700 1707 varie-

515 1749 577 1803 V.
617 1750 843 1805 Maxime
886 1752 1079 1806 claruit
1115 1751 1369 1807 Sidonius
1404 1754 1625 1822 poeticis
1664 1752 1751 1819 im;
1777 1752 1922 1819 rimis
1959 1763 2013 1809 ει
2047 1736 2089 1796 Β
2120 1751 2222 1808 tas,
2254 1754 2311 1799 ut
2341 1743 2471 1798 mira
2499 1745 2548 1797 in
2578 1758 2643 1799 eo
2666 1745 2744 1798 vis
2768 1744 2963 1814 ingenii
2986 1753 3040 1798 et
3072 1743 3391 1821 abundantia
3439 1744 3701 1813 quaedam

441 1841 721 1896 rhetoricis
749 1842 968 1908 littoris;
1014 1858 1119 1913 quo
1162 1845 1378 1901 nomine
1418 1846 1545 1898 nulli
1574 1862 1683 1899 sua:
1722 1846 1894 1901 atatis
1923 1860 2013 1899 se-

438 1934 680 1993 cundus:
715 1944 767 1997 ut
792 1935 1015 2003 proinde
1040 1936 1171 1989 viris
1195 1951 1258 1990 ea
1291 1945 1606 2004 tempestate
1634 1936 2013 2005 praestantibus

438 2025 599 2078 fuerit
642 2040 835 2095 magno
874 2026 925 2080 in
966 2028 1137 2094 pretio
1184 2026 1396 2082 habitus
1436 2040 1483 2082 et
1515 2029 1737 2083 summis
1768 2028 2013 2081 laudibus

438 2124 645 2168 auctus.
676 2115 981 2185 Cujusmodi
1010 2125 1134 2171 sunt
1153 2120 1324 2172 sancti
1352 2119 1627 2188 prmsnles,
1666 2120 1845 2188 Lupus
1874 2119 2009 2172 Tre-

442 2205 657 2272 censis,
718 2204 1058 2275 Euphronius
1104 2210 1640 2278 Augustodnnensis,
1712 2210 2011 2279 Principius

436 2297 863 2363 Sucssionensis,
904 2299 1176 2369 Remigius
1207 2300 1506 2365 Remcnsis,
1543 2302 1788 2357 Ruricius
1820 2302 2009 2357 Lemo-

439 2386 688 2451 viccnsis,
709 2398 763 2441 ut
778 2388 913 2443 alios
935 2398 1339 2458 praetereamus.
1358 2392 1681 2453 Claudianus
1700 2394 2003 2463 Mamertus,

435 2477 524 2542 qui
570 2491 697 2532 suos
734 2478 898 2545 libros
939 2481 1003 2534 de
1027 2481 1179 2536 Statu
1223 2483 1406 2536 anima:
1440 2487 1640 2539 auctori
1683 2497 1866 2541 nostro
1896 2496 2005 2543 tum

438 2566 773 2635 prml'eclorio
818 2570 1032 2632 dicavit,
1082 2572 1135 2628 in
1184 2574 1407 2642 epistola
1451 2578 1837 2644 nuncupatotia
1883 2594 2005 2633 eum

437 2671 587 2716 vocat
619 2661 690 2733 (ι’)
719 2663 1061 2719 doctissimum
1090 2676 1136 2733 et
1175 2669 1419 2739 optimum
1455 2671 1636 2731 virum,
1688 2671 2006 2743 potissimum

433 2755 764 2819 disertorum,
791 2758 1189 2824 eruditissimum
1216 2760 1436 2813 virorum
1465 2777 1527 2814 ac
1568 2763 1743 2815 ceteris
1766 2765 2003 2831 eioquen-

434 2843 519 2895 tia:
546 2854 909 2908 reparatorem.
963 2847 1027 2901 Et
1074 2848 1201 2903 alibi
1241 2849 1305 2903 ad
1347 2849 1519 2917 ipsum
1554 2851 1665 2920 jam
1695 2853 2002 2922 episcopum

430 2932 669 2987 scribens
701 2933 777 3003 (g)
808 2952 821 2988 :
858 2936 1015 3002 Cum,
1060 2937 1260 3008 inquit,
1308 2939 1697 3007 Scripturarum
1731 2942 2003 2997 ccleslium

430 3023 670 3091 mysteria
684 3024 911 3087 rimaris,
933 3041 1030 3094 quo
1054 3034 1100 3079 te
1123 3027 1404 3083 studiosius
1421 3029 1625 3095 imbuis,
1642 3046 1699 3084 eo
1721 3033 2001 3087 doctrinam

427 3112 624 3167 cwteris
652 3114 907 3179 copiosius
928 3115 1177 3185 infundis.
1203 3115 1509 3174 Gennadius
1531 3130 1707 3175 autem
1726 3121 1792 3176 de
1808 3124 1996 3179 eodem

427 3197 651 3253 Sidonio
678 3197 792 3255 ba‘c
821 3201 982 3258 habet
1011 3202 1091 3274 (It)
1117 3220 1132 3259 :
1162 3204 1411 3261 Sidonius
1438 3207 1774 3263 Arvernorum
1802 3211 1998 3279 episco-

429 3308 522 3357 pus
549 3293 751 3362 scripsit
771 3297 913 3348 varia
937 3304 984 3348 et
1011 3304 1158 3366 grata
1183 3299 1449 3367 opuscula,
1482 3309 1529 3352 et
1555 3316 1694 3357 sana:
1729 3301 1997 3356 doctrinae.

428 3381 601 3437 Homo
623 3384 866 3451 siquidem
888 3394 989 3441 tam
1010 3387 1192 3440 divinis
1211 3404 1364 3458 quam
1384 3388 1617 3443 humanis
1655 3392 1721 3444 ad
1747 3392 1999 3462 integrum

425 3473 668 3539 imbutus,
691 3491 904 3545 acerque
929 3477 1225 3547 ingenim...
1259 3478 1537 3534 catholicus
1562 3491 1725 3550 pater,
1750 3491 1795 3535 et
1823 3483 2000 3536 doctor

424 3567 638 3635 insignis
668 3567 899 3624 habetur.
948 3568 1177 3624 Sanctus
1221 3569 1347 3624 item
1379 3569 1564 3625 Avitus
1590 3570 1904 3626 Viennensis
1930 3572 1999 3628 de

425 3656 717 3725 Apollinari
740 3659 948 3718 Sidonii
978 3660 1085 3717 lilio
1124 3660 1282 3715 verba
1315 3660 1537 3726 faciens,
1572 3678 1795 3731 paterna:
1819 3663 2000 3732 [acuti-

425 3748 524 3801 dia
550 3747 901 3819 (Sidonianrc)
933 3749 1164 3814 delicias,
1192 3762 1239 3806 et
1268 3753 1481 3821 ﬂumina
1507 3753 1726 3822 fontium
1754 3762 1997 3821 paterno-

424 3854 539 3889 rum
568 3838 779 3892 extollit
805 3837 902 3908 (i).
952 3839 1054 3905 Qui
1093 3855 1279 3896 rursus
1316 3843 1381 3897 ad
1429 3845 1603 3911 ipsum
1632 3845 1993 3912 Apollinarem

427 3927 667 3981 scribens
695 3927 807 3998 (j):
841 3924 943 3981 llic
972 3945 1123 3994 nunc,
1153 3929 1346 4001 inquit,
1386 3934 1516 3989 nihil
1549 3934 1702 4005 falso,
1747 3938 1874 3991 nihil
1913 3954 1997 3990 as-

421 4017 695 4073 sentatorie
719 4034 798 4071 me
821 4018 991 4087 loqui,
1021 4036 1192 4074 coram
1225 4022 1511 4078 sinceritate
1544 4034 1707 4079 vestra
1744 4029 1997 4093 imprecor

421 4114 593 4160 testem
615 4105 801 4173 Deum,
827 4116 1021 4162 tantum
1051 4126 1129 4165 me
1154 4120 1241 4165 tuo
1259 4114 1463 4184 judicio
1490 4115 1813 4182 delectatum,
1839 4117 1994 4171 veluti

423 4201 463 4255 si
494 4201 701 4255 auribus
725 4201 900 4255 damni
920 4204 1019 4257 mei
1038 4205 1197 4277 patris
1219 4206 1293 4260 tui
1318 4205 1567 4276 (Sidonii)
1602 4210 1846 4263 meditata
1875 4226 1997 4264 con-

426 4291 604 4357 fessus,
626 4292 972 4362 cujuscunque
996 4294 1163 4347 laudis
1202 4304 1454 4349 momento
1483 4296 1573 4349 sub
1600 4312 1802 4352 censore
1832 4301 1994 4353 dona-

425 4397 522 4434 rer.
578 4381 868 4452 Gregorius
917 4384 1147 4455 denique
1196 4385 1523 4443 Turonensis
1569 4388 1670 4460 (lt)
1706 4406 1720 4443 :
1762 4390 1988 4447 Sanctus

2113 1834 2370 1889 doctrina:
2394 1835 2570 1890 statim
2596 1836 2917 1891 eluceat.....
2946 1833 3126 1904 Neque
3154 1850 3281 1888 vero
3309 1835 3359 1887 in
3392 1834 3452 1887 iis
3484 1843 3699 1887 tantum

2113 1941 2232 1995 quae
2268 1929 2521 1981 attentius
2567 1928 2925 1982 meditabatur
2972 1937 3028 1981 et
3069 1927 3398 1992 elaborabat,
3454 1935 3699 1995 quantus

2114 2024 2259 2071 esset
2277 2018 2547 2082 ostendit;
2595 2018 2689 2071 sed
2722 2020 2772 2071 in
2805 2017 3259 2085 extemporalihus
3292 2016 3450 2070 etiam
3493 2031 3699 2084 repen-

2114 2109 2344 2176 tinisqnc
2393 2108 2773 2177 scriptiouibus
2802 2153 2820 2193 ,
2876 2123 3098 2177 quarum
3147 2108 3219 2162 illi
3277 2118 3381 2161 tam
3435 2118 3696 2175 prompta

2113 2199 2333 2255 facultas
2359 2213 2493 2263 erat,
2538 2211 2593 2254 ut
2623 2215 2726 2253 non
2760 2200 3012 2268 pauculos
3034 2199 3296 2252 duntaxat
3342 2212 3533 2252 versus
3578 2213 3694 2253 non

2111 2291 2395 2346 meditatos
2424 2290 2669 2345 funderet
2689 2305 2719 2345 e
2748 2289 3082 2358 vestigio.....
3115 2289 3208 2343 sed
3238 2289 3379 2356 justa
3412 2289 3695 2343 interdum

2112 2391 2341 2452 utroque
2387 2381 2642 2436 orationis
2691 2396 2888 2452 genere
2938 2380 3195 2450 cpuscula
3250 2380 3360 2448 pari
3407 2380 3695 2436 celeritate

2112 2480 2523 2542 pertexerct.....
2575 2473 2838 2526 Castorum
2891 2486 3013 2526 cum
3064 2470 3185 2524 talis
3235 2470 3378 2523 omni
3433 2486 3498 2523 ex
3534 2483 3695 2538 parte

2110 2573 2394 2634 tantusque
2432 2570 2575 2619 esset
2614 2564 2888 2628 Sidonius,
2939 2562 3165 2633 ejusque
3212 2562 3407 2632 scripta
3431 2563 3693 2617 omnibus

2110 2656 2332 2709 mirifice
2358 2656 2729 2724 probarentur,
2762 2656 2872 2723 ipse
2900 2668 3036 2709 unus
3062 2654 3131 2708 tle
3156 2668 3215 2709 se
3242 2655 3449 2709 modice
3474 2655 3690 2711 sentire

2107 2762 2169 2801 ac
2217 2762 2401 2809 parum
2461 2746 2560 2801 sibi
2605 2760 2979 2816 usquequaque
3024 2745 3334 2799 satisfacere
3378 2744 3688 2800 videbatur.

2108 2840 2289 2907 Itaque
2318 2848 2375 2894 et
2399 2838 2559 2893 multa
2585 2837 2912 2906 suppressit,
2943 2846 3001 2892 et
3047 2836 3290 2905 quadam
3338 2836 3591 2901 adorsus,
3629 2848 3689 2892 ut

2108 2933 2288 2989 Attilae
2332 2931 2551 2997 bellum,
2591 2932 2772 3000 operis
2820 2940 3081 2999 pertaesus
3112 2929 3325 2996 abjccit.
3384 2929 3683 2984 Historiam

2105 3032 2362 3090 prazterea
2387 3020 2467 3075 sui
2492 3020 2749 3090 temporis
2792 3028 2850 3075 ut
2881 3019 3143 3074 scriberet
3189 3018 3438 3073 hortante
3486 3017 3674 3075 Leone

2024 3090 2070 3153 (ἶ
2106 3112 2283 3167 Eurici
2332 3112 2471 3182 regis
2530 3111 2837 3167 consiliario
2897 3110 3244 3178 detrectavit,
3298 3124 3418 3165 cum
3467 3109 3679 3166 diceret

2104 3204 2340 3258 historiae
2361 3202 2657 3257 scribenda:
2682 3201 2960 3256 consilium
2986 3201 3196 3256 clericis
3221 3201 3440 3255 minime
3473 3215 3683 3257 conve-

2104 3296 2240 3350 nire.
2268 3313 2285 3346 ι
2320 3294 2433 3349 lluc
2462 3307 2631 3362 usque
2662 3291 2997 3347 Sirmoudus.

2174 3386 2279 3440 Vll.
2324 3384 2474 3452 Quod
2496 3392 2760 3454 superest,
2792 3398 2909 3438 eam
2929 3381 3339 3437 Sidonianorum
3360 3380 3681 3451 editionem,

2102 3478 2361 3533 Baunium
2391 3477 2562 3532 secuti
2594 3476 2716 3547 (in),
2751 3475 2892 3546 typis
2913 3474 3318 3544 exprimendam
3359 3474 3683 3528 tradidimus

2101 3586 2257 3639 quam
2290 3569 2515 3638 ipsemet
2547 3567 2866 3623 Sirmondus
2892 3580 3099 3620 summa
3126 3564 3401 3635 diligentia
3427 3565 3683 3635 recogni-

2101 3672 2209 3717 tam
2238 3670 2293 3717 et
2313 3661 2626 3715 illnstratam
2650 3658 2931 3728 evulgavit.
2962 3657 3145 3726 Neque
3173 3664 3347 3709 tamen
3365 3669 3553 3710 eorum
3571 3656 3680 3710 ulla

2101 3753 2561 3823 praetermisimus,
2592 3750 2706 3805 sive
2732 3766 2850 3820 quae
2880 3752 2933 3803 in
2964 3748 3244 3818 posteiiori
3274 3748 3512 3803 editione
3533 3748 3681 3802 Labs

2099 3847 2232 3902 bvus
2261 3840 2331 3901 es»
2357 3842 2626 3900 Sirmondi
2659 3842 2868 3898 schedis
2895 3842 3111 3911 adjecit,
3139 3844 3255 3897 sive
3285 3857 3406 3913 qua:
3431 3842 3683 3896 Simon-

2098 3939 2378 3992 dianorum
2408 3934 2581 3991 editor
2607 3948 2674 3989 ex
2700 3933 3067 4003 compluribus
3096 3941 3208 3987 tum
3236 3933 3397 4001 regia
3421 3940 3531 3986 tum
3552 3931 3683 3986 Col-

2098 4030 2321 4085 bertinaa
2347 4025 2681 4082 biblimbecae
2707 4039 2839 4080 mss.
2871 4023 3144 4080 codicibus
3164 4023 3229 4078 ad
3253 4022 3453 4080 Sidonii
3470 4030 3679 4077 textum

2097 4119 2503 4176 emaculandum
2532 4119 2692 4174 eruit.
2726 4116 3030 4187 Adjecimus
3058 4125 3317 4187 praeterea
3341 4116 3677 4172 observatio-

2098 4226 2193 4268 nes
2225 4212 2340 4266 illas
2377 4223 2512 4280 quas
2551 4209 2604 4264 in
2635 4208 2776 4265 idem
2814 4207 3098 4263 consilium
3137 4206 3382 4262 laudatus
3409 4207 3592 4263 editor
3622 4210 3678 4262 in

2098 4302 2409 4373 praefatione
2441 4300 2508 4355 ad
2548 4309 2750 4355 tomum
2778 4298 2800 4353 ι
2829 4298 3162 4355 collectionis
3189 4297 3583 4353 Sirmontlianae
3610 4313 3677 4353 ex

2097 4393 2259 4448 variis
2288 4390 2524 4446 virorum
2550 4389 2881 4445 eruditorum
2912 4388 3163 4458 cperibus
3192 4388 3499 4459 descripsit.
3532 4387 3679 4443 Non-

426 4472 687 4541 Sidom’us,
716 4478 808 4543 ait,
837 4486 993 4533 tantae
1029 4480 1287 4550 facundia:
1325 4490 1455 4547 erat,
1496 4490 1553 4536 ut
1579 4455 1888 4555 plerumque
1925 4502 1988 4540 ea:
2020 4455 2074 4517 Β
2100 4484 2241 4539 nulla
2295 4481 2526 4553 denique
2570 4478 2767 4535 alicubi
2803 4455 3212 4551 adnotavimus,
3252 4455 3409 4536 nobis
3455 4478 3676 4535 aliunde

420 4564 695 4631 improviso
714 4565 1109 4625 luculentissime
1138 4588 1252 4643 qutz
1274 4574 1529 4641 voluisset,
1558 4574 1699 4631 nulla
1723 4577 1990 4633 obsistente

420 4670 562 4711 more
594 4670 934 4724 componeret.
984 4662 1165 4732 Neque
1216 4665 1373 4720 aliter
1415 4665 1483 4721 de
1519 4668 1756 4723 antisﬁte
1799 4678 1988 4725 nostro

419 4822 767 4948 s‘lj’aji‘fiaun.
800 4828 1001 4895 praefat.
1028 4830 1092 4883 ad
1124 4840 1252 4885 tom.
1284 4832 1301 4885 Ι
1330 4849 1453 4903 σίν.
1482 4832 1779 4904 Sirmond.,
1836 4836 1863 4901 ἦ
1899 4836 1959 4893 ll

517 4966 566 5042 ὁ)
606 4964 798 5042 ξᾳνοη.
826 4967 891 5042 ad
918 4983 1046 5042 ann.
1067 4970 1203 5042 _&84,
1237 4970 1297 5042 §§
1322 4966 1442 5041 136,
1474 4976 1594 5031 159.

515 5035 566 5107 ε)
605 5035 871 5107 S_i_rrnond.
905 5038 967 5092 ad
996 5038 1152 5106 epist.
1184 5035 1397 5107 ιὶξιίι).
1430 5035 1505 5099 ts.

612 5103 799 5175 §idon.
829 5109 985 5175 epist.
1022 5103 1111 5175 ﬁ,
1143 5112 1231 5164 lib.
1259 5103 1336 5166 is.

487 5172 561 5312 fe)
598 5172 753 5259 (ἦτορ.
774 5172 970 5258 Ταέοη.
1004 5174 1137 5233 Hist.
1174 5180 1361 5249 Fraus.
1393 5186 1485 5252 lib.
1518 5201 1577 5249 ιι,
1605 5199 1725 5257 cap.
1748 5185 1839 5239 2|.

511 5245 565 5312 f)
604 5244 898 5310 claudiam,
932 5264 1051 5312 pag.
1081 5250 1206 5304 4H7.

511 5245 565 5314 f)
604 5244 898 5318 Claudiam,
932 5264 1051 5318 pag.
1081 5250 1206 5304 4H7.

491 5316 571 5385 (g)
607 5315 694 5369 Id.
722 5318 879 5388 epist.
907 5315 957 5385 li,
983 5315 1101 5391 pag.
1131 5320 1255 5381 455.

2099 4575 2281 4645 petita.

2164 4836 2249 4907 (It)
2283 4832 2519 4907 Gennad.
2548 4832 2616 4887 de
2645 4831 2756 4907 Vir.
2787 4830 2979 4907 illustr.
3002 4848 3122 4902 cap.
3154 4834 3243 4888 92.

2168 4902 2235 4976 (η’
2268 4905 2401 4976 sivit.
2436 4902 2762 4976 ifien._epist.
2795 4903 2886 4957 38.

2185 4976 2236 5046 j)
2278 4974 2362 5046 l_d.
2394 4973 2552 5046 epist.
2583 4971 2675 5026 45.

2185 4982 2236 5046 j)
2278 4982 2362 5027 Id.
2394 4982 2552 5043 epist.
2583 4982 2675 5026 45.

2164 4982 2242 5114 iis)
2283 5041 2439 5113 Greg.
2467 5042 2663 5114 Targa.
2697 5039 2842 5114 ῌίεε.⁸
2866 5041 3066 5114 Franc.
3098 5042 3191 5097 lib.
3223 5056 3279 5107 n,
3308 5058 3426 5113 cap.
3451 5044 3522 5099 Si

2191 5110 2233 5181 ι)
2276 5110 2541 5181 Sirmond.
2573 5110 2678 5181 Vit.
2707 5111 2764 5165 S.
2788 5110 2999 5176 Sidou.,
3031 5116 3136 5167 col.
3165 5128 3277 5181 seq.

2165 5118 2233 5253 ξι)
2276 5118 2541 5168 Sirmond.
2574 5118 2678 5166 Vit.
2707 5118 2764 5165 δ.
2788 5118 2999 5192 Sidam,
3031 5118 3136 5167 col.
3165 5128 3277 5181 seq.

2190 5184 2260 5256 ni)
2296 5180 2465 5237 Baun.
2497 5179 2705 5252 praefat.
2738 5182 2801 5236 ad
2838 5182 3108 5238 Slrtnond.
3147 5199 3274 5254 opp.
3303 5183 3483 5250 tom.|,
3518 5184 3544 5256 ς
3582 5183 3663 5251 ll,

2092 5254 2263 5309 initio.
