3910 6172
211 280 268 341 ἰι
278 285 295 339 Ι

256 406 279 411 ,.
298 402 399 409 *ν
426 404 435 405 κ

528 398 845 406 -—~.——._.-
858 398 1339 406 h—-~M—-s
1350 396 1493 405 -.ιαμ-ι.
1521 401 1541 407 .-
1558 402 1771 409 -__,______.

1520 278 2047 338 PROLEGOMENA.

3324 293 3423 345 li“).

1649 484 1903 553 VlTA

926 628 1051 765 S.
1139 627 1668 742 SIDONII
1752 628 2670 747 APOLLINARIS

1401 802 1443 854 Δ
1473 800 1795 855 SIRMONDO
1826 804 2189 856 ADORNATA.

1554 935 1744 947 cn.—

258 1022 507 1077 Sidonium
542 1019 871 1072 nobilissimo
912 1017 1049 1071 inter
1088 1015 1269 1068 Gallos
1299 1029 1515 1083 genere,
1545 1029 1607 1067 ac
1638 1030 1729 1083 pa-
1759 1021 1806 1075 Α
1837 1016 1924 1070 diu
1965 1028 2139 1070 tamen
2192 1026 2373 1084 postea
2404 1028 2708 1084 superstes,
2758 1019 3063 1084 Aprunculo
3100 1015 3397 1073 successori

203 1124 268 1168 tre
282 1127 465 1183 avoque
487 1109 756 1178 prmfectis
800 1106 1051 1176 praetorio
1073 1105 1363 1157 Galliarum
1396 1114 1573 1157 natum
1608 1119 1736 1157 con-

200 1215 300 1259 stat.
331 1203 396 1255 De
423 1201 591 1270 patria
615 1215 733 1252 cum
758 1198 844 1250 alii
868 1198 1075 1249 diversa
1104 1194 1354 1257 sentiant,
1385 1195 1497 1261 ipse
1527 1194 1733 1263 Lugdu-

200 1310 381 1348 nensem
408 1307 464 1346 se
494 1307 601 1346 non
643 1289 809 1343 semel
837 1304 933 1342 nec
971 1286 1213 1341 obscnris
1240 1286 1418 1340 verbis
1443 1287 1728 1355 signiﬁcat.

198 1384 280 1438 Sed
304 1382 473 1436 crebra
507 1381 560 1435 iu
605 1380 723 1449 ejus
750 1379 899 1431 libris
938 1378 1304 1430 Arvernorum
1338 1378 1557 1440 mentio,
1589 1376 1729 1444 apud

198 1489 305 1545 quas
344 1472 618 1541 conjugem
669 1470 901 1539 primum
950 1466 1091 1521 Aviti
1126 1469 1254 1535 imp.
1299 1466 1483 1531 ﬁliam,
1535 1466 1730 1521 deinde

196 1564 457 1621 cathedram
502 1560 863 1629 episcopalem
906 1559 1129 1614 sortitus
1174 1568 1276 1622 est,
1310 1558 1581 1611 nonnullis
1629 1574 1728 1612 an~

195 1673 283 1711 sam
302 1656 433 1710 dedit
458 1663 521 1709 ut
548 1657 846 1707 Arvernum
876 1653 1297 1720 suspicarentur.
1324 1651 1563 1719 Lugduni
1599 1667 1729 1722 ergo

195 1757 339 1812 natus,
369 1754 529 1814 atque
559 1744 794 1812 optimis,
827 1743 1013 1811 quibus
1044 1751 1153 1795 tum
1182 1743 1356 1796 adhuc
1392 1742 1585 1797 referta
1613 1752 1728 1799 erat

194 1838 353 1902 Gallia,
378 1836 679 1890 liberalium
707 1836 899 1887 artium
942 1849 1071 1886 usus
1102 1834 1390 1902 magistris,
1430 1835 1568 1889 inter
1595 1851 1729 1904 quos

193 1928 382 1981 Ennium
408 1928 456 1979 in
495 1926 741 1995 poeticis,
773 1924 1055 1977 Eusebium
1090 1926 1142 1975 in
1170 1924 1552 1992 pliilosuphicis
1580 1941 1729 1980 com-

190 2025 433 2082 memorat,
479 2032 605 2072 eam
641 2017 693 2070 in
724 2015 972 2071 omnibus
1004 2026 1188 2072 natura
1213 2026 1266 2073 et
1294 2017 1471 2073 studio
1518 2018 1726 2077 laudem

188 2116 251 2161 est
290 2115 627 2170 consecutus,
662 2115 717 2159 ttt
759 2105 1091 2159 eruditorum
1145 2106 1227 2158 sui
1272 2106 1368 2159 azvi
1399 2106 1575 2178 (quod
1618 2109 1728 2165 Ma-

188 2198 311 2250 tuerti
346 2196 626 2249 Clandiani
657 2196 725 2249 de
756 2196 788 2256 ii
810 2210 870 2248 so
901 2186 1070 2264 elogia
1102 2196 1325 2263 docent)
1370 2198 1725 2265 peritissimus

186 2301 235 2340 ac
269 2286 644 2341 disertissimus
675 2285 978 2339 haberetur.
1032 2285 1262 2341 Poeticze
1294 2288 1554 2355 imprimis
1584 2289 1723 2343 fama

1840 1124 1944 1162 non
1969 1111 2084 1164 sine
2114 1110 2291 1163 divina
2318 1112 2674 1177 priseuslune
2700 1111 2999 1178 designato,
3032 1113 3096 1164 ad
3127 1112 3247 1165 οωῐὶ
3273 1127 3409 1179 prm-

1839 1200 1940 1253 mia
1964 1202 2193 1253 evolavit
2212 1216 2279 1252 ιιι
2301 1201 2551 1253 calendas
2581 1201 2929 1268 Septembris.
2955 1202 3052 1265 Qui
3076 1203 3188 1255 dies
3213 1203 3405 1255 exinde

1836 1291 2215 1343 anniversarim
2246 1292 2410 1359 ipsius
2444 1291 2716 1344 memoriie
2742 1293 2881 1360 apud
2906 1294 3177 1347 Arvernos
3200 1294 3407 1348 dicatus

1836 1391 1937 1443 est,
1972 1389 2028 1435 et
2073 1382 2275 1434 tumulo
2307 1383 2590 1449 inscriptus
2620 1398 2739 1435 cum
2770 1384 3060 1451 epitapliio.
3091 1384 3307 1437 Liberos
3335 1399 3400 1437 ex

1836 1472 2133 1540 Papianilla
2161 1473 2387 1539 conjuge
2432 1484 2554 1527 aute
2597 1477 2959 1542 episcopatum
3000 1484 3279 1543 susceptos
3316 1491 3403 1530 re-

1837 1563 2370 1631 liquitApollinaretn
2398 1565 2583 1627 lilium,
2603 1572 2657 1616 et
2687 1565 2929 1618 liosciam
2960 1579 3023 1619 ac
3051 1564 3395 1619 Severianam

1834 1655 1984 1709 ﬁlias.
2012 1656 2210 1720 Ingenii
2243 1672 2366 1710 vero
2389 1658 2732 1720 monimenta,
2761 1658 2998 1725 quamvis
3029 1657 3127 1710 alia
3169 1658 3393 1724 plurima

1830 1748 2122 1815 scripserit,
2172 1747 2287 1802 hmc
2334 1761 2443 1800 suta
2493 1763 2612 1814 quae
2657 1758 2860 1801 restant
2893 1749 3083 1816 publici
3110 1749 3247 1816 juris
3278 1765 3397 1804 esse

1830 1839 2019 1891 voluit.
2048 1837 2104 1891 In
2128 1839 2318 1906 quibus
2346 1853 2497 1899 sane.
2529 1854 2623 1892 seu
2648 1850 2819 1892 metro
2848 1840 3057 1904 vinctis,
3084 1854 3178 1893 seu
3212 1840 3396 1893 liberis

1830 1944 1893 1983 ac
1913 1930 2125 1995 solutis,
2152 1929 2263 1983 sive
2297 1939 2479 1983 narret
2525 1940 2616 1983 aut
2666 1931 2906 1994 suadeat,
2942 1930 3055 1983 sive
3097 1931 3183 1983 lau
3206 1933 3275 1985 let
3301 1942 3393 1984 aut

1830 2021 2115 2086 vituperet,
2148 2029 2201 2073 et
2231 2021 2586 2087 quodcunque
2630 2029 2999 2087 argumentum
3048 2030 3269 2078 tractet.
3302 2037 3397 2088 par

1830 2112 1880 2165 in
1905 2114 2152 2164 omnibus
2184 2112 2406 2164 felicitas
2442 2120 2496 2163 et
2532 2112 2706 2176 copia,
2758 2124 2917 2177 atque
2962 2126 3022 2163 ea
3056 2120 3164 2163 tum
3210 2114 3398 2165 verbo-

1828 2217 1979 2266 rum,
2027 2210 2133 2254 tmn
2184 2202 2569 2256 sententiarum
2599 2202 2851 2263 varietas,
2882 2212 2937 2254 ut
2965 2204 3097 2253 tnira
3138 2203 3189 2254 in
3222 2217 3285 2256 eo
3314 2203 3395 2255 vis

1828 2294 2026 2363 lngenli
2054 2302 2109 2347 et
2136 2294 2456 2348 abundantia
2493 2295 2737 2363 quamam
2779 2294 3037 2349 dot-trina:
3066 2297 3243 2349 statim
3279 2297 3393 2350 olu-

185 2378 347 2440 clarus,
394 2393 504 2431 non
554 2378 727 2431 solum
776 2378 917 2447 apud
968 2378 1203 2445 :equales
1258 2380 1483 2443 amicos,
1538 2397 1719 2436 verntn
1753 2383 1801 2443 Β
1828 2396 1969 2440 ceat.
2000 2388 2112 2449 Qua
2149 2387 2339 2455 opinor
2372 2386 2533 2441 ﬁebat
2568 2396 2623 2439 ut
2652 2386 2827 2440 doctis
2856 2387 3016 2440 etiam
3068 2390 3241 2441 :etatis
3282 2404 3394 2440 sua:

183 2470 311 2523 etiam
345 2468 482 2537 apud
536 2471 804 2538 pr‘ncipcs
842 2471 986 2537 ipsos
1035 2469 1086 2523 in
1132 2470 1301 2539 pretio
1334 2472 1449 2524 fuit.
1482 2472 1717 2538 Quorum

183 2566 371 2620 alterum
419 2566 702 2621 declarant
754 2566 989 2621 omnium
1038 2580 1293 2635 generum
1343 2566 1719 2635 epigrammata

180 2672 205 2713 ο
242 2660 482 2721 carmina,
513 2672 635 2726 qua:
678 2658 968 2709 amicorum
1018 2666 1203 2725 rogatu
1253 2657 1413 2710 variis
1444 2657 1512 2711 de
1558 2658 1718 2713 rebus

179 2749 539 2804 ufliriosissiuie
574 2748 823 2815 scripsit;
855 2750 1082 2801 alterum
1108 2758 1216 2802 tres
1242 2748 1571 2818 panegy-ici,
1603 2749 1721 2816 qni-

179 2840 256 2894 lius
292 2842 502 2896 Avitum
550 2855 819 2902 socerum,
864 2839 1235 2908 Majorianntn,
1277 2843 1331 2893 et
1378 2839 1718 2895 Anthemium

177 2931 404 2998 Augustos
429 2930 652 2999 publice
675 2929 931 2991 laudavit,
964 2928 1458 2994 benevolentiaeque
1485 2944 1512 2981 a
1536 2932 1719 2999 singu-

176 3019 225 3073 lis
251 3020 457 3075 fructum
498 3020 639 3079 tulit.
672 3019 802 3076 Nam
826 3029 875 3074 et
907 3019 1089 3073 Roma:
1112 3028 1340 3074 statuam
1368 3022 1505 3074 inter
1528 3031 1714 3089 poetas

175 3114 254 3169 sub
291 3116 440 3170 Avito
492 3115 544 3169 in
578 3115 679 3169 fori
712 3113 927 3183 Trajani
974 3114 1294 3169 bibliotheca
1341 3114 1554 3177 meruit,
1587 3126 1641 3170 et
1685 3128 1721 3171 a

177 3204 594 3274 Majorfano,cum
616 3206 885 3262 circenses
914 3207 1067 3262 daret
1088 3207 1323 3271 Arelate,
1357 3208 1579 3261 solemni
1601 3208 1719 3277 ejus

176 3297 304 3363 epulo
328 3299 463 3354 inter
485 3286 785 3354 honoratos
805 3297 1075 3351 adhibitus
1103 3304 1207 3364 est,
1234 3306 1396 3366 atque
1427 3312 1455 3350 a
1486 3300 1714 3369 Satyr-aa,

176 3387 297 3455 cujus
323 3388 759 3453 insimulabatur,
785 3387 981 3441 invidia
1026 3387 1281 3457 singulari
1326 3387 1573 3456 exemplo
1602 3388 1717 3442 vin-

176 3476 365 3533 dicatus.
386 3479 467 3534 Ab
498 3478 794 3533 Anthemio
820 3477 1071 3546 denique,
1088 3485 1208 3547 post
1224 3478 1537 3532 comitivam
1554 3476 1714 3530 alias-

175 3580 256 3635 que
276 3567 455 3635 quibus
475 3578 707 3623 ornatus
729 3575 884 3621 antea
907 3566 1081 3621 fuerat
1106 3566 1411 3636 dignitates,
1431 3566 1715 3634 praefectus

174 3653 275 3711 Urbi
299 3668 527 3723 creatus,
560 3666 722 3727 atque
753 3658 1032 3727 patricius,
1065 3657 1318 3716 familiam
1351 3671 1525 3719 suam,
1555 3671 1711 3724 quam

1826 2478 2165 2541 hominibus,
2217 2478 2362 2532 velut
2410 2476 2626 2532 Ruricio
2675 2478 3063 2543 Lemovicensi,
3114 2480 3393 2532 obscurior

1823 2578 1981 2635 atque
2012 2569 2303 2636 interprete
2348 2583 2506 2634 egero
2550 2567 2902 2636 judicaretur.
2931 2568 3113 2638 Neque
3164 2584 3292 2621 vero
3338 2570 3390 2622 in

1824 2656 1889 2712 iis
1937 2666 2141 2712 tantum
2176 2673 2295 2726 quae
2322 2660 2576 2711 attentius-
2614 2658 2972 2713 meditabatur
3001 2668 3053 2712 et
3080 2660 3391 2714 elaborabat

1820 2755 2051 2817 quantus
2084 2758 2222 2804 esset
2248 2746 2503 2814 03teudit,
2534 2747 2629 2803 sed
2660 2749 2712 2802 in
2745 2750 3193 2815 cxtemporalibus
3223 2751 3385 2804 etiam

1821 2839 2224 2908 repentinisque
2242 2836 2641 2904 seriptionibus.
2657 2839 2887 2906 Quarum
2908 2840 2983 2893 illi
3010 2851 3113 2893 tam
3144 2850 3386 2910 prompta

1821 2929 2045 2987 facultas
2077 2936 2214 2991 erat,
2252 2934 2312 2980 ut
2355 2940 2462 2981 non
2493 2931 2748 2997 pauculos
2777 2929 3034 2983 duntaxat
3063 2945 3248 2984 versus
3280 2946 3386 2985 non

1819 3018 2105 3073 meditatos
2154 3012 2402 3073 funderet
2443 3035 2477 3074 ο
2513 3019 2763 3090 vesﬁgio,
2791 3020 2947 3087 quale
2977 3020 3069 3074 fuit
3098 3021 3381 3075 distichum

1817 3125 1925 3181 quo
1952 3112 2165 3183 Satyrs:
2216 3110 2535 3165 calumniam
2577 3111 2893 3180 deprecatus
2934 3121 3018 3166 est
3043 3112 3181 3180 apud
3216 3112 3384 3179 Majo-

1818 3202 2052 3267 rianum,
2094 3212 2149 3258 et
2178 3204 2404 3257 alterum
2434 3202 2761 3272 reciprocum
2792 3218 2899 3271 quo
2930 3203 3055 3257 lusit
3086 3204 3138 3257 in
3176 3214 3384 3259 torren-

1820 3300 1947 3357 tem,
1977 3303 2071 3345 aut
2104 3294 2474 3347 tetrasticlium
2517 3293 2659 3363 quod
2700 3293 2754 3347 in
2801 3293 3099 3347 Pliilematii
3153 3297 3381 3363 gratiam

1816 3381 2159 3447 composuit;
2193 3383 2285 3435 sed
2333 3383 2476 3451 justa
2528 3382 2794 3438 interdum
2849 3392 3072 3452 utroque
3127 3385 3385 3441 orationis

1814 3487 2011 3540 genere
2036 3475 2291 3540 apuscula
2323 3474 2435 3542 pari
2462 3472 2743 3528 celeritate
2771 3482 3091 3540 pertexeret.
3112 3475 3382 3542 Ejusmodi

1818 3568 1960 3623 enim
2010 3566 2108 3621 fuit
2135 3566 2325 3621 concio
2380 3566 2751 3633 Bituriceusis,
2806 3581 2964 3635 quam
3011 3567 3192 3634 paucis
3238 3567 3383 3621 horis

1815 3656 2057 3721 dictavit,
2088 3665 2143 3709 et
2174 3657 2621 3710 Anacreonticum
2645 3671 2882 3722 carmen,
2908 3657 3045 3725 quod
3073 3658 3381 3727 Burilegalze

173 3747 518 3809 praefectoriam
547 3763 580 3801 a
610 3748 902 3816 majoribus
930 3755 1234 3814 acceperat,
1275 3748 1509 3802 reddidit
1545 3747 1707 3816 patri-
1737 3746 1783 3806 Ε
1815 3747 1865 3800 iu
1898 3745 2040 3801 Petri
2075 3747 2265 3801 librum
2311 3747 2546 3813 magistri
2593 3747 2934 3816 epistolarum
2989 3748 3163 3803 subito
3208 3750 3381 3818 profe-

172 3844 296 3894 ciarn.
342 3843 448 3898 Nec
494 3842 673 3897 multo
721 3850 840 3911 post
891 3842 1141 3896 defuncto
1190 3841 1552 3895 Arvernorum
1601 3843 1713 3909 epi-

170 3943 301 3999 scopo
339 3932 632 4001 Eparcbio,
663 3932 717 3987 in
770 3933 887 3999 ejus
931 3931 1127 3994 locum,
1159 3931 1400 4000 quamvis
1451 3932 1706 3997 renitens,

168 4028 208 4072 et
242 4023 460 4079 nondum
528 4023 798 4090 clericus,
844 4022 1101 4077 suffectus
1154 4030 1257 4077 est.
1300 4022 1453 4088 Quod
1514 4038 1708 4079 munus

168 4124 335 4169 summa
359 4131 479 4170 cum
536 4114 802 4170 modestia
842 4123 1173 4182 susceptum,
1206 4114 1318 4184 pari
1350 4129 1469 4167 cum
1508 4113 1709 4171 sancti-

166 4216 249 4260 tale
272 4220 328 4261 ac
362 4206 661 4275 vigilantia,
708 4203 1089 4260 turbidissimis
1138 4202 1490 4273 temporibus,
1533 4202 1707 4256 maxi-

167 4311 348 4367 tuasque
377 4302 517 4357 inter
547 4297 896 4355 difﬁcultates
925 4306 1036 4352 tum
1065 4296 1295 4366 privatas
1327 4303 1438 4349 tum
1470 4294 1708 4363 publicas

164 4389 539 4445 administravit.
600 4389 837 4443 Primum
884 4386 1027 4443 enim
1074 4385 1314 4442 obsessis
1372 4400 1465 4453 per
1504 4384 1707 4440 Gothos

165 4481 401 4547 Arvernis,
446 4480 675 4536 diutina:
722 4479 1106 4547 acerrimaeque
1142 4476 1555 4547 oppugnationis
1593 4490 1708 4529 mo-

163 4566 312 4625 lestias
338 4571 592 4640 pertulit;
623 4568 819 4626 deinde
851 4569 1071 4624 redacto
1098 4582 1168 4622 ex
1192 4568 1403 4635 nepotis
1432 4567 1573 4637 Aug.
1610 4566 1706 4621 fm-

162 4660 261 4714 dere
281 4665 326 4717 in
357 4664 597 4718 hostium
630 4671 947 4732 potestatem
975 4660 1184 4729 oppido,
1215 4661 1284 4714 ab
1314 4658 1395 4713 his
1429 4674 1526 4729 per
1556 4660 1704 4728 lega-

161 4751 285 4805 tionis
308 4755 544 4823 speciem
582 4754 850 4822 relegatus
875 4751 1181 4821 aliquandiu
1208 4750 1457 4805 exsulare
1485 4759 1704 4805 coactus

1817 3853 1960 3902 rcus,
1988 3855 2108 3893 cum
2139 3840 2349 3893 eximiis
2390 3839 2532 3894 illius
2563 3840 2740 3895 saeculi
2771 3840 2942 3908 poetis
2972 3840 3253 3906 Domnulo,
3286 3842 3383 3898 Se-

1812 3932 2032 3985 verianu
2085 3943 2245 4001 atque
2285 3931 2594 4000 Lampridio
2626 3932 2945 3987 decertavit.
2973 3934 3077 3988 Sel
3111 3950 3376 4000 nunquam

1811 4024 1938 4093 quid
1972 4024 2023 4077 in
2054 4023 2156 4078 hoc
2184 4038 2380 4092 genere
2411 4032 2591 4092 posset
2626 4024 2825 4079 clarius
2854 4025 3047 4079 enituit
3071 4042 3227 4095 quam
3257 4041 3376 4081 cuiu

1810 4116 2082 4170 subtracto
2110 4114 2234 4181 sibi,
2268 4122 2327 4167 ut
2354 4124 2436 4169 est
2455 4115 2592 4183 apud
2637 4114 2949 4181 Gregorium
2981 4116 3377 4183 Turonensem,

1811 4207 1950 4261 inter
2002 4221 2151 4260 sacra
2192 4206 2372 4260 libello
2402 4221 2467 4260 ex
2496 4220 2602 4272 quo
2634 4206 2860 4260 recitare
2889 4216 3259 4269 consueverat,
3297 4216 3377 4259 to-

1811 4308 1916 4351 tam
1949 4287 2297 4352 nihilominus
2338 4296 2683 4351 dit:endorum
2712 4295 2908 4352 seriem
2932 4296 3173 4365 apposite
3200 4312 3263 4351 ac
3295 4297 3374 4351 lu-

1806 4390 2049 4444 culenter
2078 4389 2351 4456 explicuit.
2376 4389 2641 4442 Caeterum
2673 4404 2793 4442 cum
2818 4388 2937 4444 talis
2963 4388 3106 4442 omni
3127 4403 3194 4443 ex
3226 4396 3376 4457 parte

1808 4490 2091 4550 tantusque
2122 4491 2265 4535 esset
2310 4480 2587 4543 Sidonius,
2636 4479 2858 4549 ejusque
2901 4479 3096 4548 scripta
3126 4472 3375 4535 omnibus

1808 4571 2031 4625 miriﬁce
2064 4572 2449 4638 probarentur,
2479 4570 2594 4639 ipse
2623 4583 2759 4623 unus
2785 4562 2854 4625 de
2893 4584 2953 4624 se
2993 4570 3202 4626 modice
3249 4587 3372 4627 sen-

1806 4665 1907 4718 t7re
1953 4677 2016 4717 ac
2045 4677 2229 4729 parum
2275 4660 2377 4716 sibi
2420 4675 2797 4730 usquequaque
2822 4660 3131 4716 satisfacere
3161 4662 3377 4718 videba-

1806 4765 1910 4809 tur.
1954 4752 2134 4822 ltaque
2159 4763 2214 4808 et
2255 4755 2442 4820 multa,
2487 4763 2544 4807 ut
2576 4753 2773 4807 dictum
2816 4762 2920 4819 est,
2953 4758 3271 4823 suppressit,
3317 4768 3372 4812 et

1802 4846 2043 4914 quaedam
2076 4847 2322 4910 adorsus,
2354 4856 2410 4898 ut
2442 4845 2617 4899 Attilze
2657 4845 2880 4911 bellum,
2908 4849 3085 4916 operis
3117 4858 3374 4917 pertaesus

160 4930 384 5001 intentus,
412 4937 618 4991 nullam
660 4937 797 4990 inter
825 4934 1083 4989 barbaros
1112 4934 1301 5003 optimi
1330 4935 1559 5004 pastoris
1584 4949 1702 5002 par-
1804 4937 2021 4999 ahjccit.
2042 4934 2326 4988 Historiam
2360 4945 2613 5002 prmterea
2645 4936 2725 4988 sui
2757 4938 3011 5003 temporis
3032 4946 3089 4990 ut
3109 4938 3370 4991 scriberet
3405 4932 3411 4943 ’

156 5032 238 5078 tem
263 5031 553 5095 omitteret,
594 5044 659 5084 ac
703 5027 957 5097 singulari
1008 5027 1059 5080 in
1106 5040 1295 5080 omnes
1345 5026 1693 5095 benignitate,
1809 5029 2059 5081 hortante
2084 5026 2283 5091 Leone,
2324 5026 2501 5080 Eurici
2530 5028 2669 5095 regis
2690 5028 3372 5094 consiliario.detrectavit,

155 5118 384 5188 Vecipua
414 5122 468 5175 in
496 5135 697 5191 egenos
745 5119 1135 5185 muniﬁcentia,
1166 5119 1433 5173 neminem
1476 5120 1591 5184 ipse
1618 5120 1695 5173 la-
1727 5103 1777 5162 υ
1807 5132 1925 5170 cum
1976 5116 2180 5170 diceret
2228 5116 2484 5169 historiae
2511 5115 2808 5170 scribenda:
2855 5118 3135 5171 consilium
3179 5118 3375 5173 clerico

160 4849 239 4893 est.
262 4841 387 4897 Tum
418 4845 536 4897 suis
570 4842 781 4896 tandem
813 4840 1217 4906 redditus,cum
1248 4841 1299 4894 in
1332 4839 1491 4895 officii
1518 4857 1700 4894 curam

153 5218 372 5277 Cesseret,
419 5214 737 5268 aemulorum
788 5222 991 5277 tamen,
1018 5219 1074 5265 ut
1116 5223 1232 5263 mos
1270 5218 1371 5275 est,
1407 5210 1456 5263 in
1488 5224 1545 5264 se
1574 5210 1693 5264 odia

150 5303 447 5359 concitavit:
494 5306 723 5362 duorum
770 5305 1026 5362 videlicet
1071 5304 1509 5375 presbyterorum
1536 5344 1551 5368 ,
1606 5306 1691 5373 qui

150 5392 266 5444 muni
289 5394 542 5451 Ecclesiae
571 5411 679 5451 suas
702 5405 967 5466 potestate
1001 5412 1097 5466 per
1122 5410 1387 5452 sunnnam
1417 5406 1693 5448 contume-

148 5475 248 5533 liam
276 5493 516 5551 erutum,
563 5487 612 5540 in
641 5488 903 5543 maximas
930 5503 1113 5543 rerum
1145 5486 1381 5542 omnium
1416 5486 1693 5556 angustias

146 5574 475 5640 “iniecerunt.
498 5578 608 5634 Sed
636 5580 940 5634 diuturnam
970 5596 1091 5637 eam
1122 5580 1329 5635 cladem
1358 5594 1481 5633 esse
1510 5578 1689 5633 divina

148 5662 249 5721 Ultio
273 5682 421 5735 passa
454 5686 567 5727 non
589 5682 687 5729 est.
712 5674 765 5730 lit
796 5674 1063 5740 integrum
1094 5687 1222 5740 ergo
1242 5673 1551 5737 restitutus,
1586 5686 1683 5726 nec

1806 5209 2026 5263 minime
2053 5208 2361 5261 convenire.
2398 5211 2571 5278 Atque
2602 5208 2714 5263 haec
2744 5209 2855 5264 fere
2881 5211 3079 5275 omnia,
3101 5212 3374 5280 multoque

1800 5304 1962 5358 etiam
1992 5303 2141 5370 plura
2166 5301 2233 5356 de
2256 5301 2478 5356 Sidonio
2500 5301 2707 5357 discere
2739 5302 2862 5357 licet
2884 5319 2948 5358 ex
2974 5305 3100 5372 ipsis
3122 5302 3370 5369 operibus

1803 5395 2127 5447 Silonianis.
2184 5393 2387 5446 Colitur
2414 5400 2592 5447 autem
2644 5393 2782 5461 apud
2832 5396 3124 5455 Arvernos,
3159 5386 3214 5444 ut
3260 5392 3365 5459 jan;

1801 5500 2011 5555 quoque
2040 5484 2367 5544 monuimus.
2397 5492 2537 5540 stato
2578 5484 2665 5540 die
2700 5486 2912 5552 rituque
2941 5493 3244 5536 sanctorum
3274 5497 3371 5536 nu-

1801 5591 1950 5631 mero
1976 5574 2217 5643 praeclari
2242 5574 2497 5631 antistitis
2527 5574 2803 5637 memoria,
2824 5572 3173 5639 religioseque
3194 5588 3367 5628 assur-

1804 5684 1996 5722 vamur
2025 5680 2175 5724 sacra
2222 5672 2343 5736 ejus
2388 5682 2506 5723 ossa
2538 5666 2590 5722 in
2623 5664 2837 5719 basilica
2891 5662 3209 5726 Geucsiana,
3258 5684 3371 5733 ψη)
