3910 6172
186 272 276 327 4ίὸ

1437 256 1757 313 EPlSTULA
1769 257 1906 313 ιιυιι
1953 259 2076 312 LIB.
2120 260 2138 313 ι

3318 264 3421 319 H6

186 380 397 439 minibus
424 376 703 431 illustrium
733 372 1045 428 feminarum
1078 371 1232 440 digna
1274 369 1625 426 similitudine
1651 385 1744 426 cx—
1774 379 1818 433 Α
1848 375 2258 445 significaretur.
2294 379 2461 434 Pareo
2492 381 2681 448 libens,
2712 383 2762 435 in
2799 390 3055 451 quantum
3096 382 3146 451 3
3176 382 3426 448 epistola-

146 474 379 551 .jiressit.
429 472 649 539 Propter
698 467 838 538 quod
891 468 1034 520 illum
1077 466 1261 521 caeteri
1304 467 1549 535 quique‘
1579 466 1748 521 Fron-

189 569 543 628 tonianorum,
592 571 773 628 utpote
823 569 1234 615 consectaneum
1295 558 1572 624 :emuiati,
1626 573 1747 614 cum

188 669 513 712 veternorum
554 651 767 706 dicendi
798 666 966 721 genus
1004 649 1329 711 imitaretur,
1368 659 1640 703 oratorum
1679 647 1751 701 si-

186 748 329 805 miam
373 752 832 811 nuncupaverunt.
866 740 889 777 δ
929 740 1131 810 Quibus
1170 741 1419 795 omnibus
1464 755 1596 808 ego,
1646 739 1749 794 im-

188 855 326 895 mane
358 838 505 892 dictu
541 845 658 901 est,
685 842 939 903 quantum
982 848 1196 900 semper
1238 832 1443 901 judicio
1472 845 1595 886 meo
1632 845 1749 886 ces-

193 933 359 995 serim,
398 938 762 999 quantumque
805 925 1123 980 servandam
1176 925 1398 993 singulis
1444 924 1753 994 pronuntia-

194 1023 370 1087 verim,
396 1030 695 1087 temporum
735 1032 951 1072 suarum
979 1019 1399 1084 meritorumque
1444 1018 1753 1085 prmrogati-

198 1128 321 1166 vam.
365 1112 467 1166 Sed
498 1110 705 1165 scilicet
751 1109 844 1161 tibi
889 1106 1076 1175 parui,
1116 1115 1325 1175 tumque
1374 1107 1752 1161 examinationi

199 1201 281 1255 has
307 1215 405 1255 non
450 1198 805 1254 recensendas
835 1197 959 1267 (hoc
988 1200 1130 1250 enim
1171 1212 1355 1265 parum
1387 1196 1516 1266 est),
1543 1197 1635 1250 sed
1664 1197 1757 1250 de-

202 1294 465 1357 fazcandas,
498 1302 556 1346 ut
586 1292 771 1353 aiunt,
806 1289 1168 1358 limandasque
1196 1289 1463 1354 commisi,
1498 1291 1675 1343 sciens
1707 1303 1757 1343 te

204 1383 523 1440 immodicum
576 1395 697 1435 esse
745 1381 1005 1434 fautorem
1062 1396 1167 1432 non
1217 1380 1516 1433 studiorum
1572 1381 1755 1443 modo,

203 1492 367 1532 verum
390 1477 545 1531 etiam
569 1472 950 1527 studiosorum.
975 1472 1328 1539 Quamobrem
1357 1488 1455 1526 nos
1478 1489 1615 1525 nunc
1641 1488 1759 1540 per-

203 1587 343 1639 quam
385 1566 785 1622 haesitabundos
830 1566 881 1619 in
920 1565 1022 1618 hoc
1061 1564 1311 1633 deinceps
1353 1564 1506 1619 fama
1546 1566 1760 1634 pelagus

207 1662 432 1730 impellis.
466 1661 631 1713 Perro
661 1671 836 1713 au'em
869 1672 1031 1725 super
1058 1656 1361 1725 hujusntodi
1395 1658 1649 1724 opusculo
1680 1667 1762 1711 tu-

1854 470 1927 522 ris
1958 470 2145 538 pagina
2186 470 2341 535 sinit,
2371 470 2593 525 laudans
2623 473 2673 525 in
2706 482 2758 527 te
2800 476 2903 527 tam
2944 473 3187 528 delicatae
3226 473 3426 525 solliei-

1856 560 2051 614 tudinis
2083 562 2481 629 ingenuitatem.
2531 562 2694 632 lgitnr
2736 565 2817 617 vir
2864 575 2945 618 est
2994 573 3049 618 et
3087 564 3192 617 illis
3237 564 3427 632 dignus

1856 653 2069 721 agnosci
2096 656 2183 721 qui
2229 670 2349 709 eum
2400 655 2577 710 minus
2625 654 2956 709 familiariter
3000 657 3313 709 intuentur:
3358 654 3428 708 ita

1859 760 2139 813 personam
2168 762 2316 799 suam
2355 746 2491 801 Deus
2530 746 2731 799 arbiter
2768 756 2822 800 et
2861 747 3013 809 ratio,
3062 758 3265 799 naturae
3304 762 3433 799 cou-

1855 846 2134 891 summatte
2166 835 2429 891 felicitatis
2459 837 2583 891 dote
2612 838 2835 903 sociata,
2868 838 3291 890 cumulaverunt.
3325 837 3422 889 lilor

1858 945 1944 984 res
1966 941 2142 983 autem
2175 930 2563 998 hujuscemodi,
2589 939 2646 984 ut
2674 930 2916 983 laudibus
2938 944 3123 983 eorum
3146 929 3165 967 ί
3205 928 3334 981 nihil
3368 942 3434 981 ne

1859 1024 2003 1086 regni
2037 1022 2249 1091 quidem
2296 1022 2573 1076 defraudet
2612 1022 2825 1075 invidia.
2859 1022 2915 1075 Si
2946 1021 3114 1073 forma
3146 1027 3436 1089 qitzeratur,

1859 1127 2085 1179 corpore
2110 1122 2321 1177 exacto,
2356 1112 2678 1179 longissimis
2708 1112 2938 1172 brevior,
2970 1111 3263 1179 procerior,
3306 1109 3437 1162 emi-

1864 1206 2175 1273 nentiorque
2221 1204 2593 1258 mediocribus.
2643 1203 2845 1269 Capitis
2888 1217 3019 1270 apex
3072 1201 3351 1265 rotundus,
3383 1200 3436 1252 in

1862 1311 1967 1366 quo
2002 1295 2272 1360 paululum
2296 1312 2323 1347 a
2356 1295 2576 1363 planitie
2611 1294 2795 1347 fronti~
2827 1293 2879 1347 in
2912 1293 3160 1345 verticem
3188 1291 3438 1344 ctesaries

1864 1386 2044 1454 refuga
2087 1386 2371 1447 cris;:atnr.
2401 1386 2590 1438 Cervix
2626 1400 2729 1437 non
2774 1384 2923 1437 sedet
2956 1382 3150 1436 nervis.
3185 1379 3439 1435 Geminos

1866 1477 2025 1530 orbes
2055 1476 2294 1545 hispidus
2323 1476 2727 1543 superciliorum
2757 1484 2976 1528 coronat
3013 1487 3188 1526 arcus.
3220 1472 3276 1525 Si
3314 1486 3440 1523 vero

1868 1572 1984 1625 cilia
2017 1572 2319 1635 flectantur,
2355 1571 2416 1622 :ul
2452 1572 2614 1622 malas
2644 1570 2841 1623 medias
2867 1566 3234 1637 palpebrarum
3262 1580 3441 1631 margo

1869 1677 2034 1731 prope
2072 1663 2339 1732 pervenit.
2373 1671 2396 1708 ς
2430 1662 2652 1715 Aurinm
2699 1660 2905 1729 legium,
2939 1660 3074 1713 sicut
3109 1672 3223 1711 mos
3271 1655 3445 1725 gentis

203 1757 294 1808 tius
321 1754 765 1813 conticueramus,
790 1750 1021 1803 contenti
1058 1759 1077 1784 ε·
1106 1764 1348 1802 versuum
1376 1749 1583 1803 felicius
1606 1765 1760 1816 quam
1799 1743 1843 1801 Β
1873 1764 1982 1815 eat,
2018 1754 2039 1788 ιι
2081 1751 2306 1805 crinium
2355 1750 2805 1820 superjacentium
2851 1750 3068 1818 flagefl‘s
3113 1746 3442 1813 operiuntur.

207 1847 408 1915 peritius
468 1844 733 1899 editurum
797 1842 1092 1909 opinione,
1145 1842 1212 1896 de
1286 1857 1385 1910 qua
1445 1842 1570 1896 mihi
1622 1842 1764 1910 jam-

206 1938 395 2007 pridxm
427 1937 477 1989 in
510 1945 665 2004 portu
703 1932 886 2001 judicii
933 1933 1156 2002 publici,
1204 1943 1322 2002 post
1368 1934 1647 1988 lividorum
1692 1935 1767 1988 la-

206 2038 422 2081 tratuum
437 2026 631 2096 scyllas
643 2024 969 2093 enavigatas,
996 2023 1308 2079 sufficientis
1330 2025 1512 2094 gloria:
1534 2026 1763 2080 anchora

205 2118 362 2174 sedet.
389 2117 495 2172 Sed
524 2116 568 2171 si
599 2124 653 2169 et
699 2116 843 2169 hisce
876 2114 1238 2170 deliramentis
1280 2117 1569 2185 genuinum
1603 2117 1770 2171 mola-

207 2226 305 2265 rem
336 2207 533 2263 invidia
578 2222 682 2261 non
728 2206 930 2273 fixerit,
960 2216 1195 2261 actutum
1244 2206 1339 2261 tibi
1376 2222 1404 2260 a
1435 2207 1591 2262 nobis
1618 2208 1771 2263 volu-

209 2301 337 2357 mina
365 2298 736 2355 numerosiora
776 2298 1104 2368 percopiosis
1143 2300 1468 2354 seaturentia
1510 2300 1772 2355 sermoci-

212 2395 502 2453 nationibus
526 2392 1028 2461 multiplicabuntur.
1061 2392 1209 2446 Vale.

752 2492 1079 2547 EPISTOLA
1122 2492 1184 2545 ll.

506 2562 752 2618 Sidonius
780 2560 807 2599 ἀ
836 2564 1089 2633 Agricolw
1114 2579 1205 2617 suo
1233 2565 1466 2621 salutem.

279 2654 654 2725 Saepenumero
708 2654 1039 2723 postulavisti
1082 2662 1169 2721 ut,
1225 2656 1348 2723 qu'a
1394 2664 1418 2693 ε
1457 2655 1775 2712 Theodorici

214 2750 345 2818 regis
382 2748 677 2803 Gothorum
715 2747 1054 2802 commendat
1099 2750 1307 2818 populis
1359 2748 1497 2804 fama
1551 2751 1778 2806 civilita-

216 2851 346 2907 tem,
374 2839 562 2895 litteris
591 2838 684 2894 tibi
716 2838 902 2894 forma:
932 2855 1043 2894 sua:
1071 2842 1361 2909 quantitas,
1394 2844 1516 2897 vita:
1549 2845 1778 2913 qualitas

1873 1841 2045 1896 Nasus
2086 1843 2459 1896 venustissime
2510 1842 2776 1895 incurvus.
2833 1841 3001 1894 Labra
3049 1839 3293 1902 subtilia,
3348 1852 3446 1891 nec

1875 1934 2111 1989 dilatatis
2148 1934 2258 1987 oris
2293 1933 2501 2001 angulis
2528 1932 2797 2001 ampliata.
2826 1932 2881 1985 Si
2925 1943 3049 1985 casu
3092 1930 3328 1984 dentiant
3359 1943 3449 1982 se-

1876 2028 1981 2081 ries
2009 2026 2252 2079 ordinata
2280 2025 2605 2093 promineat,
2638 2024 2844 2077 niveum
2884 2022 3124 2089 protinus
3152 2034 3451 2087 reprmscn-

1878 2127 1952 2171 tat
2003 2118 2257 2171 colorem.
2302 2116 2427 2170 Pilis
2468 2113 2599 2170 infra
2643 2116 2847 2168 narium
2887 2124 3036 2167 antra
3080 2112 3449 2166 fruticantibus

1878 2207 2184 2278 quotidiana
2230 2206 2478 2261 succisio.
2514 2206 2678 2260 Barba
2710 2206 2958 2259 eoncavis
3011 2204 3147 2257 hirta
3198 2201 3450 2268 tempovi-

1880 2301 1999 2366 bus,
2030 2314 2189 2368 quam
2228 2297 2278 2353 in
2311 2298 2518 2353 subdita
2550 2298 2726 2350 vultus
2758 2306 2909 2366 parte
2945 2302 3248 2364 surgentem
3278 2292 3453 2361 stirpi-

1884 2400 1967 2445 tus
1998 2400 2180 2444 tonsor
2202 2388 2451 2443 assiduus
2480 2403 2642 2457 genas
2663 2388 2728 2441 ad
2756 2402 2920 2456 usque
2948 2385 3231 2453 forpicibus
3255 2383 3454 2437 evellit.

1884 2481 2076 2543 Menti,
2128 2480 2389 2549 gutturis,
2436 2480 2559 2534 colli
2614 2495 2716 2533 non
2763 2479 2941 2543 obesi,
2986 2476 3078 2530 sed
3128 2472 3457 2537 succulenti,

1885 2574 2051 2627 lactea
2083 2573 2252 2633 civis,
2296 2585 2418 2638 quae
2461 2570 2677 2639 propius
2723 2569 2961 2635 inspecta
3006 2566 3226 2634 juvenili
3269 2564 3460 2618 rubore

1882 2663 2225 2720 suffunditur.
2266 2663 2504 2732 Namque
2534 2661 2675 2714 hunc
2724 2661 2797 2713 illi
2847 2659 3040 2713 crebro
3071 2657 3309 2711 colorem
3354 2669 3461 2708 non

1886 2755 1991 2820 ira,
2026 2756 2119 2811 sed
2151 2753 2471 2810 verecundia
2503 2752 2650 2808 facit.
2682 2753 2901 2805 Teretes
2933 2748 3169 2811 humeri,
3200 2746 3357 2800 validi
3392 2747 3464 2798 Ia-

1888 2848 2052 2915 certi,
2080 2845 2211 2900 dura
2259 2845 2511 2910 brachia,
2546 2843 2739 2914 patula:
2782 2857 2990 2907 manus,
3022 2842 3308 2896 recedente
3346 2839 3463 2891 alvo

220 3015 366 3068 libros
384 3012 750 3085 putrherrimos
774 3012 1002 3085 scripsit,
1032 3021 1081 3065 et
1107 3015 1196 3083 qui
1217 3014 1383 3085 dictus
1413 3025 1485 3069 est
1514 3015 1665 3068 simia
1699 3017 1780 3070 sui
1810 3016 1852 3077 C
1891 3031 2051 3085 gnum
2083 3015 2323 3085 adeptus.
2354 3017 2516 3084 ilojus
2541 3030 2667 3084 ergo
2690 3014 2865 3068 adhuc
2891 3010 3190 3085 superstitis
3219 3013 3463 3078 formam,

219 3083 465 3147 temporis,
493 3083 629 3153 quod
655 3094 835 3135 cuncta
867 3084 1092 3135 imitatus
1115 3092 1264 3137 esset.
1289 3084 1484 3137 .lnlium
1514 3086 1779 3139 Titianum

220 3167 431 3224 utroque
479 3154 695 3224 nomine
736 3160 891 3205 vocat
932 3154 1397 3224 etiam‘Ausonius
1438 3155 1503 3207 ad
1551 3156 1780 3210 Probum

220 3221 370 3293 epist.
402 3224 497 3289 16;
540 3223 738 3278 Julium
779 3232 1055 3293 oratorem,
1078 3221 1425 3277 Cass‘odorus
1464 3226 1554 3278 lib.
1584 3241 1600 3280 ι
1636 3227 1780 3280 Divi-

221 3291 398 3347 narum
432 3293 822 3349 Institutionum
850 3292 941 3345 25.
964 3291 1126 3360 Cujus
1151 3294 1364 3361 quidem
1394 3298 1535 3347 varia
1568 3295 1784 3349 fuerunt

222 3380 395 3431 opera,
418 3380 534 3430 qum
557 3365 625 3417 ab
646 3363 874 3432 antiquis
894 3363 1244 3430 scriptoribus
1266 3376 1783 3419 commemorantur:

225 3446 279 3487 ut
305 3434 415 3486 libri
450 3434 882 3494 Pruvinciarum,
912 3447 1003 3486 seu
1029 3432 1483 3502 Cosiuographize,
1516 3449 1542 3486 a
1573 3434 1786 3501 Capito-

224 3504 345 3565 lino,
383 3504 566 3558 Servio
592 3513 645 3556 et
671 3502 1017 3566 Cassiodoro;
1049 3503 1237 3557 fabula»
1260 3503 1495 3571 Ᾱζεηρὶευ
1523 3506 1588 3557 ab
1613 3509 1785 3558 Auso-

226 3576 335 3632 nio;
364 3574 479 3628 libri
512 3576 580 3626 de
612 3574 943 3635 Agricultura
971 3587 999 3624 a
1035 3572 1313 3637 Diomede;
1344 3576 1472 3628 artis
1503 3573 1787 3630 rhetoricae

225 3654 478 3714 pracepta
509 3644 587 3714 ab
632 3643 888 3714 lsidoro;_
918 3645 1148 3714 themata
1195 3643 1481 3714 Yirgiliana
1523 3658 1553 3695 a
1593 3645 1787 3714 Servio

226 3711 425 3768 eodeni.
464 3712 717 3767 Sidonius
745 3712 847 3765 hoc
876 3711 994 3765 loco
1024 3712 1274 3779 epistolas
1302 3714 1462 3766 etiam
1502 3728 1533 3766 a
1576 3713 1790 3769 Titiano

225 3784 385 3837 editas
426 3784 718 3853 significat;
770 3796 875 3834 non
924 3795 1109 3853 veras,
1156 3783 1445 3853 sedilis-tas
1486 3784 1790 3839 nominibus

226 3852 493 3907 illustrium
523 3852 868 3917 feminarum,
896 3852 1082 3921 quales
1110 3860 1236 3907 sunt
1257 3852 1427 3908 Ovidii
1456 3868 1573 3923 quas
1605 3855 1793 3910 lleroi-

226 3923 345 3977 dum
371 3931 762 3992 nuncupantur.

294 4003 319 4031 ⁸·
342 3990 677 4048 δεοιςιιοιηιηι
701 3990 933 4045 Cornelii
967 3991 1270 4060 Frontonis,
1296 3991 1386 4060 qui
1418 3993 1660 4059 princeps
1689 3992 1787 4046 fuit

224 4075 488 4118 oratorum
519 4064 600 4115 sui
634 4061 845 4125 sa'culi,
873 4064 939 4117 τὰ
969 4069 1172 4134 πρῷτα.
1201 4073 1258 4117 ut
1286 4073 1366 4116 est
1398 4063 1449 4117 in
1482 4063 1661 4134 Dionis
1681 4064 1793 4132 epi-

226 4143 380 4209 tome,
405 4143 508 4189 τῶν
536 4134 647 4209 τρτε
678 4135 930 4209 Ἶξωμαίων
959 4131 1021 4185 ἐν’
1044 4131 1208 4209 δρίκαις
1243 4134 1529 4209 φερόμενος.
1561 4131 1794 4209 DiverSa:

224 4204 363 4257 enim
409 4220 503 4271 per
554 4201 789 4267 singulas
833 4210 1018 4256 aetates
1064 4201 1274 4256 fuerunt
1302 4201 1789 4272 philosophorum,

226 4285 519 4342 poetarum,
546 4282 815 4342 oratorum
838 4282 995 4326 secta:
1021 4280 1075 4326 et
1097 4272 1324 4327 fami'ire.
1351 4272 1417 4327 Ut
1442 4273 1598 4342 igitur
1625 4284 1793 4340 poeta:

228 4341 319 4413 alii
363 4341 675 4413 Virgilianii,
722 4342 1137 4413 aliiOijidiani,
1186 4354 1242 4397 et
1291 4341 1652 4411 iurisconsulti
1702 4343 1793 4397 alii

1893 3083 2095 3147 inores.
2126 3083 2362 3140 actiones
2390 3083 2577 3140 oinnes
2604 3083 2855 3154 graphice
2884 3083 3158 3137 describit.

1964 3156 1986 3195 ί
2024 3157 2134 3212 lloc
2159 3156 2334 3222 addit,
2372 3158 2490 3225 quia
2524 3151 2714 3208 rarum,
2734 3164 2815 3207 est
2846 3165 2900 3207 ut
2938 3155 3208 3225 principes
3237 3151 3349 3206 suis
3390 3152 3493 3209 ἰιι-ο,

1888 3229 1984 3282 visi
2030 3243 2134 3281 non
2180 3228 2305 3280 sint.
2355 3223 2555 3281 Seneca
2602 3225 2871 3295 Thyeste:
2924 3223 3097 3277 Simul
3140 3223 3240 3295 ista
3288 3224 3467 3275 mundi

1891 3299 2121 3351 conditor
2148 3298 2314 3363 posuit
2344 3295 2500 3357 Deus,
2529 3292 2701 3349 odium
2727 3304 2874 3361 atque
2898 3309 3127 3361 regnum.
3156 3292 3343 3346 Cicero
3371 3308 3466 3360 pro

1893 3368 2119 3422 Flacco:
2149 3369 2205 3435 8
2243 3364 2438 3420 Fiet-em
2479 3368 2737 3418 Civitatum
2789 3364 2913 3433 quid
2955 3373 3026 3416 est
3066 3364 3251 3429 negotii
3264 3364 3468 3435 Δεοηεὶ-

1889 3440 2033 3491 tare.9
2061 3439 2114 3490 in
2146 3432 2257 3489 54m
2288 3437 2565 3505 prmsertim
2594 3438 2678 3503 qui
2708 3432 2869 3497 nuper
2894 3448 3091 3486 summa
3111 3448 3227 3483 eum
3256 3432 3466 3501 imperio

1892 3509 2076 3574 fuerit,
2113 3521 2306 3557 summa
2350 3517 2516 3558 autem
2557 3506 2608 3557 in
2653 3519 2823 3556 amore
2868 3518 2973 3556 esse
3020 3509 3225 3570 prapter
3282 3518 3468 3554 nomen

1888 3579 2056 3648 ipsum,
2080 3576 2277 3644 imperii
2303 3591 2401 3648 non
2432 3574 2681 3648 potuerit?
3066 3639 3098 3648 __
3166 3635 3181 3648 ,

1965 3657 1989 3694 8
2018 3639 2169 3700 Nota:
2211 3655 2333 3697 sunt
2363 3645 2540 3713 liguim
2570 3647 2621 3697 in
2664 3656 2864 3697 mensze
2900 3639 3135 3713 vasculis
3166 3639 3340 3713 instar
3368 3654 3466 3693 co-

1890 3716 2205 3771 chlearium.
2238 3710 2509 3768 Aliud'est
2533 3714 2803 3777 cochlear,
2840 3712 2981 3767 aliud
3015 3710 3171 3779 ligula
3198 3727 3211 3763 :
3247 3712 3339 3764 sed
3372 3726 3469 3765 nos

1891 3786 2049 3841 hodie
2088 3785 2384 3840 cochlearia
2418 3798 2694 3846 vocamus,
2734 3798 2852 3850 qum
2897 3782 3072 3851 liguize
3111 3788 3233 3851 sunt
3272 3783 3468 3835 verius.

1890 3857 1971 3910 Ab
2004 3858 2203 3910 charum
2249 3853 2593 3908 similitudine
2637 3855 2844 3908 aurium
2888 3850 3092 3920 legulas
3131 3850 3295 3914 dixit,
3338 3852 3461 3916 quia

1892 3940 2070 3981 curvae
2098 3936 2153 3981 et
2176 3940 2320 3979 cavae
2348 3933 2498 3988 sunt;
2532 3924 2818 3994 lolliginum
2846 3924 2971 3977 item
3003 3922 3193 3991 ligulas
3216 3921 3465 3994 eamdem

1894 3997 1962 4048 ob
1990 4010 2207 4049 causam
2238 3994 2494 4060 Apuleius
2522 4012 2534 4046 ε
2564 4004 2621 4047 ut
2647 3991 2829 4049 contra
2848 4035 2863 4056 ,
2893 3994 3050 4048 lienis
3082 3991 3317 4059 regulam
3344 3991 3472 4045 alibi

1893 4065 2143 4120 Sidonius
2167 4074 2221 4118 et
2246 4066 2488 4119 Alcimus
2521 4066 2703 4118 Avitus
2733 4066 3009 4125 dixerunt,
3044 4062 3203 4128 patuli
3233 4071 3281 4115 et
3314 4062 3467 4115 recti.

1897 4136 2005 4191 Nec
2062 4136 2239 4189 minus
2294 4133 2564 4202 eleganter
2619 4134 2935 4187 Severianus
2980 4130 3329 4202 (iaiialensis,
3378 4131 3468 4197 qui

1897 4206 2200 4274 cymbalum
2227 4199 2442 4258 auribus
2469 4205 2653 4257 tribuit
2680 4202 2959 4274 bomilias
2996 4202 3047 4253 in
3081 4199 3443 4274 ilesaemernn

1895 4269 1946 4331 ἰἱ
1969 4279 2089 4335 ἀκοή
2120 4275 2346 4349 {xum
2376 4283 2587 4349 χρῆσιν·
2615 4273 2735 4349 χει
2763 4280 2851 4331 τήν
2867 4269 3023 4349 βψω..
3039 4271 3106 4323 Τὸ
3130 4271 3230 4339 γὰρ
3252 4271 3466 4341 περικεί-

1895 4368 2041 4417 μενον
2083 4342 2335 4417 κυμϐάλον
2374 4342 2558 4417 itaque?
2583 4342 3114 4417 rb§$ov._l.éguiam
3145 4349 3321 4417 autem
3372 4354 3467 4417 pro

224 4408 605 4504 Sassianiga‘lii
632 4408 1337 4504 Proctnlianiﬁzsicoratores
1359 4427 1418 4467 ea
1445 4413 1796 4504 astate-Fron-
1824 4408 2057 4504 D'ligula
2096 4408 2394 4485 agnoscunt
2433 4408 2591 4469 etiam
2634 4412 2921 4482 glossaria,
2964 4425 3081 4481 quae
3124 4408 3344 4489 μυστρὸν
3389 4408 3469 4461 in~

229 4483 422 4537 toniani
453 4482 617 4547 dicti,
645 4482 735 4551 qui
762 4482 1048 4536 Frontonis
1090 4481 1435 4537 imitationem
1468 4481 1794 4550 profiteban-

229 4561 338 4615 tur,
365 4563 416 4606 et
440 4552 675 4607 Festiani
709 4552 951 4617 fortasse,
992 4551 1081 4619 qui
1116 4553 1370 4606 Postumii
1418 4552 1579 4606 Festi.
1626 4552 1791 4606 Vetus

226 4622 519 4691 inscriptio,
549 4620 815 4691 Postuntjo
844 4620 1043 4673 Titiano
1059 4624 1249 4676 oratori
1267 4623 1536 4691 pronepoti
1556 4629 1603 4675 et
1632 4635 1791 4676 secta-

226 4694 330 4744 ton‘
352 4691 422 4748 Μ.
456 4690 706 4745 Postumii
732 4690 875 4745 Festi
899 4692 1138 4744 oratoris.

302 4760 331 4799 δ
354 4762 462 4817 Non
487 4763 662 4815 solum
690 4760 955 4824 Ciceroni,
980 4775 1162 4814 verum
1190 4763 1351 4815 etiam
1376 4762 1543 4815 Plinio
1566 4770 1620 4817 et
1642 4760 1791 4828 Sym-

224 4833 433 4885 macho.
468 4831 551 4887 Ad
582 4832 703 4884 illos
738 4831 1078 4901 enimredit,
1112 4841 1227 4895 post
1255 4847 1316 4886 ea
1360 4848 1477 4901 quae
1506 4832 1572 4886 de
1618 4832 1790 4885 Fron-

226 4901 456 4955 tonianis
504 4901 746 4955 inseruit.
792 4899 1141 4971 Etsirsentio,
1183 4899 1391 4970 inquit,
1426 4918 1583 4971 quam
1623 4903 1794 4963 impar

223 4971 342 5024 illis
375 4973 619 5041 omnibus
662 4972 796 5035 sim,
834 4970 925 5041 qui
973 4969 1225 5037 epistolas
1261 4969 1388 5025 suas
1429 4969 1793 5041 superioribus

226 5042 434 5094 saeculis
456 5040 759 5103 ediderunt,
790 5040 883 5093 tibi
911 5048 1085 5093 tamen
1119 5041 1298 5107 parui,
1325 5052 1380 5096 et
1411 5040 1506 5095 itas
1536 5055 1681 5095 mens
1709 5042 1795 5095 vel

227 5110 386 5164 tanta:
411 5110 644 5173 periculo
668 5110 841 5163 emisi.

302 5188 329 5217 ο
366 5181 747 5251 Hincapparet
777 5189 1016 5248 poemata
1047 5178 1253 5235 Sidonii
1303 5180 1439 5235 haud
1479 5182 1635 5251 paulo
1674 5189 1798 5236 ante

224 5251 479 5316 epistolas
498 5250 551 5304 in
578 5251 749 5304 lucem
772 5251 985 5304 exiisse.

296 5317 327 5355 ἀ
365 5320 558 5374 Sidonii
593 5324 821 5383 sororia,
859 5319 1164 5389 Papianilla:
1192 5322 1375 5376 uxoris
1402 5319 1582 5387 fratri,
1615 5331 1673 5375 ut
1698 5321 1795 5376 do-

217 5389 376 5442 eebit
397 5391 613 5456 epistola
644 5390 737 5451 12.
762 5389 854 5443 lib.
884 5405 939 5443 ιι.

299 5459 607 5529 (lenioris.
628 5458 744 5529 Duo
772 5459 912 5513 enim
943 5458 1096 5526 hujus
1118 5459 1349 5516 nominis
1369 5459 1790 5529 Vesogotltorum

216 5529 270 5581 in
302 5526 470 5581 Gallia
508 5544 661 5595 reges
693 5528 941 5582 fuerunt:
981 5530 1126 5597 piior
1154 5530 1335 5584 Vallia:
1368 5526 1667 5593 successor,
1700 5533 1788 5598 qui

213 5602 267 5647 in
304 5613 476 5665 pugna
501 5598 843 5653 (Iataiaunica
869 5600 1115 5654 occubuit
1140 5617 1150 5650 :
1184 5601 1317 5654 alter
1343 5601 1458 5668 ejus
1488 5602 1647 5667 filius,
1676 5612 1791 5666 post

214 5668 561 5723 Thorismodi
600 5669 779 5725 fratris
806 5670 1037 5733 credent,
1074 5684 1209 5725 anno
1239 5686 1267 5724 a
1310 5687 1479 5738 pugna
1512 5674 1667 5726 tertio
1698 5686 1784 5725 rc—

1904 4495 2288 4554 terpretantur.

1964 4545 2003 4593 h'
2023 4554 2259 4609 Gothica:
2284 4552 2455 4623 gentis
2486 4550 2725 4623 mosfuit
2745 4548 3032 4623 caesariem
3062 4545 3460 4623 discriminare,

1894 4636 2053 4695 atque
2080 4617 2310 4695 implexa
2336 4624 2560 4695 crinium
2605 4618 2811 4685 flagella
2845 4621 3155 4695 inaures-et
3195 4626 3340 4686 terga
3371 4617 3471 4671 de-

1896 4687 2129 4749 mittere.
2156 4687 2390 4747 lsidorus
2404 4691 2677 4758 Originum
2702 4706 2855 4743 xxrx:
2881 4687 3160 4743 Nonnullae
3183 4698 3353 4756 gentes
3370 4704 3469 4758 non

1894 4766 2058 4819 soluat
2085 4766 2140 4817 in
2170 4762 2402 4823 vestibus,
2431 4754 2523 4814 sed
2548 4771 2592 4815 et
2620 4762 2673 4813 in
2705 4776 2912 4828 corpore
2936 4761 3106 4819 aliqua
3134 4754 3227 4828 sibj
3258 4754 3470 4826 propria

1893 4836 2037 4903 quasi
2071 4834 2292 4905 insignia
2321 4833 2606 4905 vindicant,
2635 4839 2691 4905 u_t_
2728 4826 2952 4905 videmus
2982 4831 3157 4905 cirros
3178 4826 3465 4905 Germana-

1896 4898 2037 4975 rum,
2073 4898 2258 4975 gravies
2300 4913 2344 4956 et
2376 4904 2620 4955 cinnabar
2650 4900 2951 4975 Gothorum.
2982 4898 3082 4975 Ubi
3113 4898 3284 4951 cirros
3316 4899 3474 4975 intel:

1902 4976 2004 5041 ligo
2025 4965 2298 5027 iu’nodum
2322 4981 2534 5027 coactos
2552 4989 2565 5025 :
2584 4972 2723 5040 quod
2748 4970 3015 5041 proprium
3039 4965 3471 5041 Suevorum,_qui

1900 5036 2153 5112 muajorem
2181 5042 2478 5098 Germania:
2508 5036 2709 5112 partem
2736 5036 3077 5112 obtinebant,
3112 5038 3318 5112 insigne
3346 5036 3472 5112 facit

1899 5107 2155 5167 Tacitus:
2186 5127 2380 5182 granos
2406 5126 2534 5167 vero
2574 5110 2686 5167 lucc
2731 5117 2843 5182 ipsa
2888 5109 3114 5182 crinium
3148 5107 3471 5182 flagella__de

1901 5184 2092 5252 quibus
2132 5178 2210 5236 et'
2231 5182 2466 5251 synodus
2514 5180 2870 5252 Bracarensis,
2905 5195 3026 5234 cum
3071 5179 3138 5252 d_e_
3185 5178 3472 5252 lectoribus

1901 5245 2082 5324 cavet,
2112 5270 2177 5307 ne
2204 5245 2386 5324 granos
2414 5252 2598 5324 gentili
2630 5253 2731 5324 ritu
2770 5250 3043 5324 dimittant.
3087 5248 3177 5324 Sic
3212 5247 3352 5300 enim
3394 5245 3471 5297 le-

1901 5323 2131 5391 gendum
2161 5319 2305 5376 recte
2333 5319 2535 5376 monuit
2560 5320 2773 5376 Garsias
2804 5321 3038 5390 Loaysa;
3068 5319 3162 5391 sed
3193 5328 3468 5391 perperam

1901 5382 2226 5464 Exposuitde
2244 5400 2392 5447 veste
2413 5392 2542 5447 laica
2560 5400 2612 5464 et
2631 5391 2881 5464 oblonga,
2903 5382 3108 5464 eum'cx
3133 5382 3259 5464 ipsis
3284 5382 3469 5464 [sideri

1900 5451 2082 5517 verbis
2105 5462 2300 5530 liqueat
2320 5478 2513 5529 granos
2530 5462 2597 5516 ad
2618 5451 3030 5516 vestes'minime
3054 5451 3338 5530 pertinere.
3352 5451 3470 5530 Gri.

1900 5535 2044 5585 nium
2082 5525 2239 5599 porro
2277 5525 2479 5602 flagella
2512 5532 2726 5602 Francis
2758 5531 2954 5602 etiam,
2993 5525 3133 5602 regis
3170 5526 3466 5602 prasseriitu

1900 5594 2246 5668 stirpe'natis,
2284 5594 2466 5656 ἰιιῖιςιι
2496 5602 2656 5656 fuisse
2680 5601 2874 5653 docent
2912 5595 3164 5668 Agatltias
3318 5608 3383 5668 _v,
3417 5605 3469 5647 et

1902 5666 2189 5739 Gregorius
2215 5672 2542 5729 Turonensis
2575 5672 2666 5726 lib.
2693 5685 2771 5732 vn,
2805 5684 2920 5735 cap.
2948 5667 3045 5728 Ἡ,
3089 5675 3140 5721 et
3169 5666 3286 5722 aliis
3317 5666 3468 5720 locis.
