3910 6172
393 356 406 386 ι
442 283 545 338 4-57

1723 275 1960 332 SIDONII
2005 274 2450 329 APOLLINARIS

3509 279 3513 282 ⁴
3599 279 3699 330 iis

442 399 626 462 peetus
653 390 931 446 accedens.
973 391 1166 443 Arcam
1199 388 1344 441 dot-si
1376 388 1628 442 humilior
1664 390 1804 442 inter
1833 403 2016 442 excre-
2045 389 2093 447 Α
2120 398 2395 456 acceptum
2443 386 2603 440 modo
2647 387 2926 440 insinuatis
2967 402 2997 441 e
3042 403 3258 458 regione
3305 390 3570 458 capitibus
3619 392 3708 444 in-

443 496 618 537 menta
666 490 933 535 costarum
979 481 1130 548 apina
1173 479 1532 533 discriminat.
1561 478 1893 533 Tiiberosum
1939 488 2020 532 est

442 585 725 640 utrumque
762 571 1017 626 musculis
1061 569 1483 640 prominentibus
1529 569 1688 622 latus.
1725 569 1780 639 4
1814 570 1868 622 In
1900 585 2022 624 suc-

441 665 630 720 cinctis
657 672 844 732 regnat
867 663 1020 732 vigor
1044 662 1217 715 ilibus.
1251 662 1523 714 Corneiim
1545 660 1742 722 temur,
1786 660 2022 714 interno-

443 755 525 810 ilia
573 757 828 826 poplitum
881 755 1018 810 bene
1065 753 1322 808 mascula.
1373 751 1640 818 Maximus
1694 751 1745 804 in
1802 752 2021 804 minime

443 855 653 919 rugos':s
681 848 903 916 genibus
934 847 1127 900 honor.
1155 845 1321 899 Crura
1347 845 1486 899 suris
1511 846 1634 897 fulta
1667 845 1932 912 turgeiitib
1955 859 2018 910 :s,

443 950 498 994 ct
549 939 636 1006 qui
685 952 874 1010 magna
928 946 1190 990 sustentat
1239 936 1474 990 membra
1525 951 1618 1004 pes
1657 936 1920 989 modicus.
1965 935 2022 988 Si

445 1031 708 1085 actionem
739 1030 1078 1091 diuturnam,
1122 1042 1241 1094 qua:
1284 1036 1367 1080 est
1405 1025 1701 1080 forinsecus
1743 1025 2018 1093 exposita,

449 1123 755 1190 perquiras,
786 1120 1129 1173 antelucanos
1163 1126 1185 1152 α
1217 1115 1551 1170 sacerdotum
1591 1130 1807 1168 suorum
1853 1126 2022 1170 cintus

444 1212 668 1270 minimo
696 1211 951 1264 comitatu
983 1208 1216 1276 expetit,
1250 1206 1434 1276 grandi
1480 1206 1767 1262 sedulitate
1803 1223 2026 1261 veni-ra-

453 1315 536 1356 tur
562 1321 574 1355 :
605 1317 938 1371 quanquam,
983 1302 1024 1354 si
1063 1313 1241 1354 sermo
1282 1308 1543 1362 secretus,
1587 1300 1758 1366 possis
1785 1298 2024 1351 animad-

449 1406 656 1451 vertere
691 1393 831 1464 quod
871 1403 1045 1448 servet
1085 1392 1242 1446 istam
1286 1405 1383 1459 pro
1419 1391 1808 1444 consuetudine
1851 1390 2026 1458 potius

448 1504 605 1560 quam
655 1496 748 1556 pro
787 1486 814 1525 ι)
859 1487 1066 1541 ratione
1111 1483 1488 1539 reverentiam.
1539 1481 1819 1549 Reliquum
1869 1496 2026 1536 mane

452 1581 602 1650 regni
645 1577 1053 1633 administrandi
1081 1591 1206 1630 cura
1242 1576 1341 1628 sibi
1383 1575 1620 1654 deputat.
1668 1573 2025 1628 Circiimsistit

449 1666 636 1727 sellam
675 1686 856 1725 comes
896 1670 1148 1737 armiger,
1195 1668 1495 1736 pellitorum
1541 1666 1692 1720 turba
1735 1664 2022 1718 satellitum

2125 480 2322 542 tendit,
2366 477 2524 530 modo
2565 478 2630 528 ad
2675 477 2837 530 talum
2885 477 3172 544 pendulum
3221 479 3344 533 nodi
3385 491 3536 545 parte
3567 495 3710 532 COM-

2123 583 2308 632 versa,
2339 569 2682 635 languentem
2731 565 2949 620 chorda!
2979 567 3226 635 laqueum
3256 569 3494 636 vagantis
3537 568 3714 634 digito

2123 658 2496 721 superlabente
2523 657 2888 724 prosequitur:
2912 665 2966 710 et
2986 672 3103 709 mox
3131 657 3390 726 5spicula
3411 659 3570 725 capit,
3607 659 3716 710 iiii-

2124 748 2252 814 plet,
2279 745 2498 814 expellit
2523 762 2535 798 :
2565 745 2758 812 quidve
2783 745 2967 814 cupias
2991 748 3210 814 percuti,
3240 745 3383 813 prior
3406 748 3673 800 admonet
3698 762 3715 799 :

2122 837 2274 904 eligis
2303 835 2426 904 quid
2471 834 2660 899 faciat,
2698 835 2838 904 quod
2878 836 3105 904 elegeris
3147 835 3305 890 ferit:
3348 846 3402 889 et
3447 836 3493 890 si
3528 837 3599 889 ab
3632 836 3718 888 al-

2125 939 2326 984 terutro
2362 930 2652 985 errand-um
2691 939 2802 998 est,
2846 932 3018 984 rarius
3056 931 3252 985 fallitur
3291 932 3518 999 ligentis
3543 934 3717 996 ictus,

2122 1039 2284 1092 quam
2329 1023 2647 1077 destinantis
2685 1022 2920 1075 obtutus.
2959 1022 3015 1076 Si
3047 1023 3098 1075 in
3131 1023 3429 1075 convivium
3464 1024 3714 1086 venitur,

2125 1112 2263 1181 quod
2292 1111 2510 1178 quidem
2536 1111 2724 1164 diebus
2751 1111 3002 1179 profeSiis
3035 1111 3206 1165 simile
3233 1114 3435 1181 privato
3458 1121 3566 1177 est,
3601 1127 3715 1165 non

2125 1202 2195 1255 ibi
2234 1202 2526 1270 impolitam
2555 1201 2857 1269 congeriem
2888 1199 3098 1255 liventis
3136 1202 3340 1268 argenti
3377 1203 3581 1255 mensis
3622 1217 3719 1256 ce-

2123 1293 2372 1353 dentibus
2425 1291 2752 1360 suspiriosus
2817 1291 3060 1345 minister
3115 1291 3360 1360 imponit.
3410 1293 3714 1346 Maximum

2127 1391 2252 1436 tunc
2282 1382 2488 1449 pondus
2513 1381 2564 1434 in
2595 1381 2774 1435 verbis
2797 1388 2916 1434 est:
2949 1381 3142 1450 quippe
3170 1396 3288 1434 cum
3313 1381 3420 1436 illic
3438 1392 3533 1435 ant
3561 1383 3715 1435 nulla

2127 1481 2444 1532 narrantur,
2489 1478 2581 1523 aut
2625 1469 2786 1524 seria.
2831 1466 2858 1505 ά
2891 1470 3270 1524 Toreumatum
3321 1472 3718 1539 peripetasma-

2128 1573 2341 1629 tumque
2371 1562 2528 1616 modo
2555 1561 2886 1631 conchyliata
2916 1562 3182 1629 profertur
3209 1565 3481 1632 siippellex
3503 1607 3517 1626 ,
3547 1566 3721 1618 modo

2129 1652 2362 1722 byssina.
2393 1649 2509 1705 Cibi
2535 1661 2669 1714 arte,
2701 1668 2804 1704 non
2835 1653 3004 1718 pretio
3037 1653 3247 1720 placent
3281 1671 3294 1706 :
3329 1661 3352 1689 ο
3384 1653 3596 1708 fercula
3637 1655 3719 1705 ni-

453 1778 520 1816 ne
548 1761 687 1816 abs't
714 1759 1028 1822 admittitur,
1062 1774 1129 1812 ne
1160 1758 1437 1824 obstrepat
1467 1757 1774 1809 eliminatur
1800 1773 1813 1806 :
1843 1755 2025 1823 sicque
2057 1748 2102 1806 B
2130 1753 2264 1807 lm’t‘.
2299 1760 2402 1797 nim
2435 1744 2695 1810 pondere.
2719 1744 3082 1813 Scyplim'um,
3115 1755 3526 1813 paterarumque
3560 1761 3722 1798 raras

453 1869 547 1920 pro
575 1852 774 1905 toribus
798 1853 1168 1904 immurmurat
1195 1860 1215 1884 ε
1247 1847 1462 1901 exclusa
1491 1845 1642 1910 velis,
1669 1846 1872 1898 inelu-a
1901 1858 2026 1898 caii—

455 1945 625 1997 cellis.
669 1942 808 1995 Inter
851 1940 964 1993 Ιιειιο
1007 1937 1327 1992 intromissis
1368 1936 1604 2004 gentium
1649 1933 2023 1999 legationibus,

453 2035 604 2090 audit
647 2034 903 2102 plurima,
945 2046 1108 2100 pauca
1158 2029 1463 2096 respondet.
1497 2029 1551 2080 Si
1599 2025 1724 2094 quid
1775 2025 2026 2079 tractabi-

457 2135 562 2190 tur,
592 2123 769 2176 dillcrt
806 2139 818 2174 :
849 2122 890 2174 si
923 2121 1048 2188 quid
1078 2118 1420 2188 expedietur,
1450 2117 1734 2169 accelerat.
1771 2115 1905 2166 Ilora
1945 2123 2028 2166 est

455 2213 719 2269 secunda?
748 2214 916 2281 surgit
953 2228 984 2266 e
1028 2211 1191 2274 solio,
1239 2220 1328 2262 aut
1377 2207 1641 2262 thesauris
1685 2205 2028 2273 inSpicicndis

455 2314 766 2369 vacaturus,
805 2312 895 2356 aut
938 2302 1179 2357 stabulis.
1206 2299 1262 2354 Si
1305 2298 1585 2352 venatione
1634 2296 1871 2349 nuntiata
1905 2309 2026 2362 pro-

453 2397 626 2459 cedit,
654 2410 832 2448 arcum
863 2395 1009 2447 lateri
1043 2393 1310 2446 innectere
1329 2389 1461 2442 citra
1487 2388 1796 2458 gravitatem
1827 2385 2024 2453 regium

453 2487 686 2556 iudicat:
717 2502 874 2556 quem
909 2495 1121 2550 tamen,
1169 2483 1214 2537 si
1264 2482 1506 2536 cominus
1551 2495 1703 2533 avem
1756 2477 2028 2544 feramque

455 2587 547 2630 aut
573 2576 782 2630 venanti
816 2585 1102 2640 monstres,
1133 2584 1223 2627 aut
1262 2573 1426 2626 vianti
1453 2586 1570 2626 sors
1599 2569 1820 2634 olferat,
1848 2569 2027 2622 manui

454 2676 573 2736 post
603 2675 805 2734 tergum
853 2665 1062 2719 reﬂexae
1093 2678 1225 2733 puer
1254 2663 1468 2724 inserit,
1503 2675 1667 2715 nervo
1701 2661 1884 2714 lorove
1909 2659 2027 2712 liui-

455 2759 688 2810 tantibus
717 2775 729 2810 :
761 2771 918 2824 quem
950 2755 1088 2808 sicut
1124 2753 1328 2821 puerile
1363 2759 1637 2818 computat
1665 2758 1876 2818 gestare
1907 2747 2027 2800 tlte—

455 2855 667 2910 catum,
711 2845 782 2898 ita
835 2844 1094 2898 muliebre
1141 2843 1385 2911 accipere
1433 2841 1542 2911 jam
1594 2849 1824 2894 tensum.
1871 2836 2031 2905 Igitur

528 2993 554 3024 ⁸
583 2987 720 3040 Suos
751 2984 911 3050 dixit,
951 2984 1176 3036 Arianos
1205 2981 1484 3046 denotans,
1515 2977 1696 3048 quales
1726 2985 1879 3032 erant
1916 2990 2032 3028 om-

460 3073 552 3111 nes
579 3057 759 3110 Gotlii.

527 3127 554 3164 δ
584 3127 638 3180 In
672 3134 867 3192 poster.
894 3122 1047 3191 edit.,
1078 3122 1338 3192 religione.
1368 3118 1456 3174 Sic
1477 3128 1531 3172 et
1555 3119 1936 3182 Savardniana,
1969 3128 2032 3170 ac

464 3213 594 3252 niss.
619 3196 800 3263 aliqui.

537 3279 558 3305 ε
591 3267 676 3319 Sic
706 3256 758 3317 et
790 3262 1049 3330 (lorippus
1088 3261 1179 3315 lib.
1216 3275 1306 3323 ut,
1349 3259 1539 3312 .lustini
1585 3257 1808 3310 minoris
1851 3256 2030 3330 emisi-

465 3339 684 3392 stmiuin
713 3327 1051 3395 ileSrrilieiis,
1098 3339 1426 3401 protectores
1465 3343 1619 3382 θυι-ιι
1666 3329 1835 3381 ieliini
1868 3327 2033 3381 collo-

465 3419 550 3462 cat
567 3450 578 3472 ,
612 3407 692 3460 bis
721 3405 962 3458 versibus
986 3417 1001 3456 :

644 3494 879 3544 Nobilitas
899 3491 1082 3540 medios
1105 3491 1254 3541 sedes
1278 3490 1492 3548 Augusta
1518 3495 1740 3548 penates,

643 3561 876 3615 Quattuor
900 3557 1092 3602 eximiis
1115 3553 1466 3602 circumvallato
1497 3549 1748 3598 ioluiiiuis.

463 3639 523 3696 Et
561 3650 678 3707 post
705 3639 804 3690 alia
843 3655 857 3692 :

649 3728 762 3776 Vela
787 3735 959 3786 tegunt
985 3733 1148 3786 postes
1174 3739 1186 3771 :
1213 3724 1440 3773 custodes
1459 3721 1606 3786 ardua
1631 3728 1832 3786 servant

645 3783 864 3841 Limina:
887 3795 939 3835 et
963 3783 1170 3847 iud-ignis
1197 3790 1376 3832 intrare
1402 3785 1674 3832 volentibus
1694 3783 1912 3847 olis.ant,

647 3849 882 3896 Condensi
909 3842 1124 3894 numeris
1148 3847 1267 3894 fastu
1289 3854 1507 3907 nutuque
1534 3842 1792 3894 tremendi.

468 3949 780 4004 Consistorii
825 3949 954 4014 regii
1008 3948 1147 4001 fores
1188 3948 1322 4002 velis
1365 3948 1872 4015 praetendebantur:
1917 3960 2041 4010 pre-

465 4022 609 4076 xima
645 4020 766 4073 liiiic
806 4021 964 4073 statio
989 4019 1241 4072 cancellis
1273 4031 1418 4086 septa
1449 4030 1500 4072 et
1533 4019 1708 4071 clausa
1737 4027 1869 4069 erat.
1900 4017 2040 4068 Intra

467 4096 679 4156 velum,
715 4089 816 4144 hoc
854 4098 936 4143 est
971 4090 1022 4142 in
1056 4092 1429 4142 consistorium
1463 4091 1666 4150 ipsum,
1697 4087 1917 4138 admissi
1949 4100 2042 4156 co-

468 4163 623 4216 mites
653 4171 709 4216 et
758 4161 1040 4230 participes
1084 4159 1328 4230 consilii:
1367 4158 1621 4230 satellites
1653 4158 1790 4230 inter
1833 4155 2043 4230 cancel—

468 4233 549 4289 los
580 4241 635 4286 et
662 4225 780 4285 vela
826 4225 1132 4283 substitere.
1171 4229 1244 4281 De
1290 4229 1372 4281 liis
1400 4227 1652 4280 cancellis
1681 4226 1872 4292 quibus
1900 4225 2042 4293 judi-

468 4304 644 4356 dicunt
675 4305 799 4356 item
831 4301 1066 4354 omnium
1112 4301 1396 4350 socretaria
1443 4296 1792 4357 vallabantur,
1822 4295 2040 4347 Cassio-

469 4372 633 4427 dorus
678 4381 894 4426 senator
955 4384 1008 4423 ςι
1059 4367 1334 4420 Variarum
1392 4368 1423 4419 7
1468 4369 1524 4435 9
1560 4374 1614 4419 et
1665 4363 1856 4435 glossa:
1899 4365 2041 4417 anti-

469 4459 586 4504 qua:
629 4460 643 4494 :
687 4441 886 4505 Caula,
935 4439 1144 4492 cancelli
1194 4446 1310 4490 ante
1353 4434 1601 4507 judicent.
1657 4434 1818 4507 Extra
1854 4438 2039 4496 canta,

468 4512 592 4580 foris
619 4528 787 4565 versus
825 4511 979 4563 atria.
1008 4509 1181 4564 Cra-ci
1223 4506 1485 4580 κιγκλίδας.
1516 4515 1736 4580 vocant,
1787 4506 1907 4580 Ιιιιιι⁸
1923 4514 2036 4580 est,

467 4575 619 4654 ὒύρας
649 4581 930 4642 δικτυωτὰς
968 4589 1068 4636 τῶν
1109 4575 1358 4654 ἁιρχείὀιν,
1390 4577 1420 4636 ἧ
1464 4576 1832 4649 δικαστηρίων,
1875 4575 2040 4629 Suida

472 4661 626 4703 teste.

540 4718 564 4756 ἀ
601 4719 758 4772 Libro
799 4734 865 4777 tt.
897 4717 1118 4786 epistola
1158 4719 1223 4771 ad
1273 4717 1595 4778 Sarranum,
1635 4715 1904 4767 rericatum
1947 4725 2038 4765 to—

469 4805 675 4852 reuma;
705 4797 758 4841 et
786 4788 880 4840 lib.
909 4804 960 4841 tit
987 4829 1000 4848 ,
1031 4788 1083 4839 in
1113 4789 1348 4840 carmine
1381 4785 1795 4846 Anacreontion,
1827 4787 2037 4835 rutilum

471 4874 693 4913 toreuma
723 4859 888 4926 bysso.
927 4857 1128 4920 Quibus
1159 4859 1407 4909 omnibus
1451 4856 1580 4926 locis
1613 4864 1906 4926 toreumata
1939 4870 2038 4920 pro

473 4930 728 4981 inralibus
756 4925 948 4994 posuit,
971 4929 1022 4980 et
1047 4941 1175 4980 voce
1204 4927 1398 4979 abusus
1425 4937 1503 4979 est
1523 4967 1535 4989 ,
1564 4925 1834 4979 i‘rudentii
1858 4940 2036 4978 exem-

474 4999 562 5068 plo
587 5000 639 5051 in
672 4996 1082 5066 Psycboinacbia
1109 5013 1121 5048 :

1187 5105 1274 5154 uda
1300 5107 1381 5153 ubi
1408 5107 1559 5154 multo

655 5166 824 5214 Fulcra
847 5179 985 5216 mero
1008 5175 1261 5228 veterique
1283 5176 1552 5216 toreumata
1577 5181 1690 5216 rore
1712 5169 1951 5229 rigantur.

473 5267 545 5326 Et
587 5267 814 5322 Salviani
855 5267 945 5320 lib.
991 5282 1040 5320 tv
1065 5266 1132 5320 ad
1181 5267 1497 5321 Eeclesiam.
1532 5269 1852 5321 Torenniata
1898 5270 2038 5321 enim

475 5341 688 5410 proprie
712 5347 836 5393 sunt
857 5337 1109 5392 thericlea
1135 5351 1261 5410 vasa
1285 5340 1491 5396 curiata,
1521 5339 1712 5406 quibus
1744 5339 1872 5391 iiiliil
1902 5352 2044 5390 eom-

476 5405 635 5466 iiiuite
677 5425 796 5463 cum
839 5421 1072 5478 purpura
1111 5416 1164 5478 et
1203 5405 1382 5478 bysso.
1429 5411 1496 5460 At
1536 5405 1753 5471 toralia,
1797 5410 2042 5469 stragiilie

479 5494 655 5535 vestes
686 5476 937 5534 lectorum
963 5476 1330 5529 Iricliniariiiin
1360 5495 1371 5529 :
1402 5493 1520 5545 qua:
1545 5482 1700 5545 vulgo
1729 5494 1789 5530 ex
1821 5479 2042 5544 pellibus

476 5559 659 5612 erant,
693 5564 788 5614 pro
815 5549 1120 5601 facultatum
1164 5547 1422 5613 luxusque
1471 5548 1626 5599 modo
1658 5563 1916 5612 purpurea
1952 5549 2045 5600 lie-

481 5624 606 5672 liaiit
631 5629 683 5672 et
711 5620 898 5671 serica.
927 5619 1112 5669 Cit-cro
1144 5616 1432 5682 Philippica
1464 5616 1498 5669 ‘2
1536 5635 1544 5666 :
1580 5616 1920 5686 (Innc’iglia'is
1945 5617 2042 5672 (In.

485 5687 709 5754 Pompeii
738 5689 1096 5755 peristromatis
1133 5703 1382 5740 scutorum
1413 5688 1462 5739 in
1497 5690 1634 5740 (cli‘is
1670 5689 1818 5740 lectos
1861 5700 2044 5740 stratos

2133 1835 2428 1887 oblationes
2463 1833 2664 1886 facilius
2694 1846 2774 1886 εει
2805 1843 2861 1886 ιιι
2889 1844 3099 1888 accuset
3138 1835 3273 1898 sitis,
3305 1851 3458 1903 quam
3495 1847 3726 1889 recuset

2132 1925 2383 1978 ebrietas.
2416 1924 2553 1990 Quid
2587 1923 2808 1977 multis?
2849 1923 3036 1978 Videas
3068 1925 3137 1976 ibi
3187 1925 3511 1993 elegantiam
3565 1926 3726 1979 Cra:-

2132 2030 2278 2078 cam,
2308 2012 2326 2050 τ
2359 2013 2735 2067 abundantiam
2763 2013 3110 2078 Gallicanam,
3136 2014 3460 2067 celeritatem
3492 2014 3718 2074 Italam,

2133 2106 2398 2173 publicam
2449 2119 2729 2173 pompam,
2780 2104 3034 2172 privatam
3083 2104 3448 2170 diligentiam,
3502 2106 3722 2173 regiam

2133 2194 2492 2262 disciplinam.
2545 2195 2618 2248 De
2647 2203 2670 2240 Β
2695 2194 2819 2248 luxu
2851 2204 3028 2248 autem
3061 2194 3149 2248 illo
3180 2194 3489 2249 sabbatario
3520 2211 3725 2248 narra-

2134 2288 2259 2339 ii-nii
2289 2303 2419 2338 uteie
2441 2285 2904 2353 supersedendum
2927 2295 3030 2348 est,
3053 2287 3262 2353 qui-nec
3284 2287 3514 2340 latentes
3538 2296 3729 2354 potest

2136 2378 2299 2431 latere
2338 2389 2613 2445 personas.
2670 2376 2748 2430 Ad
2789 2386 2963 2444 coepta
3009 2376 3278 2430 redeatur.
3333 2377 3574 2445 Dapibus
3631 2395 3729 2431 ex-

2137 2469 2278 2537 pleto
2309 2481 2528 2521 somniis
2557 2467 2883 2520 meridianus
2911 2481 3056 2536 satpe
3097 2467 3295 2530 nullus,
3342 2481 3561 2536 semper
3612 2471 3729 2521 cxi-

2133 2575 2283 2629 guits.
2336 2558 2540 2622 Quibus
2571 2556 2717 2611 lteris
2747 2558 2860 2610 viro
2901 2558 3084 2611 tabula
3121 2557 3271 2610 cordi
3313 2567 3427 2623 est,
3480 2567 3730 2612 tesseras

2134 2651 2332 2718 colligit
2361 2649 2562 2718 rapide,
2595 2649 2808 2717 inspicit
2837 2649 3084 2711 sollicite,
3113 2649 3278 2704 volvit
3305 2659 3515 2717 argute,
3550 2652 3728 2704 mittit

2135 2741 2415 2805 instanter,
2433 2737 2458 2775 ιι
2475 2739 2770 2809 ioculanter
2795 2739 3097 2808 compellat,
3126 2740 3389 2807 patienter
3409 2753 3728 2809 exspectat.

2137 2832 2191 2887 lii
2235 2831 2389 2886 bonis
2431 2829 2660 2898 iactibus
2705 2838 2873 2895 tacet,
2923 2831 2974 2883 in
3007 2830 3160 2884 malis
3193 2831 3361 2895 ridet,
3410 2832 3464 2883 in
3513 2833 3732 2886 neutris

2135 2969 2352 3025 rideres.
2379 2945 2628 3020 Martialis
2660 2967 2750 3020 lib.
2777 2982 2854 3020 ιιι.

2319 3081 2501 3128 t‘ubiiis
2523 3082 2673 3129 trudit
2700 3090 2749 3128 et
2773 3081 2887 3128 inde
2911 3081 3151 3139 convivas,

2321 3142 2527 3192 Edultus
2547 3150 2696 3201 ostro,
2716 3145 2981 3203 sericisque
3007 3143 3119 3202 pth
3143 3144 3232 3192 nis.

2211 3250 2509 3330 {Plerique
2549 3253 2770 3330 pou-(tere
2827 3248 3042 3330 legunt;
3086 3249 3172 3327 alii
3197 3248 3506 3330 Isplelitfot’t’,
3541 3260 3601 3299 iit
3647 3249 3738 3302 Pi-

2061 3293 2106 3352 C
2142 3322 2267 3374 tlimi
2295 3293 2458 3376 codc'x
2480 3360 2493 3380 ,
2525 3293 2662 3387 quod
2707 3335 2812 3371 non
2857 3293 3042 3372 minus,
3071 3293 3289 3371 arridet.
3342 3293 3542 3370 Eadein
3580 3335 3653 3371 cn
3682 3337 3736 3371 iit

2140 3393 2412 3458 conjunxit
2447 3390 2642 3442 l’liiiiiis
2669 3389 2734 3440 ilo
2763 3389 3054 3441 Carmania:
3095 3387 3385 3458 iiiiirrhinis
3415 3403 3590 3452 agens
3637 3391 3731 3441 lib.

2143 3457 2266 3513 xxxi
2285 3477 2318 3514 ll
2337 3501 2349 3520 .
2375 3475 2493 3526 cup.
2522 3460 2555 3509 ‘2
2580 3470 2599 3510 :'
2627 3459 2879 3526 Splendor
2907 3458 2983 3510 his
3011 3458 3120 3511 sine
3140 3457 3345 3523 viribus,
3377 3460 3623 3526 nitorque
3653 3476 3736 3511 ιε-

2138 3533 2246 3583 rius
2275 3546 2428 3598 quant
2483 3529 2742 3596 splendor.

2217 3600 2234 3637 τ
2269 3604 2432 3666 Quam
2471 3600 2522 3651 in
2569 3598 2794 3666 dialogis
2837 3613 2941 3652 non
2981 3597 3144 3651 semel
3173 3597 3420 3666 Siiggillat
3451 3597 3736 3662 Sulpicius

2143 3672 2373 3726 Severus
2400 3689 2410 3721 :
2443 3681 2487 3722 ei
2525 3667 2739 3720 Francis
2770 3669 3081 3720 familiarem
3109 3678 3332 3720 testatur
3358 3668 3738 3734 Luitprandus

2140 3742 2437 3794 'l‘icincnsis
2484 3739 2576 3791 lib.
2605 3755 2656 3800 i,
2692 3753 2810 3804 cap.
2851 3739 2928 3790 6:
2974 3736 3245 3801 Metcnsis,
3295 3740 3402 3800 ait,
3448 3739 3738 3802 episropns

2140 3812 2329 3863 cibaria
2357 3812 2400 3861 ei
2431 3809 2589 3861 multa
2632 3810 2906 3861 secundum
2941 3805 3256 3860 Francorum
3301 3809 3608 3860 cansuetudi
3633 3824 3737 3860 rem

2143 3882 2476 3933 titinislrurct.

2214 3959 2237 3994 8
2265 3949 2539 4003 Festoriim
2572 3948 2809 4014 dierum,
2851 3963 2946 4014 per
2976 3962 3111 4015 quos
3142 3945 3366 4012 piiblii-is
3393 3947 3740 4014 privatisque

2142 4020 2397 4072 conviviis
2431 4019 2600 4085 major
2634 4019 2786 4070 luxus
2813 4033 2825 4069 :
2857 4017 2990 4070 adeo
3016 4017 3228 4084 quidem
3259 4027 3316 4069 ut
3341 4016 3534 4083 cynico
3563 4018 3743 4072 dente

2141 4087 2489 4166 gittistliencs
2534 4091 2712 4166 ἑορτὴν
2739 4090 3142 4166 γᾳςζτριμᾳρςίξας
3183 4088 3403 4162 ἀφορμήν
3431 4090 3741 4140 vocitaret.

2141 4158 2279 4221 Quin
2308 4157 2422 4209 dies
2462 4157 2623 4210 testiis
2669 4157 2934 4224 intelligat
2959 4157 3177 4210 diibiuin
3213 4157 3334 4210 esise
3375 4172 3479 4208 tioii
3521 4167 3740 4223 potest.
3784 4193 3790 4224 ἦ

2145 4227 2250 4280 llos
2273 4227 2412 4279 eiiiiu
2437 4229 2684 4294 profestis
2705 4225 2944 4294 opponit,
2960 4241 3183 4293 quorum
3202 4226 3440 4279 convivia
3463 4227 3587 4280 sive
3609 4230 3746 4280 Iuvit
3783 4225 3794 4244 ‘

2142 4297 2304 4351 fuisse
2324 4295 2475 4350 dixit.
2505 4298 2784 4352 S'JCNI‘UIII
2811 4312 2999 4364 nempe
3022 4297 3315 4350 litterarum
3343 4313 3491 4347 litore
3515 4297 3748 4350 locutus

2141 4377 2251 4430 est,
2285 4383 2402 4434 qua:
2434 4368 2563 4420 festa
2596 4369 2795 4427 omnia,
2820 4380 3162 4434 quoscunque
3204 4368 3253 4418 iu
3297 4366 3412 4418 dies
3443 4366 3742 4428 incidant,

2141 4439 2358 4509 sabbata
2389 4446 2616 4509 vocant:
2651 4436 2916 4509 σάϐβατον
2950 4437 3328 4509 πᾶσαγέορτῄν
3357 4437 3633 4509 minimis,
3670 4440 3753 4490 ait.

2144 4507 2375 4559 Isidorus
2421 4507 2713 4561 Pelusiotes
2760 4506 2852 4560 lib.
2893 4522 2980 4570 tit,
3023 4519 3071 4559 c.
3105 4506 3463 4558 10.”(ἰ‹ιιιςι;ιῑ
3502 4507 3738 4574 quidem

2145 4577 2445 4629 Orientales
2473 4578 2599 4630 olim
2625 4577 2675 4628 iii
2702 4577 2926 4631 ecclesia
2947 4576 3105 4629 etiam
3131 4576 3388 4640 sabbatis,
3410 4580 3646 4641 perinde.
3681 4592 3753 4628 ac.

2070 4649 2119 4707 D
2147 4647 2448 4710 dominicis,
2472 4647 2646 4700 lei'iari
2672 4648 2878 4708 Solitos,
2903 4654 3301 4713 conventusque
3325 4661 3511 4698 sacros
3535 4661 3748 4713 agere:

2148 4731 2304 4774 quam
2338 4718 2406 4769 ob
2433 4732 2645 4770 causam
2675 4720 2932 4778 Asterius,
2959 4718 3200 4768 Amaseae
3232 4717 3381 4768 Ponti
3409 4719 3747 4782 episeOpiis,

2147 4785 2198 4838 in
2225 4787 2436 4839 liomilia
2458 4785 2524 4840 de
2547 4787 2766 4853 repudio
2783 4787 2934 4857 καλήν
2956 4791 3043 4857 τήν
3064 4785 3322 4857 σν-νωρίδα
3344 4793 3432 4857 τοῦ
3459 4787 3754 4840 σαϐϐάτου

2147 4861 2228 4909 καὶ
2257 4873 2347 4930 εις
2377 4866 2652 4930 κοιριακῆςς
2695 4865 2747 4930 et
2775 4856 3066 4924 Gregorius
3098 4855 3369 4930 NysSenus
3398 4855 3447 4908 in
3481 4858 3753 4930 oratione

2147 4925 2376 5045 quadam
2412 4925 2526 4979 dies
2565 4926 2680 4977 illos
2707 4925 2898 4979 fratres
2930 4935 3114 4987 vocat,
3161 4928 3447 4991 liixiiinqiie
3488 4925 3643 4976 adeo
3696 4939 3752 4978 et

2150 4994 2367 5045 (elicias
2405 4995 2735 5045 s:ibb'itarias
2773 4995 3153 5045 rcnrebenilit:
3195 5010 3316 5045 cum
3352 4994 3752 5045 Occidentales

2150 4994 2367 5048 delicias
2405 4995 2735 5048 sabbatarias
2773 4995 3153 5062 reprehendit:
3195 5010 3316 5047 cum
3352 4994 3756 5048 Occidentales

2147 5076 2332 5117 contra
2363 5065 2630 5117 dominico
2659 5066 2926 5127 contenti,
2970 5064 3174 5116 sabbati
3207 5067 3389 5127 ferias,
3425 5075 3476 5116 ot
3507 5064 3753 5115 Jitilam—

2148 5151 2262 5186 rum
2299 5137 2560 5200 proprias,
2593 5136 2940 5200 negleverint.
2990 5133 3137 5188 Unde
3179 5145 3233 5186 et
3264 5134 3644 5188 Tertulliatiiis
3695 5137 3754 5187 iii

2147 5205 2492 5272 Apologetico
2517 5221 2530 5257 :
2555 5205 2723 5257 Serua
2746 5204 2794 5256 lo
2816 5204 3046 5274 10love
3073 5204 3220 5274 abiis
3251 5221 3448 5266 sumus,
3477 5207 3564 5272 qui
3602 5208 3756 5256 diem

2147 5274 2340 5325 sabbati
2373 5275 2472 5325 otio
2510 5285 2554 5326 et
2597 5274 2740 5326 luxui
2769 5273 2853 5326 (lis
2878 5283 3098 5325 eruunt:
3147 5273 3196 5325 id
3231 5286 3308 5326 est
3343 5274 3628 5326 il-iui'riiico
3667 5276 3753 5325 to-

2148 5346 2370 5405 rianiiir,
2399 5353 2452 5396 ut
2486 5345 2556 5395 illi
2589 5343 2828 5396 sabbato.
2864 5344 3009 5395 Licet
3039 5358 3165 5410 ergo
3197 5349 3466 5409 potuerint
3494 5341 3756 5398 fortasse

2149 5411 2326 5473 Gotlii,
2354 5425 2408 5464 iit
2431 5413 2734 5467 Graecorum
2763 5413 3057 5480 disciplina:
3085 5415 3306 5475 aliiittiii,
3336 5413 3575 5466 sabbatis
3609 5430 3760 5481 quo-

2148 5497 2252 5547 que
2278 5482 2584 5536 Graecorum
2632 5484 2733 5535 ritu
2777 5483 2992 5535 feriziri:
3034 5483 3208 5550 aptius
3248 5491 3423 5536 tamen
3463 5491 3544 5533 est
3592 5487 3755 5547 quod

2149 5552 2401 5614 diximus,
2437 5553 2637 5605 sabbati
2673 5553 2888 5606 nomine
2918 5552 3021 5606 lioc
3051 5553 3166 5604 loco
3196 5552 3312 5609 dies
3345 5552 3503 5608 festos
3536 5568 3764 5609 omnes

2155 5622 2396 5681 iltti'lliei.

2225 5689 2249 5727 ¹¹
2281 5693 2334 5746 ιιι
2365 5693 2627 5758 aliquibus
2659 5708 2810 5760 mss,
2835 5693 3156 5762 jocitlttrilCI‘.
