3910 6172
218 317 309 374 M9

1465 305 1946 360 EPISTOLAIKUM
1991 306 2114 361 LIB.
2157 307 2176 361 Ι

3345 312 3450 373 450

219 426 531 496 irascitur,in
554 424 791 494 utrisque
816 421 1238 491 phil050phatur.
1268 421 1536 475 Secundus
1561 421 1759 476 fastidit
1793 429 1836 482 Α
1869 423 1965 474 hu;
1999 439 2101 476 non
2137 426 2310 478 minus
2350 424 2547 478 mulcet
2579 426 2743 479 v'rtus
2775 429 3007 482 animum
3055 443 3214 497 quam
3258 437 3450 486 cantus

222 525 288 578 vel
318 521 510 581 timere,
546 516 626 573 vel
663 514 836 569 facere
863 532 874 565 :
906 529 1130 582 quarum
1159 513 1580 581 opportunitates
1619 527 1768 581 Sper-

221 615 282 669 nit
311 611 530 671 oblatas,
579 606 770 658 transit
810 605 1104 672 oppositas.
1151 603 1282 660 Sine
1315 612 1460 656 motu
1500 605 1764 668 evaditur,

220 705 317 759 sine
340 698 559 754 colludio
587 695 787 750 eVadit.
837 695 998 749 l'utes
1030 695 1175 748 illum
1203 705 1257 747 et
1287 696 1340 748 in
1372 695 1591 748 calculis
1620 710 1767 748 arma

242 801 442 847 mctarc.
487 788 608 843 Sola
636 795 718 842 est
746 787 819 840 illi
846 801 972 840 cura
1003 786 1269 840 vincendi.
1309 788 1365 856 6
1403 786 1540 840 Cum
1574 787 1761 841 luden-

223 889 325 936 tlmn
367 891 477 945 est,
527 882 726 949 regiam
772 888 1070 947 sequestrat
1110 879 1370 946 tantisper
1395 881 1764 943 severitatem,

223 976 436 1026 ltol'ialtll'
478 970 542 1023 ad
588 970 792 1036 ludum,
840 968 1161 1033 Iiberta-tem,
1205 971 1762 1038 communionemque.

226 1065 379 1118 Dicam
399 1061 536 1132 quod
575 1061 782 1114 sentio:
815 1060 962 1114 timet
984 1059 1182 1113 timeri.
1213 1060 1450 1128 Denique
1469 1059 1769 1114 oblectatur

219 1155 549 1210 commotione
583 1152 858 1219 superati:
911 1159 968 1205 et
1009 1160 1134 1205 tunc
1173 1151 1390 1204 demum
1445 1151 1616 1205 credit
1665 1153 1765 1205 sibi

225 1263 313 1302 non
348 1245 565 1300 cessisse
601 1244 898 1308 collegam,
941 1258 1062 1296 cum
1110 1243 1266 1296 ﬁdem
1315 1242 1497 1297 fecerit
1531 1244 1767 1297 victoria:

223 1354 318 1390 sua:
342 1338 453 1390 blis
476 1336 670 1389 aliena.
716 1334 974 1402 Quodque
1011 1335 1226 1395 mirere,
1259 1349 1403 1402 smpe
1441 1335 1528 1387 illa
1561 1334 1765 1399 ltetitia,

224 1425 430 1478 minimis
453 1423 820 1478 occasionibus
844 1421 1081 1486 veniens,
1110 1423 1401 1488 ingentium
1433 1423 1764 1491 negotiorum

223 1516 388 1570 merita
446 1512 699 1568 fortunat.
763 1512 912 1566 Tunc
961 1512 1302 1580 petitionibus
1349 1514 1440 1567 ditt
1501 1523 1624 1568 ante
1675 1530 1768 1582 per

221 1605 610 1674 patrociniorum
644 1600 912 1671 naufragia
939 1601 1170 1670 jactatis,
1201 1602 1550 1656 absolutionis
1577 1603 1767 1656 subitae

226 1709 382 1763 portus
401 1697 653 1764 aperitur.
683 1694 834 1748 Turre
854 1694 1013 1748 etiam
1038 1707 1137 1762 ego
1163 1693 1365 1762 aliquid
1391 1695 1767 1749 obsecraturus

1868 515 2126 568 auditum.
2177 515 2309 569 Cum
2343 517 2667 581 surrexerit,
2716 519 2925 572 inchoat
2957 529 3244 573 nocturnas
3274 520 3448 576 aulica

1869 621 1996 673 gaza
2025 608 2325 672 custodias,
2371 609 2560 662 armati
2608 610 2767 678 regia:
2809 609 2999 663 domus
3039 611 3271 665 aditibus
3315 612 3449 664 assi-

1869 708 2044 764 stunt,
2088 701 2279 766 quibus
2314 701 2457 754 hora:
2488 701 2642 769 primi
2674 700 2884 768 soporis
2913 700 3288 769 vigilabuntur.
3335 701 3439 756 Sed

1865 789 1974 856 jam
2007 789 2130 858 quid
2165 806 2312 845 meas
2341 791 2479 844 istud
2511 791 2575 844 ad
2602 793 2650 861 7
2677 802 2874 858 partes,
2908 794 2998 856 qui
3029 793 3122 846 tibi
3163 793 3443 848 indicanda

1871 883 1976 934 n‘on
2027 882 2190 936 multa
2238 883 2303 936 de
2350 898 2536 951 regno,
2585 884 2679 936 sed
2713 899 2878 952 pauca
2907 884 2974 938 de
3019 900 3144 955 rege
3187 886 3448 954 promisi?

1869 970 2041 1026 Simul
2087 983 2140 1026 et
2183 973 2321 1043 style
2365 975 2524 1027 linem
2557 975 2670 1028 ﬁeri
2699 973 2892 1028 decet:
2928 975 3051 1044 quia
3079 985 3132 1030 et
3163 983 3215 1028 tu
3247 991 3448 1045 cogno-

1869 1077 2023 1118 scere
2066 1063 2165 1118 viri
2213 1081 2319 1119 non
2371 1065 2596 1134 amplius
2638 1080 2794 1133 quam
2835 1066 3008 1119 studia
3060 1081 3448 1136 personamque

1869 1156 2108 1220 voluisti,
2138 1165 2192 1210 et
2217 1171 2315 1226 ego
2347 1173 2451 1211 non
2482 1156 2781 1222 historiam,
2805 1156 2900 1211 sed
2928 1159 3206 1226 epistolam
3233 1157 3450 1212 efﬁcere

1868 1246 2074 1300 curavi.
2107 1245 2256 1300 Vale.

2425 1337 2758 1392 EPISTOLA
2799 1337 2890 1392 lll.

2151 1426 2401 1482 Sidonius
2425 1427 2451 1464 ι)
2474 1427 2773 1480 ΡΙιὶιΊηιαιὶο
2802 1443 2895 1481 suo
2923 1428 3159 1481 salutem.

1942 1516 1960 1570 l
1997 1532 2164 1582 nunc,
2196 1528 2250 1570 et
2285 1518 2490 1584 legibus
2528 1534 2614 1572 me
2643 1518 2872 1572 ambitus
2901 1518 3285 1588 interrogatum
3315 1529 3339 1557 ο
3364 1535 3446 1573 se-

1871 1619 1996 1661 natu
2037 1622 2220 1672 move,
2269 1624 2364 1661 cnr
2392 1608 2770 1677 adipiscendae
2817 1607 3057 1678 dignitati
3100 1609 3448 1664 hereditaria:

1869 1698 2013 1751 euris
2063 1697 2408 1766 pervigilibus
2459 1698 2801 1752 incumbam:
2848 1695 2874 1734 ά
2917 1699 3000 1752 cui
3053 1706 3223 1767 pater,
3271 1713 3446 1767 socer,

225 1788 420 1840 feliciter
447 1786 650 1849 vincor,
681 1799 822 1851 quan
843 1785 893 1835 lo
925 1783 1052 1836 mihi
1087 1783 1152 1837 ad
1188 1783 1288 1837 hoc
1317 1784 1490 1837 tabula
1524 1785 1676 1852 petit,
1708 1795 1765 1838 ut
1803 1783 1842 1841 Β
1869 1802 2022 1861 avus,
2052 1802 2304 1856 proavus,
2349 1787 2684 1856 pra-lecturis
2725 1788 2946 1842 urbanis
2986 1789 3445 1859 przetorianisque,

223 1893 359 1931 causa
385 1877 638 1930 salvetur.
687 1875 837 1928 Circa
879 1889 1072 1928 nonam
1115 1874 1442 1930 recrudescit
1477 1876 1646 1929 moles
1677 1876 1762 1929 illa

224 1969 472 2038 regnandi.
504 1969 746 2022 Redeunt
772 1967 1064 2034 pulsantes,
1108 1967 1337 2022 redeunt
1363 1967 1762 2031 submoventes,

223 2062 391 2128 ubiqtte
437 2059 700 2128 litigiosus
749 2058 926 2112 fremit
975 2058 1209 2112 ambitus
1251 2075 1263 2112 :
1319 2059 1406 2126 qui
1461 2067 1662 2112 tractus
1712 2061 1763 2113 in

223 2165 491 2218 vesperam,
524 2165 677 2204 omna
710 2149 852 2218 regia
884 2149 1255 2217 interpellante
1287 2151 1540 2210 rarescit,
1586 2159 1639 2204 et
1665 2167 1764 2219 per

221 2243 396 2297 aulicos
441 2241 696 2310 deinceps
739 2257 834 2310 pro
883 2251 1226 2310 patronorum
1261 2243 1516 2296 varietate
1560 2243 1765 2312 disper-

223 2335 358 2401 gitur,
380 2348 543 2402 usque
564 2333 629 2387 ad
657 2343 863 2401 tempus
890 2332 1166 2386 concubiae
1195 2333 1366 2386 noctis
1389 2333 1761 2389 exeuba'urus.

223 2424 344 2479 Sane
381 2424 824 2486 intromittuntur,
853 2438 1152 2492 quanquam
1198 2438 1342 2487 raro,
1378 2424 1514 2476 inter
1543 2439 1764 2478 rtenatt-

226 2518 330 2570 duut
358 2519 547 2572 mimici
575 2519 752 2582 sales,
800 2519 869 2570 ita
913 2526 970 2570 ut
1014 2518 1188 2570 nullus
1236 2518 1454 2571 conviva
1504 2519 1765 2572 mordacis

227 2607 392 2677 lingua:
419 2608 538 2663 l'el'e
561 2608 802 2668 feriatur.
833 2607 921 2662 Sic
945 2619 1119 2661 tamen
1149 2609 1284 2676 qttod
1313 2609 1420 2662 illic
1447 2625 1544 2661 nec
1569 2624 1764 2678 organa

227 2699 500 2768 hydraulica
526 2708 753 2764 simaut,
792 2714 890 2753 nec
920 2700 1019 2753 sub
1050 2700 1317 2768 phonasco
1347 2702 1606 2754 vocalium
1636 2717 1763 2754 cnn-

222 2801 384 2844 ccntus
429 2791 744 2846 meditatum
797 2804 1038 2844 acroama
1085 2791 1240 2844 sinnl
1297 2793 1519 2844 intonat.
1578 2791 1764 2844 Nullus

225 2880 282 2933 illi
320 2881 538 2951 lyristes,
569 2881 875 2945 choraules,
920 2889 944 2917 ⁸
972 2881 1337 2948 mesochorus,
1370 2881 1762 2950 tympanistria,

213 2974 409 3040 psdtria
438 2974 581 3028 canit
606 2989 620 3028 :
657 2987 778 3042 rege
804 2974 977 3027 solum
1007 2972 1110 3026 illis
1145 2973 1337 3028 ﬁdibus
1363 2973 1609 3035 delittito,
1641 2971 1762 3041 qui-

278 3140 301 3170 ⁸
327 3132 551 3187 Perziuet
581 3130 646 3184 ad
679 3130 1035 3198 pantomimos
1063 3129 1418 3192 cordacistas,
1448 3128 1537 3198 qui
1569 3127 1759 3182 corda-

217 3218 338 3277 rem,
359 3204 579 3275 αἰσχρὰν
602 3205 686 3277 acti
708 3204 910 3277 ἀπρεπῆ
935 3200 1480 3277 ὅρχησιν,ξθΙῐιιΙιὶιιιι.
1501 3199 1593 3252 llis
1673 3201 1758 3277 ιὶιιι

219 3274 294 3337 qui
320 3269 522 3326 crotalis
548 3273 626 3324 vel
658 3269 905 3322 man'uum
941 3269 1126 3338 plausu
1156 3274 1302 3335 signa
1333 3270 1520 3329 dabat,
1554 3270 1673 3336 qttia
1707 3269 1756 3320 in

219 3343 374 3395 medio
396 3345 559 3397 choro
589 3354 700 3394 erat
720 3383 734 3405 ,
784 3343 1128 3394 mesochorus
1156 3339 1451 3397 dicebatur,
1487 3349 1543 3391 ιιι
1581 3339 1761 3391 docuit

219 3427 307 3462 nus
333 3423 471 3466 vetus
501 3411 818 3463 scholias'es
848 3411 1118 3464 Juvenalis
1149 3411 1212 3462 ad
1246 3420 1474 3478 satyram
1512 3409 1594 3461 ll.
1644 3409 1759 3475 Quo

215 3490 442 3547 spez-tans
471 3483 669 3535 Plinius
692 3479 870 3547 iunior
901 3481 989 3534 lib.
1020 3496 1054 3532 ιι
1081 3481 1330 3548 epistolas
1358 3478 1421 3530 ad
1452 3478 1754 3541 .“znimum,

217 3553 564 3604 rut-sochorutn
599 3567 703 3602 non
737 3551 911 3616 inepte
938 3551 1070 3604 dixit
1097 3565 1215 3603 eum
1249 3551 1334 3616 qui
1376 3551 1426 3601 in
1455 3549 1757 3601 auditorum

219 3636 389 3674 rorona
432 3622 644 3675 ctetcris
687 3620 750 3672 ad
804 3620 1121 3674 laudandum
1164 3630 1432 3672 oratorem
1481 3619 1757 3672 conductis

219 3691 472 3756 plaudendi
503 3692 711 3758 signuut
740 3688 918 3744 dabat.

282 3759 304 3796 ⁸⁵
325 3757 648 3828 Lugdunensi
680 3759 1008 3824 Caussidico,
1050 3758 1118 3812 de
1155 3772 1259 3826 quo
1288 3757 1384 3810 lib.
1410 3773 1460 3821 v,
1497 3757 1654 3827 epist.
1694 3758 1756 3810 l7

219 3829 273 3880 ad
301 3831 558 3897 Eriphium
587 3833 702 3896 ejus
727 3843 1001 3896 generum.

279 3896 453 3968 cLege
498 3900 779 3968 Calpurnia
828 3901 1096 3968 sancitum
1134 3897 1276 3950 olim.
1312 3897 1481 3950 fuerat
1529 3896 1758 3950 ambitus

215 3966 465 4043 damntlos
494 3966 618 4041 μήτέ
659 3966 870 4043 ἄρχειν,
911 3974 1034 4037 μήτε
1073 3967 1358 4038 βουλεύειν,
1405 3967 1571 4043 ita_ut
1610 3967 1755 4043 aditu

217 4040 354 4092 curia:
394 4037 764 4106 honorumque
803 4037 1427 4104 purpetuoarcerentur.
1481 4037 1584 4089 Lex
1620 4037 1754 4089 Julia

219 4123 400 4168 uenam
429 4110 704 4177 mitigavit,
729 4123 953 4175 eamque
979 4107 1183 4177 redegit
1211 4106 1273 4157 ad
1305 4122 1334 4173 (ι
1367 4107 1716 4177 inquennium
1741 4123 1753 4159 :

216 4189 376 4233 auctor
412 4179 509 4232 Diu
549 4175 640 4232 lib.
674 4193 830 4230 xxxvi
873 4190 923 4229 et
969 4193 1072 4230 Lvi.
1125 4175 1316 4228 Verum
1365 4176 1444 4228 lex
1487 4176 1655 4240 Julia,
1701 4185 1756 4229 ut

216 4246 517 4301 llotlestiuus
544 4248 720 4310 docet,
756 4247 805 4298 in
839 4245 980 4301 Urbe
1008 4247 1254 4312 ces~avil,
1289 4255 1562 4312 postquam
1594 4246 1756 4313 magi-

215 4327 387 4371 stratus
413 4333 439 4369 a
472 4318 708 4384 principe
737 4320 906 4369 ercari
945 4320 1138 4383 erepti;
1183 4326 1234 4369 et
1268 4330 1436 4382 panno
1466 4317 1512 4366 in
1545 4330 1635 4368 ens
1667 4316 1755 4381 qtti

214 4388 331 4447 apud
371 4388 664 4455 principem
704 4387 968 4440 ambirent
1006 4387 1125 4438 aliae
1167 4393 1344 4452 postea
1388 4387 1650 4445 tlecrelte,
1700 4395 1756 4437 ut

217 4455 347 4510 lib.t
397 4457 520 4510 cod.
566 4458 774 4510 'l‘heod.
829 4458 892 4508 ad
951 4457 1118 4522 legem
1173 4455 1360 4507 Juliam
1411 4455 1478 4507 de
1529 4457 1748 4508 ambitu.

215 4526 364 4588 Quare
388 4527 660 4590 Sidonius,
693 4540 812 4578 cum
855 4535 1038 4578 senatu
1085 4540 1297 4578 movere
1342 4525 1484 4587 leges
1527 4524 1753 4578 ambitus

215 4596 346 4658 dixit,
373 4612 474 4648 non
510 4595 572 4647 z-d
600 4597 703 4658 sui,
733 4597 825 4646 sl-d
855 4599 918 4647 ad
947 4595 1277 4663 sUperiorum
1312 4605 1608 4666 temporum
1641 4610 1754 4646 tuo-

215 4676 308 4734 rem
335 4666 580 4734 respexit.

273 4731 294 4768 δ
320 4737 382 4789 ne
407 4731 603 4800 proavo
628 4734 786 4786 Sidon
816 4733 828 4786 i
853 4734 1071 4801 ejusque
1095 4733 1380 4786 honoribus
1408 4733 1535 4786 nihil
1561 4733 1754 4787 lec'nm

214 4805 423 4858 memini.
479 4803 803 4872 Apollinaris
845 4819 972 4854 avos
1017 4806 1294 4870 prwl'ecttta
1339 4809 1586 4871 praetorio
1626 4804 1752 4858 Gal-

215 4873 374 4925 liarum
424 4871 595 4927 fuerat
647 4871 883 4938 principe
933 4872 1206 4936 llonorii,
1261 4888 1408 4939 patt-r
1458 4875 1753 4937 imperante

213 4939 580 5017 .Valcntiuiano.
613 4943 824 5017 _Avitus
865 4943 1099 5017 denique
1148 4958 1321 5017 socer,
1371 4953 1424 4996 et
1474 4943 1754 5017 praefectus

215 5012 346 5071 item,
391 5022 444 5064 et
488 5013 739 5081 magister
777 5012 1049 5081 utriusque
1091 5013 1322 5080 militite,
1376 5023 1429 5065 ut
1475 5015 1585 5066 suis
1626 5014 1754 5066 locis

212 5081 510 5135 ostendetur.

166 5195 173 5198 _
273 5158 293 5184 ε
317 5151 612 5204 Ofﬁciozum
643 5169 656 5205 :
687 5166 804 5218 qua!
832 5150 1009 5218 palatii
1039 5151 1322 5219 magisterii
1353 5151 1609 5204 Eumenio
1635 5151 1758 5204 rhe-

213 5219 296 5288 tori
320 5234 406 5284 pro
426 5221 628 5274 scholis
651 5221 966 5273 Ᾱίὶιιιιοτιιιη.
1002 5223 1246 5288 Magister
1269 5221 1563 5273 nl'liriornm
1596 5231 1757 5274 totum

211 5287 366 5359 Italam
395 5291 758 5359 disciplinam,
797 5287 1424 5358 omnesquescholarum
1454 5291 1669 5343 ordines
1701 5300 1754 5343 et

208 5357 358 5429 urticia
385 5357 618 5429 regebat.
655 5359 780 5413 lude
809 5357 1127 5424 nonten’illi,
1157 5364 1236 5411 vel
1267 5360 1335 5411 ab
1361 5359 1550 5413 olliciis
1579 5362 1660 5414 vel
1689 5360 1755 5414 ab

206 5426 309 5477 aula
337 5426 522 5496 ipsa'et
550 5431 768 5498 palatio.
800 5429 1030 5483 Rutilius
1055 5431 1404 5483 Numatianus
1431 5446 1443 5482 :

368 5541 540 5593 Ofﬁciis
561 5555 792 5604 regerem
813 5555 920 5591 cum
947 5545 1078 5603 regia
1105 5548 1229 5591 let-tt
1254 5519 1530 5602 magister:

519 5605 896 5666 Armigerasque
923 5607 985 5666 pii
1012 5604 1238 5666 principis
1263 5605 1509 5652 exeubLas.

204 5701 357 5756 G'wt-i
386 5721 587 5775 quoq-te
613 5724 750 5761 nunc
775 5711 1043 5777 ἡγούμενον
1064 5715 1161 5762 τῶν
1187 5707 1470 5777 ﬁxa-thiam,
1500 5717 1557 5761 ut
1580 5706 1759 5760 Thett-

1870 1893 1896 1919 e
1923 1878 2244 1947 magisteriis
2276 1878 2528 1946 palatinis
2559 1879 2975 1947 militaribusque
3007 1879 3328 1933 micuerunt.
3383 1880 3448 1934 Et

1868 1985 1994 2024 ecce
2022 1969 2347 2024 Gaudentius
2379 1985 2529 2023 meus
2561 1970 2816 2024 hactenus
2860 1978 3063 2024 tantum
3093 1972 3443 2036 Tribunitius,

1867 2061 2183 2114 oscitantem
2232 2069 2535 2113 nostrorum
2584 2061 2777 2114 civium
2826 2060 3086 2114 desidiam
3129 2059 3446 2116 ‘vicariano

1867 2150 2018 2217 apice
2042 2151 2396 2204 transcendit.
2432 2150 2670 2204 Mnssitat
2701 2151 2914 2220 quidem
2945 2151 3198 2219 juvenntn
3233 2163 3444 2206 nostro-

1866 2255 1982 2293 rum
2014 2241 2213 2294 calcata
2243 2241 2613 2309 generositas:
2646 2242 2739 2295 sed
2769 2241 2858 2309 qui
2889 2243 3079 2296 transit
3102 2243 3442 2312 derogantes,

1867 2332 1918 2384 in
1945 2331 2045 2384 hoc
2068 2331 2239 2384 solum
2272 2341 2534 2394 movetur,
2567 2342 2619 2384 ut
2649 2331 2894 2400 gaudeat.
2931 2332 3090 2401 Igitur
3121 2345 3446 2386 venerantur

1872 2424 2142 2490 hucusque
2185 2433 2583 2492 cuutcmptutn.
2634 2439 2697 2476 ac
2751 2423 2942 2476 subita:
2983 2435 3259 2490 stupentes
3304 2424 3442 2476 dona

1871 2514 2124 2576 forzunze,
2175 2529 2332 2582 quem
2379 2528 2634 2567 conse~su
2679 2514 3073 2580 despiciebant,
3119 2515 3245 2567 sede
3274 2517 3445 2582 suspi-

1869 2607 2034 2659 citmt.
2063 2605 2154 2659 Ille
2174 2607 2337 2659 ob'tet
2369 2612 2686 2660 stertentum
2711 2606 3093 2658 oblatra'ornm
3117 2621 3274 2658 aures
3299 2607 3441 2659 rauci

1869 2711 2001 2750 voce
2033 2696 2296 2764 praeconis
2324 2697 2601 2749 everberat
2628 2712 2640 2745 :
2684 2695 2772 2764 qai
2818 2694 2870 2747 itt
2908 2710 3030 2748 enm
3062 2695 3184 2750 licet
3213 2696 3443 2750 stimulis

1871 2787 2225 2840 inimicalibus
2261 2787 2577 2852 excitentur,
2625 2787 2858 2840 scamnis
2903 2796 3078 2840 tamen
3128 2788 3442 2841 amicalibus

1871 2879 2212 2946 deputantur.
2256 2889 2281 2926 ε
2322 2878 2472 2933 Unde
2520 2888 2570 2933 te
2616 2879 2776 2932 etiam
2827 2894 2920 2947 par
2967 2880 3124 2932 luerit
3169 2880 3442 2949 privilegio

1851 2970 2194 3041 'gandcntem
2245 2971 2597 3039 praefecturae,
2646 2971 2696 3024 in
2726 2968 2894 3040 llqua:
2942 2971 3304 3040 participanda
3350 2972 3443 3026 de-

1866 3124 2083 3201 duretus
2113 3124 2208 3201 liii.
2239 3140 2302 3189 v;
2336 3140 2474 3201 nu_nc
2504 3125 2719 3198 ἡγεμόνα
2745 3134 2846 3180 τῶν
2881 3129 2929 3180 ἐν
2964 3128 3086 3201 αὐλῇ
3125 3131 3339 3194 τάξεων,
3387 3140 3442 3187 ιιι

1857 3195 2246 3270 ζυεὶιιιιιεμιίιι.
2285 3211 2341 3250 n.
2390 3194 2602 3270 Glossae'
2635 3205 2862 3270 nostrae,
2895 3194 3175 3270 μὰγισίξρος
3211 3200 3441 3270 appoti“

1863 3264 2017 3342 ξνομα
2037 3265 2180 3319 οὐδὲν
2204 3264 2352 3324 ἧττον
2378 3273 2465 3321 τοῦ
2492 3269 2768 3337 ἡγουμένου
2794 3264 2902 3324 τῶν⁷
2918 3264 3124 3323 αὐλικῶν
3153 3264 3442 3342 κατᾶλὸγων

1862 3335 2223 3403 διανσηᾳαένων.
2418 3345 2420 3347 ’

1941 3406 2211 3459 t\lic:tri;e
2257 3405 2624 3471 pricfettturrcz
2669 3408 2756 3472 qui
2799 3407 3097 3459 vicarianus
3142 3407 3330 3472 honor,
3381 3417 3436 3462 et

1861 3476 2056 3528 vicaria
2082 3490 2123 3526 .a
2163 3475 2392 3542 dignitas
2435 3477 2661 3543 passim,
2713 3489 2802 3528 aut
2844 3479 3002 3528 etiam
3043 3478 3233 3529 vicaria
3273 3481 3436 3530 abst)-

1863 3547 1989 3608 Iule,
2021 3555 2076 3596 ιιι
2114 3547 2181 3596 de
2213 3544 2516 3610 magisteria
2544 3547 2866 3597 diceb-uuns.
2902 3545 3092 3598 Vicarii
3125 3561 3250 3608 ergo
3278 3558 3432 3600 erant

1860 3617 1946 3682 qui
1992 3630 2084 3680 pro
2129 3615 2390 3678 prtel'rctis
2428 3618 2523 3684 ll
2560 3618 2804 3673 praetorio
2835 3615 2932 3666 sibi
2965 3617 3195 3668 creditas
3234 3617 3436 3684 aliquot

1863 3686 2248 3752 provinciarum
2289 3685 2549 3738 diurcescs
2579 3685 3058 3737 ειιιιιιειιεείνιιιιτιιιιτ
3102 3697 3155 3737 ιιι
3195 3686 3431 3751 ιιιιειιΐθιῖιὶ
3483 3719 3488 3724 -

1862 3756 2112 3821 praetorio
2155 3753 2313 3806 Italia:
2346 3754 2525 3807 vicarii
2573 3765 2678 3806 tres
2728 3755 2971 3814 luerunt,
3023 3757 3169 3808 urbis
3217 3756 3430 3820 Romae,

1861 3825 2021 3877 Italia:
2048 3834 2100 3877 et
2121 3825 2343 3876 Africae:
2371 3825 2585 3876 totidem
2617 3824 2848 3892 prtel'ecd
2881 3825 3114 3888 prtetorii
3140 3824 3428 3882 Galliarum

1859 3893 2074 3954 vicarii,
2109 3908 2241 3946 unus
2274 3893 2675 3958 Hispaniarum,
2709 3896 2845 3947 alter
2879 3894 3285 3956 Britanniarum,
3322 3909 3432 3951 ter-

1859 3964 1964 4017 tius
1992 3975 2192 4036 septem
2224 3965 2609 4036 provinciarum
2641 3979 2734 4036 per
2759 3964 2978 4030 Gallias,
3009 3967 3073 4018 de
3101 3981 3204 4033 quo
3236 3966 3317 4018 hic.
3347 3967 3432 4036 agi

1857 4048 2074 4086 censen.
2121 4033 2232 4084 Non
2264 4034 2403 4086 enim
2435 4032 2678 4084 audiendi
2707 4044 2833 4086 sunt
2860 4038 2945 4097 qui
2981 4045 3085 4086 tres
3119 4032 3345 4088 vicarius
3377 4032 3428 4090 in

1859 4117 1958 4155 una
1994 4101 2163 4155 Gallia
2194 4112 2418 4169 ponunt,
2450 4118 2567 4154 cum
2603 4115 2745 4155 recte
2777 4106 2825 4154 in
2859 4105 3051 4154 Notitia
3085 4105 3338 4165 scriptum
3363 4109 3433 4158 sit

1861 4173 2087 4225 vinarios
2119 4175 2169 4226 itt
2199 4173 2484 4226 Occidente
2515 4188 2605 4226 sex
2649 4181 2847 4224 tantum
2890 4173 3084 4235 fuisse;
3139 4178 3233 4225 hos
3274 4177 3430 4226 nim:-

1860 4257 1975 4294 rum
2005 4257 2138 4310 quos
2165 4243 2612 4297 enumeravimus.
2643 4241 2773 4308 Quia
2805 4245 2959 4311 igitur
2982 4241 3159 4294 vicarii
3189 4259 3430 4307 prox-tuo

1855 4311 2019 4379 gradu
2052 4321 2205 4366 erant
2236 4329 2262 4363 a
2295 4313 2578 4381 prasfectis,
2619 4314 2879 4366 Ausonius
2924 4314 2972 4364 itt
3024 4312 3234 4365 Mosella
3279 4313 3422 4366 vica-

1857 4383 1986 4435 riam
2011 4382 2293 4435 secundam
2320 4382 2688 4450 praefecturam
2712 4395 2885 4440 vocat,
2909 4384 3237 4450 vicariosque
3263 4382 3424 4437 Italiae

1859 4461 1912 4504 et
1940 4451 2332 4505 Britanniarum
2364 4455 2607 4521 designat
2636 4457 2714 4504 his
2744 4452 2918 4505 verbis
2943 4468 2956 4504 :

2042 4567 2136 4611 Aut
2159 4562 2329 4611 Italum
2357 4562 2572 4623 populm,
2598 4560 3072 4622 Aqmlouigenasqne
3096 4560 3355 4610 Britannos

2041 4622 2447 4673 Pra'lecturarum
2472 4622 2612 4671 titulo
2631 4632 2836 4670 tenuere
2861 4624 3090 4672 secundo.

1930 4743 1954 4779 ε
1976 4731 2176 4787 Snadet
2204 4742 2260 4783 ut
2293 4728 2620 4795 prml'ectut‘a}
2660 4727 3012 4780 assessiOnem
3051 4726 3153 4779 sibi
3194 4727 3425 4780 oblatam

1857 4805 2109 4868 recipiat,
2157 4809 2314 4868 atque
2366 4797 2520 4863 hujus
2571 4798 2804 4850 muneris
2855 4797 3130 4865 privulego
3167 4799 3426 4863 antiquati

1859 4867 2114 4935 honoris,
2169 4867 2387 4923 alterius
2441 4869 2667 4920 fortasse
2715 4868 3032 4919 assessionis
3080 4881 3234 4934 quam
3287 4869 3424 4933 apud

1857 4939 2112 4996 vicarium
2161 4952 2431 5006 gessera',
2479 4938 2740 5003 jarturam
2791 4938 3060 4988 resarciat.
3112 4941 3424 4990 Assessores

1857 5012 2142 5066 consiliarii
2167 5005 2557 5074 praefectorum
2591 5018 2799 5073 pot-acta
2832 5005 3013 5058 mihtia
3046 5007 3224 5058 multis
3267 5007 3429 5074 privi~

1861 5083 2010 5150 legiis
2036 5079 2383 5150 ornabantur,
2409 5091 2469 5150 ac
2495 5075 2958 5150 vic..riis__denique
2988 5077 3115 5150 ip_~is
3141 5076 3428 5141 temtaban-

1861 5145 1967 5216 tur,
1999 5150 2120 5203 cod.
2152 5147 2355 5201 Theod.
2404 5147 2472 5200 de
2520 5145 2804 5200 comitibus
2854 5148 2938 5213 qui
2993 5147 3084 5199 illtt
3120 5150 3288 5200 tribus
3337 5163 3426 5198 as-

1861 5221 2136 5275 sederunt.
2201 5220 2310 5284 Qua
2371 5216 2719 5283 prtcrogaiva
2772 5217 3025 5269 cari-haut
3076 5218 3162 5286 qui
3217 5217 3428 5268 vicariis

1865 5300 2066 5344 tantum
2120 5297 2210 5341 aut
2262 5288 2381 5341 aliis
2435 5287 2729 5340 minoribus
2774 5287 3042 5355 judicibus
3095 5286 3424 5339 assederaut.

1859 5359 1983 5414 ldeo
2012 5359 2299 5414 verendum
2333 5357 2407 5410 ait
2436 5355 2772 5421 Philematio,
2807 5373 2871 5410 ne
2898 5361 2939 5409 si
2968 5367 3114 5409 extra
3149 5355 3427 5422 praefecto-

1863 5429 2025 5483 riana:
2057 5425 2374 5482 assessionis
2415 5429 2813 5495 prmrogativam
2862 5427 2913 5479 in
2951 5425 3228 5495 concilium
3252 5437 3425 5495 vene-

1863 5501 1959 5562 rit,
1999 5500 2171 5565 reipsa
2200 5499 2394 5551 sentiat
2415 5492 2492 5552 'se
2523 5492 2723 5552 nullum
2757 5497 2980 5549 fructum
3010 5508 3075 5547 ex
3104 5492 3422 5546 vicariorum

1864 5569 2164 5622 aristassione
2191 5576 2415 5635 cepisse.

1935 5636 1958 5672 ¹¹
1988 5638 2038 5690 In
2073 5631 2271 5706 poster.
2299 5639 2450 5700 edit.,
2482 5653 2631 5696 quam
2665 5632 3088 5703 verticipmdam.
3122 5631 3208 5688 Sic
3237 5632 3286 5687 in
3312 5631 3427 5690 al'is

1866 5707 2015 5760 libris
2045 5710 2152 5760 edit
2173 5723 2217 5754 ε.
