3910 6172
172 358 266 417 ιῦὂ

1418 348 1892 404 EPIS'I'OLARUM
1931 347 2057 402 LIB.
2100 349 2113 402 Ι
2136 387 2146 400 .

3294 354 3393 407 κη

175 470 388 520 velocem
423 464 682 527 Athesim,
735 446 941 533 pigrum
989 462 1255 527 Mincium,
1304 465 1391 529 qui
1444 460 1722 528 LigtlslICIS
1748 466 1799 517 Α
1828 461 2101 529 utriusque
2130 460 2385 513 Ailriatici
2419 461 2581 515 maris
2610 465 2802 531 oppida
2826 464 3017 518 divisui
3052 464 3216 519 fuere.
3263 468 3396 522 liinc

171 555 517 623 Euganeisque
558 553 827 607 montibus
859 553 1187 616 oriebantur,
1220 553 1430 619 paulum
1464 566 1557 616 per
1586 551 1720 603 ostia

172 648 371 700 adversa
404 647 711 704 subvectus.
746 646 796 698 in
826 646 936 697 su'2s
965 645 1122 697 etiam
1150 643 1443 711 gurgitbus
1472 642 1679 711 iuSpexi
1704 659 1718 695 :

173 751 373 807 quorum
406 737 535 802 ripa:
568 736 778 803 torique
809 734 1002 801 passim
1035 722 1255 801 quernis
1286 732 1599 799 acernisque
1626 746 1721 784 ne-

172 829 383 884 moribus
404 825 791 879 vestiebantur.
823 823 920 878 llic
940 825 1118 877 avium
1144 839 1399 877 resonans
1419 822 1573 876 dulce
1596 836 1722 874 con-

172 927 357 979 centus,
386 917 579 986 quibus
618 932 757 969 nunc
799 920 848 967 in
890 917 1142 969 concavis
1178 914 1548 979 arundinibus,
1581 926 1722 966 nunc

174 1022 362 1078 quoque.
410 1008 462 1059 in
509 1006 690 1073 juncis
738 1005 1117 1073 pungentibus,
1162 1019 1299 1057 nunc
1342 1015 1393 1057 et
1438 1007 1487 1057 in
1531 1004 1721 1067 scirpis

174 1098 428 1157 enodibus,
476 1097 724 1149 nidorum
775 1106 951 1151 strues
999 1097 1241 1163 imposita
1290 1094 1553 1148 nutabat:
1600 1108 1719 1163 quin

175 1200 335 1243 cuneta
366 1189 585 1257 virgulta
616 1187 972 1240 tumultuatim
998 1201 1161 1255 super
1187 1187 1425 1240 amnicos
1453 1187 1719 1254 margines

176 1282 257 1335 soli
300 1280 454 1333 bibuli
504 1296 567 1334 su
590 1296 669 1333 :r-o
720 1280 830 1333 fora
879 1279 1286 1334 fruticaverant.
1333 1283 1506 1346 Atque
1544 1281 1718 1335 obiter

177 1374 455 1424 Cremonam
508 1384 789 1439 pervecn;s
819 1372 1032 1437 adveni,
1063 1374 1215 1437 cujus
1242 1374 1370 1427 olim
1416 1384 1499 1427 est
1536 1374 1719 1443 Tityro

177 1463 429 1515 Iluitnano
480 1462 671 1515 lariqu
743 1463 1004 1529 suspirata
1064 1464 1392 1531 proximitas.
1442 1463 1716 1517 Brixillum

175 1553 277 1605 dein
318 1554 597 1621 oppidum,
646 1552 771 1605 dum
831 1552 1135 1606 succedenti
1166 1563 1190 1590 α
1219 1553 1507 1606 ίΕιιιίΙὶθηο
1548 1562 1719 1617 nauta:

177 1646 351 1698 decedit
378 1645 616 1698 Venetus
641 1660 843 1709 remex,
879 1653 1082 1698 tantum
1130 1654 1184 1697 ut
1232 1646 1519 1708 exiremus,
1551 1646 1717 1697 intra-

179 1754 200 1785 v
221 1754 338 1802 mus,
372 1737 679 1789 Ravennam
732 1740 889 1801 paulo
930 1746 1048 1803 post
1075 1749 1233 1789 cursu
1262 1735 1570 1789 dexteriore
1598 1737 1720 1788 sub-

1826 552 2141 615 Arimimnu,
2180 552 2488 620 Fanumque
2518 556 2757 621 perveni,
2800 556 2930 611 illud
2968 557 3172 610 Iuliana
3223 558 3395 613 rebel-

1824 643 1963 694 lione
1991 642 2357 704 memorabile,
2382 644 2483 695 hoc
2505 642 2895 699 Asdrubaliano
2914 646 3101 701 funere
3121 646 3391 703 infectum.

1824 730 2096 798 Siquidem
2128 732 2142 784 i
2168 732 2235 784 lic
2258 731 2547 796 Metaurus,
2572 733 2722 801 cujus
2754 734 2821 786 ita
2855 736 2905 788 in
2933 737 3143 803 lengum
3168 737 3396 793 felicitas

1824 838 1929 875 uno
1957 821 2045 876 die
2067 832 2217 890 parta
2250 824 2558 891 porii;itur,
2590 839 2651 876 ac
2677 825 2721 877 si
2752 826 2910 877 etiam
2940 842 3077 880 nunc
3105 829 3395 883 Dalmatico

1821 919 1939 970 8am
1984 916 2240 970 cadavera
2290 918 2693 985 sanguinolenta
2741 918 3061 972 decoloratis
3102 923 3396 990 gurgitibus

1823 1007 2063 1061 inferret.
2094 1009 2223 1060 Ilinc
2252 1017 2445 1061 cetera
2481 1008 2753 1061 Flaminia:
2783 1011 2997 1077 Oppida,
3028 1013 3206 1065 statim
3238 1024 3295 1065 ut
3319 1014 3396 1067 in-

1820 1098 2119 1166 grediebar,
2150 1115 2418 1167 egressus,
2470 1100 2602 1152 laevo
2645 1099 2909 1165 Picentes,
2946 1104 3135 1157 dextro
3173 1105 3396 1161 Umbros

1822 1190 1986 1243 latere
2017 1191 2305 1242 transmisi.
2336 1190 2432 1244 Ubi
2468 1191 2594 1243 mihi
2622 1206 2714 1245 seu
2745 1194 2968 1246 Calaber
2998 1196 3272 1261 Atabulus,
3301 1214 3395 1251 seu

1821 1279 2073 1345 pestilens
2119 1279 2266 1347 regio
2314 1281 2608 1334 Tuscorum
2638 1323 2651 1343 ,
2705 1282 2891 1350 Spiritu
2938 1285 3075 1338 aeris
3123 1292 3396 1340 venenatis

1821 1368 2035 1423 flatibus
2064 1371 2343 1433 inebriato,
2377 1381 2430 1423 et
2469 1371 2626 1425 modo
2655 1373 2860 1426 calores
2887 1373 3201 1439 alternante,
3240 1378 3395 1429 modo

1822 1461 2037 1525 frigora,
2090 1473 2399 1528 vaporatum
2448 1476 2645 1529 corpus
2689 1464 2886 1517 iniecit.
2955 1466 3157 1519 Interea
3210 1468 3394 1533 febris,

1820 1556 2042 1625 sitisque
2075 1559 2461 1622 penitissimum
2510 1559 2687 1612 cordis
2736 1562 3191 1632 n-eilnllarumqne
3220 1580 3393 1620 secre-

1823 1655 1931 1699 tttm
1953 1647 2434 1715 depopulabantur.
2458 1649 2690 1714 Quarum
2714 1652 2952 1705 avi‘ditati
2978 1654 3076 1724 12
3097 1672 3197 1707 non
3222 1657 3393 1710 solum

1820 1752 2029 1790 amoena
2064 1737 2309 1806 fontium,
2338 1751 2429 1792 aut
2470 1742 2712 1795 abstrusa
2749 1754 3025 1809 potentum
3071 1749 3392 1814 (quanquam

175 1839 367 1879 euntes:
400 1839 505 1893 quo
536 1825 636 1878 loci
671 1833 901 1877 veterem
933 1824 1225 1889 civitatem,
1262 1838 1560 1892 novumque
1600 1840 1719 1892 por-
1751 1817 1792 1874 Β
1823 1826 1938 1879 ha-c
1988 1828 2230 1896 quoque)
2256 1870 2269 1891 ,
2326 1830 2418 1883 sed
2466 1839 2572 1883 tota
2628 1832 2715 1885 illa
2766 1833 2849 1886 vel
2895 1836 3063 1888 vicina
3113 1838 3192 1889 vel
3242 1838 3393 1894 obsia

178 1930 285 1987 tum,
310 1920 334 1958 δ
361 1920 532 1973 media
569 1920 653 1971 via
680 1917 907 1971 Caesaris
936 1917 1171 1984 ambigas
1203 1927 1380 1970 utrum
1411 1925 1716 1980 connecmt,

175 2028 227 2063 an
259 2020 478 2078 separet.
530 2009 754 2077 Insuper
793 2006 1044 2075 Oppidum
1074 2005 1268 2075 duplex
1316 2020 1435 2073 pars
1485 2005 1723 2059 interluit

175 2099 275 2152 I‘adi
298 2112 460 2161 certa,
496 2112 619 2166 pars
654 2097 844 2151 alluit:
878 2097 966 2165 qui
998 2097 1065 2149 ab
1092 2099 1243 2148 alveo
1291 2096 1563 2164 principali
1608 2113 1721 2148 mo-

176 2189 277 2241 lium
309 2190 632 2256 pnblicarum
662 2188 693 2238 d
720 2197 960 2254 scerptus
987 2186 1217 2254 objectu,
1249 2200 1299 2240 οἱ
1345 2190 1441 2255 11
1484 2202 1576 2254 per
1604 2202 1721 2241 eas-

175 2281 271 2332 dem
313 2279 563 2333 \ICI'IVIIIIS
614 2277 915 2331 tramitibus
975 2277 1307 2339 exhaustus,
1356 2276 1434 2331 sic
1503 2276 1718 2331 dividua

176 2374 338 2427 liuenti
371 2374 622 2441 partitur,
671 2381 728 2426 ut
776 2372 1047 2438 prtebeant
1093 2372 1356 2425 inmitibus
1392 2373 1714 2431 circumfusa

178 2465 471 2531 praesidium,
501 2462 674 2517 infusa
697 2464 1097 2516 commercium.
1134 2463 1246 2516 lIuc
1272 2478 1392 2517 cum
1425 2479 1720 2533 peroppor-

176 2565 275 2606 tuna
300 2566 483 2609 cuneta
516 2555 795 2618 mercatui,
831 2565 938 2606 tum
973 2554 1234 2622 praecipue
1255 2554 1397 2624 quod
1429 2557 1543 2609 esui
1574 2571 1721 2610 com-

174 2655 347 2709 peteret
372 2646 711 2701 deferebatur
735 2664 749 2699 :
775 2646 869 2699 nisi
895 2646 1055 2716 quod,
1079 2661 1199 2700 cum
1231 2662 1350 2703 sese
1377 2648 1499 2702 hinc
1521 2650 1718 2704 salsum

176 2740 316 2804 portis
343 2741 556 2808 pelagus
588 2739 923 2806 impingeret,
958 2738 1080 2792 hinc
1106 2739 1330 2793 cloacali
1375 2739 1518 2808 pulte
1549 2739 1720 2791 fossa-

179 2848 276 2886 rum
302 2835 536 2887 discursu
570 2832 804 2889 lintrium
839 2832 1107 2895 ventilata,
1139 2840 1193 2886 et
1239 2833 1352 2899 ipse
1385 2832 1567 2885 lentati
1609 2833 1721 2885 lau-

173 2924 336 2988 guidus
360 2925 535 2992 lapsus
561 2923 801 2976 humoris
824 2923 1047 2976 nauticis
1074 2921 1380 2989 cuSpidibus
1403 2922 1721 2975 foraminato

177 3014 299 3065 fundi
340 3016 538 3083 glutino
570 3012 955 3076 sordidaretur,
987 3012 1038 3065 in
1072 3012 1247 3064 medio
1279 3010 1540 3064 undarum
1576 3011 1723 3065 sitie-

177 3105 381 3159 h'tuus:
435 3105 558 3172 quia
608 3118 870 3171 nuSquam
918 3104 998 3158 vel
1048 3118 1196 3172 aqua:
1244 3103 1495 3156 ductuum
1548 3102 1722 3172 liquor

1823 1918 2040 1983 Ilttettta,
2064 1918 2116 1972 id
2144 1929 2226 1971 est
2247 1919 2409 1973 vitrea
2443 1920 2652 1985 Fucini,
2682 1923 2849 1988 gelida
2877 1923 3148 1987 Clitumni,
3182 1928 3394 1983 Anienis

1820 2010 2041 2067 cu-riila.
2073 2009 2227 2064 Naris
2254 2011 2559 2079 sulphurea,
2612 2027 2739 2079 pura
2784 2013 3023 2080 Fabaris,
3058 2016 3263 2069 turbida
3309 2018 3396 2069 Ti-

1823 2100 1982 2164 beris,
2013 2112 2157 2153 metu
2182 2110 2355 2155 tamen
2381 2102 2703 2154 ιΙυδῘάυΓὶιιηι
2736 2104 2966 2167 fallente,
2993 2105 3391 2171 pollicebamur.

1824 2194 1964 2246 Inter
1994 2193 2109 2247 lucc
2156 2195 2319 2261 patuit
2367 2203 2423 2248 et
2470 2194 2633 2247 Iloma
2682 2198 2987 2263 conspectui
3026 2198 3220 2266 :ctijus
3268 2199 3395 2251 mihi

1820 2281 1848 2318 ἀ
1881 2299 1983 2341 non
2017 2284 2187 2337 solum
2221 2286 2440 2350 formas,
2472 2300 2654 2338 verum
2685 2287 2844 2339 etiam
2870 2287 3214 2340 naumachias
3246 2289 3395 2341 vide-

1822 2374 1918 2427 bar
1946 2382 2273 2441 epotaturus.
2310 2375 2406 2429 Ubi
2446 2384 2468 2411 °
2500 2376 2799 2445 priusquam
2832 2377 2913 2429 vi-l
2966 2380 3221 2445 pomoeria
3269 2394 3397 2432 con-

1822 2467 2103 2535 tingerem,
2137 2467 2549 2535 triumphalibus
2575 2468 2936 2535 apostoloium
2967 2469 3236 2523 liminibus
3263 2469 3395 2522 affu-

1822 2572 1935 2621 sus,
1969 2573 2182 2611 omnem
2228 2558 2468 2625 pratinus
2517 2561 2657 2612 sensi
2700 2559 2955 2614 membris
2996 2563 3133 2614 male
3176 2563 3396 2616 fortibus

1822 2649 2099 2717 explosum
2129 2664 2251 2702 esse
2283 2650 2574 2719 langorem.
2611 2650 2734 2704 Post
2772 2667 2891 2719 qua:
2918 2653 3155 2704 cmleslis
3181 2655 3393 2718 experi-

1822 2748 1998 2795 menta
2018 2740 2319 2809 patrocinii,
2343 2741 2590 2793 conducti
2615 2741 2895 2795 diversorii
2923 2752 3071 2807 parte
3096 2754 3394 2810 susceptus,

1820 2842 1980 2899 atque
2023 2831 2182 2885 etiam
2213 2846 2350 2885 nunc
2382 2831 2479 2884 ista
2514 2830 2628 2884 hare
2675 2833 2813 2884 inter
2857 2833 3139 2897 jacenduai
3190 2835 3397 2900 scripti-

1824 2932 1961 2989 tans,
2013 2923 2175 2990 quieti
2217 2920 2564 2990 pauxillulum
2611 2936 2831 2990 operam
2886 2922 3157 2990 impendo.
3218 2924 3399 2992 Neque

1822 3013 1997 3067 adhuc
2040 3012 2317 3080 principis,
2363 3011 2769 3079 aulicorumque
2816 3012 3150 3065 tumultuosis
3197 3011 3397 3067 foribus

1823 3108 2101 3179 obversor.
2136 3104 2397 3158 Interveni
2428 3106 2624 3157 eten'm
2662 3102 2679 3140 ί
2716 3104 2912 3171 nuptiis
2938 3105 3140 3170 patricii
3172 3104 3399 3159 Ilicime—

177 3195 372 3261 integer,
403 3195 488 3249 vel
536 3194 771 3249 cisterna
820 3192 1093 3247 defmcabil
1119 3208 1167 3257 s,
1198 3193 1279 3246 vel
1313 3194 1428 3246 fons
1464 3192 1718 3262 irrigans,
1750 3178 1795 3239 (ἶ
1829 3198 1921 3260 ris,
1950 3196 2033 3250 cui
2064 3196 2168 3249 filia
2196 3195 2441 3264 perennis
2473 3194 2693 3263 Augusti
2731 3194 2782 3247 iu
2824 3210 2972 3261 spem
2998 3196 3219 3261 publicin
3249 3210 3401 3249 secu-

179 3286 247 3336 vel
288 3296 467 3353 puteus
513 3286 716 3338 illimis.
768 3284 920 3339 Unde
960 3285 1259 3353 progressis
1285 3284 1349 3337 ad
1396 3285 1721 3339 Rubiconem

179 3391 201 3423 v
236 3387 383 3441 ntum,
414 3377 503 3445 qui
530 3376 793 3444 originem
829 3376 1027 3428 nomini
1065 3374 1131 3427 de
1167 3375 1466 3443 glarearum
1498 3376 1723 3443 puniceo

177 3469 333 3522 colore
378 3478 648 3523 mutuatur
695 3485 708 3521 :
752 3468 948 3536 quique
1009 3467 1134 3519 olim
1191 3465 1355 3519 Gallis
1404 3466 1723 3534 Cisalpinis,

183 3568 203 3593 ε
233 3559 457 3629 Italisque
507 3558 777 3614 veteribus
838 3556 1095 3610 terminus
1140 3566 1293 3622 erat,
1345 3571 1465 3609 cum
1515 3556 1725 3625 populis

238 3745 257 3769 ε
286 3732 729 3802 Quemadmodum
760 3732 809 3783 in
840 3729 938 3782 viis
962 3726 1277 3781 militaribus
1299 3734 1450 3802 stlta!
1477 3728 1716 3802 mutatio-

179 3820 257 3857 nes
286 3795 428 3859 ἷτειειῑ
459 3803 823 3855 vehiculorum
868 3811 1239 3867 equorumque
1286 3795 1373 3865 qui
1414 3798 1720 3867 cursuipn-

180 3874 295 3929 laico
322 3874 651 3935 serviebant;
686 3873 761 3924 sic
800 3872 849 3924 in
905 3865 1075 3921 fluviis
1105 3868 1446 3919 dromonum.
1476 3865 1547 3918 De
1578 3866 1720 3918 Tici-

178 3948 304 3997 neasi
342 3956 393 3999 et
442 3934 749 3996 Ilostiliensi
792 3941 1019 3992 vidimus
1063 3954 1074 3987 :
1124 3952 1264 3988 nunc
1307 3934 1374 3988 de
1419 3936 1718 3987 ltrixilli-nsi

178 4015 420 4068 docemur.
452 4012 731 4081 Significat
775 4010 936 4081 enim
966 4008 1187 4081 Brixilli,
1218 4006 1357 4081 quod
1383 4007 1634 4081 oppidum
1668 4005 1717 4058 iit

177 4086 334 4137 dextra
364 4084 486 4138 Padi
514 4076 629 4149 ripa
659 4080 889 4135 [Emilize
915 4079 1013 4131 fuit
1032 4076 1340 4149 provincim,
1372 4077 1717 4149 mutationem

179 4156 406 4219 remigum
458 4146 641 4215 fuisse,
673 4166 735 4203 ac
769 4150 984 4203 Venetis
1012 4146 1334 4219 Emihanos
1366 4146 1719 4219 successisse;

180 4226 238 4276 ita
264 4214 514 4282 videlicet.
550 4232 605 4274 ut
631 4214 791 4287 supra
841 4218 1116 4271 Brixillum
1160 4225 1473 4291 supe_rnates
1503 4214 1718 4291 ὐι-Ἦιιᾳο

179 4295 293 4346 uarii
316 4293 493 4348 Veneti
525 4284 751 4354 fuerint;
780 4291 1028 4356 deinceps
1060 4300 1185 4340 vero
1224 4286 1512 4338 infernates
1552 4284 1723 4337 Aﬁmi-

181 4363 308 4415 liani.

238 4430 262 4469 δ
297 4434 412 4496 Quae
442 4441 494 4485 et
514 4432 628 4498 ipsa
660 4429 798 4482 tertii
826 4426 1001 4498 Oppidi
1029 4424 1260 4498 speciem
1286 4424 1466 4498 gessit.
1502 4421 1722 4489 Triplex

179 4503 301 4555 enim
320 4494 565 4556 Ravenna
594 4499 848 4553 .Iornandi
880 4500 930 4550 in
968 4496 1187 4550 Geticis.
1221 4494 1395 4548 Prima
1447 4496 1721 4558 Ravenna,

182 4572 337 4624 ultima
382 4573 600 4636 Clas~is,
655 4570 825 4621 media
873 4568 1133 4619 Ciesarea.
1198 4566 1375 4631 Itaque
1422 4562 1541 4615 urbs
1565 4573 1723 4636 ,Ῥείης

183 4639 361 4695 Sidonii
391 4652 469 4694 est
512 4630 790 4702 Bs'veiina,
838 4639 980 4696 πόλις
1027 4639 1227 4705 ἀρχαία
1271 4630 1507 4686 Zosiino.
1552 4630 1725 4684 Novus

183 4723 353 4773 portus,
382 4712 597 4772 ClasSis,
633 4724 823 4760 nomen
860 4710 957 4761 hoc
1003 4707 1100 4776 13
1137 4720 1163 4756 a
1197 4706 1365 4776 classe
1396 4718 1543 4756 nacta
1568 4717 1725 4776 quam

182 4772 421 4848 Augustus
450 4782 517 4835 ibi
554 4778 854 4833 collocavit.
910 4772 1282 4848 Viti—Cwsuris,
1317 4774 1557 4848 thesarea
1590 4772 1725 4848 ipsa,

184 4843 333 4903 Inedia
365 4854 499 4905 inter
530 4850 727 4905 Urbem
758 4859 811 4901 et
840 4862 1006 4899 mare.
1037 4846 1186 4911 Quod
1218 4844 1459 4912 sequitur
1487 4843 1728 4910 oppidum

180 4920 364 4986 dupla,
411 4936 512 4973 non
561 4922 628 4971 ad
683 4920 779 4971 tria
823 4918 934 4970 lucc
976 4917 1236 4979 membra,
1278 4914 1371 4986 sed
1401 4915 1463 4986 ad
1495 4921 1727 4986 veterem

181 4981 361 5043 tantum
388 4991 693 5043 Ravennam
724 4986 1079 5047 referendum,
1111 4998 1267 5054 quam
1314 4983 1441 5038 Padi
1487 4996 1609 5052 pars
1652 4981 1730 5033 iii-

179 5059 329 5131 lhtens
355 5058 897 5131 duplicemfaciebat:
962 5126 992 5131 __
1108 5124 1158 5131 __
1335 5124 1345 5131 _
1446 5124 1459 5131 _
1526 5130 1529 5131 ν
1614 5118 1626 5131 .

240 5140 261 5167 ε
290 5124 442 5184 Οιίω’
465 5129 583 5182 Rub
605 5143 670 5181 co
713 5129 833 5199 linis
880 5124 1313 5199 It‘alizeZCieeron
1335 5124 1404 5199 iii
1435 5124 1728 5199 Antonium

178 5197 353 5269 Philip.
388 5204 419 5253 6
447 5216 461 5253 :
485 5210 538 5253 ut
569 5198 843 5269 exercitum
881 5196 1026 5269 σξη-ᾳ
1055 5196 1245 5269 ﬂumen
1277 5193 1616 5269 Rubiconem,
1642 5193 1727 5269 qui

178 5270 279 5331 ﬁnis
305 5260 375 5323 est
398 5269 599 5330 Galtiw,
630 5266 884 5319 educeret.
919 5260 1117 5317 lta‘iam
1149 5265 1290 5316 enim
1318 5278 1345 5313 a
1373 5261 1538 5313 Gallia
1561 5260 1728 5331 Chal-

179 5328 284 5406 pina
309 5341 529 5393 dirimeb
548 5328 603 5390 it.
627 5337 749 5389 Post
774 5338 1088 5404 Augustum,
1113 5336 1200 5402 qui
1227 5328 1732 5406 Cl§3lPIll8IﬂJI3IIiB

176 5398 370 5477 adjecit,
403 5410 561 5464 Italire
593 5409 711 5459 linis
742 5398 900 5473 Alpes
928 5398 1244 5477 tuere,_g'uon
1281 5402 1507 5477 Rubico.
1538 5398 1732 5477 Strabo

178 5472 259 5531 liii.
284 5497 314 5530 v
333 5472 500 5535 {Muri
524 5478 578 5532 δὲ
603 5482 693 5534 τὴν
715 5472 971 5550 ὑπώρειαν
993 5481 1092 5529 τῶν
1104 5472 1512 5550 Ἄλπεωνηὰρχὴ
1537 5477 1626 5526 τῆς
1647 5473 1732 5517 νῦν

174 5549 386 5609 Ἰταλίας.
434 5549 558 5602 Post
606 5540 843 5614 Alpium;
885 5546 1072 5611 inquit,
1113 5544 1310 5594 radices
1352 5540 1553 5591 initium
1601 5551 1733 5588 nimi:

176 5618 195 5669 1
204 5623 355 5673 talia’.

232 5687 256 5724 ά
293 5690 457 5759 Aquae
485 5688 698 5759 ductus.
728 5683 1076 5759 Cgssindorus
1122 5683 1172 5733 iu
1222 5678 1480 5732 Comitiva
1516 5675 1733 5756 Forma-

175 5772 275 5814 l’:ttt
310 5754 465 5813 Utltis
500 5776 513 5810 :
550 5758 611 5810 lu
642 5754 818 5827 {almis
850 5754 1089 5806 llomunis
1120 5761 1381 5813 utrumque
1422 5754 1730 5815 pnrcipuum

1832 3286 2002 3340 ritatis
2031 3286 2401 3355 copulabatur.
2452 3284 2615 3353 Igitur
2659 3300 2799 3338 nunc
2849 3286 2899 3337 in
2948 3285 3045 3338 ista
3097 3301 3200 3338 non
3244 3288 3402 3341 ntodo

1832 3392 2208 3446 personarum,
2242 3376 2333 3431 sed
2363 3380 2521 3429 et'am
2555 3377 2799 3429 ordinum
2832 3378 3164 3445 partiumque
3198 3378 3399 3442 ltelitia,

1827 3468 2179 3535 Transalpino
2208 3478 2296 3520 ttto
2340 3468 2507 3520 latere
2548 3467 2940 3520 conducibilius
2968 3467 3132 3517 visum
3167 3484 3179 3517 :
3208 3469 3402 3535 quippe

1826 3572 1946 3611 cum
1979 3556 2077 3610 hoc
2124 3559 2238 3624 ipso
2284 3566 2425 3624 temp
2450 3572 2521 3610 ire
2560 3573 2591 3623 q
2618 3574 2664 3609 to
2718 3556 2830 3609 haec
2860 3556 2988 3607 mihi
3018 3557 3398 3619 exarabantur,

1819 3734 1910 3781 est.
1945 3735 1999 3775 ut
2024 3723 2213 3790 fabrica
2242 3725 2305 3774 sit
2334 3724 2599 3785 mit-alitis,
2629 3733 2672 3774 et
2714 3737 2962 3790 aquarum
2987 3722 3264 3776 salubritas
3294 3727 3399 3777 siit-

1820 3795 2031 3863 gularis.
2064 3795 2192 3845 Cum
2227 3793 2393 3846 tribus
2422 3792 2708 3863 generibus
2730 3797 2920 3843 ductus
2946 3806 3099 3856 aqua:
3124 3795 3271 3855 liaut,
3299 3810 3364 3847 an
3384 3826 3395 3834 -

1821 3862 1968 3916 e:ore
1998 3863 2261 3926 Vitruvio,
2287 3865 2414 3914 rivis
2442 3877 2533 3928 per
2562 3862 2775 3915 canales
2804 3862 3096 3928 structiles,
3130 3873 3223 3915 aut
3256 3867 3403 3917 tistu-

1825 3935 1887 3986 lis
1935 3933 2218 4000 plttmhei~,
2269 3948 2360 3985 seu
2410 3932 2609 3985 tubulis
2652 3930 2925 3995 fictilibus;
2985 3933 3073 4001 qui
3132 3936 3401 3988 structiles

1825 4004 1955 4075 fiunt
1979 4019 2213 4075 I'AVOI'IIIII
2242 4001 2475 4075 canales,
2523 4001 2731 4075 Forma:
2768 4003 2986 4075 proprie
3008 4014 3398 4075 IllIIICtlpaltltll‘.

1825 4074 2025 4127 Nomen
2048 4072 2191 4137 inde,
2214 4082 2270 4123 ut
2292 4071 2529 4139 apparet,
2558 4071 2696 4139 quod
2719 4071 2944 4124 subditis
2964 4071 3151 4125 formis
3175 4076 3399 4127 instrue-

1827 4146 2034 4197 bantur.
2068 4145 2179 4209 Qua
2213 4144 2416 4195 ratione
2445 4141 2692 4195 formacei
2718 4156 2928 4208 quoque
2946 4141 3193 4193 Afrorum
3216 4143 3401 4206 llispa-

1826 4229 2120 4281 norumque
2150 4228 2212 4266 ex
2249 4222 2384 4264 terra
2416 4211 2641 4281 parietes
2685 4210 2833 4281 dicti,
2863 4211 3113 4276 quoniam
3146 4214 3194 4263 in
3231 4212 3397 4263 forma

1825 4279 2169 4336 circumdatis
2213 4282 2417 4334 duabus
2466 4279 2659 4334 tabulis
2717 4280 3087 4343 inl'erciantur,
3142 4288 3197 4333 ut
3248 4280 3406 4337 docet

1828 4354 2029 4408 Plinius
2063 4355 2150 4404 lib.
2184 4367 2343 4415 xxxv,
2378 4366 2494 4418 cap.
2527 4352 2609 4403 Μ.

1902 4432 1925 4458 ο
1974 4424 2130 4475 Extra
2177 4417 2494 4490 pttltthI‘IlIlII
2538 4428 2655 4473 erat
2701 4420 2808 4490 divi
2840 4418 2981 4471 Petri
3016 4417 3228 4470 basilica
3264 4434 3277 4469 :
3307 4435 3405 4473 nec

1827 4492 2004 4545 clausa
2040 4494 2135 4544 fuit
2155 4489 2277 4543 ante
2310 4491 2501 4543 Leonis
2536 4505 2681 4554 pztpe
2715 4489 2777 4540 IV
2809 4501 3066 4551 tempota,
3092 4491 3177 4552 qui
3211 4504 3403 4541 novatn

1831 4562 2058 4614 nominis
2102 4563 2179 4613 sui
2232 4562 2413 4613 urbem
2461 4561 2721 4611 inmitibus
2767 4558 2967 4618 cinxit,
3014 4573 3133 4624 quit:
3172 4560 3406 4613 basilicae

1757 4604 1804 4662 θ
1835 4631 2078 4701 pratsidio
2106 4640 2247 4681 esset
2275 4628 2901 4701 a.lversusSarracenos.

1910 4698 1929 4738 ί
1977 4700 2170 4754 Ilarum
2203 4699 2361 4750 etiam
2395 4697 2635 4750 meminit
2663 4699 2820 4764 epist.
2853 4700 2884 4748 9
2916 4706 2968 4748 ct
2999 4698 3048 4749 iii
3085 4696 3407 4766 Panegyrico

1834 4770 2101 4824 Anthemii
2130 4787 2141 4820 :
2176 4769 2264 4821 Sic
2291 4782 2433 4820 socer
2455 4767 2711 4835 Angustus
2738 4781 2919 4833 genero
2948 4766 3021 4819 Ri;
3041 4768 3195 4819 iniere
3218 4770 3408 4820 beatus.

1834 4840 2080 4895 Infausta
2128 4839 2324 4905 nuptiat
2375 4856 2389 4890 :
2440 4852 2571 4904 quas
2618 4836 2823 4905 ingrato
2865 4851 3067 4903 genero
3116 4838 3405 4899 exprobrat

1837 4910 2158 4964 Anthemius
2186 4904 2321 4972 apud
2356 4905 2651 4960 Ennodium
2686 4906 2735 4957 in
2771 4904 2881 4959 Vita
2918 4905 3220 4974 Epiphanii.
3261 4906 3409 4970 Quis,

1838 4981 2029 5044 inquit,
2066 4982 2155 5031 hoc
2187 4986 2410 5029 ceterum
2452 4975 2899 5044 retroipriucipum
2931 4979 3047 5041 fecit
3080 4992 3322 5041 unquam,
3358 4989 3409 5025 ut

1835 5043 1964 5103 inter
1991 5064 2199 5101 munera
2236 5063 2348 5113 qinv
2374 5047 2543 5111 pellito
2581 5043 2720 5096 Gelu:
2751 5043 2863 5113 duri
2899 5060 3097 5096 necesse
3138 5052 3269 5107 erat,
3317 5061 3409 5111 pro

1834 5121 1999 5189 quiete
2026 5110 2414 5189 committi-ﬁlia
2441 5110 3045 5189 poneretur?_esciuius
3067 5128 3271 5189 parcere
3293 5110 3413 5189 suu-

1836 5182 1979 5259 guini
2023 5199 2219 5259 nostra,
2261 5182 2381 5237 dum
2424 5199 2674 5259 servamus
2714 5182 2956 5259 alienum.
2986 5182 3257 5236 Anthemii
3291 5184 3411 5234 lilia:

1837 5252 2030 5313 nomen
2083 5257 2312 5311 Ascilam
2343 5270 2447 5307 non
2479 5253 2658 5313 fuisse,
2696 5261 2751 5304 ut
2798 5252 3010 5320 quidam
3053 5261 3409 5311 censuerunt,

1837 5328 2140 5381 moouintus
2171 5328 2220 5378 in
2254 5324 2401 5378 Notis
2432 5324 2495 5375 ad
2547 5322 2869 5384 En-iodium,
2914 5322 3175 5385 simulque
3213 5322 3413 5373 erroris

1837 5401 2033 5450 fontem
2063 5394 2412 5449 indicavimus
2455 5408 2518 5446 ex
2564 5392 2740 5445 verbis
2769 5390 3010 5458 Gregorii
3060 5391 3135 5442 Tit
3169 5388 3409 5441 onensis.

1839 5468 1902 5521 Et
1930 5466 2144 5535 quidem
2195 5462 2549 5517 animadverti
2597 5470 2842 5535 potuerat
2890 5461 3173 5535 barbaru_m
3220 5460 3414 5509 Asella:

1840 5528 2034 5591 nomen
2058 5536 2257 5590 Grzeca:
2282 5534 2465 5607 puella:
2488 5528 2928 5607 non’convenire,
2953 5528 3415 5607 entirGrzucorum

1843 5622 1958 5660 mos
2003 5607 2157 5659 fuerit
2199 5600 2382 5671 patriis
2408 5613 2462 5658 et
2497 5600 2917 5665 significantibus
2954 5600 3223 5652 nominum
3260 5612 3416 5650 νοεῖν

1846 5679 1987 5731 bulis
2012 5678 2107 5731 uti.
