3910 6172
503 319 605 375 455

1756 300 1994 361 ΒΙῦΟΝΠ
2035 300 2485 360 APOLLINARIS

3651 302 3745 357 £336

507 434 592 485 vix
622 444 714 499 per
739 426 914 481 omnia
945 425 1173 491 theatra,
1196 434 1441 483 maceua,
1478 417 1745 489 prmtoria,
1772 416 1906 478 fora,
1944 422 2077 466 tem-
2108 419 2154 474 Λ
2184 414 2320 467 servi
2367 414 2796 483 peregrinantur.
2832 406 2939 483 ιιι
2968 412 3032 466 Et
3072 417 3209 466 nun’c
3238 412 3256 477 (
3277 410 3406 480 proh
3436 410 3666 481 pudor!)
3705 416 3743 466 si

508 525 613 591 pla,
653 514 947 595 gymnasia,
989 514 1264 591 "talassio
1314 510 1654 565 fescenninus
1699 507 2078 575 explicaretur.

508 614 679 681 Atque
715 593 1355 665 etiatnttum'econtrario
1395 601 1571 654 studia
1616 599 1831 659 sileant,
1873 593 2083 663 negotia

507 704 803 772 quiescant,
848 699 1046 779 judicia
1087 694 1466 755 conticescant,
1519 689 1832 743 diii‘erantur
1865 686 2086 755 legatio-

513 809 626 856 nes,
661 798 813 844 vacet
840 778 1095 846 ambitus,
1117 795 1170 838 et
1198 784 1340 837 inter
1371 780 1727 835 scurrilitates
1768 778 2085 831 histrionum

472 918 479 943 ε
515 894 567 937 to
596 897 657 936 us
698 881 967 933 actionum
1003 874 1262 929 seriarum
1313 880 1484 924 status
1534 869 1924 938 peregrinetur.
1970 865 2086 920 lam

470 952 479 1013 Ὗ
514 970 727 1039 quidem
761 966 908 1034 virgo
934 962 1120 1017 tradita
1144 968 1245 1025 est,
1274 959 1382 1027 jam
1412 957 1437 995 ιι
1464 972 1659 1011 corona
1688 971 1938 1024 sponsus,
1978 955 2089 1024 jam

519 1062 745 1130 palmata
791 1053 1106 1114 consularis,
1156 1052 1264 1119 jam
1294 1048 1513 1119 cyclade
1546 1048 1644 1117 13
1695 1047 1955 1115 pronuba,
1982 1048 2090 1111 jam

521 1163 638 1221 toga
669 1157 884 1204 senator
912 1146 1221 1203 honoratur,
1250 1140 1359 1210 jam
1391 1140 1636 1208 penulam
1667 1138 1887 1206 deponit
1916 1137 2093 1205 inglo-

519 1242 662 1295 rius:
693 1249 747 1292 et
772 1235 1006 1290 nondum
1046 1241 1225 1287 tamen
1271 1241 1461 1284 cuncta
1506 1228 1863 1282 thalamorum
1900 1241 2091 1297 pompa

519 1328 845 1394 defremuit,
890 1323 1012 1392 quia
1058 1320 1285 1376 necdum
1318 1319 1431 1374 cad
1476 1317 1649 1373 mariti
1695 1317 1912 1372 domum
1960 1331 2094 1370 nova

523 1433 686 1486 nupta
712 1417 976 1487 migravit.
1019 1414 1134 1482 Qua
1174 1412 1465 1468 festivitate
1497 1411 1746 1476 decursa,
1778 1423 1974 1465 caetera
2005 1410 2097 1464 tibi

524 1511 766 1564 laborum
805 1520 1045 1561 ineorum
1077 1502 1350 1557 molimina
1387 1501 1793 1564 reserabuntur,
1825 1501 1870 1553 si
1919 1512 2098 1554 tamen

525 1601 604 1653 vel
634 1610 1000 1653 consunnnata
1047 1594 1359 1650 solemnitas
1398 1593 1687 1663 aliquando
1730 1592 2101 1646 terminaverit

525 1692 680 1744 istam
731 1689 893 1744 totius
947 1686 1179 1743 civitatis
1231 1685 1696 1754 occupatissimam
1747 1684 2094 1739 vacationem.

527 1781 674 1837 Vale.

1083 1865 1413 1921 EPISTOLA
1456 1865 1543 1919 Vl.

835 1960 1081 2015 Sidonius
1103 1957 1126 1997 δ
1159 1956 1410 2025 Eutropio
1438 1973 1531 2010 suo
1556 1955 1795 2009 salutem.
2070 1932 2141 2006 θ

600 2050 741 2109 Olim
787 2052 1000 2123 quidem
1049 2050 1292 2105 scribere
1340 2050 1435 2103 tibi
1480 2049 1957 2118 concupiscebam,
2013 2056 2105 2101 seu

530 2160 670 2200 nunc
700 2144 779 2198 vel
810 2142 1039 2197 maxime
1068 2142 1334 2210 impellor,
1366 2140 1419 2194 id
1449 2148 1552 2207 est,
1579 2155 1698 2194 cum
1729 2139 1857 2193 mihi
1901 2140 2104 2192 ducetis

531 2236 583 2288 in
634 2233 852 2299 Urbem,
884 2232 1098 2287 Christo
1140 2230 1494 2300 pr0pitiante,
1529 2230 1610 2284 via
1656 2230 1909 2299 carpitur.
1964 2229 2109 2283 Serio

533 2324 689 2378 bendi
731 2338 887 2377 causa
936 2323 1019 2377 vel
1066 2322 1198 2388 sola,
1234 2322 1318 2375 vel
1347 2321 1600 2386 maxima,
1627 2337 1728 2390 qua
1768 2329 1819 2375 te
1848 2321 2053 2374 scilicet
2080 2336 2107 2373 a

533 2414 794 2483 prolundo
815 2414 1122 2469 domesticae
1147 2413 1343 2482 quietis
1368 2423 1668 2468 extractum
1691 2413 1757 2466 ad
1785 2414 2109 2481 capessenda

535 2514 557 2541 (³
581 2505 784 2559 militia:
829 2505 1075 2572 palatinas
1121 2505 1300 2557 munia
1331 2518 1537 2559 vocem.
1573 2505 1665 2558 His
1694 2505 1926 2569 additur,
1971 2505 2110 2572 quod

532 2612 752 2653 munere
790 2598 883 2652 Dei
915 2597 1006 2651 tibi
1035 2598 1283 2666 congruit
1307 2597 1428 2661 aevi,
1461 2597 1727 2665 corporis,
1771 2598 1930 2651 animi
1964 2600 2113 2668 vigor

535 2694 774 2760 integer;
802 2690 922 2743 dtill
965 2689 1105 2758 quod
1140 2690 1314 2757 equis,
1341 2689 1524 2752 armis,
1563 2699 1730 2753 veste,
1763 2698 1997 2758 sumptu.
2030 2691 2110 2743 fn-

534 2782 744 2835 inulitio
789 2779 1111 2843 instructus,
1160 2780 1369 2846 solum,
1409 2780 1507 2833 nisi
1560 2780 1816 2842 fallimur,
1877 2782 2114 2845 incipere

535 2871 828 2928 formidas:
862 2880 1061 2925 etcum
1112 2871 1187 2923 sis
1225 2872 1403 2924 alat-er
1454 2870 1620 2931 domi.
1669 2871 1719 2924 in
1761 2871 2114 2939 aggredienda

538 2964 964 3033 peregrinatione
995 2962 1259 3030 trepidum
1293 2972 1344 3017 te
1376 2963 1517 3018 iners
1544 2962 1850 3032 desperatio
1879 2962 2002 3017 facit
2028 2982 2039 3015 :
2069 2964 2113 3018 si

539 3065 714 3109 tamen
741 3054 995 3107 senatorii
1026 3055 1245 3107 seminis
1273 3054 1454 3117 homo,
1480 3057 1569 3122 qui
1589 3054 1829 3122 quotidie
1858 3054 2114 3111 trabeatis

2189 504 2494 572 relinquare
2540 506 2678 558 inter
2705 504 2998 572 bussequas
3048 504 3363 567 rusticanos,
3412 502 3747 573 subulcosque

2189 595 2527 648 ronchantes.
2576 596 2784 663 Qu'ppe
2838 595 2882 648 si
2932 604 2986 647 et
3032 604 3278 662 campum
3324 610 3349 647 s
3378 595 3457 647 iva
3508 604 3749 651 tremente

2190 685 2522 755 proscindas,
2555 696 2647 739 aut
2671 686 2803 753 prati
2836 685 3027 740 ﬂoreas
3057 700 3184 753 Opes
3210 686 3384 755 panda
3414 702 3601 739 curvus
3629 688 3751 742 falce

2194 776 2481 845 populeris.
2523 785 2615 829 aut
2654 775 2862 829 vineam
2910 776 3124 844 palmite
3154 788 3366 845 gravem
3412 790 3637 831 cernuus
3676 790 3752 830 ra-

2191 866 2316 918 stris
2346 868 2519 918 fossor
2548 864 2813 930 invertas;
2860 874 2986 918 tunc
3022 873 3105 918 est
3137 865 3229 918 tibi
3276 870 3479 919 suinma
3528 875 3752 920 vutorum

2194 953 2486 1008 beatitudo.
2513 954 2650 1021 Quin
2681 955 2859 1022 potius
2882 948 3278 1024 expergiscere,
3305 964 3359 1009 et
3385 956 3449 1009 ad
3484 956 3677 1025 majora
3705 972 3757 1013 se

2195 1044 2375 1112 pingui
2414 1046 2524 1099 otio
2565 1042 2858 1108 marcidus,
2914 1055 2970 1098 et
3018 1045 3254 1100 iunervis
3291 1047 3501 1101 animus
3544 1040 3757 1103 attollat.

2195 1132 2310 1187 Non
2334 1134 2509 1188 minus
2529 1144 2611 1187 Bal.
2640 1145 2849 1188 tuorum
2877 1134 3130 1189 nat-ilium
3158 1137 3291 1201 viro,
3320 1149 3600 1205 persctnam
3620 1152 3758 1193 suam

2192 1225 2470 1288 exeolcre,
2502 1238 2660 1293 quam
2706 1225 2910 1279 villam.
2952 1224 3032 1280 Ad
3077 1239 3377 1281 extremum
3409 1228 3549 1297 quod
3596 1241 3647 1283 tu
3678 1231 3759 1284 tibi

2195 1316 2489 1385 iuventutis
2510 1318 2823 1371 exercitium
2851 1319 3112 1385 appellas,
3140 1318 3242 1373 hoc
3266 1330 3348 1375 est
3376 1321 3542 1374 Otium
3570 1327 3763 1377 vetera-

2202 1423 2414 1473 norum,
2458 1409 2508 1462 in
2539 1420 2764 1477 quorum
2808 1409 3056 1463 manibus
3102 1411 3274 1469 effetis
3305 1427 3461 1467 enses
3489 1413 3762 1483 robiginosi

2201 1513 2322 1552 sero
2368 1497 2545 1567 ligone
2594 1508 2886 1553 mutantur.
2935 1500 3081 1567 Esm,
3115 1501 3480 1569 tnultiplicatis
3512 1504 3604 1557 tibi
3645 1518 3764 1571 spu-

2203 1590 2419 1644 mabunt
2451 1600 2623 1645 musta
2674 1590 2884 1656 vinetis,
2929 1596 3238 1648 innumeros
3284 1603 3495 1662 quodue
3537 1592 3766 1648 comulos

2206 1682 2445 1751 frugibus
2475 1694 2623 1752 rupta
2655 1686 2923 1754 congestis
2952 1684 3148 1739 horrea
3181 1685 3403 1747 dabunt,
3434 1681 3653 1741 deustim
3685 1698 3767 1755 pe-

2134 1776 2175 1835 Β
2203 1790 2298 1829 cus
2326 1775 2560 1845 gravidis
2606 1777 2858 1831 uberibus
2903 1778 2954 1831 in
2998 1778 3276 1832 mulctram
3321 1793 3415 1848 per
3444 1788 3600 1833 antra
3640 1780 3767 1834 olida

2204 1867 2475 1920 caularum
2527 1868 2734 1937 pinguis
2767 1868 2861 1922 tibi
2906 1873 3089 1937 pastor
3135 1868 3409 1926 includet:
3447 1886 3552 1940 quo
3584 1880 3768 1940 spectat

2209 1967 2313 2012 tam
2346 1959 2625 2014 faeculento
2656 1962 3029 2028 patrimonium
3076 1963 3408 2032 promovisse
3437 1966 3766 2032 compendio;

2207 2061 2261 2107 ct
2284 2070 2389 2108 non
2408 2055 2579 2108 solum
2599 2055 2879 2122 interista,
2905 2056 3020 2119 sed,
3051 2055 3189 2126 quod
3210 2068 3291 2112 est
3321 2058 3544 2127 turpius,
3573 2069 3768 2129 propter

2211 2146 2307 2200 iSta
2341 2145 2596 2199 latuisse?
2628 2146 2741 2200 Non
2772 2149 3018 2215 nequiter
3055 2157 3107 2202 te
3132 2148 3344 2202 concilii
3376 2158 3638 2217 tempore,
3671 2159 3767 2218 post

2209 2237 2455 2292 sedentes
2485 2246 2869 2307 censentesque
2892 2237 3135 2307 juvenes,
3168 2239 3451 2308 inglorium
3498 2240 3765 2303 rusticum,

2208 2345 2391 2384 senem
2437 2335 2687 2396 stantem,
2718 2327 2949 2385 nobilem
2980 2330 3367 2386 latitabundum
3398 2335 3651 2402 pauperis
3686 2332 3769 2385 bo-

2212 2421 2384 2475 norati
2430 2422 2692 2475 sententia
2740 2432 2964 2491 premet,
3012 2436 3133 2476 cum
3174 2436 3266 2477 eos
3308 2437 3443 2492 quos
3474 2433 3622 2478 esset
3650 2424 3772 2477 indi-

2210 2531 2371 2585 gnum
2402 2513 2449 2568 si
2493 2514 2713 2581 vestigia
2742 2524 2923 2569 nostra
2953 2522 3327 2584 sequerentur,
3371 2514 3577 2569 videris
3608 2514 3773 2570 dolens

2212 2604 2582 2659 antecessisse.
2616 2604 2722 2661 Sed
2753 2604 2878 2674 quid
2910 2604 3099 2675 plura?
3145 2604 3200 2661 Si
3248 2605 3445 2675 pateris
3487 2602 3773 2659 hortantem

2212 2706 2497 2750 conatuum
2528 2706 2739 2750 tuorum
2783 2696 2963 2751 socius
2990 2697 3220 2765 adjutor,
3268 2696 3496 2764 prmvius
3527 2698 3776 2765 particeps

2214 2806 2326 2846 ero.
2360 2790 2453 2846 Sin
2479 2801 2656 2845 autem
2684 2792 3015 2846 illecebrosis
3042 2791 3352 2846 deliciarum
3384 2792 3627 2847 cassibus
3648 2792 3777 2846 invo-

2216 2883 2380 2947 lutus,
2415 2884 2603 2942 mavis.
2638 2893 2695 2935 ut
2723 2885 2893 2948 aiunt,
2924 2883 3137 2952 Epicuri
3159 2884 3500 2952 dogmatibus
3528 2884 3775 2951 copulari,

2216 2977 2303 3044 qtti
2327 2974 2532 3045 jactura
2565 2974 2775 3029 virtutis
2826 2974 3081 3038 admissa,
3127 2989 3392 3028 sumntum
3443 2973 3540 3044 15
3597 2975 3777 3029 bonum

2217 3067 2327 3122 sola
2350 3067 2593 3135 corporis
2620 3066 2890 3136 voluptate
2929 3066 3271 3131 determinat,
3304 3075 3469 3123 testor
3508 3081 3642 3121 ecce
3676 3081 3778 3121 ιιιει⁴

540 3160 856 3225 ιιτυανρτιιηι
885 3144 1201 3212 imaginibus
1240 3144 1515 3213 ίηεθνίιιιτ.
1549 3146 1694 3213 Ιυειθ
1732 3146 1910 3200 dicere
1941 3158 2114 3214 Ροιθει
2142 3125 2190 3192 C
2218 3160 2384 3228 jores,
2418 3165 2586 3213 testor
2614 3168 2860 3227 posteros
2906 3165 3136 3223 nostros,
3190 3156 3314 3212 huic
3356 3174 3442 3214 me
3486 3174 3646 3212 noxa:
3690 3172 3779 3211 non

539 3247 707 3292 semet
736 3236 1153 3306 peregrinatum,
1184 3236 1231 3289 si
1262 3236 1430 3290 semel
1457 3247 1513 3291 et
1558 3237 1611 3290 in
1657 3237 1875 3305 juventa
1922 3238 2114 3293 viderit

541 3330 867 3385 domicilium
912 3330 1120 3400 legum,
1164 3329 1497 3401 gymnasium
1548 3331 1869 3396 litterarum,
1913 3335 2111 3387 curiam

539 3422 872 3502 dignitatum,
921 3422 1171 3477 verticem
1216 3423 1423 3483 mundi,
1468 3425 1692 3489 patriam
1740 3425 2027 3487 libertatis.
2062 3430 2111 3481 in

539 3529 642 3583 qua
672 3512 875 3568 unica‘
919 3516 1079 3568 totius
1118 3523 1142 3560 Is
1170 3513 1353 3568 mundi
1398 3514 1616 3569 civitate
1660 3515 1760 3569 soli
1804 3515 2015 3571 barbari
2064 3526 2118 3572 et

616 3661 640 3688 ἰ
678 3650 765 3704 Sic
808 3648 929 3702 libri
973 3648 1188 3716 optimae
1231 3657 1392 3701 notzc.
1444 3647 1541 3699 Alii
1586 3646 1852 3714 thalassia,
1883 3647 2020 3713 quod
2053 3647 2118 3701 ad

543 3736 653 3775 rem
680 3720 810 3773 nihil
844 3720 988 3771 facit.
1014 3714 1346 3771 Talassionis
1376 3729 1549 3771 autem
1591 3725 1648 3771 ct‘
1694 3734 1788 3772 vox
1822 3731 1875 3773 et
1904 3734 2119 3773 carmen

544 3799 724 3845 notum
755 3790 804 3842 in
832 3789 1047 3853 nuptiis.

616 3859 641 3896 δ
672 3859 833 3913 Primi
864 3855 1150 3911 Christiani
1181 3871 1374 3911 corona
1407 3856 1458 3909 in
1491 3857 1691 3923 nuptiis
1724 3857 1802 3909 nsi
1837 3872 1940 3911 non
1974 3866 2118 3911 sunt.

544 3929 674 3984 Nam
704 3943 823 3982 cum
855 3929 905 3980 in
960 3928 1195 3981 numinis
1226 3927 1448 3994 alicujus
1492 3928 1653 3980 tutela
1686 3938 1895 3980 eorontc
1937 3944 2123 3982 omnes

544 4008 744 4059 essent.
772 3998 890 4051 ideo
919 3998 1273 4059 abstinebant,
1302 4013 1365 4048 nc
1394 3997 1628 4064 profanzr
1658 3997 1930 4063 religionis
1958 4013 2037 4064 pat
2056 3999 2122 4049 ti-

543 4070 689 4137 cipes
715 4069 1042 4121 viderentur.
1072 4066 1427 4121 Tertullianus
1478 4065 1578 4136 14
1616 4064 1683 4118 de
1726 4068 1936 4119 Corona
1976 4067 2124 4137 utili-

546 4136 613 4194 tis
644 4158 655 4191 :
689 4136 945 4191 Coronont
970 4147 1017 4189 et
1046 4138 1239 4205 nuptiae
1264 4152 1475 4207 sponsos
1502 4151 1518 4187 :
1543 4149 1586 4187 et
1615 4137 1727 4207 ideo
1758 4151 1860 4207 non
1893 4136 2124 4190 nubimus

543 4210 779 4273 ethnicis,
807 4224 867 4261 ne
894 4222 984 4260 nos
1006 4208 1071 4258 ad
1098 4206 1449 4259 idolola’iriam
1478 4221 1637 4274 usque
1665 4206 1939 4271 deducant,
1967 4223 1998 4259 a
2024 4224 2123 4273 qua

542 4280 682 4349 apud
708 4280 823 4332 illos
849 4276 1037 4346 nupfiaz
1063 4276 1313 4343 incipiunt
1360 4274 1647 4349 Postquam
1671 4274 1829 4327 desiit
1860 4275 1959 4329 hoc
1987 4275 2123 4349 peri-

545 4344 747 4415 culum,
782 4344 1059 4415 pristinum
1088 4360 1289 4398 morem
1322 4344 1553 4408 amplexi
1599 4352 1764 4397 sunt:
1799 4361 1955 4415 quem
1986 4347 2124 4399 anti-

546 4420 694 4487 qitiss
719 4414 860 4471 nium
893 4418 1028 4484 apud
1063 4415 1313 4469 Hebraeos
1342 4414 1503 4487 fuisse
1527 4415 1677 4487 testis
1700 4426 1781 4469 est
1804 4414 2009 4487 Esaias,
2033 4415 2121 4487 qui

547 4485 800 4555 sponsum
848 4503 1043 4541 corona
1091 4487 1399 4539 decoratum
1432 4485 1683 4538 describit
1706 4500 1831 4551 cap.
1858 4485 1947 4540 61.
1979 4486 2124 4539 Basi-

2223 3260 2343 3306 esse
2367 3250 2657 3305 confinem.

2772 3337 3099 3393 EPISTOLA
3144 3337 3252 3393 Vll.

2559 3427 2803 3483 Sidonius
2838 3420 3100 3481 Vincentio
3123 3445 3214 3481 suo
3240 3429 3472 3485 salutem.

2299 3520 2458 3588 Angit
2507 3534 2593 3573 me
2623 3514 2647 3554 ιι
2688 3532 2843 3573 rasus
2892 3519 3147 3583 Arvandi,
3201 3535 3299 3574 nec
3349 3520 3633 3574 dissimulo
3674 3519 3782 3587 quin

2228 3651 2309 3704 lea:
2330 3652 2436 3713 illa,
2468 3660 2524 3703 ut
2554 3651 2768 3702 ducatur
2791 3664 2920 3702 uxor
2946 3649 3013 3701 ad
3038 3649 3217 3711 virum,
3246 3665 3348 3701 non
3375 3650 3450 3702 vir
3471 3650 3537 3700 ad
3570 3664 3784 3703 uxorm.

2267 3717 2325 3758 οδ
2355 3720 2484 3773 Viro
2523 3721 2713 3785 nobili,
2745 3720 2916 3772 adhuc
2944 3720 3155 3789 quidem
3190 3722 3421 3787 privato,
3453 3730 3637 3788 postea
3669 3734 3785 3787 prte-

2228 3790 2368 3846 fecto
2396 3790 2643 3857 praetorio
2671 3790 2984 3853 Galliarum,
3016 3789 3107 3842 lib.
3140 3804 3214 3853 nt,
3248 3791 3406 3856 epist.
3433 3791 3484 3842 6.

2303 3871 2325 3898 °
2366 3861 2479 3914 Non
2512 3875 2651 3913 vera!
2676 3860 2899 3923 militiae,
2926 3859 3019 3912 sed
3045 3872 3149 3927 quo
3173 3873 3327 3912 sensu
3357 3858 3590 3912 militare
3615 3857 3788 3924 palatio

2229 3930 2355 3983 dicti
2387 3945 2574 3984 omnes
2595 3930 2681 3997 qui
2711 3929 2761 3982 in
2788 3930 2904 3982 aula
2934 3938 3233 3991 versantur,
3263 3930 3422 3981 etiam
3456 3928 3500 3983 si
3526 3941 3672 3981 arma
3696 3943 3785 3980 non

2231 4009 2479 4065 tractent,
2512 4009 2570 4052 ut
2597 4000 2808 4065 notarii,
2834 3999 3117 4060 scriniarii,
3147 3999 3504 4065 largitionales
3524 4008 3579 4051 et
3599 4002 3785 4059 caeteri,

2230 4070 2295 4124 de
2322 4071 2515 4137 quibus
2548 4068 2729 4123 titulus
2758 4069 2826 4123 de
2856 4068 3143 4136 privilegiis
3174 4083 3359 4122 eorum
3402 4070 3488 4136 qui
3520 4082 3674 4122 sacro
3709 4082 3788 4135 pa-

2231 4140 2357 4194 latio
2386 4141 2632 4193 militant.
2680 4139 2928 4204 Quinimo
2972 4138 3209 4191 militiam
3253 4140 3542 4205 palatinam
3574 4152 3711 4191 verte
3743 4147 3788 4189 et

2229 4220 2449 4263 armatte
2493 4209 2637 4276 leges
2666 4217 2955 4275 opponunt.
3001 4208 3121 4261 Tria
3160 4209 3301 4260 enim
3345 4208 3568 4261 omnino
3605 4209 3791 4260 militia:

2228 4294 2423 4349 genera
2450 4279 2817 4347 diSIinguunt:
2849 4286 3103 4349 armatam
3136 4292 3226 4329 seu
3256 4278 3561 4349 militarem,
3593 4279 3789 4349 quaeita

2228 4347 2407 4403 vocari
2433 4351 2594 4416 cmpit
2623 4360 2897 4417 postquam
2918 4348 3115 4401 milii-a2
3143 4362 3333 4399 nomen
3362 4348 3427 4405 ad
3456 4347 3559 4400 alia
3582 4348 3791 4400 transla-

2231 4428 2374 4481 tum;
2408 4420 2691 4489 palatinatn
2721 4416 2903 4472 eorum
2933 4418 3019 4486 qui
3053 4417 3189 4470 intra
3218 4416 3466 4489 palatium
3499 4419 3789 4489 merebant;

2234 4486 2442 4543 tertiam
2486 4489 2811 4556 reliquorum
2857 4489 3091 4540 omnium
3112 4527 3126 4550 ,
3158 4486 3247 4553 qui
3278 4486 3507 4541 diversis
3538 4486 3792 4554 judicibus

552 4560 653 4632 lius
683 4558 939 4632 Selettcim
959 4558 1023 4632 in
1056 4556 1236 4632 Tecla.
1260 4558 1506 4632 Χορεύσῳ
1529 4558 1627 4632 γὰρ
1657 4556 1738 4632 ἐπὶ
1765 4564 1835 4628 τῷ
1855 4564 1931 4628 σῷ
1957 4557 2113 4632 γὸιμιῳ⁴

2231 4558 2686 4632 potestatibusque
2723 4557 3284 4632 apparebant,qu_alis
3315 4571 3436 4632 qua).
3467 4558 3653 4632 militia
3676 4572 3793 4632 pro.

551 4630 706 4701 Κᾲνῴ
741 4626 793 4680 δὲ
831 4630 1085 4701 περιθήσω
1126 4630 1215 4701 μέν
1242 4624 1342 4690 σοις
1368 4624 1622 4701 περιθήνσςὼ
1662 4624 1714 4679 δέ
1737 4624 2032 4701 τῷνυρφἷῴ
2053 4624 2123 4697 ’ἑῷ

552 4695 740 4768 σῷγτρν
767 4695 1068 4768 πρλτῖιὲυκτον
1096 4695 1351 4768 Ericinium.
1377 4695 1730 4762 'I'lienpliaues
1756 4695 2009 4750 CltrOnici
2032 4695 2127 4749 aul-

553 4764 668 4820 ιιιοῑ
706 4767 758 4819 in
803 4765 1157 4841 Qtipronytno.
1192 4764 1319 4841 ’ξιίζε
1348 4770 1435 4828 ξεν
1474 4768 1695 4841 Εἶρήνῃν-
1726 4768 1897 4821 Λέοντι
1935 4774 2007 4836 τῷ
2034 4768 2127 4837 υἱῷ

514 4834 524 4896 i
555 4840 729 4903 αὐτοῦ,
759 4834 951 4917 criti/ac
985 4838 1165 4895 αὐτοὺς
1196 4837 1243 4887 ἐν
1269 4843 1341 4906 τῷ
1370 4843 1472 4917 war?)
1500 4834 1590 4887 τὶῠ
1614 4835 1758 4917 iis/iw
1789 4834 2026 4917 Στῑγὰνὸυ
2057 4834 2127 4905 τῷ

554 4916 643 4965 τῆς
672 4902 934 4977 βασιλείας
964 4908 1162 4977 καίᾼτοῆ
1191 4902 1384 4977 γὰμόυτ
1411 4902 1591 4977 {reneri
1625 4902 1777 4977 Leoni
1816 4902 1944 4977 ﬁlio,
1972 4902 2131 4977 caput

557 4972 695 5033 lavit,
731 4990 978 5025 coronans
1003 4975 1117 5026 illos
1146 4972 1207 5025 ἔπ’
1226 4974 1384 5023 sancti
1410 4972 1657 5041 Stephani
1701 4972 1889 5042 templo
1929 4972 2131 5044 imperii

556 5044 707 5095 sinml
735 5060 792 5094 ac
821 5044 1109 5109 nuptiarum
1140 5057 1348 5095 carona.

630 5122 653 5151 ο
686 5113 944 5183 Dur-endis:
964 5114 1027 5165 ad
1053 5114 1295 5165 maritum
1320 5125 1527 5181 sponste
1551 5113 1778 5180 primum
1803 5114 2127 5183 exemplum,

558 5184 835 5251 legemque
857 5196 886 5233 a
911 5182 1019 5235 Deo
1050 5197 1313 5244 manasse,
1342 5185 1427 5251 qui
1456 5184 1616 5235 Evam
1650 5186 1713 5236 ad
1745 5184 2003 5238 Adamtnn
2035 5184 2132 5240 de-

556 5255 744 5316 duxit,
799 5252 984 5320 probat
1021 5252 1339 5306 Seierianus
1383 5254 1527 5305 hom.
1561 5253 1592 5306 5
1630 5251 1682 5305 in
1717 5254 2084 5307 Hexaemeron
2117 5270 2133 5306 :

560 5327 656 5410 {icti
687 5322 780 5398 ὅρα
807 5324 890 5378 τὸν
922 5322 1089 5410 νόμοὶι·
1124 5329 1269 5376 πᾶσα
1293 5325 1389 5410 γὰρ
1424 5329 1547 5408 φεοῦ
1578 5330 1706 5393 φωνή
1746 5326 1947 5399 ἀρχαία
1974 5327 2136 5377 κανὼν

561 5394 616 5454 ἧν
652 5390 741 5457 τῆξ
780 5390 999 5471 quassis.
1037 5390 1249 5464 Ἠγαγεν
1287 5390 1312 5471 ᾇ
1350 5390 1470 5471 Qui;
1506 5390 1593 5450 τήύ
1632 5390 1853 5465 ’γυναῖάᾶ
1891 5396 2018 5471 πρὸς
2050 5398 2135 5450 τὸν

563 5466 710 5540 ’ῥδᾶμ
742 5462 827 5519 uati
850 5462 1041 5540 ἔμεινεν
1070 5462 1221 5540 vobis
1247 5464 1395 5540 nouo;
1422 5465 1528 5540 Eata
1546 5462 1790 5540 σήμερον,
1814 5470 1902 5521 τὴν
1924 5462 2139 5540 ﬁumina:

565 5531 776 5608 ἆὴεάθαι
795 5543 865 5604 τῷ
883 5531 1047 5608 ἀνδρὶ,
1074 5535 1127 5586 οὐ
1150 5535 1234 5587 τὸν
1257 5531 1411 5608 ἆύδρα
1439 5533 1563 5600 πρὸς
1584 5531 1943 5608 τῇνῖγυναῖκαί
1957 5533 2141 5604 Legem

567 5602 796 5674 ιιικρὶρείε
826 5602 986 5674 amnis
1020 5608 1202 5674 quippe
1231 5602 1438 5671 mitique
1467 5618 1563 5674 uox
1599 5602 1914 5674 Dci'regula
1938 5614 2010 5655 est
2031 5602 2133 5655 'na-

571 5685 711 5725 tura’.
752 5673 905 5725 Duxit
935 5672 1071 5727 Deus
1094 5672 1295 5726 uxorem
1318 5674 1385 5726 ad
1414 5672 1581 5725 Adam
1601 5686 1617 5723 :
1636 5681 1678 5725 et
1704 5683 1869 5727 ntttnct
1897 5672 2017 5725 bodi
2048 5692 2142 5742 que

2230 4625 2528 4683 consularis
2558 4637 2649 4682 aut
2685 4627 3022 4695 praefectiana
3052 4625 3345 4679 dici-batur.
3381 4626 3647 4679 Honorius
3676 4628 3790 4691 imp.

2230 4700 2299 4752 de
2328 4699 2553 4752 diversis
2576 4694 2764 4751 ofliCiis
2793 4704 2849 4752 et
2869 4711 3050 4764 appar.
3085 4714 3097 4747 :
3128 4694 3409 4766 Cujusltbet
3429 4697 3623 4765 judicis
3648 4710 3793 4766 αρμαέ

2231 4770 2447 4832 ritores,
2496 4769 2627 4819 inter
2667 4783 2794 4834 quos
2840 4769 2991 4819 etiam
3038 4765 3388 4834 prtcfertianos
3436 4769 3687 4828 locamus,
3737 4765 3795 4815 ad

2231 4853 2581 4907 quamcunque
2600 4836 2753 4907 aliam
2777 4838 3008 4907 militiam
3036 4834 3112 4888 vel
3134 4835 3415 4907 palatinum
3442 4835 3519 4887 vel
3539 4835 3795 4907 militarem

2232 4904 2561 4973 transierint,
2590 4905 2876 4959 retrahendi
2908 4906 3001 4959 hos
3030 4907 3229 4974 copiam
3258 4905 3360 4957 illis
3388 4920 3515 4973 quos
3545 4904 3797 4957 deseruere

2236 4977 2526 5030 tribuimus.

2310 5046 2330 5083 ι
2372 5048 2529 5100 Orbis
2577 5045 2781 5098 scilicet
2819 5044 3078 5110 Romani,
3121 5054 3240 5111 post
3273 5042 3593 5097 Antoninum
3626 5041 3796 5101 Pium.

2236 5117 2325 5183 qui
2356 5118 2495 5184 quod
2522 5119 2779 5184 Augusto,
2815 5116 2859 5167 si
2893 5116 3040 5167 Dioni
3074 5115 3226 5184 fides.
3258 5115 3515 5184 suadebat
3542 5114 3797 5174 Mecenas,

2237 5202 2296 5241 re
2333 5183 2572 5254 perfecit,
2603 5183 2658 5237 ut
2679 5186 2765 5251 jus
2798 5186 3049 5237 liotnanm
3075 5183 3303 5254 civitatis
3340 5198 3630 5254 Commune
3662 5184 3799 5235 fleret

2238 5252 2485 5309 omnibus
2514 5256 2788 5324 subjectis.
2820 5254 3036 5308 Novella
3062 5255 3128 5306 78
3151 5252 3453 5324 .Instiniani.
3477 5256 3588 5319 Quo
3614 5252 3798 5305 factum

2241 5337 2299 5380 ιιι
2328 5328 2490 5380 ltoma
2524 5323 2629 5379 una
2657 5325 2894 5378 omnium
2924 5325 3089 5390 patria
3121 5332 3174 5377 et
3198 5323 3383 5375 civitas
3410 5335 3551 5377 esset
3577 5340 3592 5373 :
3630 5338 3678 5374 tn
3710 5337 3801 5389 qua

2238 5399 2375 5460 soli,
2405 5397 2549 5465 quod
2587 5397 2661 5448 ait
2706 5394 2991 5465 Sidonius,
3041 5394 3302 5463 peregrini
3351 5400 3800 5465 cvnserentncant

2239 5468 2377 5520 servi
2404 5460 2437 5532 ,'
2462 5468 2511 5520 in
2536 5479 2670 5534 quos
2693 5465 2777 5533 jus
2809 5463 2935 5534 illud
2958 5460 3149 5517 Cadere
3178 5460 3279 5515 ito"
3313 5471 3546 5531 poterat,
3573 5473 3667 5515 aut
3697 5460 3729 5515 [ι
3760 5475 3801 5512 ι·-

2240 5535 2353 5591 bati
2383 5537 2469 5603 qui
2498 5533 2602 5589 non
2632 5535 2885 5603 parebant
2910 5533 3153 5600 imperio.

2315 5616 2338 5653 ε
2374 5607 2426 5658 In
2458 5607 2721 5674 aliquibus
2752 5606 2897 5674 libris
2927 5605 3084 5657 orbis.

2319 5679 2420 5745 ξιξ
2454 5675 2475 5711 ¹¹
2511 5670 2740 5730 Ait-andi
2772 5673 2928 5741 hujus
2960 5673 3189 5732 ortelecti
3221 5673 3457 5727 nrzctorii
3496 5670 3779 5724 Galliarqu
