3910 6172
241 287 342 366 451'

1471 298 1955 356 EPISTOIARUM
1993 297 2036 351 L
2067 298 2122 353 Β.
2167 301 2205 350 1.

3338 306 3440 362 458

238 431 388 490 angat.
411 417 633 484 Namque
669 415 758 470 liTe
778 431 862 485 qm
884 429 989 484 que
1018 413 1258 469 cumulus
1289 413 1488 467 accedit
1521 413 1765 468 laudibus
1794 423 1843 475 Α
1869 411 2075 468 cinctus
2101 409 2340 464 custodia
2371 425 2526 479 quam
2571 421 2831 480 potestate
2865 413 3189 481 discinctus,
3224 430 3439 487 captus.

239 510 556 581 imperatoris,
586 508 727 577 quod
757 522 936 561 amare
965 506 1137 576 palam
1171 507 1294 560 licet
1338 516 1393 560 ct
1419 507 1591 573 capite
1622 507 1772 560 dam-

238 615 385 656 natos.
413 599 616 654 Amicus
646 597 848 652 homini
883 596 976 664 fui,
1007 612 1163 664 supra
1209 612 1367 666 quam
1400 612 1607 651 morum
1654 596 1773 665 ejus

238 692 427 746 farllitas
483 689 818 756 varietasque
885 688 1244 756 patiebantur.
1315 685 1563 741 Testatur
1631 686 1768 755 hoc,

236 791 420 851 propter
447 780 614 848 ipsum
648 777 774 831 mihi
809 791 976 845 nuper
1004 777 1200 830 invidia
1231 777 1482 839 conflata,
1507 776 1664 845 cujus
1683 791 1772 830 me

237 872 366 940 pulo
409 867 746 923 incautiorem
795 867 1006 919 flamma
1054 865 1332 920 detorruit.
1383 865 1489 922 Sed
1533 865 1674 936 quod
1719 867 1770 918 in

235 961 432 1016 amicitia
468 961 613 1024 steti,
646 957 776 1012 milti
821 956 1002 1011 debui.
1048 956 1216 1012 Porro
1257 966 1436 1012 autem
1482 955 1534 1010 in
1584 966 1769 1010 natura

235 1053 308 1108 ille
331 1067 424 1104 non
453 1049 632 1103 habuit
652 1047 980 1116 diligentiam
1011 1047 1423 1116 perseverandi:
1446 1046 1614 1102 libere
1638 1061 1768 1116 que-

234 1159 324 1209 ror,
353 1158 448 1196 non
495 1139 833 1194 insultatorie
859 1155 874 1192 :
903 1139 1023 1208 quia
1057 1138 1292 1192 ﬁdelium
1331 1138 1554 1193 consilia
1591 1137 1770 1207 despi-

235 1236 372 1298 ciens,
417 1232 641 1285 fortuna:
683 1229 966 1284 ludibrium
1013 1243 1109 1300 per
1138 1227 1313 1284 omnia
1345 1228 1443 1282 fuit
1482 1245 1495 1280 :
1538 1230 1769 1296 denique

235 1340 319 1379 non
345 1336 454 1377 cum
481 1318 769 1390 aliquando
805 1318 1089 1382 cecidisse,
1137 1317 1229 1374 sed
1274 1327 1384 1372 tam
1427 1318 1516 1372 diu
1556 1319 1770 1373 stetisse

234 1415 331 1482 plus
371 1414 550 1466 miror.
587 1410 632 1465 Ο
659 1411 866 1478 quoties
896 1424 1037 1478 sa'pe
1073 1410 1184 1478 ipse
1214 1423 1273 1464 se
1300 1409 1521 1464 adversa
1551 1423 1770 1478 perpes-

229 1521 325 1560 sum
349 1487 698 1574 gloriabatur!
743 1516 862 1555 cum
896 1511 1068 1554 tamen
1100 1515 1196 1554 nos
1235 1500 1304 1553 ab
1330 1499 1521 1554 affectu
1551 1499 1768 1568 profun-

227 1597 353 1649 diore
380 1595 636 1649 ruituram
664 1591 778 1661 ejus
809 1590 1127 1663 quandoque
1150 1590 1501 1645 temeritatem
1543 1591 1767 1645 misera-

225 1704 395 1752 mnur,
423 1686 736 1741 definientes
756 1700 862 1739 non
886 1699 1004 1738 esse
1031 1683 1259 1746 felicem,
1283 1681 1374 1751 qui
1401 1682 1500 1736 hoc
1523 1682 1767 1750 frequen-

1875 503 2276 571 destinatusque
2351 503 2594 569 pervenit
2659 504 2880 560 Romam
2930 524 2944 561 :
3002 509 3146 564 illico
3199 519 3440 577 tumens,

1875 593 2016 663 quod
2082 607 2340 664 prospero
2408 607 2567 648 cursu
2625 596 2978 663 procellosum
3041 599 3248 656 Tusciae
3297 603 3444 658 littus

1875 683 2249 752 enavigasset,
2322 692 2574 752 tanquam
2659 685 2761 740 sibi
2836 687 2970 744 bene
3038 691 3255 747 conscio
3330 695 3443 760 ipsa

1873 774 2270 844 quodammodo
2315 775 2584 830 elementa
2629 777 3026 834 famularentur.
3081 781 3137 836 In
3183 782 3444 852 Capitolio

1874 865 2272 921 custodiebatur
2317 865 2386 920 ab
2429 865 2638 936 hospite
2666 877 2692 905 ι
2737 869 2921 925 Flavio
2968 873 3185 937 Asello,
3247 877 3443 932 comite

1873 970 2146 1010 sacrarum
2179 955 2538 1024 largitionum,
2567 959 2654 1026 qui
2686 959 2860 1014 adhuc
2905 961 2957 1016 in
2995 977 3061 1018 eo
3093 964 3444 1022 semifuman-

1874 1054 1979 1099 tem
2023 1045 2349 1114 pracfecturaz
2377 1061 2544 1114 nuper
2567 1056 2788 1102 extorta:
2809 1049 3114 1118 dignitatem
3148 1057 3446 1112 veneraba-

1873 1145 1978 1190 tur.
2014 1137 2214 1190 lnterea
2249 1136 2405 1203 legati
2430 1137 2712 1204 provincia:
2727 1138 2912 1195 Galliae
2939 1141 3233 1199 Tonantius
3262 1145 3289 1184 δ
3314 1147 3444 1202 Fer-

1872 1227 2059 1282 reolus
2086 1227 2474 1296 praefectorius,
2505 1237 2529 1266 ε
2563 1228 2762 1284 Afranii
2785 1229 2992 1300 Syagrii
3017 1235 3251 1290 consulis
3275 1251 3306 1290 e
3336 1237 3442 1294 filia

1864 1332 2066 1386 nepos,
2094 1315 2122 1354 ά
2155 1318 2507 1373 Thaumastus
2532 1335 2743 1389 quoque
2763 1331 2818 1374 et
2865 1322 3169 1392 Petronius,
3212 1329 3443 1383 maxima

1873 1423 2053 1462 rerum
2088 1409 2484 1476 verborumque
2514 1412 2734 1464 scientia
2771 1413 3000 1481 praediti,
3045 1427 3100 1472 et
3129 1419 3266 1472 inter
3296 1421 3443 1488 priu-

1871 1497 2060 1567 cipalia
2094 1499 2277 1566 patriae
2330 1510 2524 1554 nostra:
2553 1501 2598 1553 d-
2620 1516 2744 1555 cora
2777 1505 3026 1572 ponendi,
3060 1509 3312 1576 praevium
3343 1510 3442 1564 Ar-

1872 1591 2100 1645 vandum
2134 1590 2344 1659 publico
2374 1592 2591 1647 nomine
2617 1595 2916 1650 accusituri
2950 1608 2973 1635 °
3014 1614 3136 1656 cum
3167 1607 3328 1674 gestis
3347 1609 3444 1664 (ιο.

1870 1683 2034 1738 cretal
2059 1684 2157 1738 bus
2198 1683 2566 1752 insequuntur.
2615 1684 2714 1750 Qui
2759 1686 2898 1742 inter
2943 1702 3137 1746 caetera
3166 1710 3284 1763 qum
3338 1698 3441 1753 sibi

227 1793 291 1834 ter
332 1781 495 1848 potius
545 1792 704 1841 esse,
759 1790 916 1845 quam
970 1789 1183 1843 semper
1233 1772 1588 1842 judicaretur.
1661 1771 1766 1828 Sed
1798 1779 1843 1838 Β
1873 1772 2224 1841 provinciales
2247 1773 2452 1842 agenda
2477 1773 2876 1842 mandaverant,
2897 1777 3216 1850 interceptas
3239 1787 3442 1844 litteras

223 1870 600 1941 gubernationis
637 1884 748 1923 sua:
779 1868 1023 1922 ordinem
1052 1867 1316 1936 exposcis.
1349 1864 1509 1920 Salva
1539 1864 1663 1919 fidei
1691 1880 1769 1920 re

224 1965 425 2017 verentia
480 1978 604 2032 qua:
668 1961 839 2014 amico
897 1959 1056 2014 etiam
1117 1957 1318 2011 afflicto
1364 1955 1609 2020 debetur,
1656 1970 1767 2010 rem

224 2055 423 2108 breviter
450 2067 741 2122 exponam.
789 2050 1165 2106 Prtefecturam
1208 2048 1430 2117 primam
1457 2049 1771 2117 gubernavit

221 2165 318 2202 cum
371 2162 557 2217 magna
616 2144 1014 2215 popularitate,
1065 2151 1591 2211 consequentemque
1647 2153 1766 2193 cum

222 2241 416 2293 maxima
466 2238 836 2308 populatione.
887 2236 1092 2291 Pariter
1139 2250 1303 2289 onere
1347 2233 1632 2302 depressus
1668 2231 1770 2303 16

222 2334 322 2383 a-ris
349 2331 527 2394 alieni,
564 2339 709 2384 metu
741 2329 1063 2383 creditorum
1096 2340 1442 2382 successuros
1485 2325 1588 2379 sibi
1628 2325 1769 2392 optio

218 2432 360 2474 rantes
433 2419 810 2474 aemulabatur.
897 2416 1144 2471 Omnium
1211 2416 1470 2484 colloquia
1555 2415 1766 2482 ridere,

216 2514 407 2566 tonsilia
437 2512 650 2576 rimari,
695 2511 868 2564 ofﬁcia
915 2519 1282 2574 contemnere,
1316 2509 1422 2578 pati
1470 2507 1538 2562 de
1582 2521 1769 2562 occur-

217 2617 395 2655 rentum
449 2601 678 2656 raritate
731 2601 1128 2668 suspicionem,
1193 2600 1260 2653 de
1328 2598 1641 2652 assiduitate
1693 2596 1770 2649 fa-

214 2697 395 2749 stidium
429 2711 442 2749 :
471 2695 654 2749 donec
691 2693 795 2746 odii
828 2691 1021 2761 publici
1071 2691 1211 2745 mole
1255 2690 1504 2754 vallatus,
1541 2701 1592 2744 et
1624 2690 1770 2758 prius

213 2871 255 2911 et
278 2859 443 2924 iudicii
473 2873 585 2926 quo
616 2854 910 2920 maiestatis
939 2853 1122 2908 Romae
1155 2853 1435 2926 damnatus
1457 2860 1538 2906 est
1568 2851 1634 2906 ab
1659 2849 1773 2926 An.

218 2920 424 2988 tl;en.io,
465 2920 768 2983 meminere
804 2935 1010 2979 veteris
1057 2925 1294 2991 plerique
1345 2920 1770 2992 chronographi,

217 3001 294 3052 sed
321 3001 530 3052 nomine
563 2997 907 3061 interpolato.
936 2994 1319 3055 Cassiodorus,
1351 3009 1580 3062 eumque
1603 2994 1772 3046 secuti

213 3071 450 3123 alarianus
481 3077 540 3122 et
582 3067 914 3120 llermannus
953 3065 1294 3119 Aravundum
1327 3072 1536 3119 vocant.
1581 3063 1772 3117 Paulus

215 3139 444 3193 diaconus
475 3137 847 3199 Servandum;
893 3149 998 3204 quo
1041 3136 1200 3188 etiam
1232 3133 1389 3187 modo
1432 3133 1766 3202 Sigebertm,

215 3212 352 3272 tltbo,
383 3211 666 3264 Conradus
686 3207 848 3259 abbas
873 3219 925 3260 et
950 3206 1038 3258 alii
1067 3222 1081 3257 :
1113 3219 1295 3261 Verum
1321 3220 1512 3258 nomen
1544 3219 1662 3258 cum
1691 3203 1770 3258 itt-

213 3289 338 3347 tegra
371 3281 596 3334 ltismria
628 3277 847 3333 Sidonio
869 3276 1112 3347 debetur.
1147 3345 1198 3347 _A
1253 3344 1291 3347 _
1439 3344 1452 3347 _
1560 3343 1568 3347 _
1652 3343 1683 3347 η
1759 3292 1763 3296 ‘

274 3343 296 3385 ξι
324 3351 417 3418 Qui
451 3352 505 3404 in
531 3349 751 3416 antiqua
776 3346 1116 3418 inscriptione
1133 3345 1222 3418 ΕΙ.
1252 3344 1519 3414 Eugenius
1545 3343 1771 3418 Asellus.

215 3419 307 3475 Hoc
347 3415 599 3489 ietnpnre
643 3415 979 3489 c’omesrerat
1016 3417 1350 3489 largitionum
1387 3431 1401 3468 :
1435 3415 1772 3489 postmodum

214 3485 478 3550 praefectus
514 3489 648 3545 Urbi
682 3487 776 3541 fuit
799 3529 812 3547 ,
843 3488 892 3540 in
922 3501 1092 3553 eoque
1120 3487 1427 3554 magistratu
1459 3486 1509 3538 in
1553 3485 1768 3537 basilica

216 3561 263 3615 ὃ.
302 3562 444 3616 Pauli
493 3575 611 3615 ara:
658 3557 902 3612 maximm
949 3556 1150 3609 tholum
1197 3571 1317 3608 cum
1366 3556 1627 3622 quadrato
1669 3555 1773 3606 cir-

213 3647 315 3684 cum
355 3648 503 3686 aram
548 3629 764 3684 exedra:
805 3627 1006 3682 ambitu
1042 3629 1325 3691 reparavit.
1362 3625 1598 3680 Vidimus
1641 3623 1770 3691 ipsi.

214 3715 316 3753 cum
345 3718 478 3769 opus
517 3700 697 3755 adhuc
738 3707 964 3769 restaret
997 3703 1173 3769 (nunc
1201 3696 1340 3769 enim
1373 3695 1773 3769 eversmn_est),

213 3765 464 3839 sobjectas
510 3768 900 3840 porpltyreticis
928 3766 1393 3840 columnis_bases_
1415 3765 1738 3840 marmori-as
1758 3805 1773 3828 ,

215 3833 354 3906 atiue
379 3845 432 3898 iu
463 3833 555 3898 his
587 3833 736 3896 binas
756 3839 821 3894 ad
849 3848 1132 3906 utruntque
1151 3835 1349 3890 aditum
1382 3835 1463 3890 his
1494 3835 1670 3890 Verbis
1698 3833 1775 3887 in-

215 3924 442 3981 scriptas.

580 3981 686 4038 η.
729 3975 1066 4035 EUGENIUS
1105 3973 1410 4031 ASELLUS

677 4052 741 4106 γ.
780 4049 841 4104 C.
885 4046 1108 4103 PRA‘IF.
1155 4046 1312 4102 UHBI

650 4119 712 4174 V.
755 4120 813 4177 S.
856 4119 894 4174 l.
934 4115 1345 4173 REPARAVIT.

272 4253 298 4290 δ
329 4254 629 4309 Praefectus
651 4251 826 4308 fuerat
856 4250 1088 4322 prtetorii
1113 4248 1426 4305 Galliarum.
1463 4244 1516 4301 ln
1542 4246 1779 4302 carmine

214 4322 583 4395 Propemptico
609 4339 625 4378 :

318 4418 411 4467 Hic
432 4417 568 4466 docti
598 4416 819 4464 invenies
854 4419 1048 4475 patrem
1065 4411 1291 4470 Tonanti,

323 4479 588 4527 Rectorem
609 4474 933 4537 columenque
953 4474 1233 4537 Galliarum,

323 4539 475 4590 Pr;sci
502 4537 790 4588 Ferreolum
803 4607 808 4612 _
821 4536 986 4598 parem
1010 4536 1200 4597 Syagri.

213 4665 307 4719 Sed
331 4666 396 4720 de
422 4664 686 4720 Ferreolo
711 4661 914 4717 Sidonii
937 4659 1095 4714 affine
1119 4658 1265 4726 plura
1284 4656 1348 4710 ad
1383 4656 1658 4724 epistolam
1694 4655 1777 4720 l2,

211 4736 292 4789 lib.
325 4752 416 4791 ru.
453 4735 608 4790 Nu-ic
630 4732 760 4785 satis
783 4733 846 4784 sit
881 4744 1097 4783 monere
1127 4729 1234 4782 falli
1265 4743 1359 4782 eos
1388 4727 1480 4795 qui
1530 4727 1630 4780 hoc
1663 4727 1781 4780 loco

213 4806 530 4860 Tonantium
570 4819 597 4856 a
640 4803 892 4856 Ferreolo
921 4801 1274 4867 distinguunt,
1307 4797 1457 4862 quasi
1498 4796 1603 4849 duo
1635 4796 1737 4850 sint
1762 4836 1777 4860 ,

211 4891 320 4928 cum
341 4878 537 4929 unicus
558 4874 629 4927 sit
646 4872 930 4927 Ferreolus
952 4872 1278 4937 prmtiomine
1297 4867 1618 4924 Tonantius:
1639 4867 1780 4919 sicut

208 4948 457 4999 Afranius
489 4943 745 5016 Syagrius
777 4957 880 4994 non
903 4939 1152 5016 duorum,
1176 4938 1268 5016 sed
1299 4941 1457 5016 unius
1487 4944 1569 5016 est
1596 4937 1774 5005 appel-

210 5017 350 5069 lauo.
377 5007 845 5083 Alioqui'quatuor
872 5009 939 5063 ab
963 5023 1066 5083 una
1092 5007 1368 5083 provincia
1397 5007 1552 5075 legati
1576 5016 1773 5072 essent,

212 5102 323 5138 cum
356 5080 543 5151 plures
571 5080 729 5153 quam
763 5092 942 5136 ternos
968 5080 1103 5133 mitti
1135 5081 1278 5153 leges
1303 5086 1503 5153 vetent.

277 5168 298 5193 ε
333 5148 555 5224 Syagrii
589 5148 935 5224 consulatum
978 5164 1144 5224 quem
1190 5148 1444 5224 Gratiano
1486 5148 1779 5224 imperante

211 5241 323 5278 cum
373 5215 617 5278 'An‘ionio
642 5224 827 5292 gessit,
870 5219 988 5292 fasti
1003 5215 1206 5292 :omnes
1233 5218 1547 5292 loquuntur,
1576 5215 1779 5292 Afranii

207 5309 524 5364 praenomen
553 5287 691 5347 unus
717 5291 888 5364 habet
926 5289 1195 5364 Sidonius.
1244 5287 1395 5364 Quod
1425 5301 1548 5364 vero
1591 5288 1777 5364 Postu-

208 5355 350 5418 inum
395 5363 685 5433 Syagrium
715 5362 766 5414 in
796 5359 1198 5433 commentariis
1227 5358 1339 5411 suis
1378 5355 1608 5433 appellat
1636 5357 1781 5433 Quu-

211 5437 374 5503 frius,
409 5425 541 5488 suo'
563 5432 813 5486 nimirum
846 5444 990 5484 more
1019 5428 1174 5493 facit,
1219 5441 1335 5503 quo
1381 5428 1520 5479 solet
1549 5427 1628 5478 vir
1656 5425 1778 5503 dili-

205 5496 581 5576 gentissimus,
641 5503 857 5576 nomina
896 5515 1020 5576 quae
1068 5496 1258 5576 semel
1285 5498 1336 5551 in
1389 5509 1496 5576 uno
1533 5496 1781 5565 qn0piam

205 5566 505 5646 conjuncta
539 5566 946 5646 me_minerit_,_in
972 5568 1220 5646 omnibus
1259 5566 1512 5646 copulare
1539 5580 1671 5633 quos
1699 5581 1785 5620 eo-

206 5635 324 5701 runi
348 5645 538 5712 aliquo
561 5643 778 5696 allectos
799 5640 1074 5712 videt._Sic
1093 5635 1594 5712 enim_post_a|iquot
1615 5650 1784 5712 annos

205 5707 563 5779 Atticum-qui
584 5714 787 5781 collega
827 5709 931 5764 fuit
957 5707 1198 5777 Caesarii,
1234 5708 1477 5764 Pontium
1513 5707 1783 5776 cognomi-

455 5803 724 5861 PnnOL.
773 5799 867 5858 L‘."
883 5798 980 5858 Ill.

1874 1863 2206 1928 deferebant,
2239 1877 2370 1932 quas
2394 1864 2624 1918 Arvandi
2661 1866 2832 1920 scriba
2850 1879 3130 1940 correptus
3167 1875 3442 1934 dominum

1873 1955 2104 2010 dictasse
2156 1954 2521 2022 profitebatur.
2573 1955 2698 2011 llmc
2748 1959 2813 2011 ad
2857 1957 2875 1996 ί
2919 1976 3097 2031 regem
3146 1965 3440 2025 Gethortuu

1873 2044 2053 2098 charta
2083 2043 2361 2098 vidi-batur
2389 2044 2584 2108 emitti,
2618 2061 2802 2113 pacem
2827 2063 2947 2104 cum
2990 2053 3179 2109 Graeco
3218 2056 3458 2127 impera-‘

1875 2143 1989 2190 tore
2010 2134 2351 2203 dissuadens,
2387 2145 2411 2182 ε
2439 2135 2720 2192 Britannos
2747 2153 2910 2208 super
2937 2141 3164 2212 Ligerim
3194 2148 3326 2204 sitos
3353 2151 3444 2205 itu-

1874 2225 2098 2295 pugnari
2127 2234 2378 2296 oportere
2406 2225 2802 2294 demoostraus,
2830 2228 2858 2269 h
2903 2247 3022 2288 cum
3057 2235 3444 2308 Burgundioni-

1873 2317 1970 2370 bus
1986 2315 2108 2382 jure
2134 2315 2368 2384 gentium
2393 2315 2591 2371 Gallias
2612 2318 2774 2374 dividi
2806 2320 3002 2378 debere
3021 2329 3367 2396 confirmans,
3388 2344 3445 2388 et

1872 2411 1925 2464 in
1976 2411 2119 2464 hunc
2168 2409 2335 2464 ferme
2364 2410 2579 2465 modum
2630 2414 2854 2482 plurima
2907 2417 3112 2484 insana,
3144 2437 3261 2490 qua:
3309 2425 3440 2480 iram

1871 2502 1984 2570 regi
2013 2500 2197 2562 feroci,
2233 2499 2444 2569 placido
2469 2505 2839 2558 verecundiam
2860 2505 3126 2565 inferrent.
3165 2511 3310 2567 Hanc
3331 2516 3444 2583 cpi-

1872 2592 2062 2646 stolam
2110 2591 2254 2645 Lcsae
2290 2593 2388 2662 17
2413 2593 2706 2660 majestatis
2751 2597 2970 2651 crimine
2997 2599 3246 2656 ardenter
3281 2605 3443 2672 juris—

1879 2686 2104 2739 consult}
2149 2684 2655 2753 interpretabantur.
2685 2687 2763 2741 Me
2793 2699 2846 2742 ει
2882 2689 2895 2726 ἰ
2931 2693 3252 2762 Auxanium,
3301 2701 3441 2766 p.rm_

1881 2855 1992 2909 nat,
2041 2842 2163 2912 quia
2205 2843 2450 2898 Pontium
2497 2845 2726 2900 Atticum
2753 2861 2847 2914 per
2872 2862 2932 2901 ea
2981 2858 3218 2914 tempora
3270 2855 3440 2910 virum

1877 2914 2453 2992 clarissimumlegerat
2475 2929 2488 2966 :
2509 2930 2627 2968 cum
2662 2928 2843 2992 tamen
2865 2934 2926 2992 ex
2957 2919 3131 2992 larido
3157 2927 3441 2992 sepulcrali

1876 2987 1965 3054 qui
1999 2985 2423 3056 Rorntcivisilur,
2461 2997 2667 3056 certum
2705 2987 2777 3040 sit
2819 2987 2976 3041 Attici
3025 2989 3178 3056 hujus
3209 2985 3444 3050 consulis

1875 3069 2170 3125 cognomen
2193 3054 2419 3109 Nonium
2453 3054 2638 3121 fuisse,
2668 3071 2772 3111 non
2804 3057 3068 3112 Pontium.
3094 3054 3184 3115 Sic
3211 3072 3264 3117 et
3285 3063 3443 3118 Mari-

1877 3125 2435 3198 nianilAsclepiodori
2453 3126 2702 3198 collegae,
2727 3128 2941 3180 nomina
2960 3131 3310 3198 c0nciunans,
3336 3134 3447 3188 Ru-

1877 3197 2000 3268 fium
2027 3195 2402 3268 Prmtextatttm
2453 3195 2802 3268 bfariuianum
2836 3198 2986 3251 ﬁnxit
3026 3215 3119 3268 pro
3169 3201 3248 3257 ΡΙ.
3288 3195 3445 3260 Avito

1877 3266 2194 3342 glariniano2
2241 3275 2298 3342 u_t
2341 3267 2392 3320 in
2411 3266 2536 3342 filio
2578 3266 3218 3342 martnoreappellatur:
3259 3281 3312 3327 et
3347 3290 3444 3342 p:o

1876 3336 2130 3391 Petronio
2150 3335 2379 3389 Maximo
2408 3335 2609 3389 Sidonii
2635 3337 2827 3401 nostri,
2858 3340 3102 3393 Anicium
3133 3335 3438 3398 Maximum.

1882 3407 2183 3480 Eodemque
2213 3406 2368 3480 modo
2391 3405 2442 3458 itt
2473 3406 2590 3458 aliis
2617 3407 3023 3480 compluribus,
3052 3411 3154 3479 ιθ
3193 3427 3325 3480 quos
3356 3417 3442 3468 hic

1882 3476 2135 3548 persequi
2158 3474 2438 3528 consilium
2478 3489 2584 3529 non
2617 3485 2719 3530 est.
2747 3477 2819 3530 De
2843 3474 3273 3548 Syagrio—a'utem
3295 3483 3445 3539 dice-

1883 3543 1966 3599 tur
1990 3545 2053 3596 ad
2085 3543 2274 3596 librum
2303 3560 2356 3596 ν.

1953 3612 1991 3690 ᾖ
2012 3614 2336 3690 Thaumasto
2357 3611 2681 3690 apollinaris
2715 3612 3173 3690 fratriscribitlib.
3201 3635 3254 3681 v,
3280 3621 3444 3690 epist.

1879 3687 1933 3753 6,
1957 3683 2209 3738 Petronio
2248 3683 2569 3751 Arelatensi,
2597 3693 2653 3738 ut
2681 3699 2826 3755 reor,
2851 3684 3232 3754 jurisconsulto
3260 3683 3351 3746 lili.
3383 3707 3444 3760 n,

1879 3771 1909 3808 ν
1940 3763 1992 3808 et
2024 3769 2134 3807 VIII.

1953 3834 1975 3861 ο
1998 3824 2129 3891 Quae
2159 3822 2555 3888 provincialium
2585 3822 2854 3880 decretum
2881 3825 2948 3882 de
2969 3828 3199 3884 Arvandi
3224 3845 3438 3888 accusa-

1884 3893 2030 3968 tione
2057 3893 2401 3968 continebant
2420 3910 2435 3968 ξ
2445 3893 2590 3968 quod
2613 3893 2746 3968 infra
2778 3897 3096 3968 proviiciale
3117 3901 3439 3968 mandatum,

1885 3965 2071 4033 pagina
2095 3962 2376 4018 decretalis
2405 3963 2600 4018 dicitur
2619 3964 2672 4018 in
2701 3962 2958 4021 concione
2989 3968 3322 4026 Biturirensi.
3347 3962 3444 4028 Le;

1882 4035 1988 4108 gati
2031 4034 2174 4108 enim
2221 4034 2337 4108 sine
2367 4033 2598 4108 civitatis
2637 4045 2730 4088 aut
2768 4037 3051 4108 provincia:
3087 4055 3117 4093 a
3146 4055 3248 4108 qua
3296 4043 3444 4096 missi

1887 4103 2100 4176 ﬁlerunt
2128 4103 2328 4176 decreti
2361 4103 2556 4158 tabulis
2600 4120 2705 4159 non
2736 4103 3107 4161 audiebantur.
3137 4103 3199 4162 IL.
3230 4125 3288 4176 ll,
3319 4112 3442 4167 cod.

1885 4173 2120 4240 Tlteod.,
2148 4174 2214 4228 de
2243 4174 2447 4241 legat‘s.
3245 4195 3247 4197 ί

1926 4312 1938 4325 ι
1960 4242 1989 4325 ί.
2018 4244 2290 4306 Euricum,
2322 4241 2412 4312 qui
2443 4242 2776 4325 Tlteodorieo
2804 4243 2976 4325 fratri,
3003 4245 3067 4325 de
3095 4261 3200 4317 quo
3223 4247 3379 4317 epist.
3411 4250 3447 4304 2

1887 4312 2109 4379 dictum,
2152 4323 2486 4368 successerat
2525 4322 2647 4368 ante
2696 4314 2983 4370 bienniutn.
3011 4312 3229 4370 Graecus
3259 4312 3443 4374 autem

1889 4383 2176 4452 imperator
2196 4398 2418 4452 quocum
2445 4397 2626 4452 pacem
2653 4383 2763 4439 fieri
2789 4386 2998 4438 nolebat
3018 4386 3322 4452 Arvandus,
3341 4405 3444 4443 non

1889 4466 1969 4507 est
1999 4453 2131 4524 Leo,
2151 4453 2241 4521 qui
2272 4457 2450 4524 procul
2480 4469 2508 4506 a
2539 4452 2724 4508 Gothis
2748 4455 2797 4507 in
2820 4455 3036 4508 Oriente
3058 4458 3332 4524 regnabat,
3351 4462 3444 4515 sed

1766 4515 1776 4537 ¹
1813 4515 1862 4574 D
1889 4515 2225 4598 Anthemius,
2263 4515 2365 4598 hui
2399 4523 2618 4598 Romam
2643 4538 2672 4577 e
2699 4524 2909 4598 Graecia
2943 4515 3182 4598 venerat,
3221 4515 3448 4598 ideoque

1885 4593 2228 4666 abmArjvando
2256 4592 2473 4666 Graccus
2504 4594 2632 4658 imp.
2667 4607 2761 4666 per
2786 4593 3080 4666 ludibrium,
3111 4592 3373 4666 vocatur,
3393 4610 3449 4655 ut

1885 4663 2210 4786 Ellicimere
2258 4661 2442 4718 Galata
2477 4672 2532 4716 et
2557 4662 2832 4718 tiraaculus
2866 4665 3004 4732 apud
3051 4661 3355 4722 Eunodium'
3393 4672 3446 4726 in

1901 4748 2018 4786 uno
2041 4747 2201 4785 tanto.

1901 4747 2201 4785 διηυιιθηιο.

1946 4748 1979 4784 n
2024 4748 2052 4783 n
2093 4748 2144 4784 nt
2187 4771 2201 4784 .

1932 4748 2423 4875 1atpAfttnciricos.Ne
2451 4801 2568 4875 quis
2588 4800 2653 4875 de
2677 4801 2946 4875 Britannia
2973 4801 3141 4858 insula
3167 4807 3445 4875 cog'taret,

1882 4880 2062 4945 notam
2117 4872 2314 4938 adjecit
2360 4887 2472 4945 qua
2505 4872 2768 4945 Britones
2835 4872 3067 4945 Gallicos
3117 4872 3446 4945 designavit.

1887 4940 2546 5014 llorum,cumscripser_it
2569 4941 2840 5014 Sidonius,
2864 4959 2954 4998 rex
2985 4943 3080 5014 fuit
3111 4940 3410 5002 Riotliimus
3430 4990 3447 5014 ,

1886 5011 1933 5082 is
1958 5027 2114 5080 quem
2145 5013 2388 5074 Euricus,
2413 5018 2476 5082 ut,
2494 5011 2787 5066 Jornandes
2807 5011 2862 5066 in
2885 5013 3082 5067 Geticis
3113 5025 3313 5082 narrat,
3335 5011 3450 5071 An;

1886 5081 2087 5162 themio
2110 5086 2246 5151 Aug.
2275 5081 2544 5150 suppetiis
2574 5081 2834 5137 ferentem
2874 5082 2942 5137 ad
2988 5083 3244 5139 Bituricas
3273 5081 3453 5156 profli-

1920 5165 1944 5200 τι
1989 5159 1998 5162 ⁷
2036 5189 2047 5202 ο

1884 5165 1921 5300 ἶ
1954 5159 2789 5300 itumBritanni_.itt.Ar‘mot-icis,
2829 5223 2928 5300 sic__
2954 5222 3354 5300 Burgundiones
3395 5226 3448 5278 in

1888 5288 2148 5360 Sequanis
2171 5296 2224 5344 et
2253 5288 2490 5343 ﬁnitimis
2527 5290 2714 5346 Galliae
2751 5293 2960 5360 populis
3001 5288 3156 5348 sedes
3201 5293 3448 5349 ﬁxerant.

1889 5359 1998 5413 Rex
2023 5370 2219 5433 autem
2240 5360 2446 5433 illorum
2471 5359 2844 5433 hoc_te_mp0re
2867 5360 3206 5424 Gundeucus,
3239 5363 3448 5433 opinor,

1892 5443 1985 5506 seu
2012 5428 2359 5506 Gunduicius,
2386 5428 2725 5486 Gundobaldi
2748 5441 2801 5506 et
2825 5432 3044 5506 fratrum
3077 5428 3291 5506 parens;

1964 5499 1980 5536 ί
2017 5499 2359 5553 Prmfectorio
2382 5508 2532 5568 patre
2555 5513 2733 5554 natum
2757 5500 2986 5555 Arvandi
3015 5499 3194 5554 verbis
3210 5515 3331 5555 mox
3355 5501 3453 5558 do-

1886 5569 2046 5642 cebit.
2095 5569 2197 5642 Sed
2242 5569 2510 5642 Auxanius
2548 5571 2602 5642 in
2633 5569 2798 5642 Gallia
2834 5575 3028 5642 praeter
3058 5568 3197 5625 hunc
3223 5573 3455 5642 insignes

1887 5637 2021 5711 duos
2051 5638 2236 5711 eadem
2269 5639 2620 5711 mtas‘habuit.
2659 5641 2828 5711 Unum
2854 5637 3182 5711 episcopum,
3215 5645 3302 5711 qui
3330 5637 3454 5698 cum

1888 5708 2083 5765 Fausto
2136 5708 2351 5764 Reivnsi
2394 5709 2616 5766 Romam
2666 5709 2731 5765 de
2787 5707 3053 5764 llermetis
3098 5707 3456 5770 Narbonensis

2951 5799 3026 5860 15
