3910 6172
412 305 514 361 859

1664 300 1906 356 SlDONll
1952 299 2392 358 APOLLINARlS

3558 300 3652 353 46)

413 416 795 474 stantissimum
841 416 1040 480 virum,
1090 423 1341 470 tractatus
1373 415 1472 470 iste
1521 429 1626 468 non
1667 414 1840 478 latuit,
1890 415 1978 483 qui
2005 418 2055 476 Α
2092 425 2145 468 ut
2177 416 2340 468 muris
2369 423 2470 478 est,
2496 428 2522 467 c
2547 411 2760 481 regione
2787 412 3106 467 consistunt.
3131 411 3362 468 Ol'fertur
3381 412 3638 481 praui-ctu-

413 507 644 562 Arvandi
695 506 986 570 amicitias,
1018 521 1231 575 quoquo
1279 519 1474 575 genere
1521 505 1786 568 incursas,
1839 504 1979 560 inter

413 599 578 664 ipsius
607 598 828 653 adversa
859 596 1047 661 vitare,
1084 596 1358 664 perfidum,
1393 597 1699 663 barbarum,
1727 597 1976 667 ignavum

413 687 869 759 computabamus.
899 688 1195 742 Deferimus
1238 688 1394 757 igitur
1425 687 1555 742 nihil
1585 689 1686 742 tale
1716 689 1973 744 metuenti

414 790 440 819 α
473 791 634 836 tutam
667 781 1065 849 perimachiam,
1091 794 1246 848 quam
1270 793 1476 833 summo
1496 778 1721 834 artificio
1752 795 1904 834 acres
1925 786 1980 834 et

415 873 642 928 flammei
663 872 762 926 viri
781 873 1026 926 occulere
1049 873 1099 924 in
1124 877 1330 939 tempus
1346 869 1531 940 judicii
1555 870 1976 926 meditabantur:

413 966 622 1021 scilicet
662 975 718 1018 ut
746 962 1105 1020 adversarium
1137 962 1431 1029 incautum,
1464 972 1515 1017 et
1557 963 1796 1018 consiliis
1825 963 1981 1017 soda-

414 1056 543 1110 lium
574 1054 866 1123 repudialis
888 1054 988 1110 sibi
1017 1053 1112 1107 soli
1138 1061 1341 1108 temere
1365 1052 1618 1108 fidentem
1652 1053 1983 1124 professione

415 1146 659 1215 responsi
692 1144 973 1212 praecipitis
1015 1143 1371 1198 involverent.
1401 1143 1632 1198 Dicimus
1671 1159 1828 1214 ergo,
1861 1144 1984 1212 quid

415 1235 591 1303 nobis,
640 1236 766 1305 quid
804 1236 993 1290 amicis
1039 1235 1416 1291 secretioribus
1475 1245 1642 1291 tutum
1691 1247 1981 1306 putaretur.

415 1328 710 1385 Suademus
736 1327 807 1382 nil
837 1327 986 1396 quasi
1008 1327 1126 1382 leve
1152 1327 1455 1396 fatendum,
1487 1329 1529 1382 si
1559 1328 1684 1398 quid
1713 1329 1778 1382 ab
1810 1329 1984 1383 inimi-

415 1421 492 1475 cis
516 1420 673 1474 etiam
704 1419 1087 1486 prolevissimo
1113 1419 1476 1488 ﬂagitaretur:
1508 1421 1675 1490 ipsam
1708 1421 1850 1474 illam
1875 1421 1984 1475 dis-

417 1511 812 1566 simulationem
841 1509 1304 1565 tribulosissimam
1339 1510 1472 1577 fore,
1504 1527 1608 1581 quo
1639 1511 1848 1566 facilius
1869 1528 1988 1581 per-

415 1602 683 1658 suasion's
715 1603 1053 1656 securitatem
1087 1600 1359 1657 inferrent.
1388 1601 1592 1668 Quibus
1621 1601 1830 1672 agnitis,
1865 1619 1988 1672 prn-

417 1696 542 1766 ripit
591 1709 748 1759 sese;
796 1702 958 1764 atque
1004 1695 1054 1746 in
1104 1694 1343 1749 convicia
1385 1695 1559 1750 subita
1590 1709 1984 1764 prorumpens:

2089 508 2214 570 riis,
2246 515 2368 560 ante
2392 504 2769 573 propositionis
2817 503 3116 570 exordium,
3154 506 3239 578 jus
3265 506 3507 560 sedendi.
3559 508 3646 558 Ar-

2091 597 2293 651 vandus
2314 596 2423 666 jam
2471 605 2593 650 tunc
2639 596 2838 652 infelici
2870 597 3194 667 impudentia
3233 599 3442 652 concito
3470 613 3651 666 gressu

2089 689 2280 745 mediis
2322 704 2485 760 prope
2523 689 2759 756 judrum
2793 689 2997 745 sinibus
3027 689 3301 760 ingeritur.
3333 693 3650 758 Ferreolus,

2087 780 2602 850 circumsistentibus
2632 779 2795 834 latera
2827 780 3068 851 collegis,
3114 782 3414 837 verecunde
3434 797 3496 837 ac
3526 783 3653 837 leni-

2089 881 2170 926 ter
2193 872 2244 926 in
2277 873 2386 926 imo
2424 871 2800 926 subselliorum
2842 872 3021 942 capite
3059 871 3321 931 consedit.
3352 873 3422 926 ita
3463 880 3519 926 ut
3552 888 3653 926 non

2089 966 2265 1018 minus
2290 964 2520 1034 legatum
2561 979 2621 1019 se
2649 979 2804 1032 quam
2834 974 3136 1020 senato'em
3178 967 3654 1022 reminisceretur:
3693 987 3698 990 ‘

2095 1056 2211 1124 plus
2231 1056 2299 1110 ob
2317 1056 2417 1110 hoc
2447 1064 2627 1125 postea
2653 1054 2898 1110 laudatus
2921 1056 3339 1126 honoratusque.
3370 1057 3501 1111 Dum
3518 1058 3653 1125 haec,

2088 1157 2142 1202 et
2189 1149 2282 1218 qui
2324 1161 2603 1216 procerum
2642 1147 2941 1214 defuerant,
2980 1148 3282 1212 adfuerunt,
3329 1160 3657 1220 consurgunt

2091 1248 2287 1305 partes,
2321 1237 2585 1307 legatique
2613 1246 2932 1306 proponunt.
2983 1237 3240 1305 Epistola,
3275 1248 3391 1307 post
3437 1238 3654 1308 provin-

2088 1327 2220 1381 ciale
2243 1327 2549 1382 mandatum
2569 1327 2721 1396 cujus
2745 1343 2904 1396 supra
2934 1327 3134 1381 mentio
3155 1326 3291 1381 facta
3319 1337 3420 1396 est,
3452 1329 3657 1399 profer-

2091 1428 2212 1476 tur:
2251 1430 2408 1488 atque
2456 1434 2576 1474 cum
2609 1421 2807 1473 sensim
2856 1421 3191 1485 ri'citaretur,
3224 1421 3502 1475 Arvandus
3533 1436 3657 1476 nec-

2090 1511 2212 1564 dum
2244 1510 2599 1580 interrogatus
2625 1524 2685 1565 se
2715 1511 2943 1564 dictasse
2971 1511 3279 1578 proclamat.
3312 1511 3658 1580 ReSpondere

2091 1602 2269 1669 legati,
2292 1615 2592 1671 quanquam
2621 1600 2772 1655 valde
2797 1602 3037 1669 nequiter
3071 1610 3342 1657 onustarct
3373 1603 3511 1672 quod
3547 1605 3660 1672 ipse

2091 1693 2362 1749 dictasset.
2395 1698 2463 1750 At
2489 1695 2578 1750 ubi
2607 1709 2665 1748 se
2705 1693 2882 1749 furens
2913 1694 3020 1759 ille,
3059 1707 3418 1763 quantumque
3443 1697 3662 1750 caderet

416 1785 574 1842 Abite
605 1785 916 1856 degeneres,
947 1785 1138 1856 inquit,
1179 1793 1232 1839 et
1261 1785 1612 1854 prrefectoriis
1639 1787 1876 1856 patribus
1897 1789 1979 1839 in«
2013 1781 2058 1843 Β
2089 1785 2322 1852 ignarus,
2355 1786 2435 1840 bis
2477 1794 2664 1854 terque
2695 1801 2803 1854 rep:
2827 1785 2919 1840 tita
2957 1785 3293 1841 confessione
3335 1786 3660 1851 transfodit,
3705 1811 3720 1819 -

417 1879 602 1948 digni,
636 1893 755 1932 cum
804 1881 902 1933 hac
954 1877 1336 1947 superforanea
1381 1879 1770 1948 trepidatione:
1811 1880 1941 1934 mihi
1969 1923 1982 1946 ,

418 1973 544 2041 quia
568 1970 694 2025 nihil
742 1969 1054 2038 intelligitis,
1095 1969 1232 2024 hanc
1262 1969 1460 2039 negotii
1481 1981 1688 2039 partem
1715 1971 1870 2026 sinite
1895 1987 1988 2026 cu-

398 2065 662 2120 'randam.
694 2063 833 2116 Satis
876 2062 1126 2116 Arvando
1163 2063 1484 2117 conscientia
1506 2076 1600 2117 Sua
1630 2064 1860 2118 sufficit:
1896 2065 1982 2117 vix

419 2155 548 2210 il'ud
578 2153 1153 2222 dignaboradmittere,
1179 2159 1237 2206 ut
1256 2153 1500 2207 advocati
1529 2153 1655 2207 mihi
1680 2154 1731 2208 in
1762 2153 1985 2208 actioni-

329 2297 334 2301 .
422 2245 520 2300 bus
550 2244 959 2315 repetundarum
985 2244 1404 2312 patrocinentur.
1433 2244 1762 2299 Diseedimus
1784 2247 1981 2311 tristes,

419 2348 610 2392 etnon
649 2337 819 2406 magis
867 2335 1058 2404 injuria
1097 2350 1254 2404 quam
1304 2349 1537 2391 mcerore
1585 2336 1822 2390 confusi:
1869 2337 1988 2405 quis

419 2426 560 2484 enim
594 2427 920 2482 medicorum
943 2427 1063 2495 jure
1090 2433 1383 2494 moveatur,
1418 2427 1626 2497 quoties
1648 2427 1987 2496 desperatum

421 2518 566 2572 furor
601 2517 864 2586 arripiat?
894 2517 1036 2571 Inter
1065 2517 1179 2571 hinc
1208 2531 1331 2572 reus
1360 2528 1544 2572 noster
1565 2532 1744 2572 aream
1776 2518 1990 2588 Capito-

420 2607 578 2662 linam
612 2621 928 2677 percurrere
967 2607 1212 2661 albatus:
1257 2607 1417 2662 modo
1446 2607 1686 2662 subdolis
1716 2608 1990 2662 salutatio-

421 2700 574 2755 nibus
621 2697 788 2770 pasci,
821 2699 981 2754 modo
1022 2707 1304 2766 crepantes
1331 2698 1693 2753 adulationqu
1731 2700 1899 2754 bullas
1932 2707 1989 2754 ut

419 2804 804 2860 recognoscens
833 2789 1067 2844 libenter
1108 2790 1312 2852 audire,
1356 2791 1458 2860 18
1501 2790 1659 2845 modo
1705 2791 1903 2856 serica,
1935 2799 1990 2846 et

419 2896 677 2954 gemmas,
705 2892 760 2938 et
784 2883 1010 2950 pretiosa
1042 2896 1264 2951 quaeque
1296 2883 1665 2949 trapezitarum
1716 2866 1987 2936 involucra

421 2973 623 3038 rimari,
657 2981 709 3026 et
730 2970 883 3041 quasi
906 2980 1238 3026 mercaturus
1279 2970 1563 3041 inspicere,
1593 2985 1868 3040 prensare,
1898 2971 1989 3024 dc-

419 3063 671 3132 pretiare.
701 3059 1008 3124 devolvere,
1038 3068 1092 3114 et
1111 3059 1249 3114 inter
1269 3059 1529 3128 agendum
1569 3060 1787 3112 multum
1813 3060 1881 3114 de
1906 3061 1983 3115 le-

421 3153 590 3224 gibus,
622 3150 690 3206 de
720 3147 1073 3217 temporibus,
1106 3147 1171 3202 de
1201 3155 1414 3214 senatu,
1446 3149 1518 3202 de
1549 3148 1784 3218 principe
1814 3152 1983 3220 queri,
2014 3151 2057 3211 C

420 3241 562 3312 quod
593 3255 651 3296 se
692 3255 798 3294 non
829 3237 1135 3308 priusquam
1185 3238 1535 3304 discuterent,
1582 3238 1983 3295 ulciscerentur.

422 3333 578 3388 l‘auci
601 3331 758 3387 medii
772 3330 912 3397 dies;
932 3330 976 3386 it
994 3332 1046 3386 in
1081 3330 1442 3385 tractatorium
1466 3331 1715 3401 frequens
1738 3345 1983 3399 senatus;

422 3425 499 3479 sic
522 3434 646 3494 post
673 3422 908 3492 comperi
937 3440 948 3475 :
994 3417 1118 3476 nam
1148 3423 1289 3476 inter
1331 3421 1428 3477 ista
1454 3422 1824 3481 discesseram.
1857 3425 1987 3478 Pro-

422 3516 560 3570 cedit
600 3523 781 3568 nostcr
810 3512 874 3566 ad
905 3514 1106 3568 curiam
1136 3512 1292 3579 paulo
1326 3522 1448 3568 ante
1472 3512 1725 3568 detonsus
1745 3517 1984 3584 pumica-

421 3619 631 3676 tusque,
661 3621 780 3661 cum
799 3614 1138 3659 accusatores
1169 3603 1492 3673 semipullati
1513 3613 1670 3682 atque
1714 3608 1947 3660 concreti
1967 3648 1979 3669 ,

419 3697 733 3755 nuntiosba
762 3695 1079 3751 decemviris
1122 3695 1478 3764 operirentur,
1525 3705 1579 3751 et
1618 3697 1683 3751 ab
1728 3697 1985 3751 industria

420 3790 644 3860 squa'idi
673 3788 1070 3856 pneripuissent
1092 3800 1183 3840 reo
1206 3786 1436 3842 debitam
1459 3787 1858 3843 miserationem
1889 3791 1988 3843 sub

422 3880 619 3937 invidia
650 3877 1062 3933 sordidatorum.
1095 3876 1253 3932 Citati
1292 3875 1751 3944 intromittuntur;
1786 3889 1985 3948 partes,

419 4031 580 4072 causa
609 4014 813 4083 legatus
845 4009 1008 4083 llilari
1027 4023 1186 4083 papa:
1209 4008 1413 4083 synodo
1443 4009 1700 4083 interfuit,
1731 4018 1792 4083 ut
1816 4009 1980 4083 llilari

420 4079 962 4158 epistolie'testantur.
980 4079 1217 4133 Alterum
1234 4080 1500 4158 abbatem,
1525 4079 1795 4158 Sidoniani
1822 4081 1983 4158 Abra-

419 4147 499 4213 hic
523 4156 658 4225 apud
685 4156 953 4225 Arvernos
969 4163 1362 4204 successorem:
1386 4149 1452 4203 de
1471 4162 1576 4216 quo
1595 4147 1685 4201 lib.
1713 4161 1804 4212 vn,
1821 4147 1976 4214 epist.

419 4230 485 4285 17
516 4224 580 4282 ad
612 4224 972 4280 Volusianum.

491 4308 515 4334 δ
539 4297 729 4349 Totum
763 4296 1025 4356 suscepta:
1071 4285 1426 4356 accusationis
1467 4283 1706 4339 ordinem
1738 4296 1790 4339 et
1819 4299 1981 4352 appa-

417 4379 613 4422 ratum.
643 4365 823 4432 Legati
853 4355 1014 4432 enim,
1049 4372 1169 4432 cum
1215 4355 1411 4432 duplici
1440 4356 1654 4432 actione
1674 4356 1978 4432 Arvandum

2096 1877 2196 1946 19
2226 1875 2548 1930 acclamatur
2590 1876 2655 1932 ab
2689 1877 3106 1938 accusatoribus,
3132 1876 3496 1931 conclamatur
3517 1892 3548 1930 a
3573 1877 3667 1946 ju-

2090 1966 2323 2034 dicibus,
2369 1983 2520 2023 reum
2552 1967 2691 2022 lazsaa
2737 1968 3032 2037 majestatis
3075 1969 3416 2024 confitentem
3465 1970 3666 2024 teneri.

2089 2058 2168 2114 Ad
2197 2059 2316 2123 hoc,
2350 2068 2403 2115 et
2430 2061 2662 2114 millibus
2693 2059 3036 2114 formularum
3076 2061 3210 2129 juris
3248 2060 3297 2114 id
3330 2061 3671 2115 sancientum

2083 2151 2443 2221 jugulabatur.
2458 2151 2591 2204 Tum
2609 2151 2819 2205 demum
2848 2150 3142 2205 laboriosus
3162 2150 3308 2204 tarda
3329 2151 3671 2220 pmnituJiue

2091 2243 2424 2311 loquacitatis
2451 2242 2779 2310 impalluisse
2814 2241 3143 2310 perhibetur,
3179 2243 3306 2297 sero
3329 2257 3672 2312 cognoscens

2085 2350 2247 2404 posse
2270 2351 2417 2388 rettm
2450 2333 2744 2403 maiestatis
2768 2335 3094 2404 pronuntiari
3119 2335 3278 2390 e;i..m
3305 2349 3427 2390 eum
3449 2335 3543 2403 qui
3564 2350 3674 2389 non

2090 2425 2393 2480 affectasset
2437 2425 2674 2480 habitum
2722 2434 3151 2496 purpuratorum.
3189 2425 3484 2481 Confestim
3511 2426 3682 2495 privi-

2092 2515 2242 2584 legiis
2271 2516 2500 2586 gemina:
2521 2514 2883 2584 prmfectnrm,
2916 2531 3072 2584 quam
3104 2530 3199 2584 per
3237 2516 3675 2586 quinquennium

2090 2607 2328 2677 repetitis
2371 2607 2602 2662 fascibus
2645 2617 2898 2675 rexerat,
2943 2617 3319 2674 exauguratus,
3351 2616 3404 2662 et
3445 2608 3676 2677 plebeim

2092 2699 2302 2753 familia:
2326 2714 2429 2752 non
2459 2708 2515 2753 ut
2555 2699 2789 2767 additus,
2813 2698 2907 2754 sed
2938 2706 2995 2753 ut
3023 2698 3284 2766 redditus,
3317 2698 3531 2767 publico
3555 2713 3676 2753 car-

2089 2790 2197 2843 ceri
2246 2789 2581 2858 adjudicatus
2621 2799 2723 2844 est.
2769 2788 2903 2843 lllud
2953 2803 3081 2844 sane
3110 2789 3676 2853 :erumnosissimum,

2089 2881 2226 2936 sicut
2250 2895 2538 2936 narravere
2559 2881 2646 2950 qui
2665 2879 2936 2946 viderant,
2961 2880 3100 2950 quod
3119 2881 3241 2950 quia
3272 2895 3328 2935 sc
3351 2880 3448 2934 sub
3478 2881 3679 2934 atratis

2091 2982 2490 3037 accusatoribus
2529 2988 2847 3037 exornatum
2898 2980 3007 3049 ille,
3042 2981 3370 3050 politumque
3393 2980 3679 3049 iudicibus
3761 3054 3773 3062 .

2093 3082 2365 3145 intulerat,
2396 3080 2554 3151 paulo
2582 3089 2700 3150 post
2727 3096 2846 3134 cum
2874 3080 3162 3136 duceretur
3185 3079 3452 3147 addictus,
3478 3080 3674 3147 miser,

2090 3199 2188 3240 nec
2214 3181 2530 3238 miserabilis
2554 3193 2690 3238 erat.
2707 3184 2836 3247 Quis
2853 3182 2994 3236 enim
3017 3197 3178 3249 super
3199 3192 3340 3236 statu
3362 3182 3482 3252 ejus
3509 3184 3681 3239 nimis

2090 3283 2472 3344 inﬂecteretur,
2501 3296 2658 3350 quem
2692 3279 2895 3335 videret
2923 3291 3227 3336 accuratum
3259 3281 3683 3350 delibutumque

2091 3381 2320 3436 latomiis
2349 3391 2436 3434 aut
2465 3381 2732 3448 ergastufo
2762 3379 2984 3434 inferri?
3014 3380 3117 3436 Sed
3149 3389 3204 3435 et
3224 3381 3429 3450 judicio
3463 3382 3553 3438 vix
3579 3398 3680 3453 per

2089 3479 2472 3535 hcbdomadem
2506 3478 2768 3547 duplicem
2799 3480 3296 3547 comperendinato,
3319 3481 3498 3550 capite
3529 3485 3682 3538 mul-

2091 3591 2250 3646 tatus,
2275 3581 2329 3635 in
2356 3590 2377 3619 ο
2402 3580 2626 3634 insulam
2653 3579 2926 3648 conjectus
2948 3588 3031 3635 est
3055 3580 3321 3649 serpentis
3345 3581 3635 3652 Epidaurii
3664 3602 3681 3638 :

2093 3682 2180 3735 ubi
2213 3694 2381 3748 usque
2407 3679 2470 3732 ad
2505 3679 2837 3733 inirnicomm
2860 3678 3100 3733 dolorem
3128 3679 3541 3748 devenustatus,
3568 3695 3626 3739 et
3650 3700 3683 3742 a

2095 3784 2252 3838 rebus
2281 3782 2524 3837 humanis
2554 3781 2714 3837 veluti
2743 3783 2944 3837 vomitu
2973 3781 3199 3836 fortuna:
3229 3785 3547 3839 nauseantis
3577 3800 3683 3841 ex-

2095 3892 2301 3951 sputus,
2335 3898 2475 3937 nunc
2495 3878 2519 3917 δ
2550 3897 2615 3936 ex
2644 3890 2824 3936 vetere
2873 3881 3333 3937 senatusconsulto
3373 3880 3687 3942 Tiberiano

2089 4012 2222 4064 dens
2269 4011 2622 4080 Hieronymus
2667 4011 2926 4066 adversus
2955 4009 3298 4081 Vigilantium
3323 4051 3338 4076 ,
3373 4011 3686 4070 Senatorire

2087 4081 2314 4133 rideh’cet
2343 4082 2604 4150 dignitatis
2633 4092 2767 4143 sunt,
2800 4081 2993 4146 inquit,
3016 4091 3186 4135 utnon
3216 4082 3349 4134 inter
3376 4081 3684 4140 homicidas

2089 4152 2340 4219 teterrima
2371 4157 2587 4212 carcere,
2617 4150 2704 4204 sed
2731 4153 2783 4204 in
2812 4150 2971 4203 libera
2992 4150 3296 4219 honesteque
3325 4154 3594 4216 citstodia,
3628 4160 3684 4210 in

2090 4217 2496 4273 Fortunatorum
2519 4223 2624 4274 insz.
2637 4222 2715 4281 lis,
2734 4232 2780 4273 et
2803 4221 2854 4273 in
2873 4220 3079 4288 Campis
3103 4217 3290 4289 Elysiis
3307 4222 3621 4276 recludunt“
3634 4245 3685 4279 r.

2089 4289 2213 4342 Post
2239 4289 2353 4343 haec
2391 4301 2666 4345 com-serto
2701 4291 2808 4359 jam
2836 4291 3059 4345 crimine
3089 4291 3303 4359 publico
3333 4295 3548 4346 carceri
3581 4297 3682 4347 ad-

2088 4359 2299 4432 dicitur.
2339 4359 2624 4414 Vcnuleius
2651 4362 2704 4414 tl.
2735 4360 2878 4432 cod.,
2921 4362 2956 4414 Ι.
2988 4359 3058 4432 5:
3093 4361 3154 4432 Si
3202 4360 3470 4432 cauimus
3511 4365 3689 4432 fuerit

418 4436 630 4505 aggredi
657 4423 870 4505 lic‘cret,
891 4427 1182 4505 majestatis
1208 4425 1278 4479 ob
1300 4426 1591 4505 litterasad
1618 4425 1863 4505 Euricunt
1887 4427 1980 4479 da-
2008 4423 2060 4482 D
2086 4445 2218 4505 (rus,
2244 4430 2402 4505 donec
2431 4432 2573 4505 deeo
2604 4431 2958 4505 prenuntietur
2985 4431 3038 4505 in
3069 4431 3272 4483 vincula
3300 4423 3692 4505 public-tiron-

421 4493 519 4566 tas,
544 4513 600 4555 et
619 4493 1027 4569 repetundarum
1049 4497 1119 4551 ob
1141 4506 1294 4549 notas
1317 4495 1624 4569 posterioris
1655 4493 1980 4569 prinfecturte

419 4564 786 4641 populatio-nes
810 4570 1021 4641 ;solam
1045 4569 1182 4641 hanc
1211 4581 1319 4636 prie
1347 4580 1408 4641 se
1427 4564 1798 4641 ferebant,_de_
1816 4567 1979 4641 maje-

418 4634 556 4696 state
604 4639 778 4692 studio
824 4634 1249 4701 dissimulabant,
1297 4644 1354 4690 ut
1396 4634 1664 4688 incautum
1699 4636 1752 4687 in
1781 4634 1978 4704 judicio

418 4715 840 4778 imperatumque
865 4708 1248 4778 npprimerent.

356 4790 362 4798 '
487 4773 514 4818 Β
538 4776 760 4845 Quidam
784 4773 1062 4842 legendum
1083 4775 1372 4844 conjiciunt
1391 4789 1420 4825 a
1439 4773 1800 4845 quinqueuv’ris
1817 4773 1973 4845 :_qn_ia

418 4842 624 4906 Scilicet
654 4847 718 4900 de
743 4852 913 4910 capite
939 4842 1199 4895 senatoris
1231 4859 1348 4894 ('Ulll
1381 4842 1628 4908 praefecto
1653 4843 1808 4896 Urbis
1834 4843 1975 4909 judi-

418 4921 610 4973 cabant
632 4917 861 4982 quinque
887 4921 1160 4982 senatores
1191 4921 1336 4982 sorte
1361 4914 1522 4976 dueti,
1549 4929 1609 4965 ex
1643 4914 1758 4980 leg:
1790 4912 1972 4966 ultima

417 4991 538 5041 cod.
571 4979 789 5038 'l‘heodf
810 4984 904 5052 17
943 4981 1008 5052 de
1038 4979 1442 5052 Jurisdictione,
1489 4983 1617 5052 etl.
1646 4979 1736 5034 nit
1783 4981 1851 5036 de
1894 4995 1973 5037 ac-

415 5054 792 5111 cusationibus.
813 5050 974 5117 Quod
997 5062 1126 5103 sane
1161 5056 1279 5116 post
1307 5051 1509 5104 Sidonii
1550 5051 1708 5105 etiam
1734 5060 1971 5116 tempora

417 5129 776 5187 observatum,
828 5118 1306 5188 proditrjudicium
1357 5119 1534 5172 Basilii
1577 5128 1630 5173 et
1672 5120 1974 5174 Praetextati

417 5196 558 5264 apud
609 5187 980 5264 CassiodOrum
1009 5187 1044 5258 4
1075 5187 1367 5264 Variarum.
1397 5189 1500 5243 Sed
1553 5189 1606 5243 in
1651 5187 1975 5244 decemviris

417 5258 518 5322 hoc
545 5267 659 5318 loco
683 5262 797 5315 libri
820 5271 1004 5312 omnes
1027 5258 1382 5311 consentiunt.
1450 5294 1457 5301 .

413 5343 415 5347 '
492 5347 514 5376 ε
541 5330 850 5398 Ᾱῐερυιςιρίἰ.
875 5327 1090 5398 Triplex
1113 5327 1290 5398 itaque
1317 5327 1368 5380 in
1397 5327 1497 5382 hoc
1515 5325 1718 5395 judicio
1742 5327 1974 5398 Arvandi

417 5406 676 5462 custodia.
721 5396 951 5456 Primum
973 5397 1113 5450 enim
1147 5396 1325 5448 liberte
1352 5400 1610 5450 custodire
1631 5397 1852 5449 traditur
1880 5397 1974 5449 ho-

417 5480 541 5543 spiti
567 5475 775 5530 Asello:
804 5467 942 5538 quod
967 5464 1194 5543 hominis
1220 5463 1462 5543 dignitati
1501 5465 1972 5543 tributum_estju-

417 5531 558 5602 dicio
582 5531 1150 5613 nondum'cons‘tituto,
1187 5547 1250 5587 ex
1277 5535 1313 5586 l.
1343 5531 1444 5613 lod.
1481 5535 1545 5588 de
1571 5535 1809 5588 Custodia
1853 5531 1972 5589 reo-

418 5632 556 5670 rum.
587 5617 725 5668 Reos
752 5612 893 5666 enim
929 5606 1181 5676 dignitate
1205 5606 1541 5676 conspicuos,
1575 5612 1629 5655 ut
1656 5615 1930 5658 senatores
1951 5646 1965 5669 ,

419 5697 538 5740 ante
565 5685 898 5757 probationes
941 5674 1144 5735 carceri
1191 5689 1295 5730 non
1325 5674 1654 5729 addicebant.
1689 5676 1802 5734 Quo
1829 5676 1964 5730 allu-

2077 4498 2335 4567 jiciendur
2360 4509 2453 4553 est.
2486 4501 2631 4555 Nunc
2657 4499 2886 4564 denique
2914 4500 3153 4569 judicum
3184 4498 3471 4554 sententiis
3516 4502 3691 4558 dam-

2086 4576 2241 4622 natus
2291 4570 2343 4620 in
2391 4569 2615 4622 insalain
2658 4570 2962 4624 ‘f‘iberinam
3018 4571 3325 4637 conjicitur,
3367 4569 3558 4626 donec
3610 4577 3690 4630 ad

2087 4639 2378 4705 principem
2412 4639 2692 4693 referatur.

2153 4704 2180 4742 ά
2208 4704 2356 4773 Quod
2381 4707 2576 4761 Tiberii
2603 4708 2822 4780 Augusti
2850 4709 3009 4780 jussu
3039 4707 3234 4762 factum
3265 4718 3371 4772 est,
3396 4719 3463 4780 fut
3490 4724 3694 4780 paena:

2082 4774 2448 4846 damnatorum
2472 4795 2499 4829 a
2533 4774 2717 4832 senatu
2739 4778 2790 4831 in
2831 4778 3096 4832 decimum
3134 4792 3350 4846 semper
3377 4774 3528 4833 diem
3573 4783 3694 4836 dit-

2080 4844 2379 4910 ferrentur;
2414 4857 2470 4901 ut
2495 4857 2710 4901 narrant
2754 4847 2970 4902 Tacitus
3010 4864 3064 4902 Ill
3096 4844 3314 4912 Annal.,
3344 4856 3398 4902 et
3438 4849 3543 4903 Dio
3576 4853 3689 4907 lib.

2081 4930 2206 4968 LVII.
2241 4915 2433 4986 Verum
2471 4918 2720 4972 Arvando
2752 4933 2908 4986 poena
2946 4933 3051 4972 non
3082 4923 3181 4980 10,
3213 4918 3308 4970 sed
3339 4919 3409 4973 50
3451 4920 3694 4977 dierum

2080 4985 2252 5056 spatio
2281 4985 2461 5039 dilata.
2488 4985 2662 5053 Quare
2681 4985 2864 5042 Juétus
2893 4987 3105 5056 Lipsius
3147 4987 3431 5044 Sidonium
3466 5005 3700 5046 memo-

2080 5057 2158 5126 ria
2182 5054 2386 5126 lapsum
2409 5057 2636 5122 censuit,
2653 5056 2744 5126 qui
2763 5054 3232 5113 senatusconsulto
3255 5057 3561 5114 Tiberiano
3587 5065 3700 5117 tri-

2079 5122 2206 5197 buat
2230 5122 2682 5197 quodproprium
2709 5135 2826 5182 erat
2863 5128 2996 5197 legis
3026 5127 3421 5183 Theudosianas
3462 5128 3532 5183 Si
3568 5133 3701 5184 vi»-

2079 5192 2261 5268 dicari,
2295 5194 2414 5268 end.
2451 5192 2517 5250 de
2547 5199 2740 5268 pinnis,
2772 5213 2890 5268 quae
2919 5192 3037 5252 dies
3060 5199 3130 5252 ’50
3164 5211 3378 5268 poenam
3402 5203 3702 5267 suspendi

2072 5262 2252 5329 jussit.
2270 5262 2417 5340 __Sed_
2460 5262 2559 5340 nos
2591 5262 2909 5340 politissima
2956 5269 3074 5322 viro
3103 5262 3366 5340 assentiri
3405 5262 3526 5322 res'
3563 5271 3702 5340 ipsa

2078 5341 2241 5403 vetat.
2270 5331 2476 5387 Etenim
2503 5331 2604 5388 lex'
2630 5337 2670 5389 Τ
2677 5337 2939 5401 heodOsii,
2969 5347 3029 5392 ut
3061 5336 3220 5392 verba
3249 5337 3566 5403 declarant,
3593 5331 3702 5396 'so-

2082 5401 2181 5474 lius
2212 5404 2359 5468 princ
2385 5404 2781 5474 pissententéas
2808 5409 3076 5474 coercuit,
3128 5401 3703 5468 senatusconsultum

2081 5471 2190 5548 spla
2221 5481 2437 5526 senatus
2461 5472 2678 5548 judicia,
2708 5485 2766 5528 ut
2791 5475 2886 5529 Dio
2907 5471 3072 5548 notat.
3103 5479 3341 5530 Arvandi
3365 5492 3499 5531 vero
3534 5483 3704 5548 judi-

2078 5544 2216 5592 cium
2250 5546 2571 5617 senatoriuni
2597 5544 2804 5617 fuit,_ac
2833 5547 3137 5614 proindeex
3161 5544 3703 5617 senatuseonsulto,

2080 5624 2182 5662 non
2212 5623 2274 5662 ex
2307 5613 2421 5685 lege
2448 5612 2852 5685 moderandum.
2880 5617 3030 5682 Quod
3062 5617 3222 5685 igitur
3253 5617 3325 5670 50
3353 5617 3473 5670 dies
3502 5612 3704 5676 sena;

2077 5679 2401 5735 tusconsulto
2425 5682 2662 5742 ascribit.
2687 5679 3002 5755 argumento
3032 5679 3106 5740 cs7.
3131 5686 3194 5740 ad
3223 5686 3341 5740 dics
3372 5688 3438 5740 tO
3466 5697 3704 5747 veteris
