3910 6172
190 345 273 397 ιρι
1455 349 1724 405 ΕΡΙΒΤΟἰ.

1835 352 1929 407 Ubi
1971 352 2095 405 LIB.
2134 354 2180 409 l.

3313 354 3413 411 461

191 462 380 529 triginta
410 458 613 513 dierum
648 460 810 513 vitam
845 469 963 528 post
992 462 1307 517 sententiam
1333 465 1515 530 trahit,
1542 479 1732 520 uncum
1766 472 1811 528 Α
1843 474 1953 531 tur,
2001 467 2218 521 student
2245 464 2361 533 pil:e
2391 480 2575 531 senes,
2603 468 2704 537 21
2735 466 2864 522 aleae
2905 467 3160 536 juvenes,
3202 476 3222 503 ο
3249 469 3415 525 armis

189 567 230 613 et
251 554 535 626 gemonias,
568 563 623 607 et
652 554 898 620 laqueum
931 570 1023 625 per
1052 556 1213 612 horas
1243 559 1531 613 turbulenti
1560 562 1740 615 carui-

189 646 282 701 licis
302 644 638 698 horrescens.
668 643 774 697 Nos
796 644 1037 713 quidem,
1065 655 1224 715 prout
1253 648 1512 715 valemus,
1545 651 1737 705 absen-

186 749 254 793 tes
278 745 669 807 praesentesque
700 746 823 791 vota
855 737 1099 801 facimus,
1156 755 1342 808 preces
1392 742 1739 813 supplicatio-

186 845 361 901 nesque
407 830 770 899 geminamus,
814 838 872 884 ut
918 844 1183 897 suspenso
1231 832 1339 888 ictu
1387 835 1495 903 jam
1522 833 1740 903 jamque

187 923 427 980 mucronis
454 922 680 987 exserti,
715 922 891 991 pietas
932 924 1166 991 Augusm
1196 928 1545 993 seminecem,
1574 942 1737 996 quan-

185 1030 316 1083 quam
341 1014 444 1083 20
468 1012 755 1082 publicatis
795 1012 975 1076 bonis,
1007 1013 1090 1067 vel
1124 1022 1149 1051 ιι
1178 1014 1371 1070 exsilio
1410 1027 1736 1071 muneretur.

187 1109 263 1162 Illo
291 1118 479 1169 tamen,
529 1122 627 1160 seu
657 1113 933 1174 exspectat
973 1117 1210 1161 extrema
1239 1122 1492 1178 quaeque,
1520 1122 1616 1163 seu
1643 1124 1738 1164 su-

185 1199 359 1265 stinet,
387 1196 657 1252 infelicius
698 1197 828 1251 nihil
853 1205 970 1263 e~t,
1001 1198 1045 1251 si
1091 1205 1211 1267 post
1240 1206 1314 1253 tot
1355 1209 1509 1255 notas
1535 1200 1739 1256 inustas

185 1288 636 1356 contumeliasque,
667 1288 867 1358 aliquid
918 1303 1060 1343 nunc
1099 1288 1329 1359 amplius
1371 1305 1530 1361 quam
1557 1290 1737 1347 vivere

186 1380 333 1432 timet.
376 1378 521 1432 Vale.

694 1468 1027 1525 EPISTOLA
1073 1470 1204 1525 VIII.

427 1557 680 1614 Sidonius
702 1558 730 1596 δ
762 1558 1085 1613 Candidiano
1115 1577 1206 1613 suo
1235 1562 1469 1618 salutent.

242 1650 418 1706 Morari
462 1667 547 1706 me
575 1652 761 1706 Romae
813 1652 1244 1722 coxigratularis:
1291 1654 1341 1709 id
1376 1665 1553 1710 tamen
1582 1656 1735 1725 quasi

188 1746 332 1819 facete
350 1732 377 1809 ,’
406 1754 459 1799 et
500 1744 871 1815 fatigationum
903 1745 1102 1799 salibus
1150 1746 1420 1801 admixtis.
1470 1746 1562 1802 Ais
1588 1748 1729 1802 enim

1844 556 2091 620 eunuchi,
2129 556 2320 611 litteris
2350 557 2615 612 foederati.
2639 557 2718 612 Tu
2754 558 2874 613 vide
2898 559 3070 627 qualis
3110 559 3176 613 sit
3201 559 3409 627 civitas,

1845 648 1932 702 ubi
1978 648 2071 703 tibi
2103 649 2184 703 lar
2212 648 2489 705 familiaris
2517 650 2786 718 incolitur,
2818 666 2936 719 quae
2969 650 2989 691 ί
3023 651 3227 707 facilius
3254 655 3410 707 terri-

1843 741 2039 794 torium
2079 742 2251 809 potuit
2297 741 2495 796 habere
2541 757 2698 811 quam
2748 750 2967 797 terram.
3001 744 3257 809 Quocirca
3302 762 3414 799 me-

1843 841 2024 885 rnenlo
2050 830 2278 885 innoxiis
2309 831 2673 901 Transalpinis
2692 847 2814 888 esse
2829 834 3180 901 parcendum,
3222 836 3415 904 quibus

1840 924 1960 978 coeli
2001 923 2083 977 sui
2107 924 2233 978 dote
2258 926 2545 992 contentis,
2582 939 2685 979 non
2708 926 2924 994 grandis
2955 926 3122 993 gloria
3150 927 3328 995 datur,
3367 929 3410 982 si

1839 1005 2163 1069 deteriorum
2187 1015 2476 1070 collatione
2497 1016 2811 1071 clarescant.
2840 1016 2986 1071 Vale.

2387 1147 2717 1203 EPISTULA
2756 1146 2847 1201 lx.

2143 1264 2394 1317 Sidonius
2426 1272 2450 1310 Β
2482 1261 2711 1316 Heronio
2748 1277 2842 1315 suo
2869 1261 3104 1316 salutem.

1908 1375 2033 1429 Post
2057 1375 2265 1445 nuptias
2288 1376 2498 1445 patricii
2526 1375 2825 1440 Ricimeris,
2850 1375 2899 1429 id
2926 1386 3028 1439 est,
3054 1384 3173 1444 post
3193 1376 3403 1444 imperii

1836 1472 2113 1538 utriusque
2159 1484 2291 1538 Opes
2338 1468 2673 1533 eventilatas,
2720 1469 2932 1521 tandem
2981 1467 3211 1521 reditum
3246 1469 3405 1522 estin

1838 1559 2103 1626 publicam
2133 1559 2436 1613 serietatem
2462 1602 2477 1629 ,
2524 1572 2644 1627 quae
2671 1556 2828 1611 rebus
2870 1556 3151 1611 actitandis
3189 1556 3405 1625 januam

1835 1667 2186 1720 campumque
2217 1650 2483 1721 patefecit.
2509 1650 2715 1704 interea
2756 1663 2853 1702 nos
2881 1644 2909 1684 ιι
2948 1648 3095 1703 Pauli
3127 1648 3409 1717 praefecto-

1835 1742 1895 1795 rii
1930 1751 2033 1795 tam
2077 1742 2318 1795 doctrina
2364 1756 2521 1810 quam
2572 1740 2857 1794 sanctitate
2908 1740 3225 1794 venerandis
3281 1739 3408 1793 lari-

184 1818 391 1906 gaudere
416 1845 489 1903 te,
520 1837 665 1907 quod
697 1836 983 1905 aliquando
1010 1839 1345 1894 necessarius
1371 1848 1491 1894 tuus
1520 1839 1727 1894 videam
1762 1826 1807 1885 B
1838 1832 1934 1885 bus
1986 1816 2192 1900 excepti
2218 1875 2232 1900 ,
2272 1831 2500 1886 comiter
2542 1830 2753 1885 blandae
2806 1830 3180 1897 hospitalitatis
3220 1829 3409 1884 officiis

184 1931 517 1997 solem,qurm
543 1928 727 1998 utique
750 1944 871 1982 raro
892 1928 1093 1982 bibitor
1116 1930 1361 1985 Ataricus
1385 1930 1729 2000 inspexerim.

183 2020 385 2073 Nebulas
412 2018 555 2074 enim
587 2018 718 2073 mihi
764 2034 1004 2074 meorum
1054 2019 1488 2090 Lugdunensium
1534 2036 1733 2092 expro-

183 2113 308 2176 bras,
345 2122 393 2165 et
414 2111 553 2167 diem
602 2111 849 2180 quitreris
889 2111 1039 2165 nobis
1082 2112 1339 2165 matutina
1383 2112 1610 2183 caligine
1637 2113 1731 2165 ob-

182 2214 415 2260 structum
442 2204 530 2257 vix
564 2202 862 2258 meridiano
897 2203 1102 2258 fervore
1130 2204 1377 2258 reserari.
1412 2205 1476 2258 Et
1503 2213 1556 2258 tu
1601 2204 1728 2258 mihi

185 2295 287 2349 bare
326 2297 419 2349 ista
444 2293 740 2349 Cmsenatis
781 2293 921 2348 furni
952 2294 1125 2363 potius
1163 2310 1319 2360 quam
1357 2295 1537 2365 oppidi
1566 2310 1728 2350 verna

184 2380 459 2435 deblateras
478 2381 500 2432 ἲ
522 2380 600 2435 De
624 2380 777 2447 cujus
800 2381 990 2433 natalis
1014 2379 1107 2433 tibi
1139 2380 1259 2443 soli,
1299 2380 1382 2435 vel
1400 2380 1730 2450 jocundit'tte

182 2470 255 2525 vel
282 2470 585 2536 commodo;
619 2470 742 2540 quid
766 2470 924 2525 etiam
949 2471 1064 2540 ipse
1078 2471 1324 2536 sentires,
1366 2472 1491 2526 dum
1508 2475 1724 2543 migras,

178 2562 426 2617 indicasti:
458 2563 525 2616 ita
572 2570 750 2616 tamen
790 2563 930 2631 quod
974 2572 1027 2617 te
1054 2561 1321 2618 Ravennae
1351 2565 1558 2620 felicius
1578 2581 1730 2620 exsu-

179 2652 372 2717 lantem,
421 2652 640 2707 auribus
689 2651 903 2707 Padano
942 2653 1110 2708 culice
1137 2653 1412 2722 perfossis,
1437 2656 1730 2723 municipa-

177 2743 291 2798 lium
313 2759 549 2798 ranarum
576 2743 768 2812 loquax
789 2744 942 2798 turba
966 2742 1297 2798 circumsilit.
1326 2743 1380 2797 In
1411 2760 1514 2815 qua
1535 2746 1727 2814 palude

178 2834 515 2890 indesinenter
544 2848 724 2890 rerum
756 2834 993 2888 omnium
1026 2835 1140 2906 lege
1178 2850 1447 2904 perversa,
1478 2837 1612 2891 muri
1639 2852 1727 2892 ca-

174 2927 311 2992 dunt,
336 2944 483 2998 aqua:
508 2936 683 2994 stant,
720 2932 897 2982 turres
920 2926 1089 2981 fluunt
1107 2967 1124 2991 ,
1158 2942 1321 2982 naves
1349 2928 1536 2983 sedent
1561 2969 1576 2995 ,
1598 2931 1727 2999 aegri

172 3017 507 3083 deambulant,
535 3016 728 3071 medici
755 3019 957 3085 jaceut,
988 3017 1169 3086 algent
1200 3016 1417 3085 balnea,
1450 3015 1723 3073 domicilia

172 3107 498 3176 conﬂagrant,
539 3107 732 3162 sitiunt
756 3106 885 3174 vivi,
917 3115 1103 3162 natant
1138 3108 1356 3177 sepulti,
1389 3108 1613 3179 vigilant
1640 3109 1724 3165 fu-

173 3212 264 3263 res,
293 3197 561 3253 dormiunt
603 3206 919 3268 potestates,
952 3208 975 3237 ε
1009 3198 1320 3255 fenerantur
1344 3200 1562 3271 clerici,
1601 3201 1722 3273 Syri
1748 3184 1796 3249 Ο

172 3289 410 3354 psallunt,
440 3287 469 3328 ἀ
498 3290 861 3359 negotiatores
903 3288 1167 3356 militant,
1200 3292 1398 3348 milites
1449 3296 1722 3363 negotian-

173 3450 597 3506 senatusconsulti
615 3451 907 3506 accessisse
930 3460 1110 3517 postea
1138 3450 1265 3521 (quo
1286 3461 1526 3521 tempore
1549 3452 1722 3507 inccr-

172 3522 286 3589 lutn)
314 3522 423 3576 dies
452 3522 584 3576 alios
608 3522 700 3587 20,
734 3530 790 3576 et
833 3530 1009 3575 tamen
1054 3521 1228 3577 eidem
1261 3524 1724 3577 senatusconsulto

172 3592 375 3646 tributos
402 3592 588 3657 fuisse,
611 3607 718 3662 quo
735 3605 884 3645 more
907 3591 1112 3659 legibus
1137 3590 1307 3653 .Inliis,
1343 3593 1569 3660 aliisque
1590 3594 1725 3646 mul-

170 3671 213 3714 ta
242 3678 351 3730 qum
372 3662 477 3717 illis
504 3675 688 3731 postea
710 3662 917 3729 adjecta
940 3662 1173 3726 fuerunt,
1208 3662 1365 3715 tribui
1390 3662 1567 3717 solere
1586 3664 1723 3731 juris

169 3732 469 3802 interpretes
490 3734 866 3786 observarunt.

228 3810 251 3837 ⁸
284 3799 390 3856 11οε
415 3803 620 3856 Sidonii
654 3802 902 3870 precibus
928 3800 1259 3855 concessisse
1282 3799 1492 3855 videtur
1516 3802 1722 3857 Anthe-

166 3871 309 3925 mius.
336 3872 464 3925 Nam
490 3872 861 3934 Cassiodorus,
888 3871 1082 3924 Paulus
1104 3870 1362 3926 diaconus
1389 3881 1444 3925 et
1472 3873 1584 3937 alii,
1624 3873 1723 3926 Ar-

166 3943 377 3996 vandum
403 3943 555 4012 jussu
585 3942 853 3997 Anthemii
877 3955 980 3995 non
1010 3949 1203 4010 morte,
1235 3942 1329 3996 sed
1347 3942 1722 3997 exsiliomulc«

166 4019 314 4065 latum
342 4014 604 4067 scribunt.

221 4080 247 4120 δ
270 4084 391 4140 Fuit
414 4085 457 4137 is
486 4085 731 4139 Ca'senas
756 4081 949 4148 patria,
979 4080 1072 4135 sed
1104 4080 1263 4134 domo
1291 4080 1589 4135 Ravennas.
1618 4081 1722 4136 Ra-

163 4164 375 4207 vennam
404 4154 547 4208 enim
594 4153 868 4220 migrarat.
898 4151 1032 4205 Huic
1088 4165 1216 4205 vero
1267 4152 1618 4219 cognominis,
1669 4161 1724 4207 et

162 4222 238 4287 qui
267 4239 361 4290 per
390 4233 602 4277 aetatem
640 4237 771 4276 avus
818 4236 939 4276 esse
969 4222 1159 4290 potuit,
1183 4220 1541 4275 (landidianus
1565 4223 1719 4291 alter,

161 4295 237 4363 qui
260 4304 444 4347 contra
484 4292 745 4363 Joannem
796 4292 1171 4363 tyrannumad
1209 4291 1515 4363 Ravennam
1556 4296 1720 4347 ntuita

162 4361 351 4418 fortiter
394 4363 587 4432 gessit:
620 4362 687 4418 de
715 4361 831 4431 quo
866 4365 1005 4417 inter
1053 4362 1187 4416 alios
1223 4361 1637 4433 Olympiodorus
1670 4366 1721 4417 in

162 4436 410 4487 cxcerntis
437 4433 633 4487 Photii.

160 4436 410 4501 cxcerptis
437 4434 633 4487 Photii.

226 4506 325 4574 18
356 4516 378 4542 ε
414 4503 606 4557 Procul
649 4510 803 4557 erant
841 4516 871 4555 a
904 4501 1100 4574 fenoris
1138 4509 1342 4572 quaestu
1363 4501 1565 4567 clerici,
1589 4518 1723 4572 quos

161 4573 358 4643 quoque
380 4575 543 4628 modo
570 4574 877 4649 fenerentur
896 4573 1339 4649 ordine_moveri,
1367 4575 1723 4649 καθαιρείσθω

160 4652 234 4722 ξω]
261 4649 707 4722 κ).ἠρον“ωηοῐξβ8
732 4643 943 4712 jubeut.
969 4643 1333 4722 At_Syr:orum
1372 4658 1459 4698 ars
1507 4643 1718 4711 propria

159 4710 400 4769 fenerar'i.
431 4716 609 4780 Quare
638 4710 893 4784 Syrorum
921 4710 1135 4784 nomine
1162 4710 1520 4768 feneratorum
1556 4728 1720 4779 genus

158 4794 300 4854 omne
320 4788 635 4854 complexus
655 4782 757 4849 est,
781 4791 840 4837 ut
854 4782 1131 4838 Salvianus
1155 4784 1247 4838 lib.
1272 4799 1323 4837 tv
1341 4784 1407 4838 de
1429 4785 1717 4839 Provrden-

158 4852 255 4906 tia:
306 4852 700 4909 Considersmus
725 4854 865 4909 solas
912 4855 1284 4925 negotiatorum
1327 4864 1373 4908 et
1413 4854 1712 4925 Syricorum

157 4926 373 4978 omnium
398 4927 592 4989 turbas,
618 4940 733 4995 qua:
761 4925 1007 4994 majorem
1033 4925 1191 4994 ferme
1218 4925 1481 4978 civitatum
1512 4924 1714 4979 univer-

155 5006 404 5065 msarum
429 5007 621 5063 partem
648 5003 978 5065 occuparunt.

215 5061 240 5100 τι
266 5065 385 5119 Νοη
412 5061 584 5120 solum
611 5061 834 5131 armata,
861 5064 953 5120 sed
978 5064 1122 5119 omni
1147 5078 1365 5133 prorsus
1401 5064 1584 5120 militia
1618 5079 1709 5119 ne-

152 5134 434 5197 gotiatores
462 5135 733 5205 prohibiti.
765 5135 933 5192 Cod.:
965 5134 1335 5203 Negotiatores
1358 5148 1427 5190 ne
1459 5135 1705 5189 militent.

153 5204 394 5260 Militibus
426 5204 635 5260 rursum
667 5220 773 5260 non
799 5206 909 5261 sola
954 5214 1277 5272 mercatura,
1322 5205 1417 5259 sed
1446 5208 1544 5259 alia
1579 5222 1710 5273 qun-

150 5288 243 5346 que
266 5277 462 5341 privati
492 5291 620 5346 usus
644 5277 854 5346 negotia
893 5275 1193 5330 interdicta.
1219 5275 1540 5346 Ambrosius
1570 5276 1660 5329 lib.
1699 5290 1716 5329 ι

150 5343 214 5419 de
228 5346 471 5419 Officiis;
496 5345 697 5400 Etenim
721 5343 772 5401 si
795 5349 836 5400 is
857 5347 945 5419 qui
954 5346 1255 5419 imperatori
1283 5344 1466 5419 militat
1490 5362 1520 5398 a
1548 5362 1719 5419 susce-

148 5416 405 5482 ptionibus
425 5418 610 5483 litium,
638 5427 754 5471 actu
780 5415 1093 5486 negotiorum
1114 5416 1417 5485 forensium,
1436 5416 1719 5469 venditione

148 5491 386 5540 mercium
441 5489 736 5558 prohibetur
782 5488 1020 5558 humanis
1064 5486 1296 5556 legibus;
1338 5494 1525 5558 quanto
1556 5486 1717 5558 magis

116 5592 125 5605 ι
146 5560 224 5622 qui
261 5559 390 5626 ﬁdei
412 5555 605 5612 exercet
630 5559 867 5612 militiam
883 5556 944 5609 ab
968 5555 1229 5618 omnium
1245 5555 1600 5626 negotiationis
1630 5556 1718 5608 ab-

146 5628 320 5682 stinere
344 5629 517 5682 debet.

210 5708 234 5737 ε
264 5699 507 5754 Militare
534 5699 805 5755 eunuchos
835 5696 955 5767 jure
979 5712 1083 5753 non
1112 5696 1348 5766 potuisse
1377 5695 1547 5765 arguit
1576 5696 1658 5750 lex
1690 5697 1723 5749 4

145 5766 194 5820 d.
218 5770 281 5826 de
310 5787 372 5828 re
393 5769 613 5825 militari
644 5788 655 5823 :
690 5780 742 5826 et
770 5770 1094 5826 Claudianus
1120 5769 1172 5823 in
1204 5770 1536 5835 Eutropium,
1563 5770 1719 5820 Arma

1835 1922 2237 1978 excolebamur.
2297 1923 2465 1977 Porro
2511 1933 2617 1974 non
2674 1920 2777 1973 isto
2823 1919 3101 1988 quisquam
3157 1919 3276 1972 viro
3326 1927 3410 1973 est

1834 2017 1887 2070 in
1945 2015 2091 2070 omni
2148 2016 2341 2070 artium
2396 2028 2595 2083 genere
2641 2011 2995 2081 praestantior.
3041 2010 3184 2064 Deus
3233 2012 3406 2079 bone,
3456 2088 3463 2093 ἱ

1831 2124 1950 2180 quae
1981 2109 2071 2163 ille
2100 2103 2552 2177 propositionibus
2582 2103 2862 2173 aenigmata
2885 2142 2900 2166 ,
2944 2102 3219 2157 sententiis
3256 2103 3408 2156 sche-

1832 2208 2015 2263 mata,
2084 2196 2323 2251 versibus
2388 2204 2692 2259 eommata,
2757 2192 2937 2263 digitis
3007 2192 3408 2249 mechanemata

1832 2291 1994 2345 facit?
2032 2290 2161 2345 illud
2192 2301 2370 2345 tamen
2402 2291 2452 2343 in
2492 2287 2680 2343 eodem
2708 2286 3003 2342 studiorum
3031 2288 3267 2341 omnium
3297 2288 3408 2343 eul-

1829 2398 1953 2439 men
1996 2381 2306 2447 antevenit,
2353 2381 2493 2451 quod
2542 2379 2703 2435 habet
2743 2379 2866 2435 huic
2892 2379 3142 2434 eminenti
3173 2378 3407 2433 scientia:

1826 2474 2209 2528 conscientiam
2256 2471 2611 2541 superiorem.
2656 2470 2820 2540 Igitur
2853 2484 2944 2538 per
2974 2468 3115 2523 hunc
3152 2471 3404 2538 primum,

1827 2564 1872 2617 si
1903 2565 2022 2631 quis
2050 2578 2262 2632 quoquo
2291 2562 2448 2617 modo
2486 2561 2659 2615 aulam
2690 2560 2872 2631 gratiae
2906 2560 3112 2625 aditus,
3143 2560 3403 2630 exploro:

1828 2666 1947 2706 cum
1980 2652 2081 2707 hoc
2105 2651 2341 2717 confero,
2372 2652 2586 2721 quinam
2617 2650 2950 2719 potissimum
2980 2663 3261 2719 procerum
3286 2665 3406 2719 spe-

1827 2746 1926 2798 bus
1956 2744 2157 2799 valeret
2180 2743 2380 2798 nostris
2409 2743 2680 2812 opitulari.
2708 2741 2815 2798 Nec
2844 2758 2973 2799 sane
2998 2742 3159 2797 multa
3189 2754 3405 2799 cuncta-

1827 2835 1921 2902 tio,
1954 2834 2077 2903 quia
2110 2833 2282 2903 pauci,
2314 2834 2382 2889 de
2408 2848 2634 2904 quorum
2662 2832 2908 2902 eligendo
2930 2833 3223 2903 patrocinio
3247 2834 3405 2890 dubi-

1826 2933 2049 2979 taretur.
2106 2924 2274 2980 Erant
2320 2924 2537 2995 quidem
2599 2912 2652 2978 in
2698 2934 2885 2979 senatu
2934 2924 3174 2995 plerique
3216 2926 3405 2996 opibus

1824 3016 1993 3084 culti,
2021 3030 2218 3086 genere
2254 3019 2359 3088 22
2399 3015 2688 3081 sublimes,
2730 3025 2887 3070 aetate
2932 3029 3153 3086 graves,
3182 3016 3406 3072 consilio

1826 3108 2021 3176 utiles,
2063 3108 2321 3179 dignitate
2362 3108 2527 3177 elati,
2568 3109 2877 3178 dignatione
2923 3124 3279 3165 communes:
3310 3111 3406 3167 sed

1828 3213 2034 3261 servata
2066 3219 2197 3275 pace
2222 3204 2580 3274 reliquorum,
2609 3203 2717 3258 duo
2754 3202 3135 3271 fastigatissimi
3161 3204 3407 3260 consula-

1828 3312 1935 3362 res,
1976 3294 1990 3332 ί
2028 3295 2333 3351 Gennadius
2358 3295 2627 3362 Avienus,
2662 3294 2755 3349 etl
2795 3292 3004 3348 Ctecina
3036 3293 3260 3351 Basilius
3295 3309 3407 3367 prae.

1827 3454 2058 3524 relinque
2089 3454 2229 3524 viris.
2266 3451 2751 3524 Fmderatiautem,
2781 3466 2916 3520 quos
2944 3453 3135 3507 iterum
3165 3456 3405 3515 nominat

1826 3524 1919 3577 lib.
1950 3523 2007 3585 tr,
2038 3523 2256 3590 cpistola
2304 3537 2427 3586 xm,
2461 3523 2686 3574 militum
2726 3535 2895 3589 genus
2936 3533 3136 3578 erante
3163 3524 3405 3581 barbaris

1824 3593 2093 3662 gentibUs,
2138 3607 2257 3662 qua;
2289 3607 2385 3659 pro
2432 3591 2682 3662 [tertianis
2712 3591 3039 3662 principibus
3078 3594 3399 3651 militabant.

1826 3658 1879 3717 In
1904 3664 2094 3731 quibus
2144 3658 2301 3715 facile
2336 3662 2602 3731 principes
2632 3658 2816 3726 Gothi,
2851 3658 2939 3730 qui
2979 3676 3009 3716 a
3050 3663 3401 3722 Constantino

1826 3730 2051 3802 primum
2100 3732 2350 3802 conducti
2400 3730 2778 3786 fmderntorum
2832 3730 2955 3802 inde
2995 3748 3187 3787 nomen
3229 3738 3403 3793 sortiti

1825 3800 2159 3877 ξυιιιεΓό-τθοι
2182 3800 2470 3877 φοιδοράτςρῃς
2502 3802 2551 3855 in
2584 3803 2814 3877 cpitome
2831 3800 3289 3877 Novelltecraecm
3312 3810 3399 3861 ll.

1823 3873 1928 3928 Sed
1961 3872 2250 3926 fmderatos
2273 3872 2337 3925 ex'
2372 3872 2490 3937 aliis
2532 3874 2694 3925 etiam
2736 3872 2982 3941 gentibus
3025 3874 3197 3928 dictos
3245 3878 3403 3933 docet

1823 3942 2236 4013 Olympiodorus
2264 3942 2314 3995 in
2339 3944 2605 4010 excerptis
2624 3943 2814 4001 Photii,
2835 3951 2886 3995 et
2912 3944 3118 3998 novella
3139 3945 3201 3999 51
3228 3945 3405 4002 Theo-

1822 4013 1981 4079 dosii,
2010 4027 2127 4081 quae
2157 4016 2480 4065 Sarracenos
2513 4016 2801 4067 foederatos
2830 4024 3235 4068 eouunemorat.
3268 4018 3397 4073 Item

1826 4084 2120 4151 Procopius
2148 4098 2163 4135 ι
2196 4083 2318 4136 belli
2344 4083 2567 4136 Persici.

1900 4151 1919 4192 ί
1954 4149 2179 4222 Propter
2218 4152 2566 4208 circumfusas
2589 4149 2827 4219 paludes,
2848 4165 2984 4222 quae
3010 4159 3168 4206 terrm
3193 4164 3395 4219 partem

1825 4221 2106 4293 occupant,
2140 4223 2363 4292 ejusque
2394 4237 2544 4293 usum
2578 4230 2794 4293 negant.
2845 4221 2939 4275 Est
2986 4223 3129 4276 enim
3184 4231 3399 4293 propria

1826 4291 1973 4347 terra
1991 4309 2109 4363 quae
2137 4291 2317 4347 aratur
2347 4303 2402 4347 et
2421 4292 2640 4346 colitur:
2671 4291 2998 4346 territorium
3026 4306 3238 4363 quoquo
3264 4291 3398 4349 civi-

1827 4366 1950 4419 tatis
1983 4365 2113 4419 lines
2141 4373 2195 4418 et
2218 4365 2338 4431 jura
2366 4362 2673 4418 tenduntur.

1900 4444 1924 4481 ε
1952 4435 2029 4488 Ad
2046 4449 2203 4505 quem
2227 4432 2742 4505 scripsitepistolam
2770 4433 2825 4497 5,
2846 4431 2994 4500 cujus
3023 4431 3396 4505 haecquodam

1828 4505 1986 4559 nodo
2015 4502 2333 4559 succidanea
2379 4512 2499 4566 est,
2541 4503 2745 4570 reliqua
2776 4516 3100 4570 persequens
3146 4502 3400 4558 Romamn

1827 4574 2179 4640 narrationis,
2236 4586 2357 4627 cum
2402 4571 2772 4640 praefecturam
2822 4570 2965 4625 urbis
3022 4571 3247 4642 adeptus
3283 4572 3397 4642 jam

1826 4654 2025 4769 esieIie
2047 4715 2146 4768 hoc
2168 4712 2372 4769 Sidonii
2396 4712 2603 4781 hospite
2624 4710 2787 4764 Paulo
2808 4724 2967 4780 quem
2991 4720 3269 4782 tantopere
3290 4713 3399 4768 lau-

1824 4784 1934 4849 dat,
1966 4785 2095 4839 nihil
2127 4792 2481 4851 compertum.

1900 4854 1914 4892 ί
1945 4855 2159 4925 Collega
2181 4850 2537 4925 Valentiniani
2561 4850 2692 4925 Aug.
2713 4852 2940 4925 septimo
2961 4851 3075 4920 ejus
3095 4853 3394 4925 consulatu,

1822 4941 1963 4980 anno
2000 4921 2197 4980 Christi
2225 4924 2350 4979 450.
2394 4921 2555 4976 Vetus
2583 4921 2857 4990 inscriptio
2886 4922 3069 4977 Romae
3101 4925 3153 4977 in
3180 4924 3399 4977 basilica

1821 4996 1887 5051 D.
1920 4996 2068 5051 l‘auli
2104 5013 2117 5047 :

3257 5062 3363 5119 FL.

1895 5201 1909 5252 i
1954 5201 2148 5267 Quinto
2176 5204 2300 5252 ante
2327 5197 2441 5251 haec
2465 5210 2605 5250 anno
2626 5197 2813 5251 consul
2842 5212 2963 5251 cum
2989 5198 3229 5252 V'iviano.
3261 5197 3399 5251 Fue-

1818 5281 1903 5326 rat
1926 5266 2065 5326 idem
2095 5279 2150 5324 et
2178 5267 2460 5337 praefectus
2487 5276 2639 5336 prmt.
2670 5266 2835 5321 [taliae
2866 5283 2957 5336 per
2985 5269 3183 5335 aliquot
3206 5282 3395 5326 annos.

1820 5351 1876 5395 et
1902 5336 2187 5409 patricius,
2205 5347 2262 5392 ut
2284 5346 2544 5409 testantur
2564 5339 2787 5409 novellae
2809 5338 3083 5404 Majoriani
3118 5347 3169 5409 et
3191 5336 3394 5409 Severi.

1823 5405 1949 5466 Post
1977 5411 2117 5465 hunc
2144 5416 2321 5464 autem
2345 5407 2615 5471 Basiliam,
2644 5408 2749 5462 duo
2774 5410 2861 5461 alii
2883 5409 2998 5474 ejus
3019 5405 3246 5461 nominis
3270 5418 3399 5457 con-

1820 5483 1965 5536 sules
1991 5481 2137 5535 iuere
2168 5497 2180 5531 :
2207 5493 2341 5532 unus
2367 5478 2557 5531 ultimo
2573 5492 2714 5532 anno
2737 5477 3010 5538 Odoacris,
3034 5475 3122 5541 qui
3150 5474 3214 5526 ad
3241 5474 3398 5540 hujus

1824 5552 1990 5606 llnsﬂ'I
2017 5550 2305 5604 discrimen
2336 5547 2560 5602 Basilius
2581 5549 2760 5618 junior
2785 5546 2974 5618 dicitur
2993 5561 3022 5598 a
3052 5542 3398 5618 Cassiodoro,

1826 5626 1913 5693 qui
1936 5632 1990 5676 et
2016 5621 2129 5689 ipse
2149 5618 2439 5693 prrefectus
2454 5612 2701 5693 praetorio
2724 5617 2881 5693 Italia:
2903 5629 2963 5693 ac
2990 5615 3231 5680 patriciu-
3259 5612 3354 5693 fnit
3383 5632 3396 5667 :

1826 5684 1961 5748 aiter
2004 5684 2165 5747 anuo‘
2194 5692 2261 5747 15
2306 5688 2629 5753 Justiniani,
2685 5684 3074 5740 ordinariorurn
3121 5685 3397 5737 consulum

1825 5773 2143 5832 pistrcmus.
2168 5791 2237 5801 -—
2278 5759 2400 5816 "me
2431 5769 2552 5815 uota
2582 5758 2644 5812 ad
2675 5772 2789 5826 pag.
2823 5756 2924 5826 19
2963 5756 3211 5824 pertinet.
3244 5755 3395 5811 Eutr.
