3910 6172
261 336 346 389 165

1472 322 1947 380 εριδτοωιωι
1990 322 2114 378 LIB.
2156 324 2196 377 Ι.

3365 329 3465 385 466

257 450 397 521 prnlix
421 453 584 505 tatem,
613 438 981 505 voluptuOsius
1013 452 1151 493 nunc
1180 447 1203 474 ι
1236 436 1475 505 apusculi
1506 436 1671 507 ipsius
1698 452 1786 491 re-
1813 438 1865 496 A
1890 438 2125 508 quinque
2151 435 2449 492 Brundusio
2481 437 2745 506 profectas
2772 442 2878 512 25
2903 456 3023 497 cum
3054 442 3333 509 speciebus
3365 448 3463 497 tri-

257 536 462 603 legeudis
496 532 725 588 versibus
770 529 1125 585 immorabere
1148 572 1161 594 ,
1195 528 1348 593 scio;
1398 536 1555 598 atque
1584 527 1652 582 ob
1684 527 1786 583 hoc

254 606 437 688 caruien
469 627 629 696 ipsum
662 623 854 693 loquax
899 621 953 675 in
991 620 1441 690 consequentibus
1471 618 1655 674 charta
1687 618 1783 674 de-

253 733 397 797 portat
419 766 432 787 ,
471 735 581 793 qua:
611 733 707 789 pro
735 733 821 772 me
861 716 1074 771 interim
1104 715 1231 770 dum
1268 716 1427 770 venio
1466 714 1655 769 diebus
1686 714 1781 769 tibi

253 818 453 890 pauculis
487 810 887 867 sermocinetur.
938 807 1034 862 Cui
1065 808 1109 862 si
1138 808 1401 863 examinis
1448 806 1521 861 tui
1573 821 1785 876 quoque

252 918 410 983 puncta
438 905 724 961 tribuantur
746 943 762 970 ,
799 918 950 972 teque
987 911 1195 972 gratum
1247 900 1373 955 mihi
1396 940 1412 969 ,
1462 914 1523 954 ac
1548 901 1590 955 si
1622 916 1707 955 me
1733 899 1786 953 in

249 1001 432 1058 comitio
482 996 560 1052 vel
605 994 745 1049 inter
786 1000 957 1047 rostra
1017 985 1408 1057 concio'nante,
1470 989 1536 1044 ad
1586 989 1788 1058 sophos

250 1107 397 1149 meum
420 1129 436 1155 ,
478 1102 577 1142 non
610 1084 769 1140 modo
796 1082 886 1137 lati
915 1081 1052 1136 elavi
1078 1122 1093 1147 ,
1138 1081 1233 1137 sed
1266 1080 1537 1135 tribulium
1572 1092 1787 1148 quoque

249 1186 396 1253 fragor
418 1179 787 1235 concitaretur.
825 1174 965 1230 Sane
1008 1187 1226 1239 moneo,
1256 1186 1473 1243 przeque
1504 1170 1785 1247 denuntio,

248 1270 515 1346 quisquilias
543 1268 688 1338 ipsas
715 1266 862 1319 (llius
891 1274 993 1318 tuae
1024 1263 1350 1319 hexametris
1386 1264 1605 1319 minime
1648 1279 1789 1319 exte-

246 1382 372 1437 ques.
413 1363 593 1419 Merito
622 1361 765 1416 enim
788 1358 981 1413 collata
1005 1358 1198 1412 vestris
1227 1371 1345 1411 mea
1374 1356 1612 1411 carmina
1634 1397 1647 1422 ,
1681 1372 1787 1412 non

249 1456 541 1511 heroicorum
565 1451 822 1521 phaleris,
852 1448 944 1504 sed
967 1446 1410 1527 epitaphistarum
1435 1448 1623 1502 nteniis
1643 1461 1789 1502 com-

246 1548 546 1617 parabuntur.
580 1543 653 1596 At
689 1551 865 1595 tamen
899 1539 1097 1609 gaude,
1130 1537 1236 1609 25
1263 1538 1404 1605 quod
1434 1538 1521 1593 hic
1552 1540 1671 1607 ipse
1696 1553 1788 1608 pa-

246 1640 509 1711 negyricus,
550 1645 607 1691 et
647 1636 689 1689 si
722 1649 827 1688 non
870 1632 1148 1703 judicium,
1187 1643 1331 1687 certe
1371 1640 1620 1687 eventum
1664 1633 1788 1686 boni

243 1732 390 1800 operis
434 1727 654 1797 accepit.
704 1725 1079 1795 Quapropter,
1130 1724 1174 1778 si
1222 1732 1398 1778 tamen
1446 1723 1631 1778 tetrica
1663 1731 1789 1777 sunt

1890 528 1978 583 tici
2010 542 2071 583 ac
2096 528 2289 594 mellis,
2318 530 2453 583 ostia
2482 529 2729 586 Tiberina
2762 533 3016 601 tetigisse.
3047 534 3280 598 Quarum
3302 548 3463 589 onera

1888 620 2270 687 exspectationi
2316 620 2484 688 plebis
2509 661 2522 685 ,
2559 620 2603 675 si
2633 620 2757 689 quid
2801 630 3016 678 strenue
3061 624 3234 692 gerit,
3271 624 3464 693 raptim

1891 709 2047 764 faciet
2081 710 2259 764 oli'crri
2284 750 2299 775 ,
2329 711 2799 767 commendaturus
2833 728 2893 768 se
2933 713 3062 768 mihi
3088 755 3104 782 ,
3131 730 3217 771 me
3248 716 3462 786 populo,

1890 811 2172 872 utrumque
2202 802 2316 858 tibi.
2346 804 2498 859 Vale.

2453 896 2783 955 EPISTOLA
2822 900 2912 955 XI.

2227 988 2468 1044 Sidonius
2505 988 2522 1026 ί
2560 990 2755 1045 Montio
2785 1009 2876 1046 suo
2903 994 3132 1048 salutem.

1962 1078 2103 1135 Petis
2135 1080 2258 1146 tibi,
2292 1082 2377 1135 vir
2403 1081 2781 1151 disertissime,
2811 1083 3087 1153 Sequanos
3118 1094 3235 1141 tuos
3264 1087 3470 1155 expeti-

1892 1179 2011 1224 turo
2038 1179 2268 1241 satyram
2299 1172 2481 1226 nescio
2509 1187 2665 1239 quam
2689 1216 2705 1241 ,
2740 1175 2783 1228 si
2813 1175 2881 1229 sit
2910 1190 2936 1227 a
2968 1175 3122 1230 nobis
3152 1178 3468 1245 perscripta,

1893 1260 2174 1316 transmitti
2200 1277 2213 1315 :
2238 1262 2377 1331 quod
2402 1264 2645 1333 equidem
2674 1273 2724 1318 te
2752 1267 3047 1333 postulasse
3071 1268 3325 1323 demiror.
3356 1268 3468 1323 Non

1891 1355 2031 1408 enim
2058 1364 2298 1425 sanctum
2323 1365 2423 1421 est,
2447 1365 2503 1411 ut
2522 1356 2589 1412 de
2617 1358 2852 1413 moribus
2876 1360 3029 1414 amici
3053 1362 3157 1414 cito
3184 1376 3465 1430 perperam

1890 1448 2109 1503 sentias.
2160 1448 2289 1503 Hu’c
2317 1464 2461 1503 eram
2514 1450 2731 1505 themati
2763 1452 2962 1507 sc'licet
2982 1453 3351 1513 ,int‘ttbaturns
3372 1494 3385 1517 ,
3417 1452 3465 1506 id

1888 1540 1995 1608 jam
2021 1556 2182 1609 agens
2210 1544 2325 1607 otii,
2358 1543 2517 1612 idque
2549 1544 2748 1601 habens
2777 1548 2894 1609 aevi,
2926 1548 3067 1617 quod
3090 1548 3338 1615 juvenem
3368 1548 3465 1601 mi-

1892 1632 2238 1703 litantemque
2275 1635 2506 1691 dictasse
2548 1639 3007 1707 praesumptiosum
3041 1638 3254 1704 fuisset,
3288 1638 3465 1706 publi-

1890 1738 2042 1779 casse
2065 1734 2240 1779 autem
2274 1726 2652 1793 periculosum.
2684 1728 2779 1783 Cui
2809 1745 3035 1799 namque
3062 1731 3465 1799 grammaticum

243 1819 516 1876 atttmnanda
534 1818 890 1888 iocularibus,
913 1815 1034 1870 volo
1059 1815 1299 1885 paginam
1325 1813 1579 1883 glorioso,
1606 1813 1655 1868 id
1679 1822 1782 1879 est,
1816 1808 1863 1867 Β
1890 1814 1971 1870 vel
2003 1816 2249 1870 salutanti
2285 1816 2514 1872 Calaber
2543 1817 2633 1873 ille
2664 1833 2768 1873 non
2799 1819 2930 1873 dixit
2958 1838 2969 1872 :

241 1912 363 1981 quasi
388 1909 757 1966 Thrasoniano
794 1908 898 1962 fine
940 1907 1292 1974 concludere,
1326 1906 1553 1961 Plautini
1589 1906 1786 1976 Pyrgo-

241 2006 465 2076 polynicis
493 2005 750 2058 imitator.
800 2000 964 2070 Igitur
990 2015 1110 2054 cum
1146 2000 1212 2053 ad
1256 1999 1622 2068 praefecturam
1642 2039 1657 2063 ,
1687 1999 1787 2053 sub

238 2114 320 2165 ope
342 2096 548 2162 Christi,
581 2094 709 2165 styli
738 2094 1016 2148 occasione
1048 2090 1401 2160 pervenerim,
1430 2090 1617 2159 jubeas
1646 2090 1789 2144 ilicet

242 2188 368 2258 hpro
396 2196 659 2259 potestate
702 2185 960 2251 cinctuti,
1009 2183 1241 2253 undique
1288 2182 1523 2237 omnium
1574 2181 1786 2235 laudum

239 2279 504 2335 convasatis
532 2276 1031 2341 acclamationibus,
1066 2276 1129 2327 ad
1158 2282 1299 2327 astra
1337 2282 1568 2341 portare,
1599 2272 1641 2326 si
1672 2272 1786 2341 pla-

239 2384 336 2436 ceo,
364 2370 718 2438 eloquentiam
748 2385 762 2431 ;
813 2367 855 2421 si
887 2366 1143 2435 displiceo
1166 2406 1180 2429 ,
1220 2364 1545 2419 felicitatem.
1597 2364 1790 2418 Videre

239 2459 344 2511 uetiti
375 2459 550 2513 videor
583 2470 645 2512 ut
686 2456 857 2510 rideas
884 2496 897 2519 ,
942 2456 1063 2526 quia
1104 2456 1363 2525 perspicis
1403 2464 1639 2509 nostram
1669 2470 1788 2509 cum

237 2551 348 2601 tulit
394 2548 608 2604 Comico
642 2548 973 2604 ferocissimo
995 2548 1323 2618 iactantiam.
1354 2547 1505 2601 Vale.

786 2652 1115 2739 Eptsrom
1159 2684 1226 2739 χ.

460 2797 715 2852 Sidonius
749 2806 769 2834 ο
804 2795 1151 2866 Campaniano
1180 2813 1270 2850 suo
1299 2795 1534 2851 salutent.

290 2908 465 2979 Accepi
495 2908 523 2947 ἀ
556 2926 659 2979 per
687 2910 993 2973 praefectum
1019 2924 1244 2965 annonae
1276 2911 1479 2965 litteras
1511 2918 1646 2979 tuas,
1673 2911 1792 2980 qui-

234 2998 314 3053 lms
337 3018 446 3053 rum
478 3001 570 3055 t'bi
622 3001 863 3056 stidalem
900 3011 1133 3055 veterem
1181 3002 1324 3080 mihi.
1357 3001 1595 3059 insinuas
1628 3004 1795 3073 judici

232 3105 366 3144 novo.
412 3092 627 3148 Gratias
671 3107 770 3161 ago
802 3108 1020 3162 magnas
1048 3093 1161 3160 illi,
1197 3094 1455 3149 maximas
1485 3094 1620 3164 tibi,
1654 3096 1793 3166 quod

2011 1927 2061 1995 Si
2081 1927 2199 1995 mala
2232 1930 2500 1995 condiderit
2522 1931 2569 1979 in
2604 1945 2747 1994 quem
2773 1934 2881 1995 quis
2906 1934 3132 1993 carmina,
3150 1934 3228 1995 jus
3252 1941 3343 1993 est,

2013 1990 2393 2051 iudiciumque?

1963 2089 2064 2146 Sed
2094 2107 2160 2146 ne
2187 2094 2311 2159 quid
2354 2094 2490 2149 ultra
2523 2104 2578 2149 tu
2609 2095 2675 2151 de
2702 2096 2869 2151 sodali
2898 2097 3069 2151 simile
3099 2097 3308 2164 eredas,
3340 2097 3466 2166 quid

1890 2180 2043 2235 furrit
2077 2183 2201 2236 illud
2224 2225 2238 2247 ,
2279 2183 2417 2253 quod
2449 2200 2534 2240 me
2569 2186 2800 2241 sinistra:
2832 2203 3014 2242 rumor
3043 2204 3105 2243 ac
3144 2188 3316 2243 fumus
3356 2188 3470 2257 opi-

1891 2274 2065 2327 nionis
2086 2274 2302 2339 afflavit,
2326 2276 2531 2345 longius
2554 2278 2732 2343 paulo,
2756 2279 2849 2332 sed
2871 2280 2938 2334 ab
2958 2280 3163 2347 origine
3184 2293 3466 2348 exponam.

1891 2365 2243 2435 Temporibus
2289 2368 2513 2437 Augusti
2561 2367 2832 2438 Majoriani
2862 2413 2877 2436 ,
2928 2371 3074 2424 venit
3129 2371 3181 2423 in
3237 2369 3469 2424 medium

1891 2459 2070 2512 charta
2101 2462 2442 2521 comitatum.
2475 2463 2567 2516 sed
2597 2478 2783 2517 carens
2812 2463 3008 2527 indice,
3039 2478 3288 2523 versuum
3318 2462 3471 2528 plena

1893 2550 2244 2619 satyrieorum
2275 2554 2631 2606 mordacium:
2654 2570 2782 2607 sane
2814 2555 2899 2622 qui
2924 2556 3052 2608 satis
3086 2555 3471 2610 invectivaliter

1894 2642 2041 2695 abusi
2074 2644 2347 2696 nominent
2390 2643 2651 2710 nuditate,
2684 2645 2971 2711 carpebant
3005 2643 3291 2711 plurimum
3323 2645 3471 2708 vitia,

1895 2735 2011 2804 plus
2050 2734 2309 2788 homines.
2360 2734 2503 2787 Inter
2535 2734 2648 2788 haec
2694 2736 2919 2787 tremere
2957 2735 3297 2789 Arelatenses
3322 2776 3335 2799 ,
3369 2749 3475 2802 quo

1894 2825 1997 2880 luci
2022 2840 2107 2880 res
2137 2826 2413 2894 agebatur,
2445 2834 2496 2879 et
2520 2840 2759 2895 qumrere
2783 2841 2941 2895 quem
2973 2836 3245 2894 poetarum
3276 2828 3473 2896 publici

1896 2919 2092 2975 furoris
2138 2921 2326 2973 mer'to
2367 2918 2573 2985 pondus
2611 2929 2859 2988 urgeret,
2899 2920 3005 2989 26
3034 2921 3096 2974 iis
3124 2922 3352 2975 maxime
3383 2936 3475 2975 au-

1896 3010 2130 3065 ctoribus
2156 3023 2289 3078 quos
2314 3010 2454 3063 notis
2496 3009 2659 3063 certis
2694 3018 2877 3063 auctor
2919 3010 3153 3063 incertus
3183 3008 3475 3064 exacerba-

1898 3108 2068 3154 verat.
2115 3099 2314 3154 Acc’dil
2345 3113 2470 3152 casu
2498 3140 2511 3163 ,
2542 3109 2597 3153 ut
2629 3108 2653 3146 8
2686 3099 2976 3153 Catullinus
3007 3101 3227 3154 illustris
3258 3110 3381 3155 tunc
3408 3101 3475 3156 ab

232 3183 459 3238 εωιυίειὶε
492 3184 559 3239 de
606 3184 843 3238 amicula
876 3199 991 3238 mea
1012 3225 1027 3250 ο
1061 3185 1143 3238 Vel
1177 3200 1499 3253 prtesumere
1535 3196 1675 3253 tuta,
1709 3190 1792 3243 vel
1820 3165 1865 3227 Ο
1899 3191 2153 3247 Arvernis
2179 3190 2269 3245 illo
2290 3192 2647 3251 ven'ret.cum
2671 3205 2881 3259 semper
2908 3192 3057 3260 mihi,
3078 3202 3185 3247 tum
3213 3194 3477 3262 praecipue

231 3275 375 3329 illmsa
396 3277 641 3333 credere.
670 3276 783 3347 Ego
804 3291 932 3332 vero
960 3276 1199 3351 notitiam
1228 3278 1325 3332 viri
1355 3278 1793 3333 familiaritatem-

232 3380 317 3434 que
362 3384 459 3423 non
504 3370 687 3424 solum
730 3369 915 3423 volens
941 3410 956 3436 ,
998 3370 1089 3423 sed
1133 3380 1185 3424 et
1223 3370 1409 3424 avidus
1451 3372 1791 3437 amplector:

230 3459 399 3527 quippe
419 3461 507 3529 qui
538 3460 791 3517 noverim
821 3469 1055 3514 nostram
1085 3476 1295 3529 quoque
1321 3461 1544 3529 gratiam
1575 3461 1675 3515 hoc
1702 3461 1799 3516 ob-

231 3553 392 3617 sequio
433 3568 555 3607 meo
602 3552 718 3605 fore
748 3551 1153 3620 copulatiorem.
1198 3552 1300 3605 Sed
1333 3561 1384 3604 et
1424 3559 1478 3606 tu
1512 3553 1796 3622 vigi!antire

230 3656 321 3697 sua:
345 3660 457 3709 me,
491 3646 542 3699 id
573 3655 683 3711 est,
718 3644 871 3697 famte
904 3658 1035 3698 mete
1069 3652 1263 3697 statum
1295 3659 1614 3715 causamque
1644 3661 1794 3701 com-

232 3736 422 3789 menda.
478 3737 693 3792 Vereor
735 3745 913 3789 autem
970 3752 1035 3789 ne
1073 3745 1095 3772 ο
1130 3736 1322 3791 famem
1362 3738 1537 3805 pepuli
1571 3738 1796 3793 Romani

229 3826 484 3883 theatralis
513 3842 703 3883 cavete
747 3827 924 3895 fragor
966 3828 1174 3880 insonet
1204 3868 1217 3887 ,
1262 3837 1317 3881 et
1357 3826 1648 3881 infortunio
1676 3844 1798 3884 meo

229 3916 416 3983 publica
441 3918 736 3988 deputetur
762 3918 987 3972 esuries.
1042 3915 1179 3972 Sane
1210 3916 1350 3971 hunc
1381 3918 1551 3986 ipsum
1581 3933 1610 3972 e
1640 3920 1799 3973 vesti-

225 4008 300 4078 gio
342 4012 403 4065 ad
456 4022 677 4081 portum
724 4010 935 4065 mittere
986 4024 1113 4080 paro
1139 4054 1154 4078 ,
1200 4010 1323 4080 quia
1365 4012 1599 4079 comperi
1641 4026 1801 4067 naves

288 4152 310 4180 ι
355 4144 676 4216 Pzrnegyrici
716 4141 1091 4209 Anthemiani,
1123 4156 1280 4213 quem
1323 4157 1442 4196 cum
1493 4141 1573 4196 his
1611 4141 1802 4198 litteris

225 4216 466 4269 mittebat.

286 4284 310 4322 δ
350 4286 459 4339 Mea
487 4285 747 4339 nimirum
792 4282 1141 4350 prmfectoria.
1170 4285 1271 4353 21
1302 4282 1550 4353 C'nctuti,
1580 4283 1681 4338 hnc
1719 4291 1800 4337 est

223 4354 365 4409 cincti
392 4366 551 4410 erant
605 4355 870 4423 praefecti,
902 4366 952 4407 et
982 4353 1071 4406 alii
1104 4352 1289 4405 omnes
1321 4352 1659 4419 magistratus
1686 4354 1803 4421 qui-

226 4426 310 4499 l_uts
337 4428 609 4495 gladiijus
632 4435 1006 4499 crat,qnorutn
1026 4426 1230 4491 insigne
1258 4425 1524 4499 cingulum
1556 4426 1801 4499 oi_&pztiv

228 4491 439 4565 ἇοχόυσι
453 4491 591 4566 μέτά
612 4500 782 4566 ξίφους
805 4491 889 4548 καὶ
915 4495 1219 4566 τελαμῶνος,
1255 4503 1311 4547 ut
1342 4491 1803 4566 loquitueGrevg'o-

226 4563 322 4619 rius
350 4563 726 4621 Nazianzenus
757 4565 979 4633 epistola
1011 4563 1076 4616 ad
1120 4563 1427 4618 Africanum
1468 4581 1479 4615 :
1512 4563 1599 4632 qui
1639 4565 1809 4618 hunor

226 4634 401 4702 Cinguli
428 4639 627 4703 iniure
656 4634 867 4703 passim.
888 4634 1019 4688 llinc
1046 4633 1131 4686 illa
1165 4636 1427 4700 superius,
1452 4634 1641 4688 cinctus
1665 4636 1811 4687 Avie-

226 4719 322 4776 nus,
352 4705 475 4759 Βηδὶ
502 4708 588 4759 ius
618 4706 925 4771 discinctus;
956 4713 1008 4758 ct
1039 4703 1132 4759 lib.
1165 4720 1216 4769 v,
1248 4719 1334 4770 ep.
1370 4706 1421 4771 7,
1451 4705 1543 4758 εἰη.
1564 4712 1627 4758 tis
1663 4707 1808 4776 jura,

225 4774 471 4829 discinctis
500 4776 794 4846 pr.uilegia.

290 4856 308 4882 ε
350 4847 439 4900 Sic
494 4843 711 4900 veteres
752 4844 908 4909 libri,
949 4859 1056 4897 non
1095 4843 1377 4910 Campania
1408 4860 1425 4897 :
1457 4843 1723 4911 quomodo
1763 4852 1816 4898 et

222 4911 377 4969 Julius
395 4916 573 4971 Ferox
588 4916 974 4984 Campaniauus
989 4914 1051 4968 V.
1075 4916 1131 4970 C.
1160 4916 1437 4982 praefectus
1458 4915 1583 4970 Urbi
1615 4924 1819 4984 tempo-

224 4987 358 5039 ribus
372 4987 692 5041 Dioclt-tiani
714 4982 1005 5054 i’nantiqute
1034 4984 1177 5040 basis
1208 4985 1551 5055 inscriptione
1567 5002 1579 5037 :
1596 4996 1647 5055 et
1663 4982 1817 5037 Cam-

226 5058 478 5123 panianus
512 5056 991 5111 virdisertissitnus
1020 5059 1157 5123 apud
1184 5055 1467 5122 Cassiod,l.
1502 5071 1576 5120 ix,
1609 5054 1732 5109 Var.
1759 5055 1815 5108 4.

284 5124 309 5162 ἀ
363 5128 493 5181 Erat
549 5128 597 5180 is
646 5126 745 5179 sub
792 5126 1029 5194 prtefecti
1088 5125 1245 5180 Urbis
1301 5136 1585 5194 potestate.
1639 5126 1815 5191 Quare

223 5193 380 5249 Paulo
411 5205 540 5265 post
583 5196 646 5251 ad
679 5193 888 5265 portum
919 5196 1220 5250 Ostiensem
1254 5193 1349 5249 mit
1376 5196 1479 5249 itur
1508 5210 1537 5248 a
1567 5194 1812 5260 Sidonio,

224 5276 275 5317 ut
318 5268 654 5321 frumentum
686 5266 826 5335 quod
873 5280 1034 5319 naves
1078 5266 1425 5319 Btuudusinze
1460 5268 1813 5332 advexerant,

223 5350 311 5399 per
337 5339 477 5392 caud
504 5340 686 5391 carios
736 5337 792 5389 in
823 5335 1014 5391 Urbem
1047 5335 1446 5389 subvehendum
1478 5345 1647 5389 curet.
1701 5335 1813 5389 Etsi

224 5406 359 5460 enim
390 5421 606 5477 augere
633 5406 788 5462 Urbis
815 5408 996 5477 copias
1036 5407 1249 5477 propria
1277 5415 1392 5459 erat
1420 5420 1544 5459 cura
1577 5404 1814 5477 prmfecti

220 5474 491 5540 annonae;
509 5476 703 5531 eadem
734 5486 908 5529 tamen
936 5476 1003 5529 ad
1040 5474 1364 5545 praefectum
1420 5491 1630 5543 quoque
1663 5474 1819 5529 Urbis

223 5557 474 5614 tanquam
507 5545 580 5598 ad
605 5548 929 5615 superiorem
959 5556 1273 5615 potestatem
1312 5546 1642 5614 pertinebat,
1685 5547 1720 5601 l.
1767 5547 1819 5607 i,

222 5614 318 5685 rod
369 5615 442 5670 de
472 5614 930 5670 oflicio’PruefeCIi
964 5614 1115 5671 Urbi.
1150 5616 1328 5685 Itaque
1358 5625 1408 5669 et
1440 5615 1689 5669 Sidonius
1722 5615 1821 5670 hoc

225 5683 367 5748 loco,
395 5693 455 5738 et
472 5688 831 5756 Symmachus
864 5686 953 5740 lib.
981 5702 1035 5749 χ,
1065 5702 1148 5756 ευρ.
1182 5683 1272 5749 48,
1299 5685 1609 5755 praefectura
1640 5688 1820 5739 urliica

228 5758 522 5826 fungentes
568 5770 903 5813 communem
945 5772 1066 5812 cum
1126 5757 1374 5826 prtefecto
1416 5772 1637 5813 annona:
1677 5771 1823 5813 cem-

1833 4463 1885 4523 D

1897 3282 2209 3339 commilitio
2240 3283 2437 3337 recenti
2464 3283 2753 3335 familiaris.
2786 3281 2940 3353 Saepe
2967 3284 3106 3337 enim
3139 3286 3284 3339 cives
3312 3288 3479 3355 magis

1898 3376 2100 3429 amicos
2131 3374 2491 3443 peregrinatio
2526 3372 2672 3427 facit.
2725 3373 2883 3442 Igitur
2916 3374 3134 3428 insidias
3185 3376 3468 3439 nescien‘i,

1901 3475 2005 3521 tam
2035 3466 2303 3530 Paeonius,
2332 3480 2490 3535 quam
2523 3466 2614 3536 Big
2650 3480 2739 3519 rus
2764 3465 2858 3520 has
2890 3467 3247 3530 tetenderunt.
3278 3476 3338 3522 ut
3362 3469 3479 3536 plu-

1899 3558 2048 3613 rimis
2076 3571 2258 3612 coram
2299 3565 2547 3626 tanquam
2587 3557 2654 3611 ab
2685 3558 2898 3611 incauto
2927 3558 3343 3620 sciscitarentur.
3378 3559 3480 3614 hoc

1902 3666 2097 3705 novum
2129 3665 2341 3703 carmen
2370 3664 2435 3703 an
2465 3657 2892 3717 recognosceret.
2922 3651 2983 3703 Et
3011 3650 3099 3703 ille
3130 3669 3143 3703 :
3175 3651 3249 3714 Si,
3286 3651 3476 3717 inquit,

1903 3743 2166 3796 dixeritis.
2198 3741 2438 3809 Cumque
2474 3740 2667 3794 frustra
2698 3740 2906 3796 diversa
2931 3783 2947 3808 ,
2992 3742 3143 3810 quasi
3180 3757 3271 3810 per
3301 3744 3478 3810 jorum

1904 3833 2238 3887 effunderent
2259 3872 2273 3895 ,
2301 3830 2523 3886 solvitur
2548 3832 2835 3886 Catullinus
2858 3836 2909 3885 in
2934 3834 3120 3894 risum,
3152 3833 3487 3898 intempeSti-

1908 3938 2079 3992 \‘oque
2101 3921 2352 3990 suffragio
2381 3921 2614 3976 clamare
2639 3922 2822 3992 cmpit,
2854 3922 3070 3992 dignum
3106 3938 3312 3991 poema,
3342 3923 3483 3992 quod

1904 4013 2140 4084 apicibus
2172 4012 2568 4081 perennandum
2611 4015 2809 4067 auratis
2833 4013 2974 4083 juste
3010 4011 3035 4049 ¹³
3067 4014 3246 4069 tabula
3286 4025 3487 4069 ro-tra-

1908 4150 2117 4197 meatus
2149 4155 2327 4196 curam
2357 4150 2567 4210 gerunt.

1982 4223 2005 4250 9
2043 4212 2283 4278 Querelte
2311 4213 2481 4279 panis,
2512 4226 2603 4275 per
2628 4224 2759 4279 (plus
2790 4210 3015 4279 populus
3043 4211 3321 4279 ingruente
3349 4211 3487 4268 fama

1911 4284 2347 4342 tumultuahatur.
2384 4282 2613 4347 praefecti
2669 4279 2827 4335 Urbis
2870 4282 3028 4350 capiti
3074 4296 3216 4346 saepe
3246 4282 3489 4338 immine-

1908 4355 2066 4420 bant,
2101 4366 2153 4403 nt
2193 4352 2415 4406 Tertulli
2445 4351 2744 4415 exemplum
2776 4350 2928 4404 docet
2959 4352 3096 4420 apud
3128 4352 3489 4407 Mareellinam

1912 4424 2004 4477 lih.
2042 4438 2152 4476 six.
2187 4423 2280 4475 lla:
2308 4438 2481 4475 autem
2519 4424 2567 4475 in
2602 4421 2825 4474 theatris
2854 4428 3088 4474 maxime
3116 4422 3378 4489 circisque
3401 4438 3493 4474 au-

1911 4495 2215 4560 diebantur,
2242 4494 2326 4545 ubi
2358 4504 2411 4547 et
2440 4492 2666 4559 populus
2695 4491 2958 4557 frequens.
2983 4499 3038 4545 et
3067 4491 3236 4560 major
3258 4492 3493 4549 licentia.

1915 4565 2129 4618 Tacitus
2156 4578 2186 4614 v
2216 4564 2410 4616 Annal.
2440 4564 2489 4614 in
2524 4560 2734 4613 Domitii
2763 4570 2817 4614 et
2857 4560 3129 4614 Scribonis
3162 4564 3440 4617 consulatu
3477 4584 3490 4617 :

1918 4634 2108 4687 Iisdem
2149 4631 2437 4685 consulibus
2473 4632 2718 4703 grauitate
2754 4646 2972 4703 annona:
3003 4633 3158 4703 juxta
3204 4633 3495 4687 seditionem

1917 4715 2116 4758 veritum
2142 4719 2158 4756 :
2181 4703 2436 4771 multaque
2458 4700 2500 4755 et
2524 4700 2693 4771 plures
2715 4716 2803 4767 per
2830 4701 2936 4753 dies
2964 4703 3014 4754 in
3046 4702 3237 4771 theatro
3268 4704 3500 4756 licentius

1919 4775 2206 4843 efﬂagitata.
2253 4774 2325 4843 De
2354 4770 2581 4825 (ircetisi
2614 4770 2714 4843 alio
2745 4772 2973 4825 tumultu
3001 4770 3497 4843 quiiConstantino-

1922 4842 2028 4914 poli
2054 4843 2265 4906 accidit,
2304 4842 2571 4914 Eutrapius
2595 4843 2647 4893 in
2678 4842 2907 4914 Sopatro
2940 4859 2953 4895 :
2985 4842 3051 4895 de
3084 4842 3325 4914 Romano
3353 4842 3500 4898 Zosi-

1924 4911 2042 4968 inus
2074 4914 2167 4967 lib.
2200 4929 2253 4975 v,
2282 4913 2493 4981 quando
2527 4912 2837 4965 lleracliano
2875 4914 3071 4965 comite
3107 4911 3300 4966 Africa:
3336 4926 3498 4967 occu-

1957 4995 2072 5038 atos
2099 4995 2280 5049 portus
2312 4991 2527 5038 tenente
2558 4981 2736 5036 feralis
2768 4982 2849 5035 illa
2882 4998 2981 5035 vox
3015 4982 3066 5036 in
3096 4983 3243 5037 circo
3274 4984 3455 5038 audita
3486 5001 3499 5038 :

1971 5071 2065 5108 one
2096 5058 2310 5122 pretium
2337 5054 2481 5106 carni
2503 5054 2755 5104 humanm.
2919 5121 2926 5122 ί
3458 5085 3468 5095 .

1999 5124 2017 5163 ί
2060 5121 2327 5193 Sequano,
2352 5132 2409 5176 ut
2428 5124 2595 5191 prima
2618 5123 2797 5193 statim
2820 5121 2981 5193 verba
3005 5123 3260 5178 indicant.
3293 5123 3501 5191 Scripta

1920 5206 2003 5249 est
2026 5196 2248 5264 epistola
2277 5195 2605 5262 temporibus
2634 5192 2937 5264 Anthemii;
2970 5195 3062 5249 sed
3093 5209 3154 5247 ea
3187 5205 3366 5248 narrat
3386 5208 3504 5264 quae

1921 5262 2214 5335 Majoriano
2247 5274 2503 5335 regnante
2544 5262 2884 5335 acciderant,
2934 5278 3110 5329 anno,
3161 5273 3220 5317 ut
3261 5263 3502 5316 Severini

1921 5333 2232 5391 consulatus
2254 5333 2507 5399 ostendit,
2530 5334 2656 5388 461.

1997 5415 2020 5453 8
2067 5405 2123 5459 lu
2172 5404 2463 5473 epigraphe
2508 5404 2763 5458 carminis
2808 5403 2875 5457 η
2926 5417 3029 5455 non
3077 5402 3305 5473 amplius
3346 5415 3504 5473 quam

1925 5471 2613 5543 clarissimusappellatur.
2664 5475 2874 5527 llouore
2920 5474 3074 5543 igitur
3102 5471 3509 5543 antpriviiegio

1928 5547 2177 5616 quopiam
2214 5540 2435 5616 ornatus
2465 5554 2643 5612 postea
2676 5543 2845 5596 fuerat
2875 5556 2979 5616 quo
3008 5542 3157 5616 fieret
3191 5540 3436 5616 illustris.

2002 5610 2267 5683 1I'l)igua,
2300 5610 2499 5682 inquit,
2531 5626 2704 5682 satyra
2728 5652 2743 5673 ,
2774 5628 2892 5679 quae
2923 5612 2972 5663 in
3004 5625 3077 5664 tes
3104 5610 3267 5683 incisa
3304 5628 3400 5681 pro
3426 5626 3512 5666 ro-

1930 5686 2057 5740 stris
2082 5682 2165 5739 vel
2199 5686 2251 5737 in
2276 5683 2537 5752 Capitolio
2566 5686 2702 5737 inter
2730 5684 2904 5747 legum
2936 5696 2997 5736 ac
3034 5682 3369 5752 publicorum
3402 5697 3512 5737 mo-

1934 5764 2305 5813 numentorum
2340 5755 2543 5812 tabulas
2571 5753 2886 5810 collocetur.
