3910 6172
431 318 535 374 16⁵1

1717 300 1961 359 SlDONii
2002 317 2014 355 Α

2122 299 2449 356 ii.l.iN.—\itiS
2792 304 2794 306 ’
3601 299 3682 354 468

433 431 498 484 lis
527 427 794 496 acciperet
813 465 826 485 .
855 431 947 478 aut
977 419 1136 476 etiam
1166 416 1484 487 Capitolina.
1517 413 1767 470 Paeonius
1797 414 2017 481 exarsit,
2047 421 2101 484 Α
2129 423 2253 467 tunc
2279 411 2533 483 incipiunt
2564 411 2874 480 dignitates.
2911 411 3072 481 igitur
3092 411 3194 468 is‘e
3208 411 3285 466 sic
3315 410 3684 481 prmiectorius,

431 522 516 576 cui
544 517 811 590 satyricus
851 514 940 568 ille
989 525 1224 566 morsum
1269 507 1444 564 dentis
1487 507 1636 576 igniti
1665 505 1873 559 avidius
1905 505 2009 558 im-

433 618 708 684 presserat
745 626 760 664 :
807 617 968 677 atque
995 605 1062 660 ad
1106 611 1345 657 astantes
1387 600 1772 665 circulatores,
1805 597 2017 666 injuria:

433 701 753 769 Communis,
778 697 970 769 inquit,
995 697 1104 766 jam
1131 709 1278 749 reum
1305 691 1500 747 inveni.
1533 689 1734 745 Videtis
1761 698 1818 744 ut
1837 686 2016 743 Catul-

435 797 575 849 linus
603 771 812 863 deperit
844 790 994 844 risu?
1049 791 1283 856 Apparet
1308 784 1354 839 ei
1386 793 1514 839 nota
1542 782 1852 838 memorari.
1883 780 2015 835 Nam

433 901 554 956 qua:
580 899 739 940 causa
759 881 1016 951 compulit
1039 878 1284 935 festinam
1314 877 1644 947 praecipitare
1674 875 2014 937 sententiam,

433 978 536 1032 nisi
561 977 701 1046 quod
727 976 838 1045 jam
868 979 1016 1030 tenet
1047 981 1214 1027 telum
1233 1010 1248 1035 ,
1284 968 1374 1038 qui
1400 968 1468 1024 de
1498 975 1646 1038 parte
1671 967 1748 1022 sic
1770 967 2018 1037 judicat?

436 1071 617 1140 itaque
639 1068 890 1126 Sidonius
919 1079 1059 1120 nunc
1081 1065 1134 1118 in
1165 1063 1408 1117 Arverno
1429 1070 1510 1117 est
1542 1076 1556 1114 :
1591 1059 1730 1114 unde
1755 1057 2019 1126 colligitur

436 1172 658 1216 auctore
678 1161 788 1228 illo,
817 1160 920 1213 isto
947 1157 1211 1222 auditore,
1237 1170 1350 1210 rem
1372 1163 1591 1210 textam.
1619 1153 1724 1207 itur
1755 1153 1808 1206 in
1834 1151 2016 1218 furias,

435 1257 596 1322 inque
637 1252 874 1306 convicia
921 1249 1200 1316 absentis,
1247 1247 1570 1313 nescientis,
1613 1245 2020 1313 innocentisque

433 1345 804 1406 conscientiae;
839 1341 961 1396 fidei
991 1340 1270 1410 (ιιιιθειὶοηί
1296 1339 1370 1393 nil
1399 1346 1723 1394 reservatur.
1755 1336 1845 1392 Sic
1877 1335 2018 1390 levis

434 1437 603 1490 turba:
633 1434 965 1500 facilitatem,
997 1447 1100 1504 qua
1132 1432 1319 1497 voluit,
1343 1430 1613 1487 contraxit
1650 1443 1878 1496 persona
1925 1442 2020 1496 po-

434 1525 653 1594 puiaris.
709 1525 836 1579 Erat
882 1525 1026 1579 enim
1055 1523 1170 1593 ipse
1201 1523 1444 1576 Paeonius
1494 1521 1679 1591 populi
1730 1528 1894 1589 totus,
1928 1522 2018 1589 qui

433 1616 723 1672 tribunitiis
751 1615 964 1670 flatibus
994 1615 1188 1669 crebro
1220 1613 1546 1668 seditionum
1573 1612 1791 1682 pelagus
1823 1611 2015 1681 impel-

435 1711 588 1765 leret.
619 1707 881 1763 Caeterum
913 1708 960 1762 si
1000 1706 1336 1776 requisisses,
1382 1704 1472 1774 qui
1521 1718 1711 1772 genus,
1742 1701 1884 1757 unde
1911 1701 2009 1757 do-

2130 503 2209 558 sic
2236 511 2453 557 senator
2495 502 2669 574 (cujus
2718 501 2958 557 moribus
3006 504 3148 572 quod
3183 503 3450 572 praeconia
3493 518 3686 573 compe-

2122 595 2284 650 tentia
2313 609 2416 649 uou
2445 609 2508 650 ex
2539 610 2662 649 asse
2695 595 2964 666 persolvo,
2996 596 3179 662 generi
3231 595 3314 649 sui
3345 597 3585 651 moribus
3611 600 3690 652 de-

2121 683 2268 757 beo),
2296 687 2586 741 multorum
2621 687 2737 756 plus
2764 701 2923 755 quam
2957 685 3218 739 honorum
3263 688 3385 740 odia
3422 691 3692 745 commovit

2120 779 2295 834 adhuc
2325 779 2589 849 ignoranti
2617 779 2768 844 mihi,
2800 778 2974 832 adhuc
3003 779 3200 844 amico,
3232 788 3484 848 tanquam
3509 784 3693 837 saeculo

2121 887 2242 926 meo
2263 887 2456 926 canere
2491 871 2637 926 solus
2684 885 2842 926 versu
2885 869 3139 925 valerem.
3201 871 3366 926 Venio
3412 873 3690 940 Arelatem,

2121 961 2252 1016 nihil
2283 962 2456 1015 adhuc
2486 961 2762 1030 suspicans
2792 978 2804 1012 :
2837 960 2978 1014 unde
3011 960 3518 1033 enim?quanquam
3551 975 3694 1031 puta-

2121 1067 2209 1107 rer
2235 1053 2302 1107 ab
2339 1051 2567 1106 inimicis
2599 1066 2702 1105 non
2731 1049 3042 1114 adfuturus;
3075 1066 3136 1104 ac
3165 1053 3401 1120 principe
3433 1063 3551 1122 post
3569 1054 3694 1106 diem

2120 1146 2259 1212 visci,
2298 1145 2351 1198 in
2384 1143 2554 1199 forum
2583 1159 2647 1199 ex
2674 1159 2826 1198 more
2851 1143 3159 1209 descendo;
3209 1143 3351 1213 quod
3399 1145 3486 1198 ubi
3535 1145 3695 1198 visum

2121 1246 2204 1292 est
2255 1236 2396 1291 illico
2442 1235 2683 1305 expavit,
2716 1244 2774 1289 ut
2833 1235 2906 1288 ait
2955 1233 3067 1301 ille,
3101 1235 3209 1306 28
3249 1235 3320 1288 r.il
3351 1235 3560 1290 fortiter
3581 1251 3694 1289 ausa

2121 1330 2334 1389 seditio.
2403 1329 2507 1384 Alii
2563 1339 2740 1383 tamen
2806 1327 2940 1381 mihi
2985 1327 3104 1397 plus
3159 1343 3317 1394 quam
3383 1327 3599 1381 deceret
3638 1329 3698 1381 ad

2121 1437 2293 1492 genua
2325 1421 2565 1491 provolvi
2591 1437 2606 1483 ;
2631 1420 2718 1474 alii
2748 1436 2814 1474 ne
2837 1419 3154 1483 salutarent,
3183 1416 3207 1453 ἀ
3237 1418 3420 1486 fugere
3452 1429 3574 1487 post
3603 1428 3698 1472 sta-

2123 1523 2260 1576 tuas,
2294 1511 2467 1567 occuli
2507 1519 2629 1581 post
2669 1511 2977 1578 columnas;
3007 1511 3094 1564 alii
3139 1510 3340 1576 tristes,
3376 1511 3701 1578 vultuosique

2118 1611 2317 1681 junctis
2343 1610 2475 1664 mihi
2521 1610 2776 1665 lateribus
2816 1610 3085 1665 incedere.
3130 1610 3228 1664 llic
3271 1626 3392 1680 ego,
3442 1612 3571 1680 quid
3609 1611 3702 1666 sibi

2129 1705 2244 1758 hinc
2277 1703 2638 1759 veiletiniliis
2690 1703 2956 1773 superbia:
3005 1703 3202 1768 nimiae,
3249 1704 3301 1758 in
3351 1705 3465 1758 istis
3494 1707 3702 1760 humili-

437 1815 562 1865 mo;
613 1814 720 1853 non
761 1797 1083 1854 eminentius
1114 1811 1268 1866 quam
1302 1804 1328 1832 ⁸
1378 1793 1773 1861 municipaliter
1816 1798 2006 1846 natus:
2044 1781 2093 1840 B
2119 1796 2242 1852 tatis
2270 1796 2476 1865 forma,
2502 1795 2706 1861 mirari,
2740 1809 2840 1850 nec
2869 1795 3010 1850 ultro
3030 1803 3209 1849 tamen
3255 1809 3445 1850 causas
3482 1797 3706 1852 interro.

437 1905 760 1962 quemquem
793 1892 932 1944 inter
960 1888 1110 1942 initia
1137 1887 1238 1958 27
1271 1885 1545 1954 cognosci,
1592 1884 1808 1938 claritas
1835 1881 2014 1937 vitrici

436 1987 606 2055 magis
636 1998 793 2054 quam
826 1981 992 2051 patris
1015 1981 1222 2035 fecerit.
1261 1975 1551 2032 identidem
1601 1983 1778 2030 tamen
1809 1990 1904 2044 per
1935 1974 2015 2029 fas

436 2079 693 2148 nefasque
719 2089 962 2131 crescere
987 2073 1278 2138 affectans;
1310 2071 1660 2142 pecuniaeque
1700 2084 1796 2138 per
1842 2066 2016 2123 avari-

439 2171 566 2224 tiam
599 2181 813 2238 parcus,
843 2181 940 2237 per
966 2165 1223 2220 ambitum
1251 2163 1531 2233 prodigus.
1559 2161 1796 2230 Namque
1839 2170 1898 2215 ut
1939 2159 2017 2214 fa-

439 2266 602 2330 miliae
626 2263 891 2333 superiori
942 2276 1037 2332 per
1076 2261 1238 2315 filiam
1287 2258 1466 2314 saltim
1515 2271 1820 2327 quanquam
1849 2255 2016 2310 hone-

436 2359 728 2420 stissimam
754 2356 1088 2428 jungeretur,
1125 2363 1312 2408 contra
1351 2351 1584 2420 rigorem
1627 2348 1782 2404 civici
1813 2346 2014 2411 moris,

437 2449 793 2520 splendidam,
824 2457 885 2504 ut
911 2448 1107 2512 ferunt,
1143 2445 1322 2502 dotem
1349 2439 1607 2498 Chremes
1654 2449 1834 2493 noster
1864 2438 2020 2492 Pam-

435 2541 582 2612 philo
607 2556 707 2597 suo
733 2541 962 2598 dixerat.
1016 2538 1257 2607 Cumque
1285 2535 1354 2590 de
1381 2532 1712 2603 capessendo
1742 2529 2016 2585 diadema-

437 2643 491 2689 te
520 2634 545 2672 ιι
572 2633 871 2704 coniuratio
899 2629 1241 2686 Marcelliana
1269 2635 1615 2697 coqueretur,
1647 2621 1910 2678 nobilium
1932 2620 2020 2691 ju-

436 2725 638 2779 ventuti
669 2721 981 2793 signiferum
1004 2734 1126 2776 sese
1153 2719 1208 2773 in
1242 2716 1472 2772 factione
1493 2714 1826 2785 praebuerat:
1857 2711 2021 2766 homo

437 2815 614 2871 adhuc
642 2830 810 2870 novus
839 2814 891 2868 in
918 2819 1213 2872 senectute.
1251 2809 1426 2865 donec
1474 2807 1761 2879 aliquando
1801 2813 2021 2876 propter

437 2905 804 2976 experimenta
835 2904 1007 2958 felicis
1035 2902 1292 2967 audaciae,
1327 2899 1584 2954 natalium
1615 2898 1735 2969 ejus
1779 2897 2024 2953 obscuri-

439 2997 533 3051 tati
575 2995 720 3049 dedit
777 2994 973 3047 hiantis
1021 2989 1314 3060 interregni
1367 2991 1501 3044 rima
1549 2989 1834 3059 fulgorem.
1886 2987 2018 3042 Nam

443 3094 664 3141 vacante
695 3085 836 3150 aula,
871 3083 1189 3150 turbataque
1227 3081 1529 3150 republica,
1579 3080 1728 3134 solus
1775 3079 2020 3134 inventus

442 3186 544 3244 est,
574 3176 664 3245 qui
693 3175 758 3229 ad
816 3173 1016 3229 Gallias
1056 3170 1536 3234 administrandas,
1588 3169 1818 3225 fascibus
1874 3170 2022 3238 prius

443 3280 601 3334 quam
630 3265 892 3321 codici'lis
921 3277 1084 3319 ausus
1117 3262 1342 3332 accingi,
1383 3260 1658 3316 mensibus
1704 3259 1883 3315 multis
1930 3260 2023 3314 tri-

441 3360 602 3416 bunal
654 3359 942 3414 illuStriunt
1005 3366 1326 3427 potestatum
1379 3352 1685 3422 spectabilis
1737 3352 2023 3422 praafectus

441 3454 750 3511 ascenderet
781 3472 792 3507 :
821 3467 961 3508 anno
986 3460 1198 3521 peracto
1228 3448 1432 3504 militiae
1457 3457 1709 3502 extr-ma:
1733 3444 2021 3500 terminum

441 3547 585 3601 circa
613 3545 697 3600 vix
728 3545 1042 3610 ltonoratus,
1074 3551 1097 3580 ε
1129 3539 1562 3596 numerariorum
1592 3552 1762 3600 more,
1803 3551 1896 3591 seu
1925 3550 2022 3605 po-

441 3637 545 3694 tius
582 3637 986 3703 advocatorum,
1036 3647 1266 3706 quorum
1302 3645 1423 3686 cum
1464 3629 1721 3686 finiuntur
1756 3630 2018 3696 actiones,

511 3849 539 3878 ι
565 3839 730 3907 Cujus
757 3839 1004 3892 nimirum
1036 3839 1266 3906 majores
1307 3837 1570 3907 publicam
1597 3837 1795 3892 nullam
1843 3835 2018 3907 digni-

441 3917 602 3967 tatem
629 3906 932 3990 attigerant,
958 3908 1052 3963 sed
1077 3909 1209 3960 intra
1243 3906 1648 3990 tltUtlj‘Cipit'rttfn
1676 3922 1891 3990 suorum
1919 3906 2015 3989 ho:

442 3995 604 4035 nores
630 3993 694 4033 ac
733 3977 851 4048 jma
903 3986 1312 4032 consenuerant.
1364 3978 1644 4044 Quomodo
1690 3987 1741 4031 et
1789 3977 2014 4048 Augusti

440 4065 595 4104 avum
638 4050 1049 4116 municipalibus
1084 4051 1188 4117 22
1235 4049 1553 4116 magisteriis
1595 4055 1905 4117 contentum
1931 4047 2015 4117 vi-

441 4122 588 4176 xisse
620 4129 797 4173 narrat
827 4114 1260 4185 Suetonius—cap.
1281 4114 1340 4171 ἓξ
1367 4119 1553 4172 Cicero
1583 4131 1678 4184 pro
1705 4115 1849 4185 Sylla
1880 4133 1891 4168 :
1920 4114 2011 4169 Est

439 4193 570 4246 enim
601 4192 708 4260 ipse
740 4207 770 4242 a
800 4205 1025 4242 ma'erno
1080 4187 1649 4260 generemunicipalis.
1707 4185 2012 4260 Eodemque

439 4256 631 4328 sensu,
653 4261 774 4330 quia
828 4262 880 4313 in
927 4256 1229 4324 mttniCipiis
1276 4257 1556 4330 humiliora
1603 4256 2011 4330 ct_ohscur_iora

440 4343 564 4386 sunt
591 4324 791 4393 oin-nia,
833 4330 1194 4396 municipalem
1225 4326 1449 4380 scholam
1489 4325 1757 4379 Αιιειηιὶιις
1786 4324 1850 4377 ad
1873 4325 2010 4380 Gra-

442 4402 669 4466 tianum,
698 4411 752 4456 et
781 4400 1033 4456 Sidonius
1063 4397 1154 4451 ltb.
1183 4411 1256 4463 tv,
1293 4397 1346 4458 3,
1387 4396 1723 4461 municipales
1763 4403 2010 4466 oratores,

441 4471 497 4524 in
520 4465 756 4525 carmine
785 4471 851 4526 ad
881 4469 1117 4526 Felicem
1144 4466 1478 4538 municipales
1504 4475 1675 4538 poetas
1703 4465 1834 4520 dixit
1860 4465 2012 4536 igno-

442 4539 573 4594 biles
603 4549 656 4594 ct
675 4541 952 4595 obscuros.

513 4608 540 4646 '0
571 4609 892 4683 Marcelliani
931 4607 1323 4683 patriciitAetii
1347 4605 1638 4683 _quontiant
1689 4605 2007 4683 familiaris;

439 4693 599 4746 quem
629 4678 816 4731 auctor
842 4678 1255 4748 est'l’rocopius
1290 4695 1306 4733 ι
1347 4678 1637 4736 Vandalici.
1670 4691 1810 4748 caeso
1855 4679 2010 4731 Aetio

439 4749 600 4804 rebus
628 4748 842 4801 novisiu
877 4747 1451 4817 Dalmatiaistuduisse,
1482 4747 1877 4817 potentiatttqtte
1908 4748 2010 4802 sibi

442 4833 782 4887 comparasse
838 4818 1050 4886 utrique
1115 4818 1340 4886 imperio
1393 4819 1804 4873 formidabilem.
1855 4820 2007 4882 Quod

440 4889 606 4943 Prisci
657 4887 816 4942 etiam
861 4887 1089 4942 rhetoris
1135 4897 1382 4956 excerpta
1410 4891 1745 4942 confirmant.
1782 4887 2010 4943 Interre-

477 4974 601 5012 num
628 4973 777 5022 vero,
809 4957 960 5025 cujus
987 4959 1322 5011 occasionem
1366 4970 1554 5013 nactus
1582 4958 1827 5012 Paeonius
1868 4974 2006 5025 prae-

464 5032 700 5082 ‘ecturam
733 5028 1059 5083 Gallicanam
1085 5029 1328 5094 arripuit,
1356 5044 1460 5082 non
1500 5038 1618 5096 post
1653 5028 1865 5081 Maximi
1904 5043 2006 5082 ca:-

440 5099 563 5153 dem
611 5097 703 5163 cui
746 5096 933 5151 Avitus
973 5112 1096 5152 mox
1149 5099 1424 5167 successit,
1457 5097 1551 5152 sed
1575 5108 1700 5152 ante
1729 5098 2005 5167 Majoriani

441 5167 700 5235 auSpicia,
732 5177 850 5235 post
869 5178 1109 5235 ereptum
1139 5166 1296 5223 Avito
1324 5170 1629 5235 imperium.
1661 5167 1791 5220 Nam
1821 5167 2007 5232 decent

441 5238 670 5307 amplius
696 5236 961 5308 mensium
1008 5236 1105 5290 fuit
1138 5238 1501 5308 intervallum,
1532 5248 1586 5294 ct
1624 5239 1832 5293 turbata
1874 5238 2009 5294 ilici-

441 5305 607 5365 nteris
636 5305 949 5362 factionibus
975 5306 1294 5372 restiublica.

513 5391 536 5419 ε
569 5381 996 5433 Numerariorum
1023 5391 1213 5430 munus
1241 5377 1470 5446 dignitas
1500 5393 1604 5432 non
1632 5389 1736 5443 est,
1785 5379 1882 5435 sed
1931 5379 2010 5434 of-

444 5449 620 5502 lieimn
653 5449 945 5519 dignitatis.
971 5447 1256 5519 Principes
1273 5458 1450 5519 tamen
1481 5449 1799 5505 numerariis
1838 5451 1926 5519 qui
1956 5451 2008 5504 in

440 5519 618 5572 oflicio
647 5518 882 5587 praefecti
913 5527 1066 5587 priet.
1105 5516 1347 5570 militiam
1391 5517 1736 5587 deponerent,
1788 5516 2007 5574 honoris

444 5586 846 5658 priertigatitatit
873 5586 1242 5643 decreverunt.
1275 5589 1351 5640 Ac
1385 5586 1584 5642 Sidonii
1615 5591 1827 5658 quidem
1851 5600 2007 5644 aetate

443 5657 637 5709 tribuni
674 5659 977 5723 pm-toriani
1036 5659 1256 5713 fiebant:
1302 5667 1479 5723 postea
1529 5674 1655 5712 vero
1696 5662 2006 5713 Anastasius

442 5729 576 5790 Aug.
606 5743 698 5780 eos
729 5728 928 5784 honore
955 5731 1214 5784 comitiva‘
1245 5728 1514 5795 dignitatis
1551 5730 1779 5793 ornavit,
1818 5731 1851 5783 l.
1882 5731 2007 5785 ulti-

2040 4653 2087 4710 D

2114 1904 2265 1960 gare,
2291 1905 2412 1946 cum
2454 1888 2777 1944 subornatus
2822 1904 2962 1944 unus
2995 1904 3026 1944 e
3053 1889 3208 1944 turba
3240 1888 3592 1943 factiosorum
3622 1890 3699 1943 dat

2117 1997 2239 2039 sese
2269 1981 2398 2036 mihi
2426 1981 2892 2036 consalutandum.
2917 1980 3066 2035 Tunc
3090 1981 3415 2049 procedente
3441 1997 3706 2046 sermone,

2115 2074 2307 2130 Cernis
2336 2073 2476 2130 hoc?
2500 2075 2689 2144 inquit.
2717 2074 2782 2127 Et
2807 2088 2929 2142 ego,
2953 2074 3142 2138 Video,
3170 2075 3706 2142 inquam,gestusque

2118 2181 2306 2222 eorum
2333 2166 2502 2220 miror
2532 2165 2804 2235 equidem,
2845 2179 2944 2220 nec
2968 2165 3226 2219 admiror.
3276 2164 3357 2220 Ad
3389 2165 3502 2220 haec
3529 2176 3709 2219 uoster

2119 2258 2422 2327 interpres:
2459 2258 2525 2314 Ut
2571 2257 3014 2328 satyrographum
3054 2268 3127 2322 te,
3173 2258 3366 2327 inquit,
3419 2268 3514 2312 aut
3553 2273 3707 2312 exse-

2119 2358 2358 2416 crantur,
2391 2360 2481 2403 aut
2510 2348 2884 2404 reformidant.
2917 2350 3113 2406 Unde?
3137 2350 3392 2419 quando?
3416 2352 3700 2419 respondi:

2119 2442 2237 2512 quis
2280 2444 2485 2496 crimen
2539 2443 2802 2512 agnovit?
2835 2445 2956 2512 quis
2996 2443 3219 2498 detulit?
3262 2444 3384 2514 quis
3423 2444 3707 2515 probavit?

2121 2533 2346 2602 Moxque
2375 2533 2697 2588 subridens:
2728 2534 2917 2604 Perge,
2962 2533 3202 2604 inquam,
3228 2535 3422 2602 amice,
3458 2537 3560 2590 nisi
3598 2553 3707 2590 mo-

2122 2623 2314 2679 lestum
2346 2632 2449 2691 est,
2480 2635 2534 2679 et
2562 2634 2928 2681 tumescentes
2979 2631 3198 2682 nomine
3243 2642 3364 2682 meo
3421 2628 3708 2683 consulere

2121 2716 2362 2787 dignare,
2389 2728 2694 2772 utrumnam
2713 2718 2804 2774 ille
2817 2719 3027 2774 delator
3049 2729 3138 2773 aut
3160 2720 3339 2784 index,
3363 2724 3450 2790 qui
3475 2734 3708 2791 satyram

2121 2821 2209 2863 me
2238 2809 2518 2878 scripsisse
2542 2809 2823 2877 confinxit,
2853 2818 2907 2866 et
2937 2811 3317 2880 perscripsisse
3354 2812 3706 2867 c0ttﬁtnetit:

2123 2898 2263 2953 unde
2308 2898 2445 2954 forte
2487 2900 2556 2954 sit
2603 2900 2769 2956 tutius
2810 2905 2854 2956 si
2896 2903 3282 2969 retractabunt,
3327 2912 3386 2956 ut
3433 2905 3711 2970 superbire

2122 2990 2402 3044 desistant.
2431 2990 2585 3055 Quod
2616 2991 2704 3046 ubi
2736 2993 2956 3048 nuntius
2985 2994 3191 3060 retulit,
3235 2995 3478 3062 protinus
3524 2994 3710 3047 cuncti

2127 3096 2232 3144 non
2261 3080 2523 3147 modeste,
2551 3097 2724 3150 neque
2750 3083 2965 3154 singuli,
2996 3086 3088 3139 sed
3121 3100 3347 3154 propere
3385 3095 3436 3138 et
3463 3096 3710 3139 caterva-

2049 3149 2096 3213 (ἶ
2129 3173 2224 3227 tim
2253 3173 2436 3227 oscula
2465 3187 2530 3229 ac
2556 3149 2808 3231 dexteras
2839 3149 2980 3229 inibi
3027 3149 3310 3231 dederunt.
3363 3176 3518 3232 Solus
3546 3176 3712 3231 Curio

2128 3277 2302 3330 meus,
2327 3265 2380 3319 in
2409 3266 2803 3336 transfugarum
2834 3266 3113 3336 perfidiam
3142 3267 3403 3328 invectus,
3447 3282 3572 3322 cum
3613 3268 3712 3321 ad-

2126 3365 2550 3424 vesperasceret,
2583 3373 2677 3426 per
2701 3357 3067 3412 cathedrarios
3093 3372 3281 3413 servos
3329 3357 3711 3428 vespillonibus

2129 3447 2376 3502 tetriores
2404 3448 2620 3502 domum
2650 3457 2833 3517 raptus
2861 3463 2923 3502 ac
2946 3455 3247 3518 reportatus
3291 3458 3395 3503 cst.
3437 3447 3712 3502 Postridie

2126 3538 2286 3607 jussit
2312 3539 2580 3607 Augustus
2607 3549 2661 3592 ut
2691 3540 2853 3605 epulo
2874 3553 2974 3593 suo
3001 3537 3334 3594 circensibus
3377 3538 3515 3594 ludis
3537 3539 3711 3594 inter-

2131 3642 2394 3685 essemus.
2438 3638 2461 3667 θ
2517 3629 2730 3684 Primus
2774 3627 2987 3699 jacebat
3027 3643 3193 3684 cornu
3250 3628 3471 3684 sinistro
3519 3627 3712 3685 consul

2121 3849 2205 3889 ma
2237 3835 2358 3890 cod.
2385 3835 2452 3890 de
2485 3835 2833 3892 Numerariis.
2866 3836 3011 3892 idem
3053 3836 3306 3905 judicium
3334 3835 3400 3890 de
3429 3834 3709 3890 advocatis

2122 3906 2455 3977 perfectura?
2477 3907 2775 3975 utriusque,
2804 3909 2891 3976 qui
2925 3917 3044 3977 post
3073 3907 3306 3962 officium
3326 3907 3595 3976 expletura
3625 3907 3711 3959 dt-

2123 3976 2472 4029 mittebautur
2501 3992 2623 4030 cum
2654 3977 2900 4032 comitiva
2924 3976 3333 4041 consistoriana,
3369 3977 3403 4031 Ι.
3439 3978 3472 4032 8
3500 3977 3566 4031 de
3597 3977 3708 4030 Ad-

2124 4047 2328 4099 vocatis
2357 4047 2558 4101 divers.
2599 4047 2861 4116 judieum.
2918 4047 3051 4102 Cum
3114 4049 3196 4102 his
3244 4063 3373 4116 ergo
3427 4047 3709 4102 Paeonium

2122 4124 2417 4183 comparat,
2447 4117 2536 4186 qui
2569 4117 2898 4186 pra-fectum:
2926 4134 3084 4185 qtum
3133 4129 3434 4182 usurparat,
3485 4117 3710 4172 codicil-

2122 4186 2213 4256 ios_
2233 4188 2371 4256 circa
2407 4187 2566 4240 finem
2600 4197 2805 4241 tantum
2830 4187 3306 4242 :tdtttinistrationis
3327 4197 3628 4256 acceperat.

2190 4252 2214 4291 ἀ
2246 4255 2449 4322 Quibus
2479 4258 2724 4312 videlicet
2748 4259 3003 4312 refertum
3037 4271 3151 4314 erat
3199 4260 3369 4312 forum
3425 4252 3708 4311 Arelaten-

2118 4340 2199 4393 se,
2226 4337 2281 4379 ut
2331 4327 2555 4380 aliarum
2599 4328 2710 4382 fere
2757 4329 3051 4382 civitatum.
3109 4329 3341 4382 Joannes
3403 4328 3707 4382 Maxentius

2119 4396 2484 4469 inApologia:
2517 4396 2583 4451 In
2613 4399 2873 4469 publicum
2911 4415 3068 4468 usque
3088 4400 3496 4469 prodiergcirca
3528 4414 3709 4467 trgum

2117 4467 2267 4520 etiam
2292 4476 2486 4521 statuas
2518 4467 2869 4524 inclamantes.
2919 4469 2997 4523 Ad
3031 4467 3171 4523 hunc
3204 4484 3328 4522 vero
3364 4485 3564 4522 morem
3618 4482 3710 4522 oc-

2118 4537 2354 4591 cultandi
2383 4553 2441 4592 se
2469 4547 2589 4606 post
2609 4539 2887 4594 columnas
2916 4540 3107 4593 alludit
3141 4539 3366 4593 Basilius
3395 4539 3462 4592 de
3493 4541 3707 4594 fenera-

2122 4608 2326 4678 toribus
2349 4622 2532 4678 agens,
2551 4623 2775 4678 quorum
2801 4625 3078 4663 occursum
3102 4609 3374 4665 declinant
3394 4609 3704 4665 debitores:

2114 4677 2292 4754 φύδεῖς
2359 4677 2581 4754 nurum;
2611 4679 2752 4754 οὕτω.
2799 4684 2893 4740 τὰς
2944 4681 3140 4754 πληγὰς
3185 4688 3276 4734 τοῦ
3319 4683 3705 4752 ἀνταγωνιστοῦ

2114 4750 2404 4823 ὐπρφεύγει,
2432 4750 2536 4809 ὡςὸ
2558 4748 2898 4821 δάνειζόμενος
2914 4759 3003 4805 τοῦ
3035 4748 3268 4823 χρηστοῦ
3292 4753 3386 4809 τὰς
3411 4748 3707 4823 σίντυχίες

2112 4821 2238 4892 πρὸς
2282 4824 2822 4892 κέρνχςγκαὶατορχους
2862 4820 3192 4892 ὑποσκάζων
3346 4823 3598 4892 assulis.
3628 4820 3707 4892 Ει

2111 4889 2426 4959 A'ntbmsius
2456 4890 2630 4943 Basdii
2678 4891 2972 4945 imitatione
3016 4891 3108 4945 lib.
3132 4891 3198 4944 de
3225 4889 3441 4952 Tobia,'
3470 4905 3582 4959 cap.
3625 4891 3660 4943 7
3689 4906 3704 4942 :

2111 4958 2212 5013 Ille
2257 4975 2456 5025 gressus
2509 4960 2750 5013 delatoris
2797 4962 3024 5030 singulos
3072 4971 3350 5024 numerat,
3410 4958 3708 5026 aucupatur

2110 5030 2338 5098 deﬂexus
2360 5045 2378 5082 .'
2419 5031 2513 5082 iste
2537 5032 2778 5084 continuo
2807 5039 2918 5100 post
2939 5032 3203 5084 columnas
3231 5040 3383 5099 caput
3409 5031 3704 5084 obumbrat.

2193 5109 2215 5136 ε
2257 5101 2446 5167 Operae
2477 5101 2707 5169 pretium
2740 5113 2819 5154 est
2845 5115 2949 5169 quo
2979 5103 3200 5169 quisque
3231 5100 3348 5155 loco
3388 5101 3556 5168 jaceat
3598 5103 3709 5155 ob~

2117 5184 2354 5240 servare,
2389 5179 2444 5240 ut
2472 5172 2570 5240 hoc
2600 5171 2845 5237 exemplo
2873 5171 3183 5234 doceamur,
3207 5172 3295 5240 qui
3326 5171 3452 5224 olim
3482 5184 3708 5223 accum-

2117 5239 2279 5294 bendi
2308 5239 2440 5293 ordo
2469 5239 2625 5294 fuerit
2650 5243 2702 5293 in
2729 5241 2977 5310 sigmate,
3015 5243 3115 5296 hoc
3141 5239 3302 5296 estin
3344 5241 3564 5295 stibadio
3594 5255 3708 5296 seu

2120 5310 2258 5364 lecto
2284 5310 2673 5365 semirotundo.
2702 5312 2758 5366 in
2787 5312 3012 5378 sigmate
3043 5313 3184 5366 enim
3218 5312 3314 5365 fuit
3337 5313 3547 5378 epulum
3574 5310 3706 5364 Ma-

2112 5380 2325 5447 joriaoi.
2355 5380 2606 5450 Sigmatis
2639 5395 2798 5451 porro
2828 5383 2932 5436 duo
2961 5394 3113 5436 erait
3137 5391 3376 5436 extrema
3404 5382 3706 5451 velutcor-

2117 5465 2241 5522 nua.
2267 5452 2396 5505 Cum
2431 5451 2592 5522 igitur
2621 5450 2696 5522 fin
2745 5453 2934 5507 dextro
2981 5452 3194 5508 Stibadii
3244 5467 3414 5522 cornu
3469 5450 3708 5522 collucet

2115 5519 2483 5587 Majorianum',
2515 5522 2565 5576 in
2589 5521 3090 5577 sinistroconsuleui
3107 5521 3453 5584 Severinum;
3477 5519 3707 5575 dubium

2113 5590 2218 5662 23
2275 5607 2378 5644 non
2437 5601 2522 5646 est
2560 5592 2687 5661 quin
2747 5592 2951 5659 primus
3005 5592 3098 5646 ille
3157 5593 3304 5646 locus
3359 5591 3561 5645 habitus
3625 5596 3708 5644 sit

2111 5678 2266 5729 quem
2316 5671 2539 5729 occttpat
2596 5664 2906 5729 imperator,
2962 5663 3233 5729 proximus
3282 5676 3438 5730 quem
3482 5664 3705 5714 consul.

2112 5737 2294 5797 neque
2329 5733 2381 5786 in
2413 5733 2492 5785 his
2524 5736 2714 5796 Opinor
2746 5743 2825 5787 est
2853 5733 2988 5803 quod
3017 5736 3293 5788 miremur.
3330 5730 3707 5786 Hiduoettau:
