3910 6172
276 368 367 423 ωε)
1514 358 1794 416 EPISTOL

1912 360 1991 415 ΞΜ
2032 359 2156 413 LIB.
2200 358 2239 413 1.

3399 357 3500 423 470

273 475 551 532 ordinarias
576 472 879 538 Severinus,
924 474 1003 526 vir
1040 472 1177 527 inter
1224 471 1465 542 ingentes
1512 473 1812 541 principum
1846 480 1890 535 Α
1924 476 2059 541 piter
2090 472 2339 527 Paeonius
2367 486 2505 542 trgre
2550 473 2776 539 tulisset,
2803 476 2941 542 quod
2965 476 3065 532 fuit
3094 477 3319 548 turpius,
3349 494 3497 535 emn-

270 582 429 624 tnotus
454 578 607 635 atque
645 564 962 634 inaequalem
1018 563 1324 632 reipublicre
1372 571 1564 617 statum
1635 566 1819 632 gratiae

269 675 464 727 semper
510 656 744 724 aequalis.
793 653 954 708 Juxta
997 669 1118 707 eum
1161 653 1397 721 Magnus,
1437 654 1561 708 olim
1593 670 1653 709 et
1685 671 1821 725 prce-

268 754 413 818 fecto,
444 749 546 820 29
576 762 740 817 nuper
767 761 833 800 ex
863 744 1101 813 consule,
1127 759 1221 814 par
1249 744 1541 801 honoribus
1590 762 1818 816 persona

268 840 563 912 geminatis:
593 836 938 891 recumbente
968 844 1088 904 post
1118 850 1175 889 se
1197 834 1423 889 Camillo
1469 835 1573 889 filio
1614 836 1816 903 fratris,

266 930 554 1003 quiduabus
574 926 915 997 dignitatibus
945 935 997 982 et
1024 928 1136 996 ipse
1162 926 1418 982 decursis.
1448 927 1645 995 pariter
1664 942 1821 983 orna-

266 1033 400 1079 verat
426 1021 853 1090 proconsulatum
876 1020 1062 1087 patris,
1089 1017 1259 1087 patrui
1288 1019 1642 1073 consulatum.
1673 1019 1821 1073 Paeo-

266 1115 369 1169 nius
391 1113 507 1168 hinc
540 1123 775 1181 pr0pter,
805 1120 965 1181 atque
990 1111 1113 1166 hinc
1146 1110 1427 1176 Athenius,
1459 1112 1618 1166 homo
1649 1112 1817 1167 litium

266 1212 649 1272 temporumque
672 1201 1022 1256 varietatibus
1064 1202 1408 1255 exercitatus.
1442 1201 1591 1255 llunc
1629 1218 1815 1271 seque-

265 1294 402 1350 batur
422 1293 788 1349 Gratianensis
816 1292 964 1369 omni
995 1292 1061 1345 ab
1095 1292 1308 1345 infamia
1351 1292 1429 1346 vir
1476 1305 1818 1361 sequestran-

264 1389 366 1452 dus,
394 1392 474 1457 qui
500 1386 816 1441 Severinum
842 1385 980 1440 sicut
1009 1387 1209 1440 honore
1236 1394 1352 1454 post
1376 1385 1504 1455 ibat,
1539 1386 1609 1439 ita
1638 1386 1815 1441 favore

266 1486 611 1547 praecesserat.
666 1476 899 1531 Ultimus
929 1491 1027 1545 ego
1070 1476 1335 1545 jacebam,
1380 1490 1479 1544 qua
1535 1479 1815 1545 purpurati

262 1571 430 1623 herum
486 1569 623 1622 latus
659 1569 710 1621 in
753 1568 939 1622 dextro
970 1567 1210 1636 margine
1256 1566 1642 1636 porrigebatur.
1676 1566 1815 1621 Edu-

263 1662 372 1717 liutn
401 1660 558 1713 multa
594 1670 745 1728 parte
768 1658 939 1719 finita,
963 1658 1187 1712 Cmsaris
1220 1658 1285 1712 ad
1325 1659 1597 1713 con«ulem
1638 1673 1813 1712 sermo

261 1754 499 1821 dirigitur,
532 1752 686 1821 isque
725 1752 1060 1805 succinctus:
1106 1751 1228 1805 inde
1272 1750 1569 1805 devolvitur
1596 1750 1661 1804 ad
1687 1765 1813 1803 con-

1926 564 2119 633 pellato
2166 571 2371 618 tacente
2401 563 2696 631 respondit.
2730 564 2958 622 Subrisit
2988 569 3275 637 Augustus,
3305 580 3361 624 ut
3384 584 3500 627 erat

1922 654 2238 708 auctoritate
2252 663 2479 716 servata,
2506 668 2623 706 cum
2649 670 2708 706 se
2729 656 3093 713 communioni
3118 658 3372 729 dedisset,
3389 661 3495 731 joci

1923 745 2111 814 plenus
2164 762 2177 797 ε
2221 760 2315 814 per
2363 760 2517 812 quem
2569 746 2884 799 cachinnum
2938 763 3045 803 non
3094 750 3268 805 minus
3310 752 3499 822 obtigit

1926 833 2154 890 Athenio
2177 834 2442 900 vindicta),
2475 850 2629 904 quam
2654 837 2963 905 contigisset
3006 838 3231 907 injuriae.
3283 842 3499 913 Colligit

1922 929 2097 997 itaque
2120 943 2239 983 sese
2268 938 2292 965 ⁸
2326 929 2723 983 trebacissimus
2754 944 2941 995 senex,
2972 940 3026 985 et
3057 940 3111 985 ut
3152 947 3366 1002 semper
3415 937 3496 989 in-

1923 1019 2182 1073 trinsecus
2210 1028 2345 1071 testu
2378 1018 2591 1086 pudoris
2619 1022 3036 1088 excoquebatur,
3084 1037 3179 1077 cur
3220 1025 3320 1079 sibi
3350 1026 3495 1078 Paro-

1920 1108 2040 1161 nius
2077 1108 2455 1173 anteferretur,
2481 1108 2593 1161 Non
2642 1111 2829 1174 miror,
2871 1112 3062 1181 inquit,
3094 1117 3349 1184 Auguste,
3389 1118 3495 1185 30

1920 1200 1963 1253 si
1994 1197 2121 1251 mihi
2151 1198 2323 1253 standi
2352 1200 2522 1252 locum
2553 1202 2841 1268 prter-ipere
2871 1211 3113 1269 conetur,
3144 1208 3232 1273 qui
3268 1206 3361 1260 tibi
3417 1208 3494 1261 iu-

1921 1292 2113 1345 radere
2139 1306 2243 1345 non
2275 1293 2545 1346 erubescit
2576 1294 2847 1361 loquendi.
2883 1295 2939 1347 Et
2980 1297 3064 1349 vir
3113 1297 3333 1353 illustris
3360 1299 3493 1354 Gra-

1919 1384 2194 1447 tianensis,
2226 1385 2437 1447 Multus,
2471 1386 2657 1453 inquit,
2688 1387 2931 1456 satyrieis
2958 1390 3055 1443 hoc
3079 1389 3255 1459 jurgio
3273 1406 3491 1461 campus

1918 1476 2173 1543 aperitur.
2201 1474 2295 1529 ilic
2327 1476 2635 1543 imperator.
2668 1477 2733 1530 ad
2780 1492 2864 1532 me
2905 1478 2930 1515 δ
2963 1480 3170 1534 cervice
3210 1495 3488 1549 conversa,

1918 1565 2109 1633 Audio,
2140 1568 2231 1630 ait,
2268 1577 2289 1605 ο
2321 1582 2499 1622 comes
2524 1566 2730 1634 Sidoni,
2756 1570 2893 1639 quod
2920 1581 3149 1640 satyram
3168 1572 3389 1627 scribas.
3428 1576 3492 1628 Et

1917 1669 2036 1722 ego,
2064 1657 2298 1725 inquam,
2333 1659 2433 1712 hoc
2460 1659 2639 1724 audio,
2668 1660 2883 1715 domine
2914 1661 3178 1732 princeps.
3203 1663 3351 1718 Tunc
3376 1666 3488 1731 ille,

1918 1740 1943 1780 ά
1975 1744 2066 1799 sed
2100 1746 2299 1811 ridens,
2335 1762 2492 1817 parce
2514 1750 2595 1803 vel
2625 1750 2800 1805 nobis.
2830 1752 2898 1805 At
2927 1767 3045 1821 ego,
3087 1753 3323 1821 inquam,
3351 1757 3488 1822 quod

260 1848 489 1907 sularetn,
520 1857 645 1897 cum
684 1856 789 1911 quo
830 1857 972 1912 smpe
1022 1841 1300 1911 repetitus,
1339 1843 1460 1911 quia
1511 1842 1577 1896 de
1621 1840 1809 1895 litteris
1844 1840 1887 1900 Β
1913 1836 1980 1889 ab
2013 1836 2207 1890 illicitis
2237 1846 2496 1907 tempero,
2531 1840 2659 1895 mihi
2706 1856 2884 1910 parco.
2915 1842 3039 1897 Post
3083 1859 3203 1913 qua:
3250 1845 3339 1899 ille
3379 1864 3391 1897 :
3429 1847 3489 1901 Et

260 1936 425 1998 factus,
457 1936 519 1988 ad
552 1936 727 1990 virum
775 1936 1035 1990 illustrem
1086 1936 1367 1989 Catnillum
1415 1949 1479 1989 ex
1530 1934 1811 1991 occasione

260 2026 568 2092 transfertur,
643 2026 693 2080 in
747 2034 949 2079 tantum
1010 2037 1063 2079 ut
1099 2026 1304 2080 diceret
1351 2026 1621 2095 princeps,
1678 2025 1813 2080 Vere

258 2116 401 2171 bales
423 2125 693 2185 patruum,
724 2116 887 2171 frater
917 2118 1154 2184 Camille,
1190 2128 1405 2185 propter
1426 2104 1581 2186 quem
1616 2132 1696 2170 me
1738 2118 1814 2169 fa-

256 2211 507 2264 niiliaatute
529 2210 870 2264 consulatum
893 2227 1053 2264 unum
1081 2210 1315 2279 gratuler
1330 2210 1635 2265 contulisse.
1663 2209 1813 2263 Tune

256 2304 351 2366 i-le,
377 2304 459 2372 qui
482 2304 663 2357 s'mile
694 2303 891 2371 aliquid
913 2312 1142 2372 Optaret,
1171 2312 1408 2369 tenzporc
1434 2304 1667 2364 invento,
1697 2301 1808 2354 Non

256 2408 414 2458 unum,
449 2393 645 2462 inquit,
672 2393 895 2448 Domine
926 2394 1184 2462 Auguste,
1222 2394 1316 2446 sed
1361 2393 1606 2461 primum.
1652 2391 1809 2447 Sum-

254 2499 328 2538 mo
356 2482 583 2553 fragore,
636 2492 689 2537 ut
738 2497 836 2537 nec
889 2483 1109 2551 Augusti
1162 2483 1457 2537 retercntia
1498 2483 1803 2544 obsiS'cret,

250 2586 445 2645 excepta
474 2576 743 2632 sententia
776 2585 875 2631 est.
904 2575 1029 2630 inde
1060 2577 1241 2630 nescio
1267 2574 1389 2643 quid
1420 2573 1701 2629 Athenium
1728 2574 1807 2627 iu-

253 2679 501 2737 tcrrogans
524 2669 892 2737 superjectutn
921 2667 1189 2721 Pmonium
1206 2666 1546 2735 compellatio
1570 2666 1721 2735 Augu
1756 2672 1805 2717 ta

251 2759 501 2825 praeteriit,
532 2774 667 2814 casu
696 2775 761 2813 an
790 2758 1071 2823 industria,
1102 2758 1306 2828 ignoro.
1338 2757 1487 2824 Quod
1542 2771 1661 2812 cum
1698 2764 1831 2810 tur-—

250 2892 366 2957 apud
397 2907 490 2946 nos
517 2890 683 2954 primi
714 2900 768 2946 et
794 2891 976 2947 eximii
1012 2890 1306 2946 accubitus.
1346 2890 1562 2946 Summa
1612 2904 1806 2945 cornua

250 2960 461 3017 iuvenco
491 2962 584 3017 lib.
623 2977 676 3015 ιιι
704 2978 716 3014 :

349 3054 397 3101 Si
416 3068 495 3103 rts
512 3052 729 3113 quisque
754 3060 889 3101 vocat
912 3064 1061 3100 (2(in
1087 3054 1299 3101 convivia
1330 3067 1379 3114 pr
1392 3066 1530 3112 nens,

348 3114 582 3163 Cornibus
606 3116 653 3161 in
672 3116 867 3164 summis
893 3114 1040 3163 evitat
1066 3126 1251 3176 ponere
1274 3116 1491 3163 membra

352 3177 571 3238 Quisque
596 3178 738 3237 sapit.

245 3253 291 3309 ld
316 3271 495 3311 norum
528 3258 711 3327 potius
737 3256 906 3313 videri
938 3266 1119 3327 queat,
1160 3267 1211 3314 et
1258 3259 1325 3313 ab
1364 3273 1459 3313 usu
1498 3267 1682 3312 nostro
1722 3274 1803 3311 re.-

244 3328 438 3398 tnotius,
470 3328 619 3396 quod
648 3330 855 3392 tertius,
887 3340 1107 3398 quartus
1135 3342 1197 3383 ac
1224 3329 1407 3397 reliqui
1447 3330 1513 3383 de
1538 3344 1698 3397 nccp.
1747 3329 1800 3381 il-

243 3394 331 3450 lum
361 3394 542 3453 ordine
586 3394 981 3467 Stibsequatitur
1022 3399 1111 3468 qui
1161 3394 1364 3467 primus
1409 3407 1491 3453 est
1539 3400 1590 3452 in
1635 3394 1799 3453 cornu

243 3468 458 3538 sinistro.
500 3470 641 3523 Nam
702 3478 822 3537 post
869 3471 1183 3524 Severinum
1229 3473 1502 3525 consu'em
1559 3472 1801 3538 sequitur

245 3536 443 3606 Magnus
464 3554 529 3594 ex
566 3536 811 3603 eonsule,
844 3548 955 3592 tum
994 3539 1280 3602 Camillus,
1323 3538 1588 3599 Paeonius.
1635 3536 1801 3593 Athe-

242 3610 364 3673 nius,
387 3609 780 3676 Gratianensis,
824 3611 1143 3679 ultimusque
1181 3610 1428 3665 Sidonius
1457 3611 1523 3664 ad
1553 3610 1799 3663 dextrum

242 3691 385 3749 cornu
415 3695 667 3749 tergens,
700 3682 751 3734 in
783 3694 886 3749 quo
912 3680 1123 3748 jacebat
1153 3680 1496 3748 Maiorianus.
1526 3680 1706 3748 Itaque
1745 3680 1798 3733 in

241 3748 379 3813 pleno
403 3748 637 3805 stibadio
668 3748 882 3804 ultimus
908 3751 1079 3819 primo
1104 3752 1375 3818 proximus
1400 3760 1533 3811 erat,
1568 3765 1593 3801 a
1630 3752 1799 3817 primo

239 3821 406 3873 eodem
429 3821 825 3875 remotissimus
865 3835 932 3875 ex
960 3822 1184 3875 adverso
1214 3822 1500 3874 secundus.
1530 3820 1637 3873 Nec
1661 3821 1799 3874 alius

239 3888 357 3942 ordo
387 3889 479 3944 fuit
510 3892 565 3945 in
598 3890 811 3943 Maximi
860 3891 1104 3944 convivio
1125 3892 1212 3944 cui
1244 3890 1481 3944 interfuit
1525 3892 1582 3945 S.
1618 3890 1798 3944 Marti-

239 3971 343 4020 nus,
388 3962 526 4027 apud
576 3960 871 4028 Sulpicium
920 3960 1176 4016 Severum
1209 3968 1261 4014 et
1303 3962 1459 4014 alios.
1511 3961 1564 4015 In
1608 3961 1799 4015 dextro

239 4030 363 4100 enim
389 4030 833 4085 cornuMaximus
861 4032 995 4100 Aug.
1030 4032 1081 4084 in
1108 4032 1325 4085 sinistro
1344 4032 1526 4085 consul
1546 4032 1795 4096 livodins,

238 4097 344 4169 dein
374 4102 600 4155 comites
622 4100 833 4153 Maximi
872 4097 1032 4155 frater
1059 4116 1119 4155 ac
1147 4110 1387 4169 patruus,
1410 4113 1461 4155 et
1488 4102 1677 4169 reliqui
1708 4116 1798 4155 or-

236 4166 345 4223 dine
372 4184 626 4238 proceres
652 4170 1050 4237 describuntur,
1081 4166 1240 4236 att—ine
1276 4170 1414 4226 inter
1455 4171 1550 4226 hos
1588 4166 1795 4225 medius

239 4240 500 4310 presbyter
545 4241 757 4295 Martini
795 4257 808 4295 :
855 4250 1002 4295 extra
1048 4240 1332 4295 stibadium
1388 4256 1515 4295 vero
1566 4242 1616 4295 in
1663 4241 1795 4294 St'lla

237 4307 473 4365 Martinus
498 4312 565 4365 ad
587 4314 826 4365 dextram
852 4312 1084 4365 Maximi.
1112 4311 1362 4365 Paulinus
1391 4312 1479 4366 lib.
1507 4327 1562 4365 ιιι
1586 4312 1652 4366 de
1679 4311 1794 4366 \‘ita

235 4376 447 4443 Martini,
480 4397 603 4435 eum
629 4396 877 4449 proceres
907 4393 1408 4446 commemorasset,

340 4469 436 4531 lies
461 4473 592 4518 inter
627 4470 831 4525 medius,
855 4482 949 4531 qua
970 4471 1121 4530 sigma
1144 4471 1355 4519 ﬂectitur
1379 4472 1518 4527 orbe,

340 4530 609 4593 Presbyter
628 4530 885 4580 accubuiti
918 4532 1091 4580 dextra
1118 4534 1334 4593 laevaque
1362 4539 1614 4590 potentum

341 4590 462 4663 grato
479 4590 679 4663 (lucum,
719 4595 1114 4663 membrtsisuper
1130 4590 1281 4663 aurea
1308 4593 1453 4640 fulcra
1475 4594 1643 4643 locatis

342 4652 524 4715 Pressit
550 4656 822 4714 subjectum
844 4652 1043 4715 pretiosi
1067 4653 1268 4702 velleris
1292 4664 1476 4702 ostrum

338 4714 407 4761 Ad
431 4717 660 4763 dextram
688 4718 817 4776 regis
840 4714 1004 4764 Sancto
1028 4718 1323 4765 venerabilis
1347 4730 1435 4765 ore

340 4776 568 4826 Consedit
604 4780 783 4825 senior.

231 4855 333 4919 Qun
364 4859 601 4919 profecti
633 4859 696 4912 ad
720 4859 959 4913 dextram
985 4858 1199 4913 Maximi
1222 4860 1409 4913 sedere
1430 4877 1533 4912 nvn
1564 4868 1788 4926 poterat,

232 4927 318 4979 nisi
348 4930 605 4983 Maximus
638 4929 689 4982 in
722 4930 910 4983 dextro
940 4944 1107 4983 cornu
1148 4930 1505 4985 accuuiberet.
1548 4931 1601 4984 Η»
1628 4947 1788 4984 nora-

231 4997 450 5051 tissitnus
482 5015 610 5066 ergo
640 5000 853 5053 stibadii
877 5000 1023 5054 locus
1054 5015 1221 5054 cornu
1251 5002 1519 5062 dextrum,
1555 5010 1610 5054 ut
1653 5001 1789 5054 dixi-

230 5081 355 5140 t_uu~',
398 5070 674 5140 proximus
719 5070 1016 5124 sinistrum.
1069 5070 1243 5137 Quare
1285 5072 1423 5139 apud
1471 5072 1782 5140 Gregorium

228 5135 413 5189 'I‘uron.
444 5139 479 5192 Ι.
510 5138 691 5192 Mirae.
719 5155 880 5207 uxx,
914 5135 1139 5193 Arianus
1167 5140 1257 5195 ille
1280 5135 1364 5208 qui
1395 5135 1602 5195 dextra?
1619 5142 1785 5209 partis

229 5220 379 5260 cornu
408 5217 654 5275 occupat,
694 5219 745 5263 et
771 5211 1090 5263 catholicum
1134 5213 1464 5265 sacerdotem
1522 5210 1784 5280 hospitem

226 5288 367 5329 suum
396 5280 446 5331 in
472 5279 686 5333 ‘~inistt‘0
708 5284 911 5343 Statuit,
942 5280 1172 5333 ludibrio
1212 5281 1359 5334 illum
1393 5280 1490 5333 hac
1532 5279 1692 5335 etiam
1734 5283 1786 5338 in

228 5359 277 5395 re
304 5359 352 5399 ut
372 5347 423 5401 in
447 5349 657 5404 caeteris
686 5350 861 5404 habet.
893 5350 998 5405 Sed
1012 5350 1261 5404 admonet
1283 5364 1379 5404 nos
1403 5351 1612 5404 stibadii
1638 5366 1786 5407 men-

228 5415 292 5491 tio
334 5418 567 5491 etgordo
613 5421 1064 5486 accumbentium,
1120 5429 1178 5474 ut
1221 5420 1286 5474 de
1326 5422 1521 5475 Christi
1578 5437 1788 5491 quoque

224 5482 424 5560 Domini
456 5505 703 5559 suprema
726 5506 875 5545 cmna
903 5482 1259 5560 disqu'iramus
1283 5495 1325 5555 ‘,
1354 5506 1509 5560 quam
1544 5482 1790 5547 in'stiba-

225 5554 307 5608 dio
336 5554 539 5613 itidem'
560 5572 729 5615 strato
775 5554 1096 5617 celebratam
1144 5554 1353 5616 constat
1372 5554 1471 5615 ”ἔπὶ
1513 5561 1786 5631 στιϐάδος,

279 5646 299 5669 ⁶
330 5646 455 5714 Stant
475 5657 527 5699 et
545 5653 655 5701 duas
677 5654 725 5701 in
750 5653 969 5701 eamdem
996 5667 1100 5704 rem
1125 5652 1342 5714 ep?stolae
1386 5654 1627 5704 Sirmondi
1646 5656 1790 5706 Joso-

223 5706 313 5766 plto
335 5710 500 5777 Maria:
523 5714 745 5777 Suares.‘o
774 5716 1015 5776 inscriptae
1040 5729 1051 5763 :
1086 5706 1373 5777 exstantque
1400 5719 1524 5764 inter
1548 5729 1657 5777 Opp.
1684 5722 1787 5771 Sir-

222 5772 469 5821 niondiana
510 5783 619 5825 tom.
665 5775 745 5836 ιν,
776 5790 881 5837 pag.
922 5772 1014 5827 665
1052 5790 1209 5838 seqq,
1257 5772 1337 5827 ubi
1381 5772 1784 5840 quoqudenm

1915 1929 2039 1997 quid
2073 1929 2327 1985 faciemus
2359 1931 2465 1995 bis,
2507 1933 2697 2002 inquit,
2732 1935 2892 2003 quite
2924 1935 3225 1990 lacessunt?
3256 1938 3319 1992 Et
3357 1952 3486 2007 ego:

1916 2020 2166 2088 Quisquis
2196 2030 2281 2076 est
2306 2021 2427 2087 iste,
2459 2022 2675 2079 domine
2720 2024 3047 2093 imperator,
3089 2028 3295 2094 publice
3336 2043 3491 2082 accuv

1917 2122 2018 2166 set.
2052 2113 2107 2166 Si
2132 2113 2521 2183 redarguimur,
2549 2115 2728 2170 debita
2759 2116 2967 2171 luamus
3008 2119 3264 2187 Supplicia
3304 2121 3490 2175 com-i-

1916 2204 1986 2257 cti
2015 2221 2029 2257 :
2060 2212 2315 2259 czeterum
2348 2205 2558 2274 objecta
2591 2208 2634 2261 si
2663 2221 2767 2262 non
2796 2208 3223 2277 improbabiliter
3247 2225 3487 2266 cassave-

1916 2295 2107 2362 rimus,
2135 2310 2238 2351 oro
2268 2303 2328 2351 ut
2355 2297 2561 2352 indultu
2607 2298 2904 2355 clementiae
2947 2309 3068 2365 tum,
3122 2309 3312 2369 praeter
3356 2302 3489 2370 juris

1917 2389 2188 2459 injuriam,
2223 2391 2274 2445 in
2302 2400 2667 2447 accusatorem
2709 2408 2884 2447 meum
2929 2408 3048 2462 quae
3072 2393 3193 2447 Volo
3238 2394 3485 2448 scribam.

1917 2480 1997 2535 Ad
2024 2481 2125 2535 hoc
2151 2482 2265 2551 ipse
2297 2483 2566 2537 Paeonium
2586 2486 2943 2552 conspicatus,
2973 2497 3097 2540 nutu
3112 2487 3273 2555 cmpit
3300 2501 3486 2541 consu-

1915 2572 2026 2626 lere
2056 2582 2357 2639 nutantem,
2414 2575 2645 2643 placeret
2677 2592 2744 2630 ne
2799 2578 3055 2631 conditio.
3112 2578 3215 2633 Sed
3247 2592 3366 2632 cum
3399 2578 3487 2632 ille

1912 2662 2164 2717 confusus
2208 2664 2525 2727 reticuisset,
2561 2665 2913 2734 princepsque
2953 2668 3254 2722 consuleret
3294 2668 3485 2722 erube-

1910 2754 2105 2823 'scenti,
2139 2756 2228 2821 ait,
2264 2756 2451 2811 Annuo
2480 2756 2775 2825 postulatis,
2807 2759 2850 2812 si
2880 2758 2979 2812 hoc
3011 2758 3179 2827 ipsum
3206 2773 3237 2814 e
3259 2760 3483 2828 vestigio

1920 2897 1979 2943 ut
2007 2888 2242 2957 loquitur
2272 2890 2689 2960 Chrysoslomus
2714 2893 2935 2945 hamilia
2965 2893 3032 2946 27
3059 2895 3112 2947 in
3143 2893 3163 2948 l
3198 2893 3261 2949 ad
3294 2893 3483 2947 Corin-

1919 2960 2239 3022 thios;sivc
2269 2960 2319 3013 in
2367 2960 2593 3027 leCtulo,
2626 2970 2681 3015 ut
2736 2962 3094 3017 Tertullianus
3139 2965 3204 3019 de
3249 2964 3479 3018 Corona.

1915 3031 2219 3099 Agnoscunt.
2250 3030 2435 3099 inquit,
2461 3047 2657 3085 necesse
2678 3044 2750 3086 est
2775 3044 2821 3085 ct
2841 3035 3202 3087 rccumbcntem
3229 3034 3279 3087 in
3305 3036 3482 3088 lectulo

1916 3047 1957 3083 Α
1997 3047 2219 3085 noscam.
2250 3047 2435 3099 Inqutt,
2461 3047 2657 3085 necesse
2678 3047 2750 3086 est
2775 3047 2821 3085 ct
2841 3047 3202 3087 rccumbcnrem
3229 3051 3279 3087 ιη
3305 3047 3482 3088 lectuto

1916 3047 2191 3153 Czrt’stum.
2219 3100 2545 3155 Reeuhuisse
2572 3113 2745 3155 autem
2775 3103 2825 3156 in
2858 3118 2920 3157 ea
2949 3102 3243 3165 Christum,
3275 3121 3380 3160 non
3429 3107 3482 3159 in

1915 3168 2093 3224 medio
2122 3170 2436 3238 stipantibus
2478 3171 2641 3225 latera
2685 3171 2804 3225 hinc
2837 3173 2957 3228 inde
2980 3174 3258 3240 apostolis,
3299 3185 3355 3229 ut
3391 3189 3481 3229 no-

1914 3240 2182 3312 Strirulgo
2211 3242 2441 3307 pictores
2469 3246 2981 3308 rcprresentant,sed
3010 3245 3197 3297 dextro
3219 3245 3269 3298 in
3293 3260 3479 3312 cornu,

1830 3298 1875 3361 C
1907 3325 2011 3377 quo
2032 3298 2149 3382 loco
2173 3298 2479 3382 Maximum,
2506 3298 2955 3381 iiajorianumque
2972 3314 3211 3382 jacentes
3230 3298 3480 3379 vidimus;

1906 3389 2019 3432 tum
2078 3380 2177 3453 alia
2224 3383 2275 3438 in
2328 3381 2476 3435 libris
2527 3383 2825 3453 tabulisque
2872 3380 3106 3453 an'iquis
3151 3388 3473 3439 monimenta

1905 3450 2211 3523 ostendunt,
2251 3460 2358 3523 tum
2400 3452 2662 3523 musivnm
2701 3456 2893 3508 Canum
2929 3450 3082 3523 opus,
3133 3454 3240 3523 24
3279 3470 3307 3506 a
3338 3454 3479 3509 desi-

1904 3520 2054 3589 derio
2079 3520 2353 3573 Casinensi
2378 3520 2585 3584 abbate,
2619 3525 2705 3588 qui
2735 3523 2910 3575 Victor
2941 3522 2979 3575 ll
3018 3520 3361 3589 postea-fuit,
3389 3524 3476 3578 de-

1904 3588 2520 3660 dicatum.Qua2quidem
2545 3592 2586 3642 si
2618 3590 2681 3643 ad
2707 3606 2883 3645 veram
2912 3588 3192 3658 imaginem
3224 3607 3476 3660 expressa

1902 3668 2024 3731 sunt
2056 3657 2177 3731 (nec
2206 3657 2352 3714 certe
2375 3670 2593 3727 apparet
2622 3675 2719 3714 cur
2748 3663 2913 3715 videri
2944 3657 3047 3716 non
3076 3657 3315 3731 debeat),
3337 3662 3476 3717 baud

1902 3729 2118 3783 dillicile
2150 3730 2305 3800 fuerit
2345 3731 2644 3797 intelligere
2673 3747 2768 3783 cur
2817 3742 2907 3785 aut
2952 3732 3206 3797 Joanne<,
3248 3729 3337 3799 qui
3383 3749 3477 3800 per

1902 3808 2113 3871 territent
2150 3799 2372 3854 fortasse
2421 3800 2641 3854 ultimus
2685 3812 2819 3864 erat,
2857 3802 3071 3856 Cbri-to
3109 3799 3392 3871 proximus
3420 3806 3472 3856 in

1902 3869 2017 3941 ejus
2047 3870 2163 3941 sinu
2213 3871 2537 3941 accubuerit,
2589 3882 2678 3924 aut
2716 3871 2923 3939 Petrus,
2978 3872 3066 3941 qui
3112 3869 3366 3927 remotior
3397 3874 3476 3925 in-

1902 3940 2079 3992 nuisse
2108 3939 2295 3994 Joanni
2326 3940 2535 3996 dicatur
2567 3951 2622 3996 ut
2660 3942 2927 3997 Christum
2965 3939 3032 3998 de
3078 3944 3350 4014 proditore
3394 3942 3475 3998 in-

1902 4017 2213 4075 terrogaret.
3079 4042 3086 4049 ε

1972 4088 1995 4114 ⁸
2030 4080 2544 4154 Εχυιοίιτιιὶδεῐιῐιιιει
2570 4082 2739 4154 Supra
2791 4081 2856 4154 de
2883 4081 3092 4154 eodem,
3128 4083 3276 4154 [torno
3307 4082 3473 4154 litium

1901 4156 2277 4217 temporumque
2298 4151 2620 4203 varietatibus
2646 4150 2963 4203 ciercitatus.
2994 4150 3101 4203 Vox
3132 4152 3332 4205 Graecae
3358 4152 3471 4204 ori-

1898 4218 2044 4294 ginis
2064 4220 2207 4294 abeo
2228 4219 2367 4294 quod
2387 4228 2469 4274 est
2496 4222 2703 4294 τρίϐαξξ
2728 4236 2825 4288 qua
2853 4221 3056 4273 ratione
3080 4221 3468 4294 Demosthenes

1899 4289 2207 4365 {Eschiucm
2240 4289 2549 4361 περίτριμμὰ
2590 4301 2677 4365 γῆς
2709 4294 2896 4365 ἀγεράς
2925 4291 3245 4365 _appellavit,
3286 4290 3374 4365 qui
3418 4290 3468 4343 in

1900 4358 2014 4411 foro
2044 4371 2284 4414 versatus
2306 4358 2514 4430 usuque
2546 4360 2695 4414 tritus
2729 4358 2889 4415 esset.
2915 4358 3029 4427 Quo
3058 4374 3220 4415 sensu
3248 4370 3302 4416 et
3328 4361 3467 4413 Mar-

1898 4429 2039 4483 tialis
2063 4430 2155 4482 lib.
2194 4446 2264 4483 \ll
2296 4430 2361 4484 de
2384 4429 2637 4499 Puntpeio
2664 4431 2815 4485 Avito
2844 4448 2853 4482 :

2018 4539 2043 4586 .l
2051 4552 2135 4588 ure
2161 4539 2375 4601 madens,
2405 4542 2635 4603 varioque
2658 4546 2786 4603 togae
2808 4540 3000 4591 limatus
3023 4542 3069 4590 in
3094 4554 3202 4593 usu.

1822 4668 1872 4726 ι)
1900 4660 2081 4736 Neque
2108 4662 2205 4714 alia
2235 4670 2316 4716 est
2344 4664 2489 4736 notio
2519 4672 2605 4718 τοῦ
2641 4663 2921 4736 trebaciter
2950 4664 3043 4721 lib.
3086 4681 3161 4731 ix,
3186 4667 3345 4733 epist.
3378 4668 3464 4736 ll,

1897 4732 2053 4805 mutui
2087 4736 2289 4805 factum
2345 4734 2572 4805 conﬁteri
2618 4732 2952 4800 simpliciter,
2995 4753 3147 4805 quam
3202 4732 3465 4792 trebaciter

1896 4801 2115 4875 di/ﬁteri.
2151 4804 2258 4875 hoc
2274 4811 2369 4875 est
2394 4804 2583 4875 callide
2614 4812 2667 4875 et
2705 4814 2898 4857 astute.
2939 4801 3153 4874 Ut'ergo
3182 4806 3353 4875 legula
3375 4822 3465 4862 su-

1896 4871 2077 4945 potius
2116 4887 2211 4945 pro
2250 4873 2427 4945 ligula,
2463 4874 2540 4945 sic
2566 4874 2963 4931 trebacissimus
3010 4871 3150 4930 nunc
3200 4871 3323 4930 it'em
3370 4892 3467 4945 pro

1896 4940 2321 5020 tribaeissimus';
2371 4943 2541 4998 facilis
2584 4945 2726 4998 enim
2774 4946 2958 4999 harum
2996 4946 3296 5001 litterarum
3344 4940 3468 5016 p'er-

1891 5019 2134 5065 mutatio.

1967 5078 1994 5154 ξ’
2026 5080 2263 5154 ξὶςηθκιι.
2310 5083 2621 5139 Ambrosius
2648 5084 2699 5138 in
2725 5084 2921 5139 Lucam
2972 5100 3090 5154 cap.
3125 5102 3247 5141 xvi:
3283 5088 3468 5141 Nonne

1890 5149 1979 5202 tibi
2001 5152 2196 5228 videtur
2214 5153 2464 5228 Christum
2482 5155 2715 5228 cecidisse
2732 5156 2790 5228 in,
2808 5157 2989 5208 collum
3009 5149 3242 5222 Ioannis,
3263 5158 3468 5228 quando

1892 5230 2000 5273 crat
2029 5220 2255 5295 {omines
2281 5224 2332 5276 in
2363 5226 2478 5277 sinu
2507 5222 2634 5295 .lesu
2663 5227 2849 5279 cervice
2886 5228 3175 5281 recumbens
3201 5220 3387 5295 reﬂexa
3410 5228 3435 5279 ?

1971 5301 1991 5327 ο
2030 5291 2106 5345 Ex
2133 5308 2197 5347 eo
2222 5308 2427 5366 genere
2447 5294 2725 5366 comitum,
2750 5305 2805 5349 ut
2835 5297 3043 5364 opinor,
3077 5300 3163 5366 qui
3196 5291 3465 5366 honorarii

1894 5366 2099 5435 tantum
2129 5372 2182 5416 et
2226 5364 2342 5435 sine
2365 5362 2824 5435 administratione
2862 5362 3105 5435 fuerunt,
3130 5364 3465 5435 Constantini

1894 5430 2031 5555 ἰᾼὲε.
2067 5442 2245 5488 vetere
2274 5433 2541 5504 instituto,
2565 5445 2620 5491 ut
2647 5438 2804 5492 docet
2832 5430 3090 5489 Eusebius
3118 5437 3170 5488 in
3204 5434 3319 5487 Vita
3351 5436 3466 5505 ejus

1918 5517 1927 5551 I
1974 5540 1987 5553 .
2022 5517 2091 5554 tv.

1918 5517 1987 5554 ID.
2022 5517 2091 5554 ιν.

1967 5570 1991 5606 ά
2026 5571 2081 5625 ln
2112 5586 2241 5641 ms.,
2262 5574 2542 5631 subridens.

1898 5664 2101 5727 Domini,
2130 5681 2222 5719 uec
2245 5682 2340 5718 non
2361 5669 2563 5737 conrivii
2590 5663 2715 5737 apud
2740 5662 3349 5737 Simeoneml‘barismum
3366 5666 3465 5737 ιςρὶ

1894 5724 2188 5835 ἓοηιρξινὲηῐ,
2234 5744 2356 5794 quos
2379 5732 2423 5780 in
2470 5724 2634 5791 ipsius
2661 5724 2899 5775 Sirmondi
2944 5726 3137 5777 scriniis
3174 5729 3359 5790 reperit
3388 5724 3463 5777 ὀὶ

1936 5802 2117 5838 auarus.
