3910 6172
411 333 507 388 ιιι
1656 324 1896 381 διυοδιιι
1936 326 1955 381 1

2117 326 2396 383 LINARIS
3556 331 3655 387 4τῖ

413 448 656 504 versibus
683 454 855 515 petas.
886 444 1260 511 Fiat,inquam
1288 459 1300 495 :
1330 448 1725 512 retrorsumque
1746 458 1976 499 conver-
2009 454 2053 511 Α
2085 447 2215 500 iram
2249 446 2458 502 tristitia
2489 460 2860 513 successerat;
2894 464 2990 504 nec
3011 451 3141 506 satis
3168 450 3335 505 defuit
3364 452 3488 521 quin
3516 456 3656 521 gela-

415 557 525 605 sus,
556 552 806 611 tanquam
834 552 1026 608 aquam
1054 552 1331 606 poscerem
1370 535 1641 601 manibus,
1674 545 1984 606 tantumque
2088 549 2226 603 rent,
2258 546 2503 607 tanquam
2534 540 2600 594 ad
2630 548 2899 595 exsertum
2941 541 3179 609 praebere
3224 543 3462 597 cervices
3508 544 3655 613 jussa

414 644 710 690 remoratus
739 632 993 702 quantum
1024 629 1237 685 stibadii
1267 629 1525 683 circulum
1563 629 1850 683 celerantia
1889 631 1987 683 nii-
2088 644 2420 683 mucronem.
2453 629 2546 684 Vix
2575 639 2694 699 post
2738 632 2853 685 hatc
2902 631 3005 685 alia
3060 646 3248 701 pauca,
3305 635 3653 690 surreximus.

415 726 634 780 uistcria
665 740 699 794 p
733 730 1002 785 rcurrunt,
1044 721 1278 776 cubitum
1307 729 1424 773 toro
1454 718 1680 775 reddidi.
1707 720 1773 774 Et
1811 720 1979 788 inipe-
2089 720 2362 774 Paululum
2395 720 2462 775 ab
2489 734 2708 789 aspectu
2734 722 3070 790 imperatoris
3101 738 3553 791 processeramus,
3580 737 3656 780 at-

419 827 566 871 rator
600 834 616 872 :
646 814 1023 884 Spoponderas
1073 821 1123 867 te
1161 812 1427 866 licentiam
1468 813 1766 867 scribenda:
1793 824 1985 883 satyra:
2088 827 2190 880 qiie
2220 813 2508 865 c‘ianinum
2555 812 2926 883 chlamydibus
2971 814 3345 879 induebamur,
3376 831 3498 869 cum
3533 818 3656 871 inihi

418 906 659 962 versibus
690 904 877 960 subitis
903 904 1313 973 postulaturum.
1340 903 1405 957 Et
1430 917 1564 972 ego:
2088 902 2273 955 consul
2304 901 2367 955 ad
2401 912 2605 971 pectus,
2628 902 2950 972 praefectorii
2984 903 3048 957 ad
3087 920 3277 959 manus
3304 906 3517 971 cadere,
3550 908 3659 977 ipse

536 1022 765 1072 Scribere
783 1034 865 1070 me
887 1025 1044 1081 sum
1069 1020 1149 1079 qui
1174 1017 1353 1079 cum”.
1373 1018 1587 1089 maxime
1606 1019 1851 1089 Princeps,
2089 992 2179 1046 ille
2208 1008 2356 1047 meus
2385 994 2588 1046 amicus
2614 993 2803 1047 crebro
2828 1003 2883 1048 et
2909 994 3113 1067 abjecte
3134 996 3507 1050 miserantibus
3534 1015 3658 1051 cuii-

603 1084 738 1132 Hauc
760 1095 881 1143 rogo
902 1083 1155 1141 decernas,
1183 1086 1264 1128 aut
1283 1080 1458 1141 probet
1479 1086 1556 1128 aut
1583 1080 1755 1129 timeat
2090 1086 2189 1137 clis
2217 1089 2338 1136 lium
2364 1082 2480 1137 liari
2511 1100 2522 1135 :
2555 1084 2623 1137 ita
2650 1094 2703 1136 iit
2732 1085 2974 1138 timerem
3010 1097 3076 1139 ne
3104 1086 3232 1140 mihi
3257 1087 3506 1141 invidiam
3538 1104 3657 1157 sup.

484 1185 710 1240 Secutus
739 1191 821 1237 est
848 1180 1045 1249 fragor,
1090 1179 1193 1233 nisi
1240 1179 1381 1247 quod
1427 1178 1549 1234 dico
1590 1178 1846 1247 jactantia
1881 1184 1983 1243 est,
2089 1175 2337 1245 plicando
2364 1186 2624 1242 moveret,
2651 1191 2808 1245 quam
2848 1175 3183 1230 criminando
3222 1194 3328 1231 non
3361 1181 3657 1233 concitave-

414 1292 510 1346 par
529 1274 853 1329 Camillano:
881 1286 1038 1341 quem
1060 1270 1273 1340 quidem
1289 1284 1393 1324 non
1417 1280 1522 1323 tam
1542 1269 1793 1324 carminis
1812 1269 1986 1337 digni-
2091 1278 2191 1321 rat.
2223 1267 2338 1320 Dixi
2362 1266 2425 1320 ad
2450 1276 2773 1329 extremum,
2810 1281 3025 1334 pressus
3049 1278 3199 1321 oratu
3227 1285 3507 1337 procerum
3534 1286 3656 1325 con-

414 1379 519 1433 tas,
549 1379 708 1435 quam
740 1362 999 1431 temporis
1050 1361 1290 1415 brevitas
1338 1361 1552 1415 meruit.
1611 1362 1675 1413 Et
1719 1361 1982 1428 princeps,
2089 1358 2633 1427 globatorum,sciret
2657 1360 2936 1413 conatibus
2957 1361 3069 1414 suis
3090 1375 3252 1415 versu
3286 1362 3357 1416 nil
3403 1379 3659 1431 reponen-

414 1458 580 1512 Deum
612 1464 778 1511 testor
799 1462 854 1508 et
883 1462 1081 1508 statum
1112 1451 1402 1522 publicum,
1428 1467 1513 1506 me
1541 1451 1609 1505 de
1649 1451 1752 1521 31
1792 1458 1987 1504 cietcro
2090 1449 2237 1512 dum,
2266 1448 2523 1517 derogare
2569 1450 2776 1503 actibus
2833 1450 2965 1504 meis
2995 1455 3039 1505 si
3092 1461 3269 1506 tamen
3303 1454 3353 1505 in
3396 1465 3657 1520 posterum

415 1560 688 1613 nunquam
714 1543 1106 1614 prohibiturum
1130 1541 1257 1611 quin
1279 1555 1399 1610 quin
1428 1540 1556 1594 velis
1587 1542 1813 1604 scribas,
1838 1538 1989 1606 quip-
2093 1538 2447 1608 pepercisset;
2497 1539 2692 1594 etenim
2737 1540 2986 1595 sufficere
3033 1543 3260 1609 debere,
3295 1545 3441 1613 quod
3474 1557 3660 1615 satyrae

416 1654 483 1709 pe
511 1652 633 1692 cum
661 1636 754 1693 tibi
810 1636 1012 1691 crimen
1067 1636 1353 1702 impactum
1407 1632 1619 1702 probari
1654 1631 1803 1686 nullo
1830 1631 1960 1685 modi

2117 1631 2319 1699 ihjectio
2350 1630 2543 1683 famam
2566 1630 2695 1684 mihi
2721 1643 2977 1700 parasset,
3004 1633 3419 1689 sibiinfainiam.
3444 1635 3496 1689 lu
3521 1651 3661 1690 suin—

417 1731 618 1799 possit;
650 1726 805 1783 simul
834 1734 891 1781 et
939 1724 1292 1796 periniurium
1324 1734 1407 1779 est
1424 1725 1744 1778 sententiam
1792 1736 1989 1791 purpo-
2094 1736 2175 1775 tua
2207 1721 2401 1790 pertuli
2426 1721 2664 1790 quidem,
2692 1721 2908 1778 domine
2946 1724 3139 1793 major,
3197 1740 3302 1780 non
3344 1736 3660 1781 assertorem

416 1819 518 1874 rati
545 1818 777 1874 tribuere
799 1817 1022 1887 privatis
1044 1816 1146 1870 hoc
1168 1814 1546 1877 simultatibus,
1567 1823 1620 1868 ut
1648 1814 1903 1867 innocens
1927 1826 1989 1865 ac
2022 1821 2066 1879 Β
2093 1815 2372 1870 calumnia:
2394 1824 2621 1881 tantum,
2644 1824 2898 1885 quantum
2926 1828 3390 1873 murmuratorem.
3414 1819 3521 1874 Sed
3545 1835 3662 1874 cum

415 1925 601 1967 secura
626 1908 875 1965 nobilitas
912 1916 1128 1975 prOpter
1158 1905 1277 1959 odia
1318 1914 1461 1959 certa
1518 1903 1743 1959 crimine
1786 1903 1989 1956 incerto
2098 1907 2225 1961 milii
2254 1907 2332 1961 sic
2356 1905 2685 1961 satisfactum
2738 1914 2842 1971 est,
2870 1915 2929 1961 ut
2969 1907 3171 1977 pectori
3203 1924 3344 1971 meo,
3380 1925 3475 1978 pro
3520 1919 3664 1965 reatu

415 2002 761 2072 periclitetur.
794 1999 875 2054 Ad
899 1998 1038 2053 hanc
1069 1998 1183 2067 ipse
1233 1997 1555 2053 sententiam
1586 2010 1704 2050 cum
1732 2010 1993 2050 verecua-
2099 1998 2235 2065 ejus,
2271 2007 2346 2050 tot
2375 2006 2700 2066 potestatum
2738 1996 3157 2068 dignitatumque
3186 2000 3418 2055 culmina
3449 2010 3505 2054 et
3545 2001 3662 2068 jiiia

415 2096 503 2161 de,
530 2094 705 2164 capite
751 2090 1013 2157 demisso,
1063 2090 1261 2159 gratias
1307 2104 1554 2158 agerem,
1596 2088 1993 2143 concionatoris
2097 2088 2537 2142 submitterentnr
2564 2127 2580 2152 ,
2632 2088 2801 2143 fateor
2851 2088 3127 2143 exordium
3165 2091 3502 2145 contumelia
3552 2093 3665 2147 talis

417 2186 521 2242 mei
563 2193 844 2254 coeperunt
884 2198 977 2238 ora
1030 2182 1253 2252 pallere.
1287 2182 1339 2234 in
1366 2196 1484 2249 quae
1531 2168 1690 2248 paulo
1715 2188 1842 2234 ante
1879 2188 1997 2247 post
2100 2177 2228 2230 tanti
2258 2176 2440 2241 fuisse,
2476 2178 2559 2231 cui
2591 2176 2707 2231 finis
2734 2179 2904 2247 g‘oria
2937 2178 3053 2232 fuit.
3092 2181 3237 2234 Vale.

1354 2378 1818 2487 LIBER
1896 2375 2722 2485 SECUNDUS.

832 2548 939 2619 32
978 2542 1309 2601 EPISTOLA
1347 2539 1578 2596 PRIMA.
2096 2536 2361 2601 dominus,
2397 2538 2558 2605 exigit
2598 2547 2653 2591 tit
2684 2547 2959 2606 tyrannus,
2994 2540 3189 2595 addicit
3223 2551 3278 2594 iit
3310 2541 3494 2607 judcx,
3528 2544 3662 2598 calu-

2105 2629 2337 2683 mniatur
2378 2637 2435 2682 ut
2478 2628 2756 2694 barbarus,
2786 2638 2894 2683 toto
2940 2630 3026 2685 die
3061 2647 3092 2685 ιι
3132 2644 3273 2684 metu
3314 2645 3572 2699 armatus,
3602 2635 3666 2688 ab

2097 2718 2321 2772 avaritia
2365 2718 2598 2787 jejunus,
2649 2734 2676 2770 a
2728 2719 3017 2789 cupiditate
3068 2723 3340 2790 terribilis,
3381 2739 3410 2777 a
3444 2726 3665 2777 vanitate

490 2817 603 2869 Duo
654 2830 795 2870 nunc
858 2816 1054 2886 pariter
1102 2815 1238 2867 mala
1294 2812 1562 2867 sustinent
1606 2810 1830 2864 Arverni
1890 2810 1985 2862 ini.
2054 2809 2357 2871 ocrudelis;
2391 2823 2495 2863 non
2531 2820 2705 2864 cessat
2751 2811 2910 2865 simul
2943 2812 3080 2866 furta
3114 2814 3194 2866 vel
3229 2818 3437 2882 punire,
3471 2818 3549 2870 vel
3595 2817 3666 2869 fa-

416 2910 707 2976 Qiiicnam?
754 2910 964 2978 inquis:
1001 2907 1336 2975 pricscntiam
1366 2903 1394 2941 ιν
1422 2903 1688 2968 Seronati,
1719 2912 1771 2956 et
1802 2903 1992 2954 absm-
2097 2916 2257 2965 ccre;
2311 2899 2482 2966 palam
2530 2911 2583 2956 et
2626 2900 2922 2956 ridentibus
2970 2905 3273 2958 convocatis
3320 2922 3377 2958 ru
3416 2915 3491 2959 tat
3535 2907 3665 2961 inter

416 3000 543 3052 tiam
584 3008 749 3053 tuam.
796 2997 1065 3058 Seronati,
1120 2997 1357 3062 inquam,
1397 2992 1465 3047 de
1493 2992 1645 3061 cujus
1676 3000 1730 3044 ut
1763 2991 1987 3060 primum
2097 2992 2239 3045 cives
2281 3006 2502 3062 pugnas,
2537 2992 2672 3046 inter
2705 2992 2960 3048 barbaros
2997 2994 3201 3049 litteras
3232 3012 3248 3053 :
3280 2999 3556 3065 epistolas,
3602 3016 3665 3051 ιω

417 3089 577 3143 etiam
608 3087 822 3142 nomine
848 3088 1054 3152 loquar,
1086 3084 1166 3137 sic
1196 3083 1322 3136 inihi
1356 3083 1564 3137 videtur
1593 3081 1742 3147 quasi
1770 3081 1989 3150 priescia
2098 3084 2284 3152 primis
2314 3084 2528 3152 quidem
2559 3082 2798 3152 apicibus
2826 3084 3151 3140 sufﬁcienter
3180 3086 3438 3154 initiatus,
3466 3089 3668 3157 publice

419 3180 717 3234 futurorum
746 3178 937 3232 lusisse
968 3176 1198 3239 fortuna,
1229 3175 1383 3227 sicuti
1413 3189 1477 3227 ex
1506 3173 1733 3227 adverso
1762 3171 1989 3239 majores
2098 3188 2128 3227 a
2164 3173 2415 3241 jactantia
2460 3174 2531 3227 dii
2550 3184 2643 3238 tat,
2688 3176 2755 3227 ab
2800 3175 3123 3244 impudentia
3172 3181 3453 3243 eiiieuda';
3500 3192 3665 3233 tntuni

420 3272 586 3326 matri
616 3270 801 3340 praalia
830 3270 1020 3338 quibus
1047 3268 1174 3322 nihil
1196 3275 1279 3321 est
1308 3265 1523 3331 foedius,
1549 3265 1683 3319 bella
1715 3265 1989 3317 dixerunt:
2097 3265 2236 3334 quod
2285 3265 2611 3334 concupiscit
2663 3267 2813 3334 quasi
2873 3278 3173 3335 comparat,
3225 3284 3324 3323 nec
3365 3270 3457 3323 dat
3502 3271 3667 3339 pretia

417 3362 616 3430 quique
660 3360 819 3415 etiam
866 3360 978 3429 pari
1028 3358 1424 3420 contrarietate,
1480 3357 1605 3419 fata,
1648 3364 1671 3392 ο
1719 3370 1838 3423 quae
1884 3370 1989 3407 non
2025 3419 2060 3430 Α
2100 3366 2471 3420 contemnens,
2505 3372 2602 3412 nec
2638 3358 2830 3427 accipit
2868 3359 3219 3415 instrumenta
3247 3362 3568 3429 desperans;
3616 3364 3669 3417 in

418 3461 722 3522 parcerent,
779 3451 972 3504 Parcas
1015 3449 1337 3504 vocitavere.
1387 3447 1563 3502 Rediit
1608 3448 1721 3515 ipse
1762 3446 1989 3500 Catilina
2017 3419 2063 3479 Ο
2096 3449 2319 3503 consilio
2348 3457 2514 3513 tzicet,
2551 3450 2601 3504 in
2631 3452 2857 3505 concilio
2882 3452 3067 3521 jubet,
3099 3454 3151 3507 in
3186 3454 3410 3510 ecclesia
3436 3456 3667 3523 jocatiir,

419 3543 531 3614 33
550 3544 728 3597 saeculi
760 3542 949 3609 nostri,
981 3556 1149 3611 nuper
1176 3537 1202 3577 ά
1231 3539 1534 3603 Aturribus,
1578 3547 1637 3593 ut
1676 3537 1988 3607 sanguinem
2098 3542 2150 3595 in
2183 3541 2429 3594 convivio
2461 3540 2739 3610 praedicat,
2782 3542 2832 3594 in
2872 3542 3117 3597 cubiculo
3155 3543 3402 3613 damnat,
3442 3544 3495 3600 in
3528 3561 3675 3614 qua-

420 3638 766 3704 fortunasque
803 3633 1153 3697 miserorum,
1194 3647 1327 3701 quas
1364 3632 1453 3685 ille
1488 3629 1559 3684 ibi
1590 3645 1658 3685 ex
1691 3639 1839 3699 parte
1872 3645 1964 3699 pro

2130 3632 2271 3686 tione
2300 3631 2588 3695 durntital;
2637 3633 2820 3700 iuipl‘i-t
2860 3633 3096 3700 qiiot‘die
3134 3634 3295 3687 silvas
3328 3634 3668 3704 fugientibus.

418 3728 712 3796 pinavcrat,
764 3727 849 3781 hic
896 3741 962 3779 cx
1003 3740 1122 3780 asse
1161 3725 1428 3779 misceret.
1474 3722 1678 3777 Scitote
1715 3722 1767 3775 in
1797 3736 1862 3778 eo
1897 3737 1993 3790 per
2098 3722 2252 3776 villas
2313 3722 2646 3789 li05pitibus,
2712 3721 2899 3774 altaria
2948 3723 3087 3787 reis,
3137 3739 3382 3778 (arcer-es
3427 3725 3672 3788 clericis;
3718 3724 3721 3725 ⁷

421 3819 537 3874 dies
567 3818 811 3888 Spiritum
840 3816 929 3870 diu
960 3816 1275 3871 dissimulati
1310 3815 1504 3869 furoris
1539 3814 1731 3882 aperiri
1767 3830 1781 3867 :
1810 3822 1993 3881 aperte
2102 3814 2377 3866 exsultans
2414 3812 2631 3876 Gothis,
2676 3813 2931 3865 iusiiltans
2963 3813 3236 3877 Romanis,
3268 3815 3497 3867 illudens
3536 3832 3674 3883 prte-

420 3907 642 3974 invidet,
669 3906 879 3975 abjecte
907 3906 1076 3975 lingit,
1110 3906 1379 3959 serviliter
1406 3904 1646 3973 superbit
1679 3920 1691 3955 :
1724 3903 1905 3957 indicit
1938 3913 1994 3957 ut
2102 3904 2272 3968 factis,
2303 3903 2684 3973 eolludciisquc
2729 3905 3079 3971 numerariis;
3116 3914 3137 3941 ο
3170 3905 3314 3974 leges
3344 3905 3674 3960 Theodosia-

498 2296 3627 2322 Μ

751 2680 995 2736 Sidonius
1027 2688 1051 2717 α
1082 2676 1265 2734 Edicio
1292 2692 1386 2731 suo
1414 2675 1647 2733 salutem.

488 4048 516 4078 ⁸
544 4038 762 4096 Sororio
801 4050 945 4092 suo:
980 4035 1242 4107 sicrenim
1274 4033 1872 4107 appellat_c_arinine_2(_)
1900 4034 1998 4089 Pa-
2101 4035 2474 4107 Theodosiano
2531 4034 2743 4107 praefixa
2796 4044 2895 4090 est.
2961 4034 3221 4107 Gatterum
3279 4042 3523 4107 Aturres,
3578 4053 3679 4093 seu

417 4112 653 4181 pianillze
693 4109 896 4181 scilicet
942 4105 1404 4181 uxoris_fratrcin,
1434 4104 1571 4157 Aviti
1620 4107 1753 4181 Aug.
1789 4104 1991 4181 lilium:
2100 4106 2341 4181 adores,
2389 4120 2588 4181 nomen
2636 4106 2861 4181 primum
2916 4106 3012 4159 fuit
3063 4107 3260 4181 populi,
3306 4123 3418 4181 non
3469 4104 3677 4181 oppidi.

419 4173 507 4250 qui
532 4182 758 4250 primum
784 4178 882 4233 sub
905 4176 1188 4250 Anthemio
1206 4190 1392 4250 comes
1417 4182 1469 4226 i-t
1494 4174 1745 4239 magister
1766 4173 1993 4250 militum
2099 4175 2286 4250 Oppidi
2318 4175 3082 4250 enim_Aturrcnsiitm_niiiuen
3114 4173 3489 4250 Vicusdiilius,
3509 4173 3677 4247 cujus

419 4242 607 4306 fiiit'iu
640 4248 828 4313 Gallia,
860 4247 1051 4303 deinde
1084 4246 1337 4316 patricius
1366 4252 1580 4316 creatus
1597 4253 1676 4316 est
1712 4259 1741 4297 a
1771 4242 1993 4316 Nepote.
2101 4242 2301 4299 mentio
2346 4245 2827 4316 apiidercgoriuin
2854 4246 3218 4300 Turonensent
3271 4247 3362 4301 lib.
3392 4263 3461 4307 ix,
3491 4242 3611 4316 cap'.
3647 4250 3681 4303 7

420 4322 616 4377 Verum
644 4321 761 4387 ejus
792 4310 983 4372 nomen
1010 4310 1250 4387 Ecdicius
1274 4332 1291 4387 Δε
1325 4327 1429 4387 quo
1462 4310 1628 4387 modo
1650 4312 1702 4364 in
1729 4312 1914 4387 codice
1944 4324 1995 4367 et
2099 4327 2151 4369 et
2177 4316 2268 4381 20,
2293 4324 2349 4387 et
2375 4314 2439 4387 de
2469 4310 2647 4387 Gloria
2676 4316 3044 4387 confessorum
3090 4332 3204 4387 cap.
3231 4317 3320 4370 52.
3364 4318 3541 4383 Quare
3560 4310 3681 4372 Ἰιυ.

418 4393 472 4446 iii
505 4381 744 4461 epistolis
769 4387 985 4461 Juliani,
1014 4383 1235 4461 ἐξκδικίῳ
1263 4385 1486 4461 ἐςᾴρχῳ
1516 4383 1790 4461 Afr/ﬁniat):
1824 4381 1913 4437 Sic
1943 4398 1962 4436 ε

2137 4388 2263 4461 licus
2292 4385 2662 4461 Vicnjuliensis
2707 4386 3009 4461 episcopus,
3041 4381 3400 4461 quiiconcilio
3427 4387 3681 4461 Matisco-

419 4451 657 4515 Alciinus
696 4458 941 4514 Ecdicius
979 4451 1258 4523 episcopus
1296 4451 1632 4524 Vieniiensm.
1671 4454 1817 4524 Quin
1849 4462 1995 4524 recte
2100 4457 2250 4508 neusi
2292 4471 2325 4508 ιι
2369 4454 2678 4513 subscribit.
2712 4451 2993 4524 episcopus
3022 4451 3103 4509 est
3129 4457 3418 4511 Adurensis
3454 4475 3467 4509 :
3507 4457 3680 4511 idem-

417 4529 899 4617 ειιξίξίιειεεξάιςῑειξ
914 4523 1550 4617 ,Ψἰρξεῖεξξυιβίὶῆιξιτρθ)
1577 4523 1834 4617 Ἧὲἓῖῗξῖ
1854 4523 1994 4617 Ἦῗέίὲ
2100 4526 2325 4617 9:393?!“
2335 4526 2593 4617 {@9123}:
2863 4523 3323 4617 E'PP'rrEese
3338 4526 3685 4617 ,³.Χὶξιὲἐξι¹,ίί

419 4593 731 4679 Gregorium
754 4593 1117 4679 Turonensein
1145 4596 1235 4650 lib.
1260 4610 1315 4657 tt,
1339 4607 1458 4661 cap.
1482 4593 1570 4659 ει,
1597 4602 1838 4647 truncata
1866 4609 1996 4649 voce
2099 4598 2301 4679 civibus
2331 4596 2595 4679 expetitus
2625 4595 2838 4679 dicitur.
2870 4596 2975 4649 Sed
3006 4604 3063 4648 ut
3090 4596 3348 4679 inﬂeaileui
3376 4596 3685 4679 NO‘V'empo-

423 4664 614 4723 Decius
643 4666 780 4734 apud
802 4665 1146 4721 Jornandein.
2101 4668 2332 4731 puliinia,
2383 4681 2501 4734 qua:
2538 4664 2724 4718 Cossio
2779 4666 3056 4717 Vnssatuin
3102 4666 3227 4719 οέἰιιι
3275 4678 3413 4730 erat,
3452 4666 3689 4722 Vasates

494 4736 521 4775 δ
556 4736 720 4804 Hujus
758 4737 942 4802 patria:
981 4738 1142 4804 pesds
1182 4735 1328 4788 solus
1355 4735 1592 4787 omnium
1634 4734 1873 4787 meminit
1904 4734 1991 4788 Si-
2102 4746 2282 4801 postea
2324 4740 2389 4788 de
2420 4736 2590 4801 gentis
2636 4736 2847 4788 nomine
2894 4744 3189 4801 nuncupata
3239 4750 3314 4790 es:
3357 4760 3369 4788 -.
3410 4738 3489 4790 s'c
3519 4736 3690 4790 Vicus

421 4807 654 4863 donius:
680 4820 745 4861 ex
771 4819 877 4874 quo
905 4803 1080 4858 tamen
1112 4820 1218 4858 non
1234 4804 1391 4875 facile
1418 4805 1785 4875 deprehendas
1811 4820 1996 4872 qiiem-
2030 4848 2079 4875 η
2102 4805 2272 4859 Julius
2316 4809 2555 4858 Atui'res.
2607 4803 2768 4857 Erant
2810 4812 2983 4857 autem
3030 4809 3246 4859 Aturi-es
3287 4808 3387 4860 hoc
3437 4816 3691 4875 tempore

421 4848 802 4957 ίξιηὶᾏεεξιιίῗ
818 4875 1201 4957 magistratum.
1231 4874 1463 4957 Publicis
1488 4848 1695 4957 ἷιίιιιιιίξ
1722 4848 1999 4955 ριίιεῖἰιὶξεθ
2030 4848 2227 4957 Dc‘uin
2267 4885 2373 4927 tota
2424 4888 2603 4957 vetere
2631 4875 2910 4957 Aquitania
2952 4876 3312 4957 iunpotcstatc
3352 4886 3407 4930 et

423 4942 657 5012 constat,
698 4946 869 5013 iisque
909 4942 1203 4999 indicendis
1239 4942 1325 4997 vel
1366 4944 1642 5012 exigendis
1682 4944 1735 4997 in
1778 4945 1996 5011 provin-
2096 4944 2424 5000 Gothorum.
2455 4943 2636 5012 Itaque
2664 4960 2692 4995 a
2723 4943 2909 4997 Gothis
2942 4946 3145 4998 redibat
3174 4944 3488 5000 Seronatns.

423 5018 638 5071 cialium
664 5016 864 5070 viscera
888 5015 1124 5069 saevisse.
1155 5013 1271 5080 Quo
1300 5014 1512 5067 nomine
1542 5013 1762 5081 aliisque
1791 5014 1998 5066 delatus
2174 5024 2197 5052 ο
2237 5013 2618 5068 Tlieodosianin
2678 5013 2820 5079 leges
2868 5024 2991 5069 sunt
3038 5014 3289 5068 Romanae
3340 5016 3573 5070 iedactie
3636 5018 3693 5071 in

424 5088 493 5139 ab
512 5086 785 5149 Arvernis,
821 5086 1004 5139 Romae.
1035 5084 1244 5138 tandem
1275 5083 1464 5151 capitis
1495 5082 1775 5137 damnatus
1805 5094 1905 5141 est.
1941 5094 1997 5136 ut.
2100 5085 2336 5137 codicem
2365 5083 2815 5147 Theodosianuin,
2847 5087 2933 5148 qui
2966 5095 3074 5138 tum
3107 5087 3317 5149 vigebat
3345 5104 3356 5137 :
3385 5086 3697 5141 Theodori-

425 5156 611 5210 scribit
632 5154 720 5208 lib.
750 5170 841 5223 vii,
870 5154 1035 5224 epist.
1059 5155 1113 5206 7.
1141 5151 1481 5224 Contrarium
1512 5154 1779 5208 Seronato
1800 5169 1992 5208 nomen
2099 5156 2266 5208 cianie
2307 5153 2576 5217 Gothicic,
2635 5172 2663 5207 a
2705 5155 3051 5208 TlicodOricis
3098 5156 3309 5223 regibus
3358 5156 3695 5213 Gothorum.

427 5236 510 5281 est
537 5225 813 5281 Citonatus
830 5222 977 5293 apud
1007 5223 1320 5292 Gregorium
1352 5222 1614 5293 Magnum.
1924 5290 1931 5293 Α
2098 5225 2408 5293 Quanquam
2461 5224 2613 5276 eniin‘
2649 5223 2921 5278 Anthemii
2981 5227 3338 5291 temporibus,
3390 5241 3513 5279 cum
3572 5228 3701 5283 hau:

504 5306 526 5337 ο
562 5298 615 5349 In
645 5290 909 5363 aliquibus
938 5290 1275 5360 libris,'quia.
1354 5362 1357 5363 ν
1438 5290 1456 5293 ⁷
1708 5362 1713 5363 ί
1924 5290 1931 5297 ’
2099 5290 2358 5348 scriberet
2385 5292 2656 5363 Sidonius,
2685 5294 2874 5347 Gothis
2914 5296 2966 5347 in
2994 5290 3163 5347 Gallia
3207 5294 3417 5363 przefuit
3451 5296 3703 5350 Eni-ictis

503 5366 530 5404 τι
562 5366 665 5437 25
708 5362 973 5437 Recteiex
1017 5362 1393 5437 ma_nus_criptis
1425 5364 1559 5437 hanc
1588 5362 1878 5437 lectionem
1909 5377 1995 5414 as-
2097 5363 2420 5437 'l’heodorici
2459 5362 2635 5437 fratris
2670 5377 2977 5437 successor,
3006 5362 3460 5437 Theodericianas
3503 5375 3704 5423 tamen

430 5431 858 5494 seruiTjoannes
879 5436 1078 5489 Savaro
1099 5434 1157 5485 γ.
1181 5431 1268 5502 (3.;
1298 5448 1393 5485 nos
1419 5432 1558 5485 enim
1584 5432 1787 5501 fugerat
1810 5448 1994 5486 emeii-
2098 5435 2278 5488 dicere
2320 5433 2502 5486 maluit
2536 5434 2604 5487 ob
2645 5435 3069 5502 paronontasiain
3107 5450 3231 5487 cum
3262 5435 3571 5489 Theodosia
3586 5440 3703 5491 uis.

431 5508 597 5563 datio.
638 5507 776 5561 Sunt
809 5514 1015 5569 autem,
1052 5513 1110 5556 ut.
1144 5501 1282 5557 idem
1314 5502 1518 5567 docuit,
1548 5504 1767 5557 Aturres
1809 5502 1861 5556 in
1890 5503 1996 5556 No—
2102 5505 2173 5556 Ex
2207 5503 2288 5556 his
2318 5518 2476 5568 porro
2506 5501 2814 5570 conjectura
2851 5514 2953 5568 est,
3000 5519 3119 5556 cum
3152 5505 3375 5558 Euricus
3405 5504 3457 5557 in
3488 5506 3704 5560 lsidori

431 5578 764 5645 vetitpopalis
803 5575 868 5631 ad
898 5581 1142 5629 Aturrum
1187 5571 1403 5645 [luvium
1443 5572 1764 5645 quiAdurcs
1793 5585 1993 5645 _pos=ea
2098 5573 2362 5645 Gbronico
2406 5573 2580 5645 legiiin
2635 5572 2877 5645 instituta
2916 5574 3103 5645 Gothis
3150 5575 3352 5642 primus
3395 5576 3707 5632 tradidisse

433 5640 846 5712 dici—Cteperunt
877 5664 889 5699 :
922 5660 1027 5712 quo
1070 5646 1225 5699 etiam
1274 5641 1431 5695 modo
1462 5640 1656 5712 Aduris
1704 5642 1894 5711 legitur
1940 5647 1990 5695 in
2101 5643 2313 5705 dicitur,
2361 5658 2463 5696 non
2505 5643 2582 5695 sic
2610 5658 2728 5696 esse
2768 5640 3161 5710 accipiendum,
3191 5647 3338 5711 quasi
3372 5653 3495 5698 ante
3532 5646 3705 5699 Euri.

433 5716 609 5771 verbis
641 5711 829 5770 Aidani
868 5711 986 5784 posit
1017 5714 1382 5771 auctoritatem
1414 5711 1633 5778 Alarici,
1667 5728 1783 5780 qua:
1824 5712 1993 5767 codici
2099 5727 2218 5767 cuin
2259 5714 2404 5778 leges
2430 5712 2670 5767 Gethicie
2709 5713 2869 5767 nulla:
2905 5713 3103 5767 fuerint
3144 5731 3157 5766 :
3202 5716 3293 5768 sed
3331 5714 3468 5784 quod
3495 5728 3710 5772 earum
