3910 6172
208 337 304 393 ιτδ

1437 339 1913 402 EPISTOLARUM
1958 347 2081 400 ΜΒ.
2125 346 2186 401 ll.

3333 351 3435 408 471

208 462 293 505 nas
333 444 565 508 calcans,
596 443 1152 514 Theodoricianazqu-t
1196 460 1495 515 proponens
1544 458 1755 504 veteres
1786 467 1829 523 Α
1862 456 2104 509 uxorium
2140 455 2310 525 patrio
2356 457 2487 511 mihi
2532 457 2761 515 dulcius.
2809 460 2932 515 limo
2964 461 3240 515 mihicum
3280 465 3438 532 meis,

208 538 394 607 culpas,
422 549 551 589 nova
587 534 781 588 tributa
824 535 1104 603 perquirit.
1156 534 1386 589 Proinde
1422 551 1601 592 moras
1639 548 1759 594 tuas

208 630 329 684 citus
356 624 576 695 explica,
604 632 661 678 et
692 624 948 694 quidquid
979 624 1108 679 illud
1137 633 1218 680 est
1243 625 1382 695 quod
1423 635 1474 681 te
1510 638 1760 693 retentat,

208 720 382 776 incide.
430 716 502 771 Te
541 726 818 785 exspectat
863 715 1232 785 palpitantium
1280 717 1475 772 civium
1522 729 1759 773 extrema

210 812 423 865 libertas.
460 806 726 876 Quidquid
770 807 1118 875 sperandum,
1168 807 1425 877 quidquid
1470 810 1759 878 desperau-

209 904 318 957 dum
346 910 442 965 est,
477 900 587 954 ﬁeri
623 909 674 954 te
702 899 902 964 medio,
931 908 982 953 te
1011 900 1261 967 praesule,
1294 901 1483 969 placet.
1514 902 1568 956 Si
1600 901 1760 954 nolle

207 1011 231 1048 a
256 993 511 1063 republica
540 991 714 1058 vires,
755 990 894 1044 nulla
941 989 1209 1058 pra-sidit),
1243 991 1286 1044 si
1319 991 1478 1045 nulla:
1503 1000 1759 1061 quantum

209 1098 370 1138 rumor
418 1092 520 1137 est.
585 1081 857 1136 Anthemii
915 1081 1172 1149 principis
1220 1096 1350 1149 Opes
1402 1099 1415 1135 :
1469 1085 1654 1136 stattit
1708 1093 1760 1137 te

206 1183 403 1230 auctore
444 1174 708 1241 nobllitas,
743 1182 767 1209 ³
794 1187 888 1227 seu
935 1172 1160 1241 patriam
1205 1172 1502 1238 dimittere,
1546 1191 1640 1229 seu
1672 1189 1760 1229 ca-

208 1267 362 1338 pillos.
1134 1276 1143 1282 '

676 1374 785 1447 34
822 1374 1158 1430 EPISTOLA
1200 1376 1259 1430 ιι.

504 1487 752 1543 Sidonius
779 1486 806 1524 ι)
837 1486 1062 1541 Domitio
1088 1503 1179 1541 suo
1201 1488 1438 1543 salutem.

269 1623 383 1679 Rari
432 1637 520 1678 me
564 1637 685 1677 esse
729 1623 992 1691 causaris,
1040 1638 1161 1679 cum
1205 1625 1335 1679 mihi
1392 1626 1564 1694 potius
1609 1625 1761 1695 qtreri

207 1723 425 1784 suppetat
476 1722 527 1767 te
576 1726 717 1767 nunc
762 1714 895 1767 urbe
944 1714 1188 1769 retineri.
1238 1714 1357 1770 Jam
1416 1731 1508 1771 ver
1551 1716 1760 1772 decedit

1865 546 2093 614 praesule
2123 546 2252 611 Deo,
2291 548 2391 602 nisi
2423 549 2547 618 quid
2588 559 2643 604 tu
2677 550 2933 606 fascinum
2974 567 3176 616 verere,
3210 567 3433 609 concor-

1862 637 1967 690 dia.
1998 637 2101 707 35
2128 637 2275 692 Mons
2305 642 2371 693 ab
2400 654 2588 695 occasu
2615 656 2913 710 quanquam
2944 647 3206 709 terrenus,
3240 644 3438 700 arduus

1864 738 2041 782 tamen
2076 729 2358 785 inferiores
2391 731 2489 785 sibi
2527 733 2691 788 colles
2727 741 2975 802 tanquam
3006 736 3218 804 gemino
3254 736 3437 791 fotnit'e

1864 819 2116 887 effundit,
2162 832 2387 891 quatuor
2429 838 2457 876 a
2500 838 2557 877 se
2605 825 2820 880 circiter
2860 825 3101 894 jugerum
3154 827 3437 882 latitudine

1863 911 2139 965 abductos.
2172 912 2276 966 Sed
2320 913 2491 968 donec
2529 912 2799 968 domicilio
2836 924 3151 982 competens
3193 918 3435 973 vcstibtrli

1862 1018 2078 1070 campus
2121 1006 2396 1073 aperitur,
2450 1006 2680 1061 mediam
2728 1008 2919 1062 vallem
2972 1010 3132 1064 rectis
3180 1012 3437 1065 tractibus

1861 1104 2254 1161 prosequuntur
2292 1096 2457 1150 latera
2499 1097 2778 1163 clivorum,
2821 1115 2989 1168 usque
3032 1102 3084 1154 in
3136 1102 3425 1170 marginem

1860 1184 2026 1248 villae,
2053 1201 2168 1251 qua:
2197 1188 2246 1239 in
2264 1186 2482 1241 Boream
2502 1189 2854 1258 Austrumque
2879 1192 3153 1246 conversis
3169 1192 3431 1249 frontibus

1863 1277 2118 1329 tenditur.
2178 1278 2432 1332 Balneum
2480 1278 2547 1332 ab
2594 1279 2772 1334 Africo
2822 1280 3089 1337 radicibus
3142 1299 3435 1339 nemorosa:

1861 1367 2008 1434 rupis
2038 1368 2385 1435 adhaerescit;
2417 1379 2471 1424 et
2498 1371 2542 1425 si
2573 1371 2753 1425 cmdua
2784 1387 2879 1440 per
2903 1372 3085 1441 jugum
3115 1376 3247 1429 silva
3288 1387 3433 1433 trun-

1862 1466 2031 1524 cetur,
2056 1458 2108 1512 in
2136 1475 2228 1513 ora
2258 1460 2484 1516 fornacis
2513 1463 2660 1531 lapsu
2688 1463 2835 1517 velut
2858 1474 3174 1534 spontaneo,
3196 1467 3435 1527 deciduis

1862 1551 2099 1606 struibus
2145 1552 2475 1622 impingitur.
2508 1554 2642 1609 Hinc
2681 1570 2935 1626 aquarum
2978 1560 3143 1627 surgit
3173 1561 3303 1616 cella
3345 1579 3438 1618 co-

1862 1643 2104 1708 ctilium;
2129 1660 2246 1711 qum
2274 1646 2620 1715 consequenti
2660 1651 3033 1717 unguentaria!
3066 1653 3220 1721 spatii
3250 1656 3437 1723 parili-

1863 1745 1970 1791 tate
2008 1737 2351 1807 conquadrat,
2399 1750 2623 1810 excepto
2660 1742 2778 1796 solii
2821 1744 3033 1811 capacis
3082 1744 3433 1816 hemicyclio:

205 1807 372 1872 testati,
402 1814 456 1860 et
491 1814 517 1844 ο
547 1820 642 1874 per
669 1806 835 1861 lineas
859 1805 937 1861 sol
965 1805 1162 1861 altatus
1203 1814 1494 1871 extremas,
1523 1808 1574 1862 in
1604 1823 1750 1863 axem

1864 1829 1951 1883 ubi
1989 1837 2043 1883 et
2072 1805 2151 1884 vis
2190 1829 2443 1885 ferventis
2473 1805 2627 1886 unda:
2658 1848 2751 1902 per
2778 1835 3031 1903 parietem
3063 1805 3434 1894 foraminatum

204 1898 486 1969 Scytbicum
536 1898 689 1953 radio
726 1897 1104 1968 peregrinante
1145 1900 1448 1971 porrig'tur.
1499 1901 1594 1956 llic
1633 1901 1758 1969 quid

204 1990 260 2047 de
304 1989 532 2060 regionis
585 2000 781 2045 uestrae
843 1990 1067 2046 climate
1106 1991 1331 2062 loquar?
1385 1993 1538 2061 cujus
1590 1995 1756 2063 spatia

203 2082 409 2137 divinum
460 2081 537 2136 sic
586 2080 813 2136 tetendit
851 2081 1143 2152 opificium,
1175 2093 1232 2138 ut
1270 2085 1436 2153 magis
1471 2086 1757 2153 vaporibus

204 2174 327 2229 orbis
356 2172 567 2228 occidui
597 2173 1006 2243 subjiceremur.
1029 2174 1165 2243 Quid
1195 2175 1378 2246 plura?
1410 2176 1632 2232 Mundus
1670 2178 1755 2232 in-

203 2266 406 2333 canduit,
441 2268 641 2336 glacies
670 2267 859 2337 Alpina
900 2268 1131 2334 deletur,
1180 2278 1235 2323 et
1266 2269 1459 2324 hiulcis
1490 2272 1754 2325 arentium

205 2358 428 2412 rimarum
477 2359 701 2415 ﬂexibus
748 2368 891 2414 terra
939 2360 1309 2429 perscribitur,
1345 2362 1767 2432 squaltglarea

202 2450 243 2503 in
266 2449 420 2513 vadis,
458 2450 615 2504 limus
655 2450 707 2505 in
740 2451 892 2520 ripis,
931 2452 1106 2521 pulvis
1136 2453 1186 2506 in
1217 2454 1442 2522 campis,
1472 2468 1604 2521 aqua
1644 2445 1754 2522 ipsa

200 2556 505 2613 quaecunque
552 2553 811 2613 perpetuo
858 2543 1065 2610 labens,
1098 2552 1268 2599 tractu
1311 2554 1596 2600 cunctante
1643 2548 1757 2600 lan-

198 2636 391 2702 guescit.
434 2635 555 2690 Jam
588 2652 695 2690 non
723 2637 892 2691 solum
919 2637 1058 2691 calet
1090 2639 1251 2703 undi,
1278 2638 1371 2692 sed
1398 2640 1672 2707 coquitur;
1700 2648 1754 2694 et

200 2740 316 2781 nunc
340 2726 468 2781 dum
501 2728 553 2782 in
580 2727 807 2782 carbaso
835 2727 988 2783 sudat
1019 2743 1184 2791 unus,
1214 2729 1350 2783 alter
1382 2731 1432 2782 in
1470 2731 1747 2800 bombyce,

197 2826 242 2870 tu
267 2817 661 2873 endromidatus
690 2820 945 2883 exterius,
976 2820 1199 2874 interius
1224 2818 1502 2882 fasciatus;
1536 2819 1753 2889 insuper

197 2920 239 2964 et
263 2926 487 2966 concava
524 2911 548 2948 ἀ
582 2912 857 2981 municipii
896 2911 1162 2967 Camerini
1210 2912 1340 2967 sede
1388 2927 1748 2981 compressus,

197 3000 444 3070 discipulis
474 3016 580 3057 non
613 3010 745 3056 u-stu
791 3006 965 3057 minus
994 3018 1151 3072 quam
1186 3003 1374 3057 timore
1406 3004 1749 3072 pallentibus,

196 3106 435 3159 exponere
493 3092 877 3149 oscitabundus
924 3094 1141 3161 ordiris,
1192 3096 1374 3151 Samia
1418 3097 1544 3149 mihi
1589 3106 1753 3151 mater

1857 1919 2053 1975 flexilis
2097 1922 2302 1991 plumbi
2350 1923 2612 1977 meatibus
2663 1924 2916 1993 implicita
2966 1927 3239 1996 singultat.
3295 1928 3437 1987 Intra

1856 2011 2115 2067 conclave
2143 2027 2459 2068 succensum
2486 2014 2686 2068 solidus
2716 2015 2849 2083 dies,
2883 2025 2937 2071 et
2966 2016 3080 2072 haec
3115 2018 3433 2077 abundantia

1856 2102 1990 2158 lucis
2029 2104 2267 2171 inclnsze,
2300 2113 2361 2159 ut
2394 2105 2724 2161 verecundos
2751 2122 2993 2178 quosque
3018 2112 3304 2180 compellat
3333 2114 3437 2168 ali-

1854 2195 1979 2264 quid
2021 2209 2080 2250 se
2127 2197 2245 2266 plus
2291 2206 2478 2266 putare
2525 2213 2682 2267 quam
2731 2198 2921 2253 nudos.
2984 2201 3118 2256 llinc
3163 2201 3433 2273 frigidaria

1853 2287 2124 2352 dilatatur,
2158 2303 2274 2357 quze
2309 2289 2539 2357 piscinas
2579 2290 2804 2359 publicis
2844 2293 3096 2361 operibus
3132 2303 3436 2351 exstructas

1856 2395 1960 2435 non
2006 2382 2340 2450 impudenter
2366 2383 2727 2437 aemularetur.
2773 2384 3007 2439 Primum
3046 2387 3167 2441 tecti
3198 2390 3348 2456 apice
3378 2388 3431 2442 in

1855 2487 2047 2527 conum
2095 2475 2466 2536 cacuminato.
2515 2488 2635 2527 cum
2684 2474 2749 2529 ab
2802 2477 3009 2546 angulis
3055 2477 3432 2547 quadrifariam

1854 2565 2222 2617 concurrentia
2246 2564 2403 2617 dorsa
2429 2566 2714 2618 cristarum
2766 2568 2957 2633 tegulis
2995 2568 3437 2635 interiacentibus

1855 2653 2293 2719 inihiicarentnr;
2344 2654 2456 2721 ipsa
2496 2670 2626 2708 vero
2675 2658 3119 2712 conveiient-hus
3170 2662 3435 2714 mensuris

1854 2744 2192 2798 exactissima
2242 2745 2581 2812 spatioitate
2620 2746 2911 2813 quadratur
2944 2766 2956 2799 :
2991 2748 3058 2801 ita
3098 2760 3152 2802 ut
3195 2751 3433 2805 ministe-

1855 2836 2053 2889 riormn
2103 2850 2221 2890 sese
2263 2852 2367 2889 non
2420 2836 2742 2903 impediente
2803 2837 3089 2902 famulatu,
3143 2847 3217 2892 tot
3267 2843 3433 2907 possit

1855 2928 2092 2996 recipere
2113 2928 2294 2992 sellas,
2319 2925 2336 2964 ί
2364 2937 2490 2995 quot
2516 2928 2632 2980 solii
2658 2929 2822 2995 sigma
2850 2944 3124 2996 personas.
3151 2930 3437 2987 FeneSIras

1853 3034 1884 3074 e
1926 3021 2139 3089 regione
2168 3020 2413 3074 conditor
2442 3019 2593 3074 binas
2630 3020 2862 3075 confinio
2890 3036 3116 3076 camerae
3150 3023 3435 3090 pendentis

1854 3111 2111 3177 admovit,
2144 3121 2202 3167 ut
2240 3112 2620 3179 suspicientum
2657 3114 2790 3165 visui
2835 3113 3179 3167 fabrefactum
3220 3116 3435 3171 lacunar

199 3181 293 3247 fuit.
318 3183 447 3248 Quin
482 3195 540 3238 tu
572 3199 744 3254 mage.
772 3188 815 3239 si
842 3185 968 3254 quid
995 3186 1210 3241 salubre
1240 3187 1332 3240 tibi
1359 3188 1530 3255 cordi.
1561 3190 1750 3257 raptim
1780 3195 1823 3257 C
1857 3202 2105 3271 aperiret.
2155 3202 2377 3256 Interior
2420 3202 2681 3271 parietum
2722 3201 2882 3256 facies
2918 3203 3025 3272 3a
3057 3205 3171 3257 solo
3212 3205 3436 3272 In-vigati

198 3276 483 3331 subduceris
522 3278 903 3332 anhelantibus
945 3278 1205 3347 angustiis
1243 3280 1504 3346 civitatis,
1535 3291 1588 3336 et
1627 3296 1755 3336 con-

199 3367 441 3423 tmbernio
482 3380 673 3424 nostro
708 3380 932 3424 aventer
975 3370 1235 3437 insertus,
1278 3372 1415 3426 fallis
1453 3372 1755 3428 clementis-

197 3459 311 3512 simo
355 3476 572 3517 recessu
632 3463 1023 3518 inclementiam
1078 3465 1477 3520 canicularem?
1524 3466 1665 3523 Sane
1709 3469 1753 3522 si

199 3551 376 3619 placet,
408 3555 535 3623 quis
572 3555 644 3608 sit
672 3554 792 3622 agri
827 3555 877 3609 in
907 3570 1066 3625 quem
1114 3558 1341 3622 vocaris,
1374 3557 1507 3612 situs
1550 3559 1753 3628 accipe.

199 3646 427 3703 'Avitaci
480 3662 714 3714 sumus;
760 3661 953 3702 nomen
1006 3647 1107 3701 hoc
1152 3649 1353 3719 pra-dio
1386 3667 1397 3701 :
1434 3652 1573 3720 quod
1632 3653 1753 3720 quia

194 3792 359 3849 corpus
382 3787 437 3835 et
475 3779 718 3834 codich
761 3781 964 3849 primus
1002 3780 1274 3850 collegerit
1303 3780 1527 3835 Euricus
1562 3798 1574 3835 :
1609 3783 1746 3845 quod

195 3864 442 3974 parispcue
486 3850 689 3906 docent
735 3852 896 3906 verba
943 3852 1131 3906 lsidori
1180 3853 1422 3922 ejusdem
1450 3852 1501 3905 in
1549 3854 1747 3907 Leuvi-

195 3933 233 3974 rt
285 3937 331 3974 ο.
910 3962 915 3967 .

195 3933 331 3987 guuo.
910 3962 915 3967 .

250 3992 387 4047 'Aut
412 4000 771 4062 spontaneum
799 3991 1045 4047 exsilium
1074 3991 1274 4054 sublre,
1302 4000 1392 4046 aut
1416 3992 1747 4048 clericatum.

195 4059 287 4133 lloc
323 4059 556 4118 malebat
593 4063 845 4118 videlicet
874 4063 1113 4116 Arverna
1151 4063 1420 4125 nobilitas,
1454 4079 1613 4133 quam
1642 4062 1749 4117 Go-

194 4129 377 4204 thorum
419 4134 685 4204 partibus,
718 4134 760 4187 si
800 4134 854 4187 in
897 4133 1110 4204 illorum
1152 4129 1486 4201 potestatem
1517 4135 1743 4199 veniret,

192 4202 432 4272 militare.
452 4202 653 4258 Clerici
684 4204 824 4258 enim
855 4217 885 4256 a
915 4203 1099 4256 militia
1145 4204 1430 4258 immunes.
1462 4204 1630 4258 Porro
1659 4205 1747 4272 qui

192 4270 343 4327 clerici
374 4275 596 4338 fiebant,
629 4273 1004 4337 toiid‘ebantur,
1036 4282 1092 4327 ut
1120 4286 1302 4328 nomm
1331 4284 1452 4329 est:
1481 4270 1748 4329 interdum

192 4353 300 4395 vero
332 4344 608 4398 dimittere
657 4344 879 4412 capillos
922 4343 1171 4397 dicebant
1218 4360 1324 4398 non
1371 4344 1612 4409 tondere,
1654 4344 1748 4398 sed

191 4412 446 4469 demittere
494 4424 546 4468 et
598 4415 836 4481 prolixos
878 4414 1103 4477 nutrire,
1135 4424 1192 4467 ιιι
1222 4415 1510 4478 Gregorius
1540 4414 1742 4469 Turon.

1858 3295 2103 3348 crementi
2144 3294 2377 3349 candore
2417 3303 2668 3349 Contenta
2698 3304 2800 3348 est.
2851 3294 2963 3348 Non
3000 3296 3085 3349 hic
3119 3313 3210 3363 per
3242 3298 3439 3350 nmium

1859 3385 2118 3453 pictorum
2150 3400 2431 3454 corporum
2462 3384 2904 3453 pulchritudinem
2930 3386 3097 3453 turpis
3124 3396 3326 3455 prostat
3358 3386 3439 3439 lii--

1857 3478 2054 3541 storia;
2103 3491 2221 3544 quae
2268 3476 2406 3529 sicut
2446 3486 2602 3529 ornat
2627 3484 2817 3541 artem,
2852 3477 2932 3531 sic
2963 3478 3278 3532 devenustat
3314 3481 3438 3532 arti-

1864 3566 2037 3618 ficem.
2076 3564 2279 3618 Absunt
2319 3563 2529 3617 ridiculi
2564 3563 2759 3617 vestitu
2790 3572 2842 3617 et
2871 3565 3100 3618 vult‘bus
3132 3565 3437 3631 histriones,

1863 3653 2145 3724 pigmentis
2175 3654 2603 3709 multicoloribus
2634 3663 2659 3700 ε
2694 3653 3019 3709 PhilistiOnis
3053 3654 3441 3724 supelTectilcm

1859 3784 2094 3857 Lucano.
2146 3784 2448 3853 Eodemque
2479 3784 2636 3857 modo
2673 3799 2738 3840 ex
2782 3783 3012 3854 antiquis
3046 3791 3441 3857 exemplaribus

1858 3855 2186 3909 restituimus
2217 3856 2457 3909 carmine
2490 3856 2575 3909 18.

1978 3955 2028 4003 Si
2052 3957 2158 4016 quis
2178 3955 2427 4004 Avitacum
2452 3955 2667 4017 dignaris
2692 3967 2852 4005 Visere
2874 3964 3098 4006 nostram.

1858 4060 2026 4127 llnjus
2068 4068 2245 4114 autem
2291 4060 2495 4127 ormdii,
2526 4059 2663 4128 quod
2704 4060 3101 4128 elegantissime
3131 4061 3440 4125 copiosissi-

1858 4147 2049 4199 meque
2116 4130 2435 4185 describitur
2482 4145 2510 4181 a
2558 4129 2811 4191 Sidonio,
2863 4130 3103 4196 reliquiae
3149 4132 3438 4197 aliquando

1855 4201 2073 4257 creditze
2103 4211 2229 4257 sunt
2258 4208 2468 4255 exstare
2496 4200 2560 4254 ad
2593 4199 2889 4254 Serlievam
2924 4200 3115 4260 larum,
3150 4201 3235 4264 qui
3262 4216 3290 4253 a
3322 4216 3438 4253 mn-

1855 4273 2053 4338 nicipio
2080 4272 2440 4327 Arvernorum
2469 4270 2676 4325 modico
2705 4269 2878 4336 spatio
2912 4269 3115 4322 aberat.
3160 4269 3354 4322 Verum
3386 4271 3431 4323 is

1853 4357 2052 4413 paucos
2094 4352 2217 4396 ante
2268 4356 2439 4395 annos
2501 4339 2751 4413 derivatis
2782 4355 2916 4413 qua:
2947 4339 3068 4413 _il|_ic
3118 4340 3437 4413 stagnabant

1852 4409 2004 4482 aquis
2034 4414 2246 4481 penitus
2294 4413 2616 4476 exhaustus,
2651 4410 2917 4482 opinionis
2946 4409 3110 4482 huius
3144 4411 3434 4482 vanitatem

194 4495 279 4534 non
308 4486 493 4560 semel.
515 4478 647 4560 Quo
678 4500 827 4560 more
856 4484 900 4560 si
924 4484 1078 4560 loqui
1103 4485 1315 4560 placeat
1344 4484 1642 4560 Sidonium,
1677 4488 1746 4560 ita
1778 4500 1829 4560 ι)
1856 4478 2104 4560 οέιιςιιςὶέι.
2141 4484 2393 4560 Suutqni
2418 4482 2734 4560 _l_’_apian_i_ll:e
2766 4480 2950 4560 lacuul
2975 4478 3042 4560 de
3073 4479 3431 4560 Cambonensi

191 4566 377 4636 quoque
420 4556 748 4611 deditionem
779 4554 1057 4610 Gothicam
1101 4557 1394 4626 intelliget,
1426 4557 1547 4623 quia
1587 4555 1748 4610 Gothi

193 4635 366 4678 Cl’llllll.

216 4690 269 4772 ,λ
290 4693 649 4772 Grammatice
672 4694 876 4772 doctori
904 4713 917 4749 :
942 4696 1008 4772 d_e
1037 4695 1189 4763 cujus
1213 4696 1452 4772 doctrina
1481 4705 1535 4752 et
1556 4710 1745 4752 censo-

190 4765 254 4815 ria
281 4766 565 4820 severitate
610 4767 664 4819 in
694 4765 931 4821 carmine
961 4767 1335 4835 Pr0pemptico
1370 4786 1383 4821 :

289 4843 355 4904 Ac
378 4846 590 4904 primum
620 4843 805 4891 Domini
824 4844 977 4894 larem
1001 4848 1164 4895 severi

296 4903 518 4963 intrabis,
541 4905 898 4966 trepidantibus
923 4907 1178 4956 Cammnis.

249 4983 267 5011 ε
297 4976 425 5030 Cum
472 4975 1055 5047 vergitgadrtropicum
1111 4978 1323 5032 solstitii
1367 4976 1533 5032 aestivi
1584 4996 1595 5029 :
1644 4992 1749 5047 quo

188 5053 406 5116 fpectunt
430 5048 589 5100 etiam
614 5045 702 5099 illa
726 5045 1015 5103 Plutarchii
1035 5048 1099 5102 ad
1125 5048 1414 5116 principem
1438 5045 1706 5102 indoctum
1731 5063 1746 5101 :

188 5107 464 5195 'liltoio'rav
477 5117 669 5195 ἤψωμα
679 5117 809 5191 λάϐῃ
821 5120 1076 5195 μέςχιστον,
1094 5107 1313 5195 ἐξαρθεὶς
1325 5118 1372 5173 ἐν
1386 5129 1495 5195 rei;
1508 5120 1743 5195 βορείοις.

244 5186 344 5255 26
379 5187 406 5222 ά
446 5186 667 5241 Abesta
699 5186 971 5242 nonnullis
999 5186 1270 5244 codicibus
1299 5205 1401 5243 vox
1443 5186 1698 5242 Cn'merini
1728 5203 1747 5241 :

188 5252 596 5336 iit—quibusdam
644 5257 764 5336 aliis
812 5260 1323 5336 expungitur-euut
1349 5259 1526 5336 addita
1571 5258 1740 5336 videri

186 5328 355 5399 possit,
387 5336 634 5397 tanquam
662 5328 925 5396 glossema
965 5328 1258 5398 municipii.
1290 5328 1427 5384 Sunt
1457 5330 1505 5383 in
1548 5328 1741 5399 quibus

186 5394 369 5467 legatur
396 5394 637 5460 Amerini,
670 5394 733 5451 ut
764 5398 873 5466 jam
904 5394 1351 5466 suspicari'liceat
1380 5413 1408 5451 a
1439 5394 1740 5467 glossogra-

186 5464 279 5538 pho
310 5468 563 5537 scriptum
607 5464 777 5523 fuisse
819 5464 1091 5538 municipii
1118 5469 1362 5523 Arverni.
1396 5464 1472 5523 De
1497 5464 1740 5523 Arverno

182 5535 359 5603 quippe
387 5535 583 5605 oppido
612 5539 695 5608 agi
728 5539 958 5592 videtur.

245 5615 265 5641 ε
300 5608 368 5659 lta
395 5606 867 5678 seribnnt‘antiqui
900 5608 1017 5662 libri
1048 5606 1161 5662 fere
1187 5622 1395 5662 omnes.
1439 5607 1639 5662 Nomen
1670 5607 1738 5661 ab

183 5680 324 5730 Avito
357 5678 571 5731 ductum
593 5721 607 5743 ,
639 5679 939 5747 l’..pi:nnll.e
972 5679 1155 5746 praedii
1195 5679 1423 5732 dominze
1454 5690 1629 5747 patre;
1681 5689 1739 5733 ut

182 5747 308 5816 apud
337 5748 625 5804 Ausonium
656 5749 934 5804 Pauliaeus
961 5757 1014 5804 et
1065 5749 1391 5806 Lucaniacus
1422 5765 1455 5803 a
1485 5751 1653 5805 l’aulu
1680 5762 1734 5805 et

1857 4554 2122 4622 accipiant
2153 4570 2167 4603 :
2199 4552 2537 4605 verisimilius
2583 4552 2876 4622 aliquanto.
2919 4549 3022 4622 Sed
3060 4566 3123 4622 tte
3165 4551 3287 4622 huic
3316 4551 3433 4619 qui-

1855 4619 1997 4688 dem,
2027 4638 2141 4677 mea
2172 4624 2456 4689 sententia,
2490 4622 2618 4673 satis
2646 4635 2710 4674 eo
2736 4620 2889 4689 gruit
2915 4619 3200 4676 Sidoniana
3231 4621 3437 4676 descri-

1894 4696 1986 4749 tio.

1855 4710 2059 4817 puihlta
2110 4777 2327 4829 prorsus
2388 4760 2699 4824 legendum.
2749 4774 2852 4812 non
2901 4770 3023 4826 quot
3070 4760 3216 4819 solet.
3268 4771 3325 4813 ut
3384 4762 3434 4813 in

1855 4835 2085 4903 vulgatis
2114 4835 2388 4887 hactenus.
2434 4832 2727 4903 Cyprianus
2766 4831 2919 4903 epist.
2949 4832 3015 4903 76
3039 4832 3104 4903 ad
3137 4832 3381 4903 lllagnunt
3418 4850 3431 4883 :

1861 4905 1926 4959 Et
1954 4901 2103 4959 ⁷δοιὶο
2150 4911 2195 4956 ει
2244 4903 2440 4973 piscina
2470 4918 2597 4966 Opus
2636 4902 2719 4967 sit,
2749 4902 2928 4969 quibus
2955 4901 3091 4953 ablui
3121 4910 3166 4973 et
3196 4902 3438 4973 m‘undari

1857 4976 2209 5045 corpusculum
2239 4970 2413 5045 possit.
2466 4974 2656 5045 Sermo
2692 4973 2829 5045 etum
2859 4981 2959 5045 est,
2991 4988 3092 5024 non
3120 4970 3186 5024 de
3211 4970 3434 5045 sigmnte

1850 5041 1953 5100 seu
1973 5046 2220 5107 stibadio,
2247 5044 2339 5097 Sed
2367 5043 2433 5097 de
2464 5041 2597 5096 solio
2628 5042 2775 5095 cella:
2806 5042 3075 5105 caldarize,
3104 5041 3242 5110 quod
3272 5046 3435 5110 paulo

1850 5127 1975 5170 ante
2006 5116 2121 5169 solii
2150 5113 2519 5183 hemicyc!inm
2548 5110 2704 5183 dixit,
2731 5125 2871 5165 nunc
2900 5112 3087 5164 eodem
3115 5127 3276 5165 sensu
3304 5115 3425 5165 solii

1849 5186 2013 5255 sigma
2045 5202 2071 5237 a
2107 5188 2269 5251 figura
2302 5182 2665 5237 semirotunda
2689 5199 2702 5236 :
2723 5197 2749 5234 a
2777 5197 2877 5249 qua
2900 5191 2949 5236 et
2979 5186 3076 5236 tori
3102 5182 3430 5255 accubitales

1848 5252 1942 5311 seu
1984 5257 2207 5310 stibadia
2249 5255 2469 5321 sigmata
2512 5264 2888 5319 nuncupantur
2928 5252 3422 5321 :qut-madmodum

1849 5330 2081 5393 porticus
2121 5320 2708 5392 Constantinopolitana
2740 5323 2935 5376 Juliani
2982 5323 3119 5393 apud
3156 5320 3423 5393 Zosimum

1847 5389 1939 5451 lib.
1972 5413 2045 5461 ιιι,
2081 5397 2245 5466 sigma
2291 5389 2505 5467 quoque
2544 5393 2683 5447 dicta
2715 5400 2853 5467 esta
2885 5392 3203 5467 semicirculi
3235 5389 3422 5467 figura.

1845 5467 1901 5520 ln
1947 5461 2288 5538 balneisuqui
2337 5461 2599 5538 levabant,
2654 5479 2684 5538 a
2730 5461 3142 5538 cel|.a_caldaria
3180 5461 3422 5538 ejusque

1843 5538 1980 5591 Solio
2018 5529 2318 5590 transibant
2353 5537 2418 5589 ad
2450 5534 2793 5604 frigidariam,
2828 5531 3005 5604 ibique
3038 5530 3087 5581 in
3116 5529 3261 5580 sellis
3290 5544 3422 5581 con-

1842 5609 2109 5660 sidebant.
2138 5604 2241 5659 Tot
2271 5605 2430 5674 igitnr
2457 5600 2807 5674 in'frigidaria
2851 5600 3010 5674 sellas
3034 5611 3168 5674 esse
3197 5610 3412 5667 oporte-

1843 5680 1956 5740 bat,
1988 5685 2118 5745 quot
2150 5692 2271 5744 pcrs
2291 5669 2393 5727 Tuis
2433 5674 2583 5745 locus
2612 5669 2727 5745 erat
2766 5669 2820 5722 in
2850 5669 3103 5745 ealdaria.

1916 5739 1951 5795 κν
1970 5739 2161 5804 Poeta!
2177 5744 2552 5816 mimographi,
2581 5742 2940 5814 γελωτοποιοῦ,
2961 5739 3194 5808 ridiculi,
3227 5739 3342 5811 ipso
3369 5740 3421 5795 ia
