3910 6172
465 278 572 335 ηδ

1729 274 1973 331 SlDONll
2012 274 2458 333 APOLLlNARlS
3608 285 3693 341 t7.)

467 395 808 450 mentientes.
858 391 1068 448 Absunt
1097 390 1308 455 lubrici,
1353 388 1681 459 tortuosique
1714 391 1966 459 pugillatu
1995 399 2049 446 et
2075 397 2128 456 Α
2152 401 2367 447 arcuata
2416 392 2693 449 intervalla
2726 403 2994 448 reseratur
3021 413 3033 449 :
3066 409 3163 451 nec
3195 396 3309 464 pile
3358 407 3475 451 sunt
3507 404 3695 465 medie,

471 486 694 540 tionibus
722 484 1025 554 palmstriltz
1058 498 1072 537 :
1101 496 1327 551 quormn
1365 480 1524 535 etiam
1564 481 1832 534 viventum
1863 480 2051 547 luctas,

472 580 514 631 si
559 578 893 630 involvintur
934 574 1236 639 obscenius,
1269 580 1413 626 casta
1456 571 1735 626 confestim
1768 581 1795 610 ἰ
1832 586 2055 642 gymna-

472 669 801 724 siarchorum
855 668 997 733 virga
1041 664 1309 719 dissolvit.
1358 663 1493 730 Quid
1540 664 1727 731 plura?
1772 665 1902 719 nihil
1948 664 2056 719 illis

476 763 679 832 paginis
713 763 1030 828 impressum
1068 756 1389 828 reperietur,
1421 758 1563 827 quod
1598 772 1703 812 non
1742 759 1942 815 vidisse
1986 760 2056 814 sit.

474 854 731 910 sanctius.
764 851 792 889 δ
827 853 982 906 Pauci
1024 862 1200 905 tamen
1236 851 1481 905 vers’culi
1524 852 1777 906 lectorem
1816 852 2057 907 adventi-

478 948 606 999 tium
638 945 1065 1011 remorabuntur,
1092 942 1308 996 minime
1335 944 1577 1010 improbo
1601 952 2053 1012 temperamento;

479 1040 597 1103 quia
631 1053 724 1093 eos
759 1052 855 1091 nec
896 1053 933 1089 rt
956 1036 1151 1105 legisse
1191 1035 1460 1090 desiderio
1499 1044 1601 1101 est,
1642 1052 1741 1091 nec
1771 1038 2059 1106 perlegisse

484 1130 710 1184 fastidio.
756 1130 871 1183 .lam
902 1130 944 1179 si
975 1142 1239 1182 marmora
1273 1128 1530 1197 inquiras,
1565 1144 1667 1181 non
1701 1128 1812 1183 illic
1846 1129 2057 1198 quidem

483 1220 679 1281 Part8,
711 1218 983 1288 Carystos,
1021 1227 1041 1255 ο
1076 1216 1446 1281 Proconissos,
1501 1216 1767 1289 Phryges,
1797 1219 2057 1287 Numidae,

484 1310 786 1377 Spartiatae,
828 1309 1038 1377 rupium
1076 1308 1397 1362 variatarum
1430 1323 1659 1377 posuere
1697 1317 1931 1376 crustas;
1965 1327 2055 1366 ne-

484 1418 586 1470 que
628 1416 721 1469 per
758 1401 1004 1469 scopulos
1033 1399 1387 1469 rEthiopicos,
1431 1411 1486 1454 et
1527 1402 1752 1471 abrupta
1792 1418 2059 1472 purpurea

485 1491 716 1559 genuino
748 1489 917 1545 fucata
948 1489 1254 1560 conchylio,
1298 1503 1539 1558 Sparsum
1573 1492 1707 1546 mihi
1737 1506 1862 1546 saxa
1897 1493 2062 1547 furfu-

486 1599 599 1637 rt-m
640 1582 988 1636 mentiuntur.
1030 1581 1135 1636 Sed
1190 1581 1290 1636 etsi
1326 1582 1470 1636 nullo
1509 1581 1905 1651 peregrinarum
1936 1598 2062 1638 cau-

487 1677 617 1729 tium
650 1677 824 1743 rigore
853 1674 1105 1738 ditamur,
1137 1672 1333 1727 habent
1378 1682 1554 1728 tamen
1588 1675 1792 1742 tuguria
1823 1689 1919 1729 seu
1948 1691 2062 1730 ma-

2154 478 2251 532 sed
2271 478 2554 543 columnae,
2579 493 2708 546 quas
2730 478 3006 533 architecti
3030 482 3311 547 peritiores
3336 480 3363 517 ιι
3385 482 3699 540 :editiciorum

2158 585 2417 639 purpuras
2466 572 2569 642 37
2613 586 3007 639 nuncupavere.
3049 571 3281 626 lii-hanc
3315 588 3439 643 ergo
3470 576 3701 642 piscinam

2160 673 2182 700 ε
2201 664 2453 717 lluentum
2472 664 2538 719 de
2559 666 2846 732 supercilio
2864 665 3061 719 montis
3076 664 3330 729 elicitum,
3354 667 3707 738 canalibusmte

2156 754 2491 810 circumactis
2537 771 2629 824 per
2654 754 2920 810 exteriora
2954 755 3232 809 natatoriae
3278 752 3298 792 ί
3336 756 3501 811 latera
3536 773 3705 811 curva-

2158 855 2291 910 tum,
2319 861 2409 900 sex
2442 847 2629 901 ﬁstula:
2666 846 3032 916 prominentes
3060 845 3273 901 leonum
3302 846 3557 900 simulatis
3578 850 3707 917 capi-

2160 936 2300 991 tibus
2328 937 2607 991 eﬂ'undunt
2630 954 2644 1002 ;
2665 953 2783 1006 quin
2810 946 3010 991 temere
3039 935 3295 1005 ingressis
3323 952 3472 992 veras
3495 938 3709 994 dentium

2158 1037 2364 1093 crates,
2408 1044 2587 1083 meros
2642 1029 2919 1082 oculorum
2971 1027 3218 1093 furores,
3258 1039 3431 1083 certas
3467 1030 3707 1084 cervicum

2156 1119 2316 1189 jubas
2349 1120 2801 1189 imaginabuntur.
2824 1120 2918 1174 llic
2937 1120 2980 1174 si
3001 1119 3278 1174 dominum
3302 1135 3397 1175 seu
3422 1121 3708 1185 domestica,

2161 1226 2255 1266 seu
2300 1210 2580 1280 hospitalis
2616 1211 2770 1265 turba
2816 1212 3165 1278 circumstet,
3197 1210 3321 1280 quia
3363 1227 3469 1278 prie
3508 1214 3712 1281 strepitu

2164 1305 2351 1361 caduci
2382 1303 2618 1358 ﬂuminis
2640 1344 2654 1368 ,
2700 1312 2898 1357 mutuae
2934 1318 3121 1357 vocum
3154 1305 3301 1358 vices
3331 1303 3500 1359 minus
3546 1305 3714 1359 intelli-

2163 1406 2358 1468 guntur
2385 1437 2399 1461 ,
2441 1396 2492 1450 in
2514 1410 2699 1451 aurem
2730 1396 2830 1449 sibi
2864 1395 3087 1465 populus
3107 1394 3508 1450 confabulatur:
3550 1399 3612 1450 ita
3640 1413 3713 1450 so-

2166 1494 2281 1547 nitu
2305 1504 2519 1561 pressus
2546 1491 2722 1545 alieno
2752 1489 3036 1544 ridiculum
3064 1490 3278 1543 allectat
3309 1489 3545 1557 publicus
3561 1505 3714 1544 sermo

2165 1593 2454 1638 secretum.
2486 1582 2621 1637 llinc
2648 1583 2881 1651 egressis
2907 1581 3053 1636 frons
3082 1581 3302 1636 triclinii
3326 1584 3628 1637 matronalis
3647 1584 3714 1635 ui-

2167 1673 2376 1739 fertur;
2419 1674 2504 1730 cui
2534 1676 2875 1730 continuatur
2908 1674 3176 1728 vicinante
3222 1673 3458 1728 textrino
3482 1673 3604 1728 cella
3642 1690 3714 1742 pe-

487 1767 621 1837 palia
654 1774 833 1819 nostra
863 1764 1088 1819 civicum
1119 1762 1306 1832 frigus.
1339 1762 1475 1830 Quin
1507 1764 1682 1832 potius
1709 1765 1834 1834 quid
1865 1765 2057 1820 hahea-
2098 1772 2142 1832 Β
2170 1767 2355 1821 nuaria
2378 1806 2393 1829 ,
2444 1765 2809 1820 discriminata
2840 1774 3042 1818 tantum
3086 1765 3289 1832 pariete
3335 1764 3612 1818 castrensi.
3648 1765 3715 1818 Ab

487 1873 604 1910 mus
634 1870 793 1925 quam
822 1855 946 1924 quid
986 1870 1091 1907 non
1124 1854 1414 1907 habeamus
1466 1854 1726 1907 ausculta.
1779 1855 1914 1909 lluic
1973 1855 2067 1908 ba-

485 1946 651 2001 silica:
693 1943 956 2013 append'x
999 1942 1199 2011 piscina
1245 1942 1566 2009 forinsecus,
1616 1958 1709 1999 seu
1755 1944 1800 1998 si
1841 1947 2063 2014 graecari

489 2037 687 2101 mavis,
740 2033 1106 2101 baptisterium
1149 2033 1213 2086 ab
1251 2033 1467 2087 Oriente
1510 2035 1872 2101 connectitur,
1922 2037 2063 2103 quod

486 2126 668 2195 viginti
708 2124 921 2180 circiter
952 2122 1246 2177 modiorum
1292 2123 1455 2178 millia
1494 2124 1654 2193 capit.
1703 2125 1817 2181 Huc
1846 2126 2002 2181 elutis
2037 2142 2067 2182 c

487 2219 663 2274 calore
701 2215 1034 2272 venientibus
1076 2214 1267 2285 triplex
1311 2215 1469 2271 medii
1502 2217 1722 2286 parietis
1768 2219 1942 2275 aditus
1972 2234 2067 2290 per

489 2398 598 2452 risu
630 2395 846 2460 mortui,
878 2406 937 2449 ut
973 2391 1138 2449 refert
1164 2392 1374 2448 Suidas.
1408 2392 1665 2447 Eusebius
1710 2394 1761 2447 in
1796 2393 2061 2449 Chronico

493 2468 592 2521 sub
621 2466 857 2532 Tibi-rio,
903 2464 1151 2535 Philistio!
1188 2464 1570 2535 mimographus
1615 2464 1820 2517 natione
1851 2464 2067 2535 Magne-

492 2538 688 2599 sianus,
719 2537 893 2590 Romm
919 2534 1089 2587 clarus
1133 2533 1359 2586 habetur.
1404 2533 1681 2588 Mimorum
1727 2533 2065 2589 inventorem

494 2607 617 2661 facit
630 2606 977 2660 Cassiodorus
1002 2604 1093 2657 lib.
1113 2619 1197 2656 ittv
1217 2603 1491 2657 Variarum
1516 2605 1719 2671 ultima,
1743 2604 2068 2671 Epiphanius

492 2679 560 2731 de
588 2677 889 2731 lllauichatis
917 2692 930 2728 :
955 2677 1027 2729 Τὰ
1050 2673 1107 2747 ίδέ
1133 2672 1256 2730 ἄλλα
1287 2676 1446 2747 εἰπεῖν
1470 2679 1547 2734 τίς
1577 2676 1663 2728 οὐκ
1695 2670 1754 2729 ἂν
1778 2670 2058 2747 pellicem;

494 2752 561 2808 ὡς
589 2750 736 2818 τάχα
768 2748 829 2802 τὰ
867 2754 955 2799 τοῦ
994 2746 1309 2819 «lacrimae;
1352 2740 1471 2819 εἶνᾳι
1501 2740 1887 2819 ἀναγκαιίτέρα,
1932 2740 2069 2807 ﬁta:

495 2815 1022 2888 mansuetius/tas
1055 2815 1246 2888 thera
1271 2815 1504 2888 sinerisu
1522 2815 1643 2888 quis
1680 2815 2068 2888 commemoret?

495 2904 609 2941 cum
636 2884 986 2940 verisimiliora
1016 2886 1235 2949 quodam
1274 2886 1423 2936 modo
1444 2886 1729 2949 rideantur,
1754 2900 1868 2952 qua:
1894 2884 2067 2939 Phili-

495 2960 646 3022 stion,
671 2974 821 3025 quam
852 2972 963 3024 qua:
998 2957 1079 3007 hic
1113 2954 1303 3025 {abulis
1326 2956 1433 3007 suis
1462 2963 1770 3008 commentus
1793 2963 1886 3009 est.

568 3036 592 3062 ³
634 3024 807 3106 ,Βάτων
854 3028 1246 3106 γυμνὲισίαρχος
1294 3024 1346 3076 in
1368 3025 2066 3106 "marinorenAncon?tano.

2167 1866 2288 1913 ortu
2311 1858 2484 1912 lacum
2507 1857 2746 1927 porticus
2772 1857 3031 1920 intuetur,
3057 1856 3224 1924 magis
3247 1863 3271 1902 ε
3296 1855 3592 1909 rotundatis
3611 1855 3716 1909 fulta

2168 1947 2195 1986 h
2219 1948 2487 2019 collyriis,
2533 1962 2690 2017 quam
2727 1948 2743 1986 ί
2778 1946 3040 2002 columnis
3072 1946 3332 2002 invidiosa
3365 1947 3715 2001 moonbilibus.

2167 2041 2212 2095 A
2259 2048 2408 2110 parte
2452 2040 2699 2094 vestibuli
2742 2038 3014 2107 longitudo
3061 2042 3072 2088 Ι
3116 2048 3258 2094 tecta
3303 2040 3532 2094 interius
3568 2048 3716 2108 patet,

2169 2132 2360 2188 mediis
2390 2148 2494 2187 non
2537 2133 2871 2201 interpellata
2912 2133 3207 2201 parietibus
3251 2148 3425 2201 :qnae
3467 2132 3584 2200 quia
3611 2132 3717 2185 nihil

2170 2228 2286 2296 ipsa
2318 2234 2643 2295 prospectat,
2670 2233 2725 2280 et
2751 2224 2776 2262 κ
2811 2225 2856 2278 si
2879 2238 2983 2279 non
3011 2223 3409 2295 hypodromus,
3434 2223 3597 2278 saltim
3623 2237 3716 2292 cry-

2166 2397 2550 2452 e‘Callimacho
2577 2399 2742 2470 κοίλην
2782 2400 3088 2468 κεκαμμένην
3120 2396 3151 2470 ᾖ
3187 2400 3510 2470 στρογγύλην
3540 2416 3551 2426 ·
3582 2408 3624 2470 ct
3650 2419 3711 2451 παπ

2170 2470 2373 2545 λουρίαν
2423 2469 2721 2545 Hesychius
2766 2471 3082 2545 ἀποτομίαν..
3115 2468 3224 2545 _P:tr_
3258 2468 3715 2545 'pilarutitcohun-

2170 2537 2496 2662 par'umque,
2535 2537 2634 2593 sed
2676 2553 2930 2592 conversa
2976 2537 3256 2593 antithesis
3304 2537 3481 2592 Natali
3519 2538 3578 2593 lt)
3607 2538 3716 2591 Pau-

2192 2624 2261 2662 tm
2293 2624 2309 2662 :

2290 2698 2408 2747 Nam
2434 2703 2671 2748 steterant
2688 2705 2821 2747 vasto
2840 2697 3135 2747 deformibus
3158 2700 3352 2757 agmine
3379 2697 3508 2758 pilis,

2294 2760 2431 2809 Nunc
2448 2760 2653 2809 meliore
2672 2760 2799 2809 datis
2816 2764 2990 2808 eadem
3009 2760 3116 2808 vice
3134 2758 3247 2807 fulta
3265 2759 3508 2809 columnis

2292 2821 2353 2873 Et
2374 2824 2516 2885 spatii
2536 2834 2716 2884 cepere
2743 2829 2793 2871 et
2815 2820 3009 2871 luminis
3038 2821 3417 2871 incrementum.

2244 2947 2269 3057 li
2629 3036 2643 3072 :
2675 3020 2857 3087 quales
2888 3017 3127 3072 adhiberi
3157 3017 3334 3088 solent
3362 3018 3423 3071 in
3455 3022 3718 3075 monimen-

497 3094 571 3167 De
598 3095 743 3162 virga
772 3087 947 3147 autem
980 3087 1199 3167 Servius
1228 3094 1276 3145 in
1308 3108 1322 3145 ι
1347 3091 1603 3146 .Encidos
1634 3110 1653 3167 εΔ
1670 3092 1938 3167 Hodieque
1963 3104 2070 3167 tam
2099 3105 2143 3167 ρ
2175 3091 2262 3167 t_is.
2293 3088 2590 3167 Cyprianus
2619 3089 2874 3167 diaconus
2902 3089 2954 3143 in
2981 3088 3108 3167 Vita
3128 3090 3185 3167 Si
3216 3087 3438 3167 gmsarii
3466 3092 3549 3145 lib.
3577 3107 3611 3154 ι,
3639 3093 3721 3145 sub

497 3164 829 3227 athletarum,
868 3162 1403 3234 quamgladiatoru’m
1447 3164 1724 3216 certamina
1758 3162 1899 3234 virga
1937 3165 2068 3218 diri-

500 3244 725 3289 muntur.
789 3234 893 3287 Sed
947 3233 1256 3287 lanistarum
1314 3233 1492 3301 virga,
1536 3247 1639 3301 qua
1690 3232 2072 3302 gladiatoribus

500 3304 714 3359 modum
755 3303 1097 3366 adhibebant,
1132 3303 1276 3357 rudis
1318 3305 1531 3370 proprie
1562 3303 1723 3357 dicta.
1751 3302 1955 3358 Glossae
1984 3319 2075 3358 ve-

501 3383 641 3449 teres
670 3374 881 3449 :_It't“t_dis
909 3374 1113 3449 ράξδῡς,
1137 3375 1165 3433 ἡ
1194 3381 1290 3427 τῶν
1312 3375 1597 3449 ἐπιᾳτᾳτῶν
1622 3381 1720 3449 ea,»
1740 3377 2072 3449 μονομάχῳ-θ.

570 3444 597 3483 δ
626 3446 728 3516 27
773 3444 1126 3516 'l‘etrasticum
1174 3457 1366 3516 nempe
1391 3444 1554 3516 hujus
1600 3445 1819 3516 piscuue
1870 3444 2074 3516 foribus

500 3513 835 3642 grape—situm,
868 3516 1008 3585 quod
1051 3515 1191 3570 inter
1218 3513 1424 3570 Sidonii
1459 3515 1695 3569 carmina
1731 3522 1925 3569 exstat.
1968 3515 2073 3571 'l'it.

623 3685 807 3738 Intrate
829 3685 1053 3747 algentes
1075 3690 1181 3747 post
1203 3684 1379 3734 balnea
1397 3683 1577 3734 torrida
1602 3679 1796 3748 ﬂuctus,
1825 3689 1943 3735 etc:

586 3786 607 3814 ‘
622 3790 728 3867 [les
756 3790 916 3867 exigit
930 3801 998 3867 lit
1020 3789 1393 3867 Proconnesos
1414 3790 1696 3867 scribatur.
1719 3794 2070 3867 npozéwneec.

504 3859 677 3913 insula
712 3859 876 3913 maris
906 3859 1098 3927 Aigmi,
1142 3859 1349 3912 candidi
1393 3862 1674 3915 marmoris
1713 3859 1893 3918 fo'dina
1938 3864 2078 3920 cele-

504 3930 639 3993 bris,
674 3938 729 3983 ut
755 3938 940 3983 auctor
970 3938 1051 3983 est
1081 3928 1273 3982 Strabo
1303 3929 1395 3982 lib.
1428 3945 1543 3985 xm.

570 3996 597 4035 ά
627 4001 972 4055 Urnatnenta.
1001 4001 1148 4055 Sicut
1170 3999 1311 4055 enim
1342 4004 1473 4055 vesti
1504 4000 1663 4056 affert
1686 4002 1864 4056 lumen
1892 4004 2076 4058 clavus

502 4084 773 4139 purpurai,
806 4082 861 4124 ut
893 4069 1038 4125 Fabii
1070 4069 1245 4123 verbis
1275 4078 1410 4134 utar,
1445 4070 1523 4123 sic
1553 4071 1754 4125 aedibus
1784 4072 2066 4125 columnae.

504 4140 756 4209 Purpura:
804 4156 997 4196 nomen
1047 4139 1338 4208 scriptores
1383 4141 1447 4193 ad
1494 4140 1673 4193 omnia
1720 4141 2072 4206 transferunt,

501 4228 621 4279 quae
650 4225 893 4265 orna'um
920 4212 1275 4279 decoremque
1304 4210 1624 4277 significant.
1655 4209 1909 4265 Sidonius
1938 4211 2075 4267 infra

502 4278 661 4350 epist.
689 4282 779 4337 10:
800 4282 985 4335 Omnes
1016 4278 1263 4334 nobilium
1285 4293 1573 4350 sermonum
1595 4295 1856 4350 purpurae.
1886 4279 2076 4337 Cicero

502 4348 554 4406 in
586 4352 809 4408 Oratore
841 4370 854 4405 :
887 4352 1024 4416 Quos
1058 4364 1288 4421 numeros
1326 4364 1439 4401 cum
1467 4348 1920 4421 quibustanquam
1948 4367 2076 4421 pur-

541 4439 632 4493 ura
659 4424 855 4493 misceri
880 4418 1412 4493 oporteat._Lucianus
1444 4420 1494 4472 in
1519 4418 1794 4493 llippiagde
1819 4418 2074 4477 membris

541 4439 632 4473 ura
659 4439 855 4477 mtscen
880 4439 1127 4493 oporteat.
1148 4439 1412 4474 Luctanus
1444 4439 1494 4472 in
1519 4439 1705 4488 nippta
1727 4439 1794 4475 ue
1819 4439 2072 4477 memoris

502 4439 675 4544 fialnei
710 4507 725 4544 :
765 4504 819 4547 Ὀ
850 4493 902 4550 δὲ
937 4491 1071 4549 ἔνδον
1107 4486 1233 4551 οἶκος
1272 4491 1553 4561 κάλλιστος,
1595 4492 1754 4561 φωτός
1797 4513 1850 4547 τε
1887 4493 2072 4549 πολλοῦ

503 4561 802 4637 etenim“
851 4567 934 4618 καὶ
980 4567 1048 4623 ὡς
1090 4560 1720 4637 πορφύρα-,δεηνθςσμέ-νος.
1773 4561 1828 4637 in
1864 4563 2072 4637 onyche

504 4630 719 4700 demum
748 4646 955 4698 gemma
971 4647 1125 4700 quam
1156 4630 1371 4688 Batonii
1389 4630 1675 4686 cardinalis
1698 4632 1883 4699 optimi
1909 4630 2072 4687 hune-

492 4697 731 4753 ﬁcentia:
757 4697 1034 4764 debemus,
1067 4703 1285 4757 artiﬁcis
1313 4718 1474 4758 manu
1503 4704 1710 4771 sculpta
1738 4697 1851 4757 haec
1888 4704 2073 4769 legun-

506 4778 613 4831 tur.
642 4780 915 4840 Er'rrxst,
942 4779 1248 4840 MAKEAON,
1274 4784 1310 4827 ti
1342 4782 1598 4829 ιιοΡψΥΡΑ
1622 4784 1744 4828 ΤΩΝ
1776 4783 2071 4829 Asnaum.

506 4840 606 4977 ῗὶδι
624 4839 767 4909 fulix,
794 4839 1028 4907 Macedo,
1056 4858 1306 4911 purpura,
1333 4844 1434 4898 hoc
1461 4853 1543 4899 est
1565 4844 1730 4900 decus
1759 4854 1812 4899 et
1838 4859 2069 4914 gemma,

532 4926 583 4961 ra
611 4927 742 4964 rum.

532 4926 742 4964 ratrum.

582 4990 603 5049 ἐ
636 4982 691 5034 In
722 4980 986 5049 aliquibus
1017 4979 1165 5036 libris
1192 4981 1425 5048 ﬂuvium.

585 5048 603 5085 ι
634 5052 686 5101 ln
709 5048 1156 5120 aliquibuslibris
1183 5052 1377 5106 littora.

578 5119 857 5193 stjollyria
879 5119 1002 5193 quid
1035 5120 1138 5193 sint
1177 5121 1278 5176 hoc
1307 5122 1423 5176 loco
1455 5137 1557 5177 non
1588 5123 1761 5190 capio.
1804 5124 2076 5193 Scriptum
2116 5136 2119 5139 '

506 5190 824 5244 crediderim
848 5205 877 5243 a
908 5190 1125 5261 Sidonio
1154 5192 1386 5247 coluriis.
1407 5193 1656 5261 lntelligit
1679 5195 1820 5261 enim
1847 5190 1980 5261 pilas
2010 5212 2077 5250 ex

510 5262 751 5330 pluribus
772 5261 915 5315 saxis
942 5259 999 5333 in
1022 5261 1205 5315 orbem
1234 5264 1424 5317 accisis
1445 5259 1743 5319 exstructas
1768 5259 1781 5319 ἐ
1805 5259 1935 5333 quas
1958 5266 2077 5320 ideo

507 5332 769 5386 columnis
806 5330 1063 5401 Opponit,
1104 5338 1159 5384 ut
1199 5333 1355 5398 paulo
1390 5336 1634 5401 superius
1676 5351 1767 5388 nec
1809 5330 1929 5400 pila:
1956 5344 2073 5389 sunt

508 5404 710 5467 medie,
750 5402 837 5456 sed
865 5400 1151 5465 columine,-
1191 5402 1312 5469 quia
1350 5400 1611 5457 columna:
1649 5418 1713 5458 ex
1745 5408 1902 5460 unico
1942 5407 2074 5460 fiunt

510 5471 718 5539 lapide,
757 5473 879 5542 pilae
909 5486 940 5527 e
987 5471 1187 5526 multis.
1217 5471 1354 5542 saxa
1395 5482 1570 5526 autem
1617 5474 1669 5527 in
1714 5476 1897 5528 orbem
1934 5489 2071 5529 cresa

509 5555 617 5596 non
650 5541 892 5611 poterant
920 5544 1095 5611 aptius
1124 5541 1299 5609 appell
1320 5544 1379 5595 =ri
1422 5557 1578 5610 quam
1614 5546 1893 5598 rotundata
1925 5544 2075 5597 colu-

510 5610 607 5663 ria.
637 5611 828 5666 Colura
877 5610 1017 5667 enim
1071 5614 1317 5667 dicuntur
1348 5626 1465 5677 qua:
1515 5621 1750 5669 extrema
1786 5616 1865 5668 sui
1926 5623 2074 5682 parte

510 5689 843 5751 truncant-ar,
867 5693 918 5738 et
940 5686 1234 5754 κολουραίαν
1264 5684 1452 5753 πέτραν
1483 5682 1857 5752 interpretatur
1887 5684 2075 5741 Suidas

2100 4466 2151 4526 D

2176 3158 2387 3215 finem—:7
2411 3158 2478 3212 Et
2509 3168 2563 3211 ut
2590 3162 2840 3229 conferret
2868 3160 3026 3213 sacris
3061 3159 3335 3229 virginibus
3362 3178 3496 3230 quas
3540 3178 3723 3231 cortng-

2175 3239 2376 3301 gaverat
2398 3245 2571 3301 curam
2600 3232 2933 3301 necessariam
2962 3230 3564 3301 sepulturtr,rmonubiles
3600 3249 3723 3286 arcas

2175 3301 2467 3423 corrigribus
2497 3300 2769 3354 humandis
2804 3302 2866 3355 de
2910 3302 3047 3354 saxis
3086 3300 3369 3370 ingentibus
3404 3304 3589 3357 nat-iter
3623 3304 3723 3373 facit

2176 3388 2281 3423 exc:
2325 3388 2358 3423 ι.

2176 3388 2358 3426 επειαι.

2250 3446 2264 3493 t
2304 3441 2358 3494 ln
2388 3438 2698 3509 quibusdam
2727 3440 2892 3506 libris,
2927 3439 3249 3494 intrinsecus.

2250 3510 2276 3549 κ
2305 3510 2463 3565 Certa
2494 3509 2815 3573 emendatio,
2839 3525 2995 3579 quam
3028 3511 3147 3565 libri
3175 3524 3362 3565 omnes
3397 3511 3574 3579 scripti
3601 3522 3724 3563 asse-

2178 3591 2320 3645 runt,
2335 3596 2429 3652 pro
2440 3596 2545 3649 quo
2563 3581 2815 3652 mendose
2828 3580 3021 3649 vulgati
3044 3581 3295 3635 exhibent
3313 3581 3721 3652 hippodromum,

2178 3654 2231 3708 id
2257 3661 2337 3708 est
2363 3651 2585 3721 circum.
2623 3650 2921 3721 Nonenim
2951 3652 3147 3704 circum
3179 3650 3449 3721 intelligit,
3478 3655 3561 3720 qui
3588 3666 3723 3719 quor-

2176 3738 2296 3779 sum
2327 3725 2381 3776 in
2408 3720 2599 3775 aedium
2623 3720 2903 3783 vestibulo,
2932 3730 3023 3774 aut
3051 3721 3176 3790 quid
3205 3720 3367 3776 habet
3387 3738 3509 3776 cum
3540 3730 3725 3790 crypto-

2176 3794 2379 3863 porticu
2411 3805 2729 3857 commune;
2756 3792 2848 3845 sed
2880 3800 3069 3845 tectam
3084 3801 3165 3863 _ut
3182 3791 3308 3846 dicit
3340 3793 3724 3860 longitudinem.

2177 3860 2232 3918 et
2262 3865 2497 3917 clausmn
2544 3864 2893 3930 undequaque
2923 3860 3359 3916 deatnbttlacrum
3384 3880 3397 3914 :
3425 3863 3593 3931 qualia
3620 3870 3725 3914 sunt

2177 3933 2231 3987 in
2257 3931 2536 3988 ve~tibulis
2561 3942 2885 4000 magnatum,
2916 3940 3006 3985 aut
3033 3931 3207 3995 qualia
3238 3948 3359 3998 qua:
3381 3933 3554 3986 Stadia
3580 3945 3725 3999 Opat‘n

2176 4013 2330 4059 vocat
2359 4001 2720 4056 Tertullianus
2758 4003 2865 4072 28
2907 4000 3187 4073 inlibello
3216 4002 3279 4055 ad
3319 4012 3612 4073 martyres.
3637 4000 3729 4070 Hy-

2177 4073 2468 4141 podromus
2509 4082 2684 4126 autem
2716 4087 2781 4126 ex
2828 4071 2893 4126 eo
2937 4071 3141 4136 dictus,
3173 4074 3311 4139 quod
3342 4071 3559 4126 sub‘eo
3602 4071 3728 4124 ince-

2176 4143 2352 4207 datur,
2380 4142 2518 4197 sicut
2542 4142 2859 4211 peridromis
2888 4142 2942 4195 in
2973 4152 3127 4212 xysto
3155 4141 3438 4211 hypzethra
3464 4141 3730 4197 ambulatio

2176 4228 2206 4267 a
2234 4214 2513 4268 circumitu
2537 4251 2552 4275 ,
2590 4220 2643 4266 et
2675 4212 2965 4267 diadromis
2993 4227 3025 4266 a
3067 4215 3290 4269 transitu
3322 4230 3333 4264 ε
3378 4212 3555 4266 balnei
3584 4226 3730 4264 mem-

2178 4285 2328 4338 brum
2365 4284 2415 4337 in
2445 4282 2633 4351 Hippia
2669 4282 2905 4336 Lueiani.
2952 4281 3066 4335 Non
3098 4281 3248 4335 latuit
3266 4296 3329 4336 ea
3354 4297 3458 4335 vox
3490 4281 3727 4351 Angelum

2179 4354 2579 4415 Decembrium,
2608 4352 2696 4420 qui
2734 4351 2827 4408 lib.
2870 4368 2900 4404 v
2948 4351 3335 4421 hypodromum
3375 4351 3647 4420 distinguit
3672 4351 3729 4404 ab

2179 4424 2529 4493 hippodromo
2548 4438 2559 4474 :
2578 4437 2676 4478 nec
2693 4422 2872 4493 saeculi
2893 4424 2969 4493 sui
2990 4421 3408 4493 eruditissimum
3428 4421 3728 4483 Aldelmutn,

2180 4492 2317 4563 apud
2358 4509 2514 4563 quem
2560 4494 2610 4546 in
2659 4492 2797 4546 libro
2831 4492 2898 4546 de
2932 4492 3258 4563 Virginitateg
3283 4492 3512 4562 Babylas
3551 4500 3730 4559 martyr

2177 4561 2245 4617 ad
2273 4561 2529 4632 palatinas
2557 4565 2759 4617 ducitur
2778 4574 2935 4627 setas,
2960 4561 3302 4633 etimperialis
3328 4561 3563 4615 vestibuli
3587 4564 3733 4631 hypo-

2178 4636 2431 4688 dromum.
2472 4636 2525 4687 ln
2557 4635 2747 4702 quibus
2791 4633 2970 4687 verbis
3011 4632 3296 4702 imaginem
3330 4632 3480 4686 vides
3518 4634 3730 4701 porticus

2179 4704 2515 4760 Sidonianae:
2553 4714 2607 4758 et
2634 4702 2679 4757 si
2706 4719 2853 4757 suam
2886 4702 3165 4769 Sidonius,
3208 4702 3332 4771 quia
3369 4703 3498 4756 nihil
3532 4716 3731 4771 prospe—

2178 4776 2374 4837 ctabat,
2411 4774 2863 4845 cryptoporticum
2888 4774 3356 4845 appellaremalit.
3389 4773 3590 4827 Plinius
3620 4786 3731 4825 vero

2176 4845 2375 4913 junior,
2403 4860 2430 4897 a
2462 4843 2568 4913 quo
2590 4859 2774 4897 vocem
2806 4845 2943 4897 hanc
2979 4843 3116 4897 haud
3146 4843 3305 4897 dubie
3337 4852 3605 4898 mutuatus
3640 4849 3731 4901 est,

2179 4912 2234 4969 in
2273 4912 2629 4981 descriptione
2654 4913 2961 4967 Tuscanicae
2990 4913 3128 4968 villa:
3158 4927 3265 4966 sua:
3296 4913 3388 4969 lib.
3419 4930 3469 4977 v,
3506 4917 3658 4981 epist.
3684 4912 3731 4974 ti,

2180 4984 2571 5056 hypodromum
2588 4993 2742 5056 vocat
2769 4982 2999 5056 nativam
3023 4984 3585 5056 porticum,coosertis
3612 4983 3735 5035 inter

2178 5054 2237 5110 se
2257 5068 2319 5108 ac
2339 5054 2552 5109 reﬂexis
2572 5054 2822 5108 arborum
2845 5054 3196 5110 fruticumque
3220 5054 3382 5107 ramis
3406 5062 3729 5109 contextam;

2179 5124 2361 5193 quales
2403 5139 2521 5193 qure
2550 5125 2603 5177 in
2636 5124 2800 5177 hortis
2834 5134 3021 5177 natura
3050 5123 3133 5177 vel
3168 5135 3281 5176 arte
3313 5124 3421 5178 ﬁeri
3461 5123 3660 5187 solent,
3688 5128 3733 5193 et

2178 5190 2388 5265 qualem
2414 5190 2466 5248 in
2486 5193 2763 5261 Voroango
2792 5194 3141 5265 Appellinaris
3164 5194 3245 5247 sui
3281 5195 3475 5262 praedio
3500 5190 3736 5265 Δ(Ῐεξβίῐὶἕίι

2179 5261 2432 5321 Sidonius
2458 5265 2509 5319 in
2544 5261 2935 5333 Prop‘emptico.
2958 5263 3104 5317 Talis
3133 5274 3188 5317 et
3214 5261 3353 5319 vitea
3380 5263 3610 5329 porticus
3633 5261 3731 5328 Cy-

2180 5337 2365 5406 priane
2394 5337 2445 5389 in
2474 5334 2752 5404 epistolam
2782 5333 2847 5406 ad
2879 5334 3158 5406 Donatum.
3184 5334 3363 5406 Dant,
3383 5335 3736 5406 inquit._seces-

2178 5402 2293 5461 sum
2313 5407 2478 5459 vicina
2506 5402 2698 5459 set-rcta
2723 5420 2742 5457 :
2765 5403 2848 5456 ubi
2878 5402 2998 5456 dum
3042 5404 3243 5458 erratici
3276 5405 3545 5473 palmitum
3579 5403 3735 5469 lapsus

2180 5477 2389 5529 nexibus
2414 5476 2649 5545 pendulis
2680 5490 2768 5543 per
2797 5476 3075 5526 arundines
3104 5474 3304 5544 bajulas
3334 5483 3538 5545 repunt,
3570 5475 3735 5524 niteant

2178 5546 2428 5615 porticum
2458 5544 2672 5615 frondea
2696 5552 2826 5596 tecta
2850 5548 3101 5615 fecerunt.
3126 5544 3274 5598 Plinii
3306 5546 3460 5600 verba
3480 5544 3736 5615 ittterptjeo

2183 5610 2380 5670 talione
2406 5610 2509 5669 non
2538 5623 2693 5680 egent
2725 5632 2737 5665 :
2772 5610 3034 5668 ascribam
3066 5624 3263 5678 tamen,
3299 5624 3358 5669 ut
3388 5630 3447 5669 ex
3478 5612 3545 5666 iis
3570 5610 3735 5664 statim

2186 5687 2533 5754 li«1ucat,jure
2555 5686 2625 5740 illi
2656 5701 2751 5754 per
2771 5684 3049 5741 Sidonium
3075 5683 3400 5740 reddendam
3425 5699 3544 5740 esse
3566 5693 3737 5735 vocem
