3910 6172
255 329 311 381 77
1452 328 1921 386 EPISTOLARUM
1962 330 2087 386 LIB.
2135 332 2193 386 ll.

3350 340 3462 395 678-

214 443 535 517 φιοροιηιίειιε
576 453 695 496 meo
733 438 862 495 mihi
898 438 1020 510 jure
1068 430 1412 498 vocitabitur:
1449 443 1574 500 "me
1604 455 1779 502 tamen
1810 451 1854 508 Α
1885 448 2250 514 blaterantes,
2302 463 2501 520 cycnos
2546 460 2706 520 atque
2742 466 2961 510 anseres
2995 455 3250 511 concubia
3300 469 3454 515 nocte

221 532 400 604 aliquid
430 532 605 602 spatio
642 545 742 587 suo
767 530 820 585 in
850 532 1049 587 extimo
1076 530 1439 588 deambulacri
1479 536 1654 603 capite
1678 536 1775 592 de—

221 626 442 691 frudans,
476 622 639 679 efficit
662 622 964 677 membrum
993 622 1130 678 bene
1150 621 1423 692 frigidum,
1453 624 1542 679 ubi
1566 626 1778 694 publico

228 719 538 778 lectisternio
564 726 843 773 exstructo
870 756 886 782 ,
916 717 1231 772 clientarum
1258 717 1370 771 sive
1399 717 1664 772 nutricum
1695 718 1776 773 lo-

221 811 555 884 quacissimus
600 808 801 863 chorus
832 808 1068 876 receptui
1098 794 1265 872 canit,
1295 821 1415 861 cum
1443 821 1542 876 ego
1567 808 1777 876 meique

219 904 572 962 dormitorium
598 901 902 956 cubiculum
934 889 1271 969 petierimus?
1312 901 1352 953 A
1377 899 1776 969 cryptoporticu

221 1001 263 1055 in
290 997 514 1053 hiemale
544 996 837 1050 triclinium
868 993 1101 1058 venitur,
1124 992 1264 1063 quod
1293 990 1537 1047 arcuatili
1565 992 1775 1047 camino

220 1104 344 1159 stcpe
368 1088 505 1157 ignis
534 1087 801 1141 animatus
828 1084 969 1154 pulla
1010 1083 1235 1153 fuligine
1275 1082 1479 1138 infecit.
1512 1081 1618 1138 Sed
1647 1082 1775 1151 quid

222 1181 320 1235 haec
343 1179 455 1245 tibi,
486 1192 643 1248 quem
681 1190 823 1230 nunc
856 1175 920 1229 ad
951 1174 1130 1228 focum
1156 1173 1375 1227 minime
1406 1171 1610 1227 invito?
1647 1173 1772 1240 quin

219 1269 376 1339 potius
399 1268 465 1322 ad
503 1277 576 1333 tc,
610 1274 927 1336 tempusque
956 1264 1275 1333 pertinentia
1308 1263 1517 1332 loquar.
1558 1260 1637 1316 Ex
1672 1261 1774 1316 hoc

218 1358 431 1414 triclinio
483 1358 543 1411 ﬁt
610 1358 661 1411 in
723 1356 938 1411 diaetam
993 1354 1103 1424 38
1156 1354 1270 1409 sive
1325 1351 1771 1408 ctenatiunculam

218 1452 451 1504 transitus
475 1488 491 1513 ,
532 1447 619 1503 cui
662 1446 776 1500 fere
819 1454 959 1501 totus
999 1445 1179 1509 lacus,
1220 1456 1446 1511 qumque
1473 1450 1585 1496 tota
1633 1440 1772 1497 laeui

216 1547 369 1606 patet.
402 1541 456 1591 In
486 1538 585 1591 hac
605 1535 914 1600 stibadium,
942 1542 995 1589 et
1016 1534 1191 1588 uittas
1212 1534 1436 1587 abacus:
1465 1532 1521 1586 in
1546 1545 1770 1602 quorum

217 1644 411 1696 aream,
449 1628 563 1683 sive
604 1635 936 1696 suggestum,
966 1639 996 1678 a
1035 1624 1275 1693 subjecta
1316 1624 1520 1693 porticu
1547 1622 1769 1689 sensim,

218 1737 308 1775 non
330 1718 582 1775 breviatis
602 1717 1004 1787 angustatisque
1025 1716 1277 1786 gradibus
1304 1712 1630 1770 ascenditur.
1654 1713 1771 1781 Quo

1881 540 2209 608 clangentes,
2262 541 2581 609 intempesta
2613 544 2783 612 gallos
2811 545 3131 613 gallinaceos
3158 548 3452 603 concinen-

1882 641 1982 697 tes,
2007 633 2116 704 39
2140 634 2349 688 oscines
2373 649 2569 689 corvos
2589 649 2721 689 voce
2751 636 3007 705 triplicata
3032 640 3308 708 puniceam
3335 655 3453 696 sur-

1877 728 2052 793 gentis
2092 740 2298 779 aurorze
2352 725 2523 780 facem
2573 726 3013 797 consalutantes;
3054 732 3290 787 diluculo
3328 744 3452 791 ante

1877 813 2221 882 philomelam
2269 815 2405 869 inter
2456 815 2673 872 frutices
2721 817 3063 887 sibilantem,
3114 820 3140 859 δ
3190 837 3447 891 prognem

1878 905 2017 958 inter
2035 920 2246 961 asseres
2274 907 2651 962 minurienlem
2674 910 2698 962 ?
2722 909 2819 964 Cui
2846 913 3128 966 concentui
3151 913 3330 969 licebit
3357 917 3446 970 ad-

1871 992 2063 1062 jungas
2086 996 2275 1051 fistulae
2293 997 2562 1067 septiforis
2584 1002 2929 1055 armentalem
2949 1016 3269 1071 camtenam,
3286 1022 3444 1075 quam

1876 1100 2017 1156 saepe
2066 1090 2335 1144 nocturnis
2383 1090 2679 1144 carminum
2733 1094 3122 1149 certaminibus
3175 1095 3449 1152 insomnes

1875 1188 2181 1232 nostrorum
2226 1180 2485 1234 montium
2526 1180 2697 1251 Tityri
2734 1194 3028 1250 exercent,
3078 1186 3218 1241 inter
3260 1202 3448 1258 greges

1877 1266 2219 1323 tinnibulatos
2263 1285 2360 1339 per
2385 1270 2603 1339 depasta
2633 1271 2821 1326 buceta
2857 1273 3146 1329 reboantes
3175 1292 3190 1329 :
3223 1292 3340 1345 qua:
3371 1287 3448 1332 ta-

1875 1373 1997 1413 men
2028 1361 2173 1413 varia
2211 1374 2402 1415 vocum
2432 1369 2788 1431 cantuumque
2820 1371 2843 1400 ο
2874 1364 3187 1431 certamina,
3226 1364 3447 1434 profun-

1875 1448 1994 1503 dius
2032 1451 2369 1507 confovendo
2408 1450 2587 1520 s0pori
2628 1459 2718 1506 tuo
2758 1452 3223 1509 lenocinabuntur.
3268 1455 3445 1511 Porti-

1872 1541 2025 1597 cibus
2043 1557 2278 1613 egresso,
2301 1544 2346 1598 si
2369 1554 2577 1614 portum
2605 1545 2799 1601 littoris
2821 1554 2995 1615 petas,
3013 1546 3065 1601 in
3083 1561 3209 1602 area
3228 1548 3446 1616 virenti,

1876 1637 2096 1707 vulgare
2122 1654 2445 1710 quanquam,
2471 1657 2579 1696 non
2603 1642 2788 1711 procul
2813 1657 3033 1698 nemus:
3059 1643 3299 1714 ingentes
3321 1644 3448 1701 tilia:

1872 1731 2013 1795 duae,
2039 1732 2295 1788 connexis
2324 1733 2617 1802 frondibus,
2651 1733 2924 1790 fomitibus
2953 1735 3237 1805 abjunctis,
3285 1752 3445 1793 uuam

217 1812 306 1867 loci
328 1810 662 1874 recumbens»
696 1808 741 1866 εί
765 1807 893 1878 quid
917 1808 1055 1862 ίηῑοΐ
1076 1806 1339 1863 edendum
1368 1803 1767 1873 ναοεενρτοενίο
1799 1811 1847 1872 Β
1874 1824 2118 1879 umbram
2145 1838 2248 1878 non
2281 1838 2385 1879 una
2426 1824 2606 1881 radice
2636 1825 2929 1880 coniiciunt
2955 1842 2970 1880 :
3018 1803 3071 1881 in
3094 1803 3244 1896 cujus
3267 1828 3442 1896 opaci-

214 1905 371 1961 ciendi
409 1904 783 1975 voluptatibus
823 1903 1124 1972 occuparis.
1176 1900 1293 1956 Jam
1342 1900 1387 1955 si
1427 1901 1521 1955 tibi
1566 1916 1634 1954 ex
1676 1900 1769 1954 illo

213 1994 721 2051 conclamantissimo
747 1992 971 2048 fontium
1001 1991 1219 2047 decocta
1249 1991 1529 2057 referatur,
1561 1990 1768 2045 videbis

214 2087 258 2141 in
288 2085 539 2141 calicibus
583 2092 806 2151 rcpcnte
851 2083 1085 2153 periusis
1128 2082 1382 2137 nivalium
1424 2082 1661 2136 maculas
1706 2095 1769 2136 ac

213 2178 361 2233 frusta
391 2178 741 2239 nebularum;
771 2184 837 2230 eL
866 2176 1011 2229 illam
1054 2174 1228 2228 lucem
1257 2172 1515 2228 lubricam
1552 2173 1769 2241 poculo-

212 2283 333 2332 rum,
354 2268 581 2336 quadam
608 2266 760 2336 quasi
789 2263 1111 2335 pinguedine
1137 2264 1297 2317 subiti
1328 2263 1525 2332 algoris
1546 2262 1766 2317 hebeta-

212 2369 323 2414 tam.
353 2359 486 2414 Tum
534 2356 924 2427 rcSpondentes
971 2355 1177 2424 poculis
1215 2354 1493 2423 pctioues,
1538 2367 1765 2422 quarum

210 2452 425 2517 rigentes
444 2448 620 2519 cyathi
648 2447 927 2502 siticuloso
951 2445 1165 2515 cuique,
1199 2460 1263 2499 ne
1287 2444 1458 2499 dicam
1484 2443 1575 2498 tibi
1606 2457 1764 2512 grau-

209 2541 330 2594 diter
369 2539 659 2606 abstemio,
692 2546 1074 2593 metuerentur.
1102 2536 1234 2591 Hinc
1258 2536 1367 2605 jam
1407 2535 1674 2604 spectabis
1701 2544 1757 2588 ut

186 2641 501 2704 promoveat
538 2630 721 2687 alnum
774 2630 1009 2699 piscator
1059 2629 1110 2683 in
1149 2628 1407 2697 pelagus;
1449 2635 1506 2681 ut
1541 2627 1760 2680 stataria

208 2724 324 2779 retia
371 2723 639 2777 suberinis
684 2720 974 2776 corticibus
1015 2718 1308 2784 extendat,
1349 2727 1441 2772 aut
1476 2718 1643 2787 signis
1672 2732 1766 2785 per

205 2823 331 2868 certa
365 2813 638 2869 intervalla
667 2812 941 2882 dispositis
966 2852 982 2878 ,
1028 2820 1229 2867 tractus
1272 2810 1474 2865 iunium
1507 2810 1765 2866 librentur

204 2908 652 2964 hamati:scilicet
693 2916 751 2963 ut
793 2906 1069 2962 nocturnis
1113 2921 1207 2974 per
1254 2905 1427 2959 lacum
1454 2902 1767 2961 excursibus

204 2998 519 3067 rapacissimi
542 3008 569 3037 ι
592 2999 796 3053 salares
827 2997 880 3052 in
919 2994 1345 3066 consanguineas
1385 3007 1610 3067 agantur
1637 2997 1763 3050 iusi-

203 3089 318 3143 dias.
367 3090 499 3157 Quid
544 3090 688 3145 enim
740 3089 827 3144 hic
882 3087 1265 3158 congruentius
1310 3087 1582 3151 dixerim,
1639 3101 1758 3142 cum

1871 1921 1997 1981 tate,
2025 1929 2146 1967 cum
2172 1929 2258 1969 me
2286 1928 2436 1969 meus
2459 1915 2706 1970 Ecdicius
2728 1915 2985 1983 illustrat,
3015 1917 3136 1985 pilae
3159 1932 3444 1973 vacamus:

1868 2005 1962 2058 sed
1991 2003 2091 2058 hcc
2121 2017 2185 2058 eo
2211 2019 2396 2074 usque,
2422 2004 2591 2059 donec
2617 2004 2869 2059 arborum
2894 2006 3068 2075 imago
3096 2008 3443 2073 contractior,

1869 2095 2007 2150 intra
2050 2096 2277 2164 spatium
2310 2110 2581 2151 ramorum
2622 2110 2839 2152 recussa
2886 2097 3240 2163 cohibeatur;
3282 2105 3443 2167 atque

1868 2188 1975 2243 illic
1995 2187 2306 2243 aleatorium
2337 2188 2494 2243 lassis
2520 2198 2841 2259 consumpto
2870 2189 3232 2259 sphaeristerio
3260 2188 3441 2244 faciat.

1866 2279 1973 2334 Sed
2002 2280 2122 2348 quia
2154 2279 2245 2334 tibi
2275 2279 2412 2335 sicut
2440 2280 2723 2337 mdilicium
2745 2280 2903 2347 solvi,
2929 2281 3008 2336 sic
3037 2281 3209 2335 lacum
3241 2281 3440 2347 debeo,

1865 2371 2004 2440 quod
2036 2378 2202 2425 restat
2222 2385 2470 2440 agnosce.
2506 2372 2677 2428 Lacus
2716 2372 2770 2427 in
2812 2372 3012 2426 Eurum
3038 2372 3248 2427 defluus
3275 2383 3439 2437 meat,

1866 2462 2087 2531 ejusque
2106 2464 2285 2517 arenis
2315 2462 2654 2519 fundamenta
2677 2465 2934 2534 impressa
2955 2464 3232 2530 domicilii,
3260 2467 3435 2523 ventis

1865 2553 2195 2607 motantibus
2216 2562 2451 2608 :estuans
2474 2554 2744 2609 humectat
2764 2554 2983 2609 alluvio.
3006 2557 3051 2608 Is
3079 2555 3291 2624 quidem
3309 2570 3441 2612 sane

1864 2644 2004 2698 circa
2040 2644 2293 2712 principia
2321 2644 2435 2710 sui,
2466 2644 2582 2699 solo
2611 2645 2835 2713 palustri
2870 2645 3235 2714 voraginosus,
3263 2655 3319 2700 et
3342 2661 3439 2701 ve-

1864 2733 2023 2804 stigio
2055 2734 2371 2804 inspectoris
2411 2734 2677 2790 inadibilis
2705 2746 2789 2790 est
2815 2752 2830 2790 :
2874 2736 2945 2790 ita
2977 2737 3085 2790 litui
3126 2736 3290 2791 bibuli
3320 2739 3439 2806 pin-

1865 2826 2037 2895 guedo
2062 2826 2352 2893 coalescit,
2398 2827 2755 2882 ambientibus
2793 2841 2913 2883 sese
2958 2827 3195 2884 fontibus
3226 2828 3436 2898 algidis,

1868 2919 2136 2974 littoribus
2186 2919 2402 2988 algosis.
2436 2922 2685 2974 Attamen
2732 2920 2904 2989 pelagi
2951 2920 3164 2975 mobilis
3215 2932 3439 2989 campus

1863 3012 2126 3083 cymbulis
2166 3012 2273 3066 late
2300 3021 2512 3067 secatur
2559 3012 3019 3081 pervagabilibus,
3061 3013 3107 3067 si
3153 3011 3314 3067 ﬂabra
3346 3027 3440 3081 po-

1863 3119 2042 3159 suere.
2088 3104 2145 3158 Si
2183 3104 2339 3158 turbo
2381 3102 2663 3157 Austrinus
2705 3102 3002 3167 insorduit,
3058 3102 3289 3157 immane
3330 3108 3441 3156 tur-

203 3181 349 3250 piscis
376 3182 514 3250 pisce
538 3180 803 3252 decipitur
828 3181 851 3233 't
894 3179 1152 3235 Edulibus
1181 3179 1503 3247 terminatis,
1534 3179 1763 3248 excipiet

1868 3194 2071 3264 gescit;
2107 3194 2179 3249 ita
2209 3202 2263 3248 ut
2299 3194 2549 3247 arbowm
2577 3192 2744 3246 comis
2774 3208 2893 3262 qua:
2922 3192 3145 3261 margini
3174 3192 3281 3263 40
3308 3192 3440 3247 insi-

204 3282 247 3329 te
276 3274 630 3329 diversorium
656 3314 671 3339 ,
718 3274 839 3343 quia
884 3272 1102 3328 minime
1146 3280 1438 3328 aestuosum
1465 3315 1479 3341 ,
1533 3273 1764 3327 maxime

201 3367 447 3422 estivum.
476 3367 610 3422 Nam
661 3382 755 3437 per
781 3367 919 3434 hac,
973 3366 1115 3436 quod
1159 3367 1215 3439 in
1253 3366 1558 3437 aquilonem
1587 3368 1761 3423 solum

201 3459 439 3528 patescit,
482 3459 645 3515 habet
677 3460 819 3516 diem
840 3501 855 3525 ,
902 3475 1009 3516 non
1043 3460 1205 3516 habet
1234 3461 1403 3516 solem
1431 3501 1447 3527 ,
1478 3462 1762 3529 interjecto

201 3552 504 3607 consistorio
544 3560 897 3622 perangusto,
940 3552 1029 3607 ubi
1080 3552 1449 3608 somnolentiae
1487 3554 1760 3609 cubicula-

203 3642 383 3698 riorum
413 3643 739 3698 dormitandi
771 3642 946 3711 potius
975 3657 1134 3713 quam
1162 3643 1461 3698 dormiendi
1486 3644 1636 3701 locus
1655 3654 1757 3700 est.

201 3733 287 3790 llic
330 3736 441 3805 jam
478 3751 638 3806 quam
665 3737 861 3805 volupe
890 3746 971 3791 cst
999 3735 1217 3791 auribus
1254 3737 1506 3793 insonare
1548 3740 1760 3794 cicadas

201 3827 405 3885 meridie
431 3836 856 3899 concrepantes,
883 3841 1040 3884 ranas
1066 3829 1382 3899 crepusculo
1416 3830 1759 3887 incumbente

203 4000 339 4061 quam
370 4004 441 4044 ex
478 3988 595 4055 ejus
615 3990 833 4061 scrinio
851 3991 1272 4061 deprompserat.
1319 3992 1449 4046 Nam
1480 3992 1619 4061 apud
1648 3990 1759 4046 Pli-

200 4057 330 4132 nium
355 4074 571 4132 quoque
595 4057 1012 4132 hippodromus
1030 4057 1207 4130 inepte
1246 4062 1439 4130 legitur
1466 4057 1561 4130 pro
1592 4062 1759 4132 hypo-

201 4126 396 4184 dromo.
418 4126 512 4185 Sic
536 4126 939 4199 igiturbabent.
964 4126 1521 4199 llanc'dispos'itionem
1549 4126 1760 4186 amarni-

202 4206 436 4271 tgtentque
456 4208 705 4253 tectorum
726 4202 873 4269 longe
894 4202 1093 4269 lateque
1114 4202 1354 4268 praecedit
1381 4201 1750 4271 hypodromus.

203 4265 391 4341 gledius
430 4271 671 4341 patescit,
702 4265 971 4339 statimque
998 4265 1294 4341 intrantium
1322 4265 1482 4325 oculis
1513 4281 1644 4326 totus
1674 4272 1755 4341 of-

202 4336 366 4405 fertur.
422 4338 663 4395 Platonis
716 4336 961 4395 circuitur
998 4358 1016 4395 :
1064 4340 1171 4395 illa:
1207 4340 1393 4396 hedera
1438 4336 1753 4408 vestiuntur,

201 4408 359 4481 utique
385 4426 599 4463 summa:
626 4414 733 4464 suis
757 4450 772 4477 ,
822 4413 892 4464 ita
920 4413 1036 4465 imae
1056 4411 1237 4465 alienis
1279 4411 1545 4481 frondibus
1572 4412 1754 4467 virent.

204 4475 393 4551 Hedera
416 4489 655 4534 truncum
674 4490 728 4551 et
742 4475 911 4536 ramos
942 4490 1185 4550 pererrat,
1206 4475 1496 4551 vicinasque
1522 4482 1757 4550 platanos

205 4550 404 4622 transitu
448 4566 541 4602 suo
578 4549 803 4622 copulat.
833 4549 949 4605 Has
973 4553 1133 4605 buxus
1159 4549 1419 4622 interjacet
1446 4566 1468 4605 :
1490 4549 1759 4607 exteriores

204 4616 347 4690 buxos
375 4616 700 4690 circumuenit
732 4621 925 4686 laurus,
949 4625 1237 4690 um‘irwque
1262 4616 1588 4690 platanorum
1614 4638 1759 4677 suam

203 4688 399 4762 confert.
423 4689 620 4762 Rectus
645 4691 725 4745 hic
755 4692 1054 4761 hypodromi
1077 4688 1239 4746 limes.
1263 4688 1331 4746 In
1359 4702 1586 4747 extrema
1616 4703 1760 4762 parte

206 4755 463 4832 (tonicyclo
506 4755 1072 4832 frangiturfmutatque
1100 4763 1281 4831 {aciem
1313 4778 1331 4816 :
1372 4755 1624 4832 cupressis
1651 4780 1756 4816 ant-

204 4824 324 4901 bitur
352 4824 404 4901 et
445 4824 648 4901 tegitur,
693 4824 926 4884 densiore
961 4824 1137 4885 umbra
1183 4833 1394 4901 opacior
1438 4824 1755 4900 nigriorque.

206 4897 273 4950 Ac
307 4897 602 4977 huiusmodi
642 4902 904 4977 porticum
936 4902 1087 4956 Plato
1115 4897 1425 4977 nstrae-relati
1453 4897 1759 4977 δρόμρνυὶ-

206 4924 273 4950 nc
308 4924 602 4967 uujusmuut
644 4924 904 4967 punicum
936 4924 1087 4956 rnatu
1115 4924 1335 4957 καταστε
1375 4924 1425 4956 ον
1455 4924 1639 4977 ορομον
1678 4924 1758 4956 UI-

203 4978 315 5021 cere
340 4970 550 5023 videtur
579 4970 630 5023 in
656 4970 1009 5041 Euthydemo,
1043 4972 1312 5027 εἰσελθόντε
1343 4924 1417 5037 gi,
1451 4974 1639 5039 inquit,
1667 4993 1758 5027 πε-

204 5044 483 5117 ριπριτεὶτην
509 5042 900 5117 ,ἐν-ηατςισεςέγῳ
938 5040 1128 5117 δρόμῳ.
1147 5042 1327 5117 _Porro
1352 5050 1527 5117 autem
1558 5053 1616 5117 ut
1642 5043 1763 5117 Ilip-

204 5107 481 5184 podromus
507 5108 560 5163 in
583 5110 670 5184 his
699 5107 1336 5184 locis'pro'hypodromo,
1369 5113 1445 5165 sic
1480 5113 1619 5181 apud
1652 5107 1760 5184 Plig

205 5127 481 5184 poaromus
507 5127 560 5163 tn
583 5127 666 5164 nis
699 5127 827 5166 lOClS
864 5127 959 5180 pro
987 5127 1336 5233 ngpoaromo,
1369 5127 1445 5165 suc
1480 5127 1619 5181 apud
1652 5127 1757 5167 l’ll-

203 5189 337 5263 atum
368 5179 589 5262 alterum
622 5180 709 5263 li_b.
743 5196 805 5262 v,
826 5190 942 5263 cap.
974 5179 1316 5263 3“,__Hippiu's
1342 5198 1507 5247 mons,
1537 5192 1591 5236 et
1617 5183 1757 5263 apud

202 5241 614 5324 {’tolemmum‘in
633 5241 991 5324 descriptione
1007 5241 1754 5324 Βῑιιιγὶιῖω-ξιππιοςξποτᾳεὶὸς,

208 5312 421 5386 Hippius
438 5320 620 5387 ﬂuvius
644 5312 894 5389 perverse
920 5320 1114 5388 legitur
1130 5312 1233 5389 pro
1258 5320 1566 5389 Hypius.De
1590 5312 1758 5378 Prusia

202 5388 493 5461 enimurbe
520 5388 702 5459 agunt.
736 5405 855 5460 quae
872 5390 1070 5461 duplex
1100 5388 1213 5461 erat
1244 5388 1569 5461 in’Bitliynia
1596 5409 1612 5456 ;
1655 5407 1759 5448 una

202 5455 295 5531 sub
330 5455 793 5531 Olympo'monté,
833 5455 998 5514 altera
1040 5460 1107 5515 ad
1145 5460 1371 5531 Hypium
1402 5455 1637 5515 fluvium.
1669 5464 1760 5518 Sic

202 5526 336 5579 enim
373 5526 710 5584 scribendum
749 5530 851 5585 hoc
890 5545 1081 5585 nomen
1120 5526 1274 5585 docet
1313 5531 1590 5597 inscriptio
1614 5540 1760 5588 vete-

202 5608 312 5647 rum
340 5612 673 5654 nummorum
706 5601 766 5653 L.
786 5601 909 5655 Veri
931 5610 986 5655 et
1008 5601 1409 5655 Diadumeniani
1436 5612 1761 5660 ΠΡΟΥΣιεΩΝ

202 5674 338 5745 ltro:
363 5677 536 5735 mlo,
576 5681 630 5724 et
660 5681 809 5726 vetus
838 5685 1049 5739 quoque
1079 5672 1212 5739 lapis
1242 5671 1426 5725 Romae
1458 5670 1511 5724 in
1543 5687 1648 5742 quo
1678 5674 1758 5725 di-

202 5745 529 5806 stinguuutur
549 5749 871 5797 ΠΡΟΥΣΔΕιΣ
894 5749 1011 5796 ΔΠΟ
1034 5750 1343 5806 ΟΛΥΜΙΙΟΥ,
1367 5750 1417 5798 et
1448 5753 1557 5797 ΠΡΟ
1572 5755 1758 5799 ΥΣΑΕΙΣ

1782 4440 1833 4502 D

1866 3293 2048 3351 stunt,
2103 3284 2416 3354 superjecta:
2461 3284 2753 3352 asperginis
2802 3283 2980 3353 frgor
3027 3284 3267 3353 impluat.
3322 3284 3441 3352 Ipse

1865 3390 2042 3432 autem
2086 3377 2377 3432 secundum
2422 3389 2702 3429 mensuras
2738 3390 2870 3444 quas
2895 3374 3072 3430 ferunt
3096 3377 3356 3439 nauticas,
3387 3376 3437 3428 iu

1864 3469 2048 3524 decem
2086 3479 2136 3522 et
2168 3477 2371 3537 septem
2414 3466 2582 3521 stadia
2624 3466 2882 3534 procedit.
2936 3464 3123 3519 Fluvio
3172 3466 3439 3531 intratur,

1864 3561 1954 3630 qui
2000 3558 2305 3615 salebratim
2341 3572 2589 3612 saxorum
2629 3556 2869 3611 obicibus
2908 3556 3156 3611 al'fractus
3184 3570 3441 3625 spumoso

1863 3649 2100 3706 canescit
2121 3648 2370 3719 impulsu,
2396 3659 2449 3703 et
2478 3662 2577 3703 nec
2593 3648 2805 3718 longum
2827 3647 3059 3715 scopulis
3082 3646 3440 3716 praecipitibus

1864 3748 2165 3809 exemptus,
2198 3739 2314 3793 lacu
2345 3738 2631 3793 conditur:
2669 3752 2826 3807 quem
2859 3738 2969 3791 fors
3001 3736 3130 3804 luat,
3163 3752 3228 3791 an
3262 3739 3445 3790 incur-

1863 3839 1967 3899 rat,
2000 3846 2067 3885 an
2097 3830 2272 3899 iaciat,
2312 3829 2547 3899 prmtcrit
2572 3838 2748 3897 certe,
2780 3838 2997 3886 coactus
3026 3844 3121 3900 per
3153 3830 3268 3885 cola
3306 3830 3441 3885 sub-

1861 4002 1979 4051 ΔΠΟ
2002 4002 2203 4049 ΥῐΙΙΟΥ.

1932 4072 1957 4102 α
1989 4063 2157 4134 Hujus
2187 4062 2348 4132 piscis
2370 4063 2611 4119 meminit
2638 4062 2907 4120 Ausonius
2938 4064 2991 4120 in
3023 4064 3279 4122 Mosella:

1981 4160 2350 4225 Purpureisque
2370 4160 2495 4212 salar
2524 4161 2781 4212 distinctus
2800 4166 2997 4224 tergora
3020 4164 3190 4225 guttis.
3277 4191 3287 4201 ι

1860 4265 1979 4338 Quo
2000 4266 2201 4323 indicio
2227 4281 2612 4338 purpurearum
2643 4273 2912 4338 notarum.
2937 4274 2992 4338 et
3018 4267 3137 4335 quia
3166 4281 3230 4322 ex
3263 4268 3445 4324 salare

1862 4336 2156 4403 farionem,
2188 4335 2252 4393 ex
2289 4338 2496 4392 farione
2531 4337 2824 4391 salmonem
2867 4335 2979 4389 fieri
3018 4340 3203 4401 ducet,
3234 4339 3445 4394 salares

1864 4415 2063 4463 tructas
2090 4423 2210 4462 esse
2237 4408 2388 4462 multi
2415 4407 2733 4475 conjiciunt,
2767 4422 2871 4475 quo
2904 4407 3212 4461 salmonata:
3235 4423 3435 4461 vocan-

1861 4484 1968 4549 tur,
1997 4480 2103 4549 29
2128 4488 2182 4533 et
2216 4479 2269 4532 in
2298 4480 2592 4534 salmonem
2625 4478 2849 4530 transire
2876 4476 3185 4549 creduntur.
3218 4477 3439 4549 Alanus

1861 4548 1929 4602 ab
1974 4544 2169 4603 lusulis
2214 4549 2280 4602 de
2328 4549 2543 4615 planctu
2589 4556 2826 4600 naturae:
2879 4544 2998 4598 Illic
3037 4548 3256 4600 tructula
3293 4548 3441 4604 sinus

1859 4621 2085 4672 marinos
2127 4618 2414 4687 ingrediens
2441 4618 2497 4669 in
2524 4631 2726 4687 azquore
2769 4615 3027 4687 baptizata
3066 4618 3308 4671 sulmonis
3343 4636 3435 4673 no-

1859 4689 1996 4741 mine
2022 4689 2332 4742 censebatur.

1933 4757 1960 4796 b
1984 4760 2275 4813 Minuriunt
2301 4755 2611 4811 hirundines
2633 4753 2877 4820 Sidonio,
2905 4756 3192 4823 Spartiano
3221 4756 3273 4810 iu
3299 4758 3430 4813 Geta

1860 4830 2158 4899 palumbes.
2188 4828 2333 4882 Scite
2372 4834 2690 4891 utrumque:
2723 4841 2842 4880 nam
2870 4827 3145 4882 minuritio
3176 4838 3231 4899 et
3261 4829 3436 4899 mino-

1860 4895 1979 4955 rum
2015 4900 2189 4953 avium
2231 4908 2443 4952 cantum
2492 4909 2704 4949 omnem
2747 4898 3041 4963 significat,
3084 4905 3139 4950 et
3166 4895 3432 4962 flebilem,

1859 4971 2035 5037 qualis
2058 4979 2139 5022 est
2168 4969 2394 5037 gemitus
2422 4965 2766 5035 palumbium.
2799 4966 2871 5021 Ita
2903 4967 3235 5037 grammatici
3262 4966 3435 5023 Graeci

1860 5028 2134 5116 étVUPtCSW
2143 5028 2494 5116 exponunt-ro
2509 5041 2673 5116 ἠρέμα
2697 5041 2783 5091 καὶ
2795 5028 2977 5116 lento?
2997 5036 3153 5116 ᾄδειν)
3170 5037 3199 5096 ἦ
3218 5039 3431 5116 Opuntii.

1861 5108 2049 5166 Cicero
2081 5125 2094 5162 l
2123 5108 2190 5163 de
2223 5109 2487 5163 Oratore:
2536 5108 2652 5163 Hoc
2678 5124 2790 5171 nos,
2822 5108 3017 5179 inquit,
3045 5109 3088 5161 si
3118 5108 3284 5178 facere
3312 5109 3435 5161 veli-

1861 5197 1994 5245 mus,
2022 5187 2138 5232 ante
2163 5180 2559 5232 condemnentur
2584 5178 2621 5231 ii
2642 5194 2855 5244 quorum
2877 5178 3055 5233 causas
3075 5179 3428 5247 receperimus,

1859 5266 2011 5318 quam
2048 5249 2193 5302 toties
2230 5250 2421 5312 quoties
2451 5247 2789 5315 prwscribitur
2827 5266 3005 5316 ptrana
3032 5260 3118 5301 aut
3148 5249 3437 5318 miuuritiof

1861 5316 1974 5374 nem
2009 5320 2313 5373 citarimus:
2355 5320 2461 5372 duo
2504 5333 2698 5388 genera
2739 5320 3043 5389 conjunxit,
3076 5332 3303 5389 paeana,
3343 5316 3430 5380 qui

1860 5390 2225 5445 concitatioris
2254 5390 2401 5443 vocis
2426 5387 2520 5442 est
2536 5398 2745 5449 cantus.
2774 5400 2829 5444 et
2845 5387 3269 5447 'minuritionem,
3311 5400 3433 5449 tium

1860 5459 2201 5516 remissioris.
2238 5458 2555 5513 Plutarchus
2593 5458 2661 5513 de
2701 5458 3013 5513 discrimine
3053 5454 3345 5516 adulatoris
3373 5466 3428 5508 et

1858 5515 2015 5585 amici
2050 5547 2063 5584 :
2095 5530 2152 5583 οἱ
2172 5531 2342 5585 πολλοὶ
2372 5531 2617 5601 ﬁcto-clima
2637 5531 2729 5584 οὐκ
2753 5531 3048 5601 έλπάλλωγες
3076 5527 3163 5601 μέν
3202 5515 3260 5577 ἂν
3286 5547 3430 5601 pm;-

1860 5610 2073 5679 pitrato't.
2112 5601 2337 5657 Διόνυσσι
2372 5590 2432 5657 ’δὲ
2475 5596 2533 5653 ἂν
2584 5600 2928 5672 μεθυσθῶσιν,
2964 5590 3226 5669 Ἦράκλείς
3284 5590 3335 5650 δὲ
3374 5590 3434 5650 ἂν

1859 5673 2136 5727 ἷπαλαίωσι.

1937 5753 1958 5782 ε
1991 5743 2047 5797 lu
2075 5740 2337 5806 aliquibus
2358 5740 2528 5807 libris,
2553 5738 2917 5793 modulamina.
