  <div class='ocr_page' id='page_1' title='image "/cluster/home/n/w/nwhite01/storage/ocr_20150623/58/hvd.32044073505109/245.png"; bbox 0 0 3910 6172; ppageno 0'>
   <div class='ocr_carea' id='block_1_1' title="bbox 434 293 541 352">
    <p class='ocr_par' dir='ltr' id='par_1_1' title="bbox 434 293 541 352">
     <span class='ocr_line' id='line_1_1' title="bbox 434 293 541 352; baseline 0 -2"><span class='ocrx_word' id='word_1_1' title='bbox 434 293 541 352; x_wconf 79' lang='grc'>4⁸79</span> 
     </span>
    </p>
   </div>
   <div class='ocr_carea' id='block_1_2' title="bbox 1695 277 3675 340">
    <p class='ocr_par' dir='ltr' id='par_1_2' title="bbox 1695 277 3675 340">
     <span class='ocr_line' id='line_1_2' title="bbox 1695 277 3675 340; baseline 0.002 -4"><span class='ocrx_word' id='word_1_2' title='bbox 1695 278 1943 337; x_wconf 79' lang='lat' dir='ltr'><strong>SIDONII</strong></span> <span class='ocrx_word' id='word_1_3' title='bbox 1981 277 2431 334; x_wconf 71' lang='lat' dir='ltr'><strong>APOLLINARIS</strong></span> <span class='ocrx_word' id='word_1_4' title='bbox 3587 286 3675 340; x_wconf 68' lang='grc' dir='ltr'>ιω</span> 
     </span>
    </p>
   </div>
   <div class='ocr_carea' id='block_1_3' title="bbox 434 390 3778 474">
    <p class='ocr_par' dir='ltr' id='par_1_3' title="bbox 434 390 3778 474">
     <span class='ocr_line' id='line_1_3' title="bbox 434 390 3778 474; baseline -0.004 -11"><span class='ocrx_word' id='word_1_5' title='bbox 434 420 674 465; x_wconf 73' lang='lat' dir='ltr'><strong>ter-lanea</strong></span> <span class='ocrx_word' id='word_1_6' title='bbox 699 403 983 474; x_wconf 73' lang='lat' dir='ltr'><strong>deliquari,</strong></span> <span class='ocrx_word' id='word_1_7' title='bbox 1016 416 1122 456; x_wconf 92' lang='lat' dir='ltr'><strong>non</strong></span> <span class='ocrx_word' id='word_1_8' title='bbox 1163 409 1220 455; x_wconf 88' lang='lat' dir='ltr'><strong>ut</strong></span> <span class='ocrx_word' id='word_1_9' title='bbox 1261 397 1532 465; x_wconf 80' lang='lat' dir='ltr'><strong>ﬂuctibus,</strong></span> <span class='ocrx_word' id='word_1_10' title='bbox 1575 395 1669 451; x_wconf 88' lang='lat' dir='ltr'><strong>sed</strong></span> <span class='ocrx_word' id='word_1_11' title='bbox 1698 404 1756 451; x_wconf 85' lang='grc' dir='ltr'><strong>ιιι</strong></span> <span class='ocrx_word' id='word_1_12' title='bbox 1784 394 2016 465; x_wconf 76' lang='lat' dir='ltr'><strong>piscibus</strong></span> <span class='ocrx_word' id='word_1_13' title='bbox 2044 399 2091 456; x_wconf 77' lang='grc' dir='ltr'><strong>Α</strong></span> <span class='ocrx_word' id='word_1_14' title='bbox 2126 394 2219 448; x_wconf 85' lang='lat' dir='ltr'><strong>tibi</strong></span> <span class='ocrx_word' id='word_1_15' title='bbox 2250 393 2478 462; x_wconf 84' lang='lat' dir='ltr'><strong>amplius</strong></span> <span class='ocrx_word' id='word_1_16' title='bbox 2514 390 2763 448; x_wconf 88' lang='lat' dir='ltr'><strong>conferre</strong></span> <span class='ocrx_word' id='word_1_17' title='bbox 2806 401 3117 461; x_wconf 87' lang='lat' dir='ltr'><strong>potuerunt,</strong></span> <span class='ocrx_word' id='word_1_18' title='bbox 3146 407 3302 461; x_wconf 89' lang='lat' dir='ltr'><strong>quam</strong></span> <span class='ocrx_word' id='word_1_19' title='bbox 3345 401 3400 447; x_wconf 93' lang='lat' dir='ltr'><strong>ut</strong></span> <span class='ocrx_word' id='word_1_20' title='bbox 3426 394 3469 448; x_wconf 96' lang='lat' dir='ltr'><strong>si</strong></span> <span class='ocrx_word' id='word_1_21' title='bbox 3511 396 3561 450; x_wconf 88' lang='lat' dir='ltr'><strong>id</strong></span> <span class='ocrx_word' id='word_1_22' title='bbox 3588 415 3679 454; x_wconf 85' lang='lat' dir='ltr'><strong>no-</strong></span> <span class='ocrx_word' id='word_1_23' title='bbox 3767 430 3778 439; x_wconf 60' lang='grc' dir='ltr'><strong>ς</strong></span> 
     </span>
    </p>
   </div>
   <div class='ocr_carea' id='block_1_4' title="bbox 432 487 2009 570">
    <p class='ocr_par' dir='ltr' id='par_1_4' title="bbox 432 487 2009 570">
     <span class='ocr_line' id='line_1_4' title="bbox 432 487 2009 570; baseline -0.008 -17"><span class='ocrx_word' id='word_1_24' title='bbox 432 505 817 570; x_wconf 89' lang='lat' dir='ltr'><strong>pauperaretur</strong></span> <span class='ocrx_word' id='word_1_25' title='bbox 860 514 874 552; x_wconf 90' lang='lat'><strong>:</strong></span> <span class='ocrx_word' id='word_1_26' title='bbox 922 494 1011 566; x_wconf 91' lang='lat' dir='ltr'><strong>qui</strong></span> <span class='ocrx_word' id='word_1_27' title='bbox 1057 492 1255 562; x_wconf 83' lang='lat' dir='ltr'><strong>repulsi</strong></span> <span class='ocrx_word' id='word_1_28' title='bbox 1303 492 1355 545; x_wconf 92' lang='lat' dir='ltr'><strong>in</strong></span> <span class='ocrx_word' id='word_1_29' title='bbox 1383 491 1649 560; x_wconf 75' lang='lat' dir='ltr'><strong>gurgitem</strong></span> <span class='ocrx_word' id='word_1_30' title='bbox 1695 487 2009 559; x_wconf 82' lang='lat' dir='ltr'><strong>pigriorem,</strong></span> 
     </span>
    </p>
   </div>
   <div class='ocr_carea' id='block_1_5' title="bbox 432 580 2015 650">
    <p class='ocr_par' dir='ltr' id='par_1_5' title="bbox 432 580 2015 650">
     <span class='ocr_line' id='line_1_5' title="bbox 432 580 2015 650; baseline -0.008 -1"><span class='ocrx_word' id='word_1_31' title='bbox 432 609 622 650; x_wconf 87' lang='lat' dir='ltr'><strong>carnes</strong></span> <span class='ocrx_word' id='word_1_32' title='bbox 652 591 840 646; x_wconf 90' lang='lat' dir='ltr'><strong>rubras</strong></span> <span class='ocrx_word' id='word_1_33' title='bbox 870 588 1008 643; x_wconf 81' lang='lat' dir='ltr'><strong>albis</strong></span> <span class='ocrx_word' id='word_1_34' title='bbox 1036 585 1410 641; x_wconf 82' lang='lat' dir='ltr'><strong>abdominibus</strong></span> <span class='ocrx_word' id='word_1_35' title='bbox 1440 582 1758 639; x_wconf 84' lang='lat' dir='ltr'><strong>extendunt.</strong></span> <span class='ocrx_word' id='word_1_36' title='bbox 1803 580 1876 635; x_wconf 87' lang='lat' dir='ltr'><strong>Ita</strong></span> <span class='ocrx_word' id='word_1_37' title='bbox 1910 580 2015 636; x_wconf 83' lang='lat' dir='ltr'><strong>illis</strong></span> 
     </span>
    </p>
   </div>
   <div class='ocr_carea' id='block_1_6' title="bbox 432 670 2012 745">
    <p class='ocr_par' dir='ltr' id='par_1_6' title="bbox 432 670 2012 745">
     <span class='ocr_line' id='line_1_6' title="bbox 432 670 2012 745; baseline -0.008 -8"><span class='ocrx_word' id='word_1_38' title='bbox 432 698 531 739; x_wconf 88' lang='lat' dir='ltr'><strong>nec</strong></span> <span class='ocrx_word' id='word_1_39' title='bbox 560 680 735 737; x_wconf 89' lang='lat' dir='ltr'><strong>redire</strong></span> <span class='ocrx_word' id='word_1_40' title='bbox 754 679 1080 745; x_wconf 86' lang='lat' dir='ltr'><strong>valentibus,</strong></span> <span class='ocrx_word' id='word_1_41' title='bbox 1103 692 1200 732; x_wconf 89' lang='lat' dir='ltr'><strong>nec</strong></span> <span class='ocrx_word' id='word_1_42' title='bbox 1228 676 1376 731; x_wconf 87' lang='lat' dir='ltr'><strong>exire</strong></span> <span class='ocrx_word' id='word_1_43' title='bbox 1404 673 1697 744; x_wconf 87' lang='lat' dir='ltr'><strong>permissis,</strong></span> <span class='ocrx_word' id='word_1_44' title='bbox 1728 670 2012 742; x_wconf 79' lang='lat' dir='ltr'><strong>quemdam</strong></span> 
     </span>
    </p>
   </div>
   <div class='ocr_carea' id='block_1_7' title="bbox 434 762 2012 833">
    <p class='ocr_par' dir='ltr' id='par_1_7' title="bbox 434 762 2012 833">
     <span class='ocr_line' id='line_1_7' title="bbox 434 762 2012 833; baseline -0.008 -5"><span class='ocrx_word' id='word_1_45' title='bbox 434 775 611 828; x_wconf 89' lang='lat' dir='ltr'><strong>vivum</strong></span> <span class='ocrx_word' id='word_1_46' title='bbox 644 783 699 828; x_wconf 92' lang='lat' dir='ltr'><strong>et</strong></span> <span class='ocrx_word' id='word_1_47' title='bbox 741 770 1173 828; x_wconf 85' lang='lat' dir='ltr'><strong>circumlatitium</strong></span> <span class='ocrx_word' id='word_1_48' title='bbox 1202 781 1474 822; x_wconf 88' lang='lat' dir='ltr'><strong>carcerem</strong></span> <span class='ocrx_word' id='word_1_49' title='bbox 1503 765 1834 833; x_wconf 89' lang='lat' dir='ltr'><strong>corpulentia</strong></span> <span class='ocrx_word' id='word_1_50' title='bbox 1868 762 2012 817; x_wconf 90' lang='lat' dir='ltr'><strong>facit.</strong></span> 
     </span>
    </p>
   </div>
   <div class='ocr_carea' id='block_1_8' title="bbox 433 857 2017 933">
    <p class='ocr_par' dir='ltr' id='par_1_8' title="bbox 433 857 2017 933">
     <span class='ocr_line' id='line_1_8' title="bbox 433 857 2017 933; baseline -0.008 -13"><span class='ocrx_word' id='word_1_51' title='bbox 433 865 606 921; x_wconf 83' lang='lat' dir='ltr'><strong>Lacus</strong></span> <span class='ocrx_word' id='word_1_52' title='bbox 653 864 765 933; x_wconf 89' lang='lat' dir='ltr'><strong>ipse</strong></span> <span class='ocrx_word' id='word_1_53' title='bbox 796 876 898 932; x_wconf 88' lang='lat' dir='ltr'><strong>qua</strong></span> <span class='ocrx_word' id='word_1_54' title='bbox 939 862 1161 923; x_wconf 85' lang='lat' dir='ltr'><strong>dexter,</strong></span> <span class='ocrx_word' id='word_1_55' title='bbox 1225 858 1458 922; x_wconf 90' lang='lat' dir='ltr'><strong>incisus,</strong></span> <span class='ocrx_word' id='word_1_56' title='bbox 1501 857 1803 919; x_wconf 89' lang='lat' dir='ltr'><strong>flexuosus,</strong></span> <span class='ocrx_word' id='word_1_57' title='bbox 1832 868 2017 909; x_wconf 87' lang='lat' dir='ltr'><strong>nemo-</strong></span> 
     </span>
    </p>
   </div>
   <div class='ocr_carea' id='block_1_9' title="bbox 434 945 2013 1025">
    <p class='ocr_par' dir='ltr' id='par_1_9' title="bbox 434 945 2013 1025">
     <span class='ocr_line' id='line_1_9' title="bbox 434 945 2013 1025; baseline -0.008 -13"><span class='ocrx_word' id='word_1_58' title='bbox 434 970 732 1025; x_wconf 88' lang='lat' dir='ltr'><strong>rosusque;</strong></span> <span class='ocrx_word' id='word_1_59' title='bbox 772 969 875 1024; x_wconf 90' lang='lat' dir='ltr'><strong>qua</strong></span> <span class='ocrx_word' id='word_1_60' title='bbox 918 953 1119 1015; x_wconf 68' lang='lat' dir='ltr'><strong>laevus,</strong></span> <span class='ocrx_word' id='word_1_61' title='bbox 1161 958 1385 1019; x_wconf 89' lang='lat' dir='ltr'><strong>patens,</strong></span> <span class='ocrx_word' id='word_1_62' title='bbox 1434 947 1731 1015; x_wconf 90' lang='lat' dir='ltr'><strong>herbosus,</strong></span> <span class='ocrx_word' id='word_1_63' title='bbox 1773 945 2013 1015; x_wconf 65' lang='lat' dir='ltr'><strong>aequalis.</strong></span> 
     </span>
    </p>
   </div>
   <div class='ocr_carea' id='block_1_10' title="bbox 435 1037 2015 1116">
    <p class='ocr_par' dir='ltr' id='par_1_10' title="bbox 435 1037 2015 1116">
     <span class='ocr_line' id='line_1_10' title="bbox 435 1037 2015 1116; baseline -0.007 -14"><span class='ocrx_word' id='word_1_64' title='bbox 435 1047 645 1116; x_wconf 65' lang='lat' dir='ltr'><strong>IEquor</strong></span> <span class='ocrx_word' id='word_1_65' title='bbox 686 1044 754 1100; x_wconf 90' lang='lat' dir='ltr'><strong>ab</strong></span> <span class='ocrx_word' id='word_1_66' title='bbox 797 1042 980 1100; x_wconf 84' lang='lat' dir='ltr'><strong>Africo</strong></span> <span class='ocrx_word' id='word_1_67' title='bbox 1020 1041 1191 1096; x_wconf 80' lang='lat' dir='ltr'><strong>viride</strong></span> <span class='ocrx_word' id='word_1_68' title='bbox 1230 1054 1326 1109; x_wconf 89' lang='lat' dir='ltr'><strong>per</strong></span> <span class='ocrx_word' id='word_1_69' title='bbox 1365 1038 1511 1093; x_wconf 88' lang='lat' dir='ltr'><strong>littus</strong></span> <span class='ocrx_word' id='word_1_70' title='bbox 1534 1082 1549 1108; x_wconf 93' lang='lat'><strong>,</strong></span> <span class='ocrx_word' id='word_1_71' title='bbox 1583 1041 1705 1107; x_wconf 90' lang='lat' dir='ltr'><strong>quia</strong></span> <span class='ocrx_word' id='word_1_72' title='bbox 1736 1039 1788 1092; x_wconf 90' lang='lat' dir='ltr'><strong>in</strong></span> <span class='ocrx_word' id='word_1_73' title='bbox 1817 1037 2015 1092; x_wconf 90' lang='lat' dir='ltr'><strong>undam</strong></span> 
     </span>
    </p>
   </div>
   <div class='ocr_carea' id='block_1_11' title="bbox 436 1129 2017 1207">
    <p class='ocr_par' dir='ltr' id='par_1_11' title="bbox 436 1129 2017 1207">
     <span class='ocr_line' id='line_1_11' title="bbox 436 1129 2017 1207; baseline -0.005 -15"><span class='ocrx_word' id='word_1_74' title='bbox 436 1138 621 1195; x_wconf 86' lang='lat' dir='ltr'><strong>fronde</strong></span> <span class='ocrx_word' id='word_1_75' title='bbox 648 1144 891 1207; x_wconf 90' lang='lat' dir='ltr'><strong>porrecta</strong></span> <span class='ocrx_word' id='word_1_76' title='bbox 915 1175 930 1200; x_wconf 95' lang='lat'><strong>,</strong></span> <span class='ocrx_word' id='word_1_77' title='bbox 958 1141 1015 1188; x_wconf 91' lang='lat' dir='ltr'><strong>ut</strong></span> <span class='ocrx_word' id='word_1_78' title='bbox 1058 1133 1267 1203; x_wconf 80' lang='lat' dir='ltr'><strong>glareas</strong></span> <span class='ocrx_word' id='word_1_79' title='bbox 1303 1146 1441 1200; x_wconf 87' lang='lat' dir='ltr'><strong>aqua</strong></span> <span class='ocrx_word' id='word_1_80' title='bbox 1468 1170 1482 1195; x_wconf 93' lang='lat'><strong>,</strong></span> <span class='ocrx_word' id='word_1_81' title='bbox 1530 1130 1608 1185; x_wconf 89' lang='lat' dir='ltr'><strong>sic</strong></span> <span class='ocrx_word' id='word_1_82' title='bbox 1635 1144 1800 1200; x_wconf 82' lang='lat' dir='ltr'><strong>aquas</strong></span> <span class='ocrx_word' id='word_1_83' title='bbox 1830 1129 2017 1184; x_wconf 90' lang='lat' dir='ltr'><strong>umbra</strong></span> 
     </span>
    </p>
   </div>
   <div class='ocr_carea' id='block_1_12' title="bbox 435 1223 2015 1301">
    <p class='ocr_par' dir='ltr' id='par_1_12' title="bbox 435 1223 2015 1301">
     <span class='ocr_line' id='line_1_12' title="bbox 435 1223 2015 1301; baseline -0.007 -15"><span class='ocrx_word' id='word_1_84' title='bbox 435 1230 726 1301; x_wconf 89' lang='lat' dir='ltr'><strong>perfundit.</strong></span> <span class='ocrx_word' id='word_1_85' title='bbox 760 1225 1075 1297; x_wconf 83' lang='lat' dir='ltr'><strong>Hujusmodi</strong></span> <span class='ocrx_word' id='word_1_86' title='bbox 1108 1225 1344 1281; x_wconf 89' lang='lat' dir='ltr'><strong>colorem</strong></span> <span class='ocrx_word' id='word_1_87' title='bbox 1385 1225 1453 1279; x_wconf 91' lang='lat' dir='ltr'><strong>ab</strong></span> <span class='ocrx_word' id='word_1_88' title='bbox 1481 1224 1699 1279; x_wconf 91' lang='lat' dir='ltr'><strong>Oriente</strong></span> <span class='ocrx_word' id='word_1_89' title='bbox 1727 1238 1825 1293; x_wconf 90' lang='lat' dir='ltr'><strong>par</strong></span> <span class='ocrx_word' id='word_1_90' title='bbox 1853 1223 2015 1279; x_wconf 82' lang='lat' dir='ltr'><strong>silva-</strong></span> 
     </span>
    </p>
   </div>
   <div class='ocr_carea' id='block_1_13' title="bbox 436 1314 2019 1387">
    <p class='ocr_par' dir='ltr' id='par_1_13' title="bbox 436 1314 2019 1387">
     <span class='ocr_line' id='line_1_13' title="bbox 436 1314 2019 1387; baseline -0.007 -9"><span class='ocrx_word' id='word_1_91' title='bbox 436 1337 556 1378; x_wconf 88' lang='lat' dir='ltr'><strong>rum</strong></span> <span class='ocrx_word' id='word_1_92' title='bbox 579 1334 776 1376; x_wconf 85' lang='lat' dir='ltr'><strong>corona</strong></span> <span class='ocrx_word' id='word_1_93' title='bbox 800 1319 1077 1374; x_wconf 85' lang='lat' dir='ltr'><strong>continuat</strong></span> <span class='ocrx_word' id='word_1_94' title='bbox 1105 1334 1120 1370; x_wconf 92' lang='lat'><strong>:</strong></span> <span class='ocrx_word' id='word_1_95' title='bbox 1149 1331 1246 1387; x_wconf 90' lang='lat' dir='ltr'><strong>per</strong></span> <span class='ocrx_word' id='word_1_96' title='bbox 1268 1317 1525 1371; x_wconf 84' lang='lat' dir='ltr'><strong>Arctoum</strong></span> <span class='ocrx_word' id='word_1_97' title='bbox 1555 1316 1713 1379; x_wconf 86' lang='lat' dir='ltr'><strong>latos,</strong></span> <span class='ocrx_word' id='word_1_98' title='bbox 1745 1324 1804 1369; x_wconf 89' lang='lat' dir='ltr'><strong>ut</strong></span> <span class='ocrx_word' id='word_1_99' title='bbox 1833 1314 2019 1383; x_wconf 82' lang='lat' dir='ltr'><strong>pelago</strong></span> 
     </span>
    </p>
   </div>
   <div class='ocr_carea' id='block_1_14' title="bbox 436 1405 2020 1479">
    <p class='ocr_par' dir='ltr' id='par_1_14' title="bbox 436 1405 2020 1479">
     <span class='ocr_line' id='line_1_14' title="bbox 436 1405 2020 1479; baseline -0.006 -11"><span class='ocrx_word' id='word_1_100' title='bbox 436 1424 647 1479; x_wconf 89' lang='lat' dir='ltr'><strong>natura,</strong></span> <span class='ocrx_word' id='word_1_101' title='bbox 680 1412 758 1467; x_wconf 90' lang='lat' dir='ltr'><strong>sic</strong></span> <span class='ocrx_word' id='word_1_102' title='bbox 786 1411 1028 1479; x_wconf 88' lang='lat' dir='ltr'><strong>species;</strong></span> <span class='ocrx_word' id='word_1_103' title='bbox 1055 1423 1083 1463; x_wconf 89' lang='lat' dir='ltr'><strong>a</strong></span> <span class='ocrx_word' id='word_1_104' title='bbox 1114 1407 1363 1479; x_wconf 80' lang='lat' dir='ltr'><strong>Zephyro</strong></span> <span class='ocrx_word' id='word_1_105' title='bbox 1393 1407 1632 1478; x_wconf 84' lang='lat' dir='ltr'><strong>plebeius</strong></span> <span class='ocrx_word' id='word_1_106' title='bbox 1654 1420 1708 1462; x_wconf 90' lang='lat' dir='ltr'><strong>et</strong></span> <span class='ocrx_word' id='word_1_107' title='bbox 1731 1405 2020 1460; x_wconf 86' lang='lat' dir='ltr'><strong>tumultua-</strong></span> 
     </span>
    </p>
   </div>
   <div class='ocr_carea' id='block_1_15' title="bbox 437 1496 2020 1570">
    <p class='ocr_par' dir='ltr' id='par_1_15' title="bbox 437 1496 2020 1570">
     <span class='ocr_line' id='line_1_15' title="bbox 437 1496 2020 1570; baseline -0.005 -11"><span class='ocrx_word' id='word_1_108' title='bbox 437 1506 548 1559; x_wconf 90' lang='lat' dir='ltr'><strong>rius</strong></span> <span class='ocrx_word' id='word_1_109' title='bbox 574 1503 771 1570; x_wconf 77' lang='lat' dir='ltr'><strong>frutex,</strong></span> <span class='ocrx_word' id='word_1_110' title='bbox 802 1501 1215 1570; x_wconf 76' lang='lat' dir='ltr'><strong>frequenterque</strong></span> <span class='ocrx_word' id='word_1_111' title='bbox 1245 1498 1540 1553; x_wconf 82' lang='lat' dir='ltr'><strong>lemborum</strong></span> <span class='ocrx_word' id='word_1_112' title='bbox 1579 1496 2020 1566; x_wconf 83' lang='lat' dir='ltr'><strong>superlabentum</strong></span> 
     </span>
    </p>
   </div>
   <div class='ocr_carea' id='block_1_16' title="bbox 438 1591 2018 1667">
    <p class='ocr_par' dir='ltr' id='par_1_16' title="bbox 438 1591 2018 1667">
     <span class='ocr_line' id='line_1_16' title="bbox 438 1591 2018 1667; baseline -0.003 -17"><span class='ocrx_word' id='word_1_113' title='bbox 438 1597 764 1667; x_wconf 83' lang='lat' dir='ltr'><strong>ponderibus</strong></span> <span class='ocrx_word' id='word_1_114' title='bbox 812 1596 1059 1652; x_wconf 83' lang='lat' dir='ltr'><strong>inflexus.</strong></span> <span class='ocrx_word' id='word_1_115' title='bbox 1093 1593 1245 1648; x_wconf 84' lang='lat' dir='ltr'><strong>Hunc</strong></span> <span class='ocrx_word' id='word_1_116' title='bbox 1289 1592 1433 1648; x_wconf 88' lang='lat' dir='ltr'><strong>circa</strong></span> <span class='ocrx_word' id='word_1_117' title='bbox 1483 1591 1671 1648; x_wconf 72' lang='lat' dir='ltr'><strong>lubrici</strong></span> <span class='ocrx_word' id='word_1_118' title='bbox 1719 1591 2018 1658; x_wconf 85' lang='lat' dir='ltr'><strong>scirporum</strong></span> 
     </span>
    </p>
   </div>
   <div class='ocr_carea' id='block_1_17' title="bbox 439 1684 2022 1758">
    <p class='ocr_par' dir='ltr' id='par_1_17' title="bbox 439 1684 2022 1758">
     <span class='ocr_line' id='line_1_17' title="bbox 439 1684 2022 1758; baseline -0.003 -16"><span class='ocrx_word' id='word_1_119' title='bbox 439 1690 563 1743; x_wconf 87' lang='lat' dir='ltr'><strong>cirri</strong></span> <span class='ocrx_word' id='word_1_120' title='bbox 595 1689 861 1758; x_wconf 71' lang='lat' dir='ltr'><strong>plicantur</strong></span> <span class='ocrx_word' id='word_1_121' title='bbox 886 1686 1155 1757; x_wconf 86' lang='lat' dir='ltr'><strong>simulque</strong></span> <span class='ocrx_word' id='word_1_122' title='bbox 1181 1684 1406 1756; x_wconf 81' lang='lat' dir='ltr'><strong>pingues</strong></span> <span class='ocrx_word' id='word_1_123' title='bbox 1428 1684 1669 1740; x_wconf 86' lang='lat' dir='ltr'><strong>ulvarum</strong></span> <span class='ocrx_word' id='word_1_124' title='bbox 1692 1684 1897 1754; x_wconf 71' lang='lat' dir='ltr'><strong>paginae.</strong></span> <span class='ocrx_word' id='word_1_125' title='bbox 1928 1699 2022 1738; x_wconf 91' lang='lat' dir='ltr'><strong>na-</strong></span> 
     </span>
    </p>
   </div>
   <div class='ocr_carea' id='block_1_18' title="bbox 2122 482 3682 553">
    <p class='ocr_par' dir='ltr' id='par_1_18' title="bbox 2122 482 3682 553">
     <span class='ocr_line' id='line_1_18' title="bbox 2122 482 3682 553; baseline 0.002 -13"><span class='ocrx_word' id='word_1_126' title='bbox 2122 486 2412 549; x_wconf 87' lang='lat' dir='ltr'><strong>luissimus,</strong></span> <span class='ocrx_word' id='word_1_127' title='bbox 2447 494 2468 523; x_wconf 77' lang='grc' dir='ltr'><strong>ο</strong></span> <span class='ocrx_word' id='word_1_128' title='bbox 2498 484 2852 538; x_wconf 83' lang='lat' dir='ltr'><strong>trattsiretnus</strong></span> <span class='ocrx_word' id='word_1_129' title='bbox 2883 482 3051 537; x_wconf 90' lang='lat' dir='ltr'><strong>inviti.</strong></span> <span class='ocrx_word' id='word_1_130' title='bbox 3092 482 3227 536; x_wconf 90' lang='lat' dir='ltr'><strong>Illud</strong></span> <span class='ocrx_word' id='word_1_131' title='bbox 3261 484 3519 553; x_wconf 87' lang='lat' dir='ltr'><strong>peculiare</strong></span> <span class='ocrx_word' id='word_1_132' title='bbox 3546 495 3682 544; x_wconf 89' lang='lat' dir='ltr'><strong>tuum</strong></span> 
     </span>
    </p>
   </div>
   <div class='ocr_carea' id='block_1_19' title="bbox 2120 574 3685 645">
    <p class='ocr_par' dir='ltr' id='par_1_19' title="bbox 2120 574 3685 645">
     <span class='ocr_line' id='line_1_19' title="bbox 2120 574 3685 645; baseline -0.001 -12"><span class='ocrx_word' id='word_1_133' title='bbox 2120 577 2384 641; x_wconf 66' lang='lat' dir='ltr'><strong>est,&#39;illud</strong></span> <span class='ocrx_word' id='word_1_134' title='bbox 2427 575 2613 645; x_wconf 64' lang='lat' dir='ltr'><strong>gratia:</strong></span> <span class='ocrx_word' id='word_1_135' title='bbox 2658 574 2965 643; x_wconf 80' lang='lat' dir='ltr'><strong>singularis,</strong></span> <span class='ocrx_word' id='word_1_136' title='bbox 2996 574 3139 643; x_wconf 90' lang='lat' dir='ltr'><strong>quod</strong></span> <span class='ocrx_word' id='word_1_137' title='bbox 3191 584 3296 627; x_wconf 89' lang='lat' dir='ltr'><strong>latn</strong></span> <span class='ocrx_word' id='word_1_138' title='bbox 3343 575 3429 643; x_wconf 86' lang='lat' dir='ltr'><strong>qui</strong></span> <span class='ocrx_word' id='word_1_139' title='bbox 3462 586 3512 629; x_wconf 89' lang='lat' dir='ltr'><strong>te</strong></span> <span class='ocrx_word' id='word_1_140' title='bbox 3536 591 3685 631; x_wconf 73' lang='lat' dir='ltr'><strong>temu-</strong></span> 
     </span>
    </p>
   </div>
   <div class='ocr_carea' id='block_1_20' title="bbox 2120 667 3681 738">
    <p class='ocr_par' dir='ltr' id='par_1_20' title="bbox 2120 667 3681 738">
     <span class='ocr_line' id='line_1_20' title="bbox 2120 667 3681 738; baseline 0 -13"><span class='ocrx_word' id='word_1_141' title='bbox 2120 668 2298 725; x_wconf 89' lang='lat' dir='ltr'><strong>lentur</strong></span> <span class='ocrx_word' id='word_1_142' title='bbox 2325 683 2431 725; x_wconf 90' lang='lat' dir='ltr'><strong>non</strong></span> <span class='ocrx_word' id='word_1_143' title='bbox 2476 667 2662 733; x_wconf 88' lang='lat' dir='ltr'><strong>habes,</strong></span> <span class='ocrx_word' id='word_1_144' title='bbox 2694 682 2853 737; x_wconf 92' lang='lat' dir='ltr'><strong>quam</strong></span> <span class='ocrx_word' id='word_1_145' title='bbox 2897 682 3002 721; x_wconf 91' lang='lat' dir='ltr'><strong>non</strong></span> <span class='ocrx_word' id='word_1_146' title='bbox 3034 668 3240 721; x_wconf 86' lang='lat' dir='ltr'><strong>invenis</strong></span> <span class='ocrx_word' id='word_1_147' title='bbox 3268 668 3358 737; x_wconf 88' lang='lat' dir='ltr'><strong>qui</strong></span> <span class='ocrx_word' id='word_1_148' title='bbox 3389 678 3681 738; x_wconf 77' lang='lat' dir='ltr'><strong>sequantur.</strong></span> 
     </span>
    </p>
   </div>
   <div class='ocr_carea' id='block_1_21' title="bbox 2121 759 2271 815">
    <p class='ocr_par' dir='ltr' id='par_1_21' title="bbox 2121 759 2271 815">
     <span class='ocr_line' id='line_1_21' title="bbox 2121 759 2271 815; baseline -0.007 -1"><span class='ocrx_word' id='word_1_149' title='bbox 2121 759 2271 815; x_wconf 81' lang='lat' dir='ltr'><strong>Vale.</strong></span> 
     </span>
    </p>
   </div>
   <div class='ocr_carea' id='block_1_22' title="bbox 2678 846 3138 904">
    <p class='ocr_par' dir='ltr' id='par_1_22' title="bbox 2678 846 3138 904">
     <span class='ocr_line' id='line_1_22' title="bbox 2678 846 3138 904; baseline -0.002 -2"><span class='ocrx_word' id='word_1_150' title='bbox 2678 846 3014 904; x_wconf 72' lang='lat' dir='ltr'><strong>EPISTULA</strong></span> <span class='ocrx_word' id='word_1_151' title='bbox 3054 848 3138 902; x_wconf 84' lang='lat' dir='ltr'><strong>IV.</strong></span> 
     </span>
    </p>
   </div>
   <div class='ocr_carea' id='block_1_23' title="bbox 2454 938 3367 1010">
    <p class='ocr_par' dir='ltr' id='par_1_23' title="bbox 2454 938 3367 1010">
     <span class='ocr_line' id='line_1_23' title="bbox 2454 938 3367 1010; baseline 0 -16"><span class='ocrx_word' id='word_1_152' title='bbox 2454 938 2699 994; x_wconf 76' lang='lat' dir='ltr'><strong>Sidonius</strong></span> <span class='ocrx_word' id='word_1_153' title='bbox 2719 939 2962 1010; x_wconf 71' lang='lat' dir='ltr'><strong>Syagrio</strong></span> <span class='ocrx_word' id='word_1_154' title='bbox 3000 956 3093 993; x_wconf 80' lang='lat' dir='ltr'><strong>suo</strong></span> <span class='ocrx_word' id='word_1_155' title='bbox 3131 940 3367 994; x_wconf 70' lang='lat' dir='ltr'><strong>salutem.</strong></span> 
     </span>
    </p>
   </div>
   <div class='ocr_carea' id='block_1_24' title="bbox 2191 1031 3687 1103">
    <p class='ocr_par' dir='ltr' id='par_1_24' title="bbox 2191 1031 3687 1103">
     <span class='ocr_line' id='line_1_24' title="bbox 2191 1031 3687 1103; baseline 0.004 -18"><span class='ocrx_word' id='word_1_156' title='bbox 2191 1031 2288 1086; x_wconf 75' lang='lat' dir='ltr'><strong>Vir</strong></span> <span class='ocrx_word' id='word_1_157' title='bbox 2328 1031 2660 1088; x_wconf 87' lang='lat' dir='ltr'><strong>clarissimus</strong></span> <span class='ocrx_word' id='word_1_158' title='bbox 2702 1032 2978 1102; x_wconf 84' lang='lat' dir='ltr'><strong>Projectus</strong></span> <span class='ocrx_word' id='word_1_159' title='bbox 3013 1032 3158 1087; x_wconf 92' lang='lat' dir='ltr'><strong>domi</strong></span> <span class='ocrx_word' id='word_1_160' title='bbox 3192 1032 3390 1087; x_wconf 89' lang='lat' dir='ltr'><strong>nobilis</strong></span> <span class='ocrx_word' id='word_1_161' title='bbox 3412 1072 3433 1099; x_wconf 86' lang='lat'><strong>,</strong></span> <span class='ocrx_word' id='word_1_162' title='bbox 3461 1043 3512 1088; x_wconf 94' lang='lat' dir='ltr'><strong>et</strong></span> <span class='ocrx_word' id='word_1_163' title='bbox 3548 1043 3687 1103; x_wconf 84' lang='lat' dir='ltr'><strong>patre</strong></span> 
     </span>
    </p>
   </div>
   <div class='ocr_carea' id='block_1_25' title="bbox 2119 1124 3688 1196">
    <p class='ocr_par' dir='ltr' id='par_1_25' title="bbox 2119 1124 3688 1196">
     <span class='ocr_line' id='line_1_25' title="bbox 2119 1124 3688 1196; baseline 0.003 -18"><span class='ocrx_word' id='word_1_164' title='bbox 2119 1136 2418 1196; x_wconf 86' lang='lat' dir='ltr'><strong>patruoque</strong></span> <span class='ocrx_word' id='word_1_165' title='bbox 2446 1124 2827 1193; x_wconf 80' lang='lat' dir='ltr'><strong>spectabilibus</strong></span> <span class='ocrx_word' id='word_1_166' title='bbox 2854 1165 2869 1191; x_wconf 95' lang='lat'><strong>,</strong></span> <span class='ocrx_word' id='word_1_167' title='bbox 2917 1138 3017 1180; x_wconf 87' lang='lat' dir='ltr'><strong>avo</strong></span> <span class='ocrx_word' id='word_1_168' title='bbox 3050 1125 3213 1180; x_wconf 90' lang='lat' dir='ltr'><strong>etiam</strong></span> <span class='ocrx_word' id='word_1_169' title='bbox 3260 1128 3688 1195; x_wconf 63' lang='lat' dir='ltr'><strong>praestantissimo</strong></span> 
     </span>
    </p>
   </div>
   <div class='ocr_carea' id='block_1_26' title="bbox 2120 1219 3687 1287">
    <p class='ocr_par' dir='ltr' id='par_1_26' title="bbox 2120 1219 3687 1287">
     <span class='ocr_line' id='line_1_26' title="bbox 2120 1219 3687 1287; baseline 0.003 -14"><span class='ocrx_word' id='word_1_170' title='bbox 2120 1219 2403 1273; x_wconf 85' lang='lat' dir='ltr'><strong>sacerdote</strong></span> <span class='ocrx_word' id='word_1_171' title='bbox 2432 1219 2783 1287; x_wconf 85' lang='lat' dir='ltr'><strong>conspicuus,</strong></span> <span class='ocrx_word' id='word_1_172' title='bbox 2828 1219 3184 1274; x_wconf 84' lang='lat' dir='ltr'><strong>amicitiarum</strong></span> <span class='ocrx_word' id='word_1_173' title='bbox 3212 1228 3443 1285; x_wconf 91' lang='lat' dir='ltr'><strong>tuarum,</strong></span> <span class='ocrx_word' id='word_1_174' title='bbox 3475 1220 3575 1275; x_wconf 62' lang='lat' dir='ltr'><strong>nisi</strong></span> <span class='ocrx_word' id='word_1_175' title='bbox 3606 1236 3687 1277; x_wconf 91' lang='lat' dir='ltr'><strong>re-</strong></span> 
     </span>
    </p>
   </div>
   <div class='ocr_carea' id='block_1_27' title="bbox 2119 1311 3689 1381">
    <p class='ocr_par' dir='ltr' id='par_1_27' title="bbox 2119 1311 3689 1381">
     <span class='ocr_line' id='line_1_27' title="bbox 2119 1311 3689 1381; baseline 0.003 -16"><span class='ocrx_word' id='word_1_176' title='bbox 2119 1311 2286 1381; x_wconf 84' lang='lat' dir='ltr'><strong>spuis,</strong></span> <span class='ocrx_word' id='word_1_177' title='bbox 2318 1311 2623 1367; x_wconf 88' lang='lat' dir='ltr'><strong>avidissime</strong></span> <span class='ocrx_word' id='word_1_178' title='bbox 2648 1311 2853 1365; x_wconf 89' lang='lat' dir='ltr'><strong>sinibus</strong></span> <span class='ocrx_word' id='word_1_179' title='bbox 2883 1312 3144 1367; x_wconf 88' lang='lat' dir='ltr'><strong>infertur:</strong></span> <span class='ocrx_word' id='word_1_180' title='bbox 3169 1322 3224 1366; x_wconf 91' lang='lat' dir='ltr'><strong>et</strong></span> <span class='ocrx_word' id='word_1_181' title='bbox 3249 1327 3371 1365; x_wconf 92' lang='lat' dir='ltr'><strong>curn</strong></span> <span class='ocrx_word' id='word_1_182' title='bbox 3396 1312 3689 1369; x_wconf 70' lang='lat' dir='ltr'><strong>illifami&#39;iat</strong></span> 
     </span>
    </p>
   </div>
   <div class='ocr_carea' id='block_1_28' title="bbox 2120 1401 3687 1473">
    <p class='ocr_par' dir='ltr' id='par_1_28' title="bbox 2120 1401 3687 1473">
     <span class='ocr_line' id='line_1_28' title="bbox 2120 1401 3687 1473; baseline 0.001 -18"><span class='ocrx_word' id='word_1_183' title='bbox 2120 1401 2394 1471; x_wconf 81' lang='lat' dir='ltr'><strong>splendor,</strong></span> <span class='ocrx_word' id='word_1_184' title='bbox 2427 1402 2663 1471; x_wconf 86' lang='lat' dir='ltr'><strong>probitas</strong></span> <span class='ocrx_word' id='word_1_185' title='bbox 2694 1418 2934 1469; x_wconf 91' lang='lat' dir='ltr'><strong>morum,</strong></span> <span class='ocrx_word' id='word_1_186' title='bbox 2988 1402 3294 1471; x_wconf 89' lang='lat' dir='ltr'><strong>patrimonii</strong></span> <span class='ocrx_word' id='word_1_187' title='bbox 3321 1402 3571 1467; x_wconf 86' lang='lat' dir='ltr'><strong>facultas,</strong></span> <span class='ocrx_word' id='word_1_188' title='bbox 3608 1404 3687 1473; x_wconf 87' lang='lat' dir='ltr'><strong>ju-</strong></span> 
     </span>
    </p>
   </div>
   <div class='ocr_carea' id='block_1_29' title="bbox 2123 1493 3686 1563">
    <p class='ocr_par' dir='ltr' id='par_1_29' title="bbox 2123 1493 3686 1563">
     <span class='ocr_line' id='line_1_29' title="bbox 2123 1493 3686 1563; baseline 0.001 -15"><span class='ocrx_word' id='word_1_189' title='bbox 2123 1494 2357 1549; x_wconf 87' lang='lat' dir='ltr'><strong>ventutis</strong></span> <span class='ocrx_word' id='word_1_190' title='bbox 2389 1493 2664 1563; x_wconf 89' lang='lat' dir='ltr'><strong>alacritas,</strong></span> <span class='ocrx_word' id='word_1_191' title='bbox 2698 1494 2751 1548; x_wconf 90' lang='lat' dir='ltr'><strong>in</strong></span> <span class='ocrx_word' id='word_1_192' title='bbox 2774 1509 2934 1548; x_wconf 90' lang='lat' dir='ltr'><strong>omne</strong></span> <span class='ocrx_word' id='word_1_193' title='bbox 2960 1494 3126 1548; x_wconf 89' lang='lat' dir='ltr'><strong>decus</strong></span> <span class='ocrx_word' id='word_1_194' title='bbox 3154 1494 3267 1563; x_wconf 91' lang='lat' dir='ltr'><strong>pari</strong></span> <span class='ocrx_word' id='word_1_195' title='bbox 3299 1494 3449 1548; x_wconf 83' lang='lat' dir='ltr'><strong>lance</strong></span> <span class='ocrx_word' id='word_1_196' title='bbox 3474 1508 3686 1563; x_wconf 82' lang='lat' dir='ltr'><strong>conqua-</strong></span> 
     </span>
    </p>
   </div>
   <div class='ocr_carea' id='block_1_30' title="bbox 2121 1584 3688 1652">
    <p class='ocr_par' dir='ltr' id='par_1_30' title="bbox 2121 1584 3688 1652">
     <span class='ocr_line' id='line_1_30' title="bbox 2121 1584 3688 1652; baseline -0.001 -11"><span class='ocrx_word' id='word_1_197' title='bbox 2121 1586 2318 1652; x_wconf 90' lang='lat' dir='ltr'><strong>drent;</strong></span> <span class='ocrx_word' id='word_1_198' title='bbox 2359 1587 2431 1640; x_wconf 86' lang='lat' dir='ltr'><strong>ita</strong></span> <span class='ocrx_word' id='word_1_199' title='bbox 2461 1586 2676 1641; x_wconf 90' lang='lat' dir='ltr'><strong>demum</strong></span> <span class='ocrx_word' id='word_1_200' title='bbox 2705 1586 2805 1641; x_wconf 90' lang='lat' dir='ltr'><strong>sibi</strong></span> <span class='ocrx_word' id='word_1_201' title='bbox 2829 1596 3006 1639; x_wconf 90' lang='lat' dir='ltr'><strong>tamen</strong></span> <span class='ocrx_word' id='word_1_202' title='bbox 3038 1585 3309 1640; x_wconf 84' lang='lat' dir='ltr'><strong>videbitur</strong></span> <span class='ocrx_word' id='word_1_203' title='bbox 3335 1584 3401 1639; x_wconf 87' lang='lat' dir='ltr'><strong>ad</strong></span> <span class='ocrx_word' id='word_1_204' title='bbox 3422 1601 3600 1640; x_wconf 76' lang='lat' dir='ltr'><strong>arcem</strong></span> <span class='ocrx_word' id='word_1_205' title='bbox 3624 1585 3688 1640; x_wconf 59' lang='lat' dir='ltr'><strong>fa.</strong></span> 
     </span>
    </p>
   </div>
   <div class='ocr_carea' id='block_1_31' title="bbox 2124 1678 3688 1751">
    <p class='ocr_par' dir='ltr' id='par_1_31' title="bbox 2124 1678 3688 1751">
     <span class='ocr_line' id='line_1_31' title="bbox 2124 1678 3688 1751; baseline -0.003 -16"><span class='ocrx_word' id='word_1_206' title='bbox 2124 1682 2486 1751; x_wconf 77' lang='lat' dir='ltr'><strong>stigatissimze</strong></span> <span class='ocrx_word' id='word_1_207' title='bbox 2518 1680 2788 1736; x_wconf 89' lang='lat' dir='ltr'><strong>felicitatis</strong></span> <span class='ocrx_word' id='word_1_208' title='bbox 2815 1690 3056 1744; x_wconf 89' lang='lat' dir='ltr'><strong>evectus,</strong></span> <span class='ocrx_word' id='word_1_209' title='bbox 3083 1678 3129 1734; x_wconf 90' lang='lat' dir='ltr'><strong>si</strong></span> <span class='ocrx_word' id='word_1_210' title='bbox 3160 1680 3348 1750; x_wconf 77' lang='lat' dir='ltr'><strong>gratia:</strong></span> <span class='ocrx_word' id='word_1_211' title='bbox 3379 1690 3489 1733; x_wconf 68' lang='lat' dir='ltr'><strong>tua:</strong></span> <span class='ocrx_word' id='word_1_212' title='bbox 3513 1678 3688 1733; x_wconf 65' lang='lat' dir='ltr'><strong>sodali-</strong></span> 
     </span>
    </p>
   </div>
   <div class='ocr_carea' id='block_1_32' title="bbox 441 1768 3689 1847">
    <p class='ocr_par' dir='ltr' id='par_1_32' title="bbox 441 1768 3689 1847">
     <span class='ocr_line' id='line_1_32' title="bbox 441 1768 3689 1847; baseline -0.001 -17"><span class='ocrx_word' id='word_1_213' title='bbox 441 1790 587 1843; x_wconf 88' lang='lat' dir='ltr'><strong>tant,</strong></span> <span class='ocrx_word' id='word_1_214' title='bbox 630 1778 958 1844; x_wconf 87' lang='lat' dir='ltr'><strong>salicumque</strong></span> <span class='ocrx_word' id='word_1_215' title='bbox 996 1776 1307 1847; x_wconf 78' lang='lat' dir='ltr'><strong>glaucarum</strong></span> <span class='ocrx_word' id='word_1_216' title='bbox 1358 1775 1468 1831; x_wconf 87' lang='lat' dir='ltr'><strong>fota</strong></span> <span class='ocrx_word' id='word_1_217' title='bbox 1516 1789 1732 1845; x_wconf 87' lang='lat' dir='ltr'><strong>semper</strong></span> <span class='ocrx_word' id='word_1_218' title='bbox 1774 1775 2020 1833; x_wconf 80' lang='lat' dir='ltr'><strong>dulcibus</strong></span> <span class='ocrx_word' id='word_1_219' title='bbox 2049 1768 2098 1828; x_wconf 83' lang='grc' dir='ltr'><strong>Β</strong></span> <span class='ocrx_word' id='word_1_220' title='bbox 2128 1785 2233 1831; x_wconf 90' lang='lat' dir='ltr'><strong>tate</strong></span> <span class='ocrx_word' id='word_1_221' title='bbox 2288 1775 2538 1845; x_wconf 88' lang='lat' dir='ltr'><strong>potiatur.</strong></span> <span class='ocrx_word' id='word_1_222' title='bbox 2596 1773 2832 1843; x_wconf 87' lang='lat' dir='ltr'><strong>Optantii</strong></span> <span class='ocrx_word' id='word_1_223' title='bbox 2882 1772 3169 1829; x_wconf 85' lang='lat' dir='ltr'><strong>clarissimi</strong></span> <span class='ocrx_word' id='word_1_224' title='bbox 3224 1772 3325 1827; x_wconf 79' lang='lat' dir='ltr'><strong>viri</strong></span> <span class='ocrx_word' id='word_1_225' title='bbox 3377 1787 3553 1838; x_wconf 86' lang='lat' dir='ltr'><strong>nuper</strong></span> <span class='ocrx_word' id='word_1_226' title='bbox 3596 1772 3689 1828; x_wconf 84' lang='lat' dir='ltr'><strong>vita</strong></span> 
     </span>
    </p>
   </div>
   <div class='ocr_carea' id='block_1_33' title="bbox 440 1866 2016 1939">
    <p class='ocr_par' dir='ltr' id='par_1_33' title="bbox 440 1866 2016 1939">
     <span class='ocr_line' id='line_1_33' title="bbox 440 1866 2016 1939; baseline 0.001 -17"><span class='ocrx_word' id='word_1_227' title='bbox 440 1871 595 1939; x_wconf 89' lang='lat' dir='ltr'><strong>aquis</strong></span> <span class='ocrx_word' id='word_1_228' title='bbox 633 1868 955 1925; x_wconf 82' lang='lat' dir='ltr'><strong>amaritudo.</strong></span> <span class='ocrx_word' id='word_1_229' title='bbox 983 1868 1041 1923; x_wconf 95' lang='lat' dir='ltr'><strong>In</strong></span> <span class='ocrx_word' id='word_1_230' title='bbox 1090 1868 1269 1923; x_wconf 84' lang='lat' dir='ltr'><strong>medio</strong></span> <span class='ocrx_word' id='word_1_231' title='bbox 1304 1866 1556 1937; x_wconf 84' lang='lat' dir='ltr'><strong>profundi</strong></span> <span class='ocrx_word' id='word_1_232' title='bbox 1589 1867 1767 1923; x_wconf 86' lang='lat' dir='ltr'><strong>brevis</strong></span> <span class='ocrx_word' id='word_1_233' title='bbox 1812 1867 2016 1936; x_wconf 87' lang='lat' dir='ltr'><strong>insula,</strong></span> 
     </span>
    </p>
   </div>
   <div class='ocr_carea' id='block_1_34' title="bbox 441 1958 2021 2030">
    <p class='ocr_par' dir='ltr' id='par_1_34' title="bbox 441 1958 2021 2030">
     <span class='ocr_line' id='line_1_34' title="bbox 441 1958 2021 2030; baseline 0 -15"><span class='ocrx_word' id='word_1_234' title='bbox 441 1962 529 2016; x_wconf 91' lang='lat' dir='ltr'><strong>ubi</strong></span> <span class='ocrx_word' id='word_1_235' title='bbox 579 1975 737 2030; x_wconf 87' lang='lat' dir='ltr'><strong>supra</strong></span> <span class='ocrx_word' id='word_1_236' title='bbox 785 1960 1019 2015; x_wconf 87' lang='lat' dir='ltr'><strong>molares</strong></span> <span class='ocrx_word' id='word_1_237' title='bbox 1073 1958 1389 2013; x_wconf 87' lang='lat' dir='ltr'><strong>naturaliter</strong></span> <span class='ocrx_word' id='word_1_238' title='bbox 1425 1966 1733 2029; x_wconf 83' lang='lat' dir='ltr'><strong>aggeratos,</strong></span> <span class='ocrx_word' id='word_1_239' title='bbox 1777 1975 1873 2029; x_wconf 85' lang='lat' dir='ltr'><strong>per</strong></span> <span class='ocrx_word' id='word_1_240' title='bbox 1920 1961 2021 2015; x_wconf 90' lang='lat' dir='ltr'><strong>im-</strong></span> 
     </span>
    </p>
   </div>
   <div class='ocr_carea' id='block_1_35' title="bbox 444 2052 2019 2124">
    <p class='ocr_par' dir='ltr' id='par_1_35' title="bbox 444 2052 2019 2124">
     <span class='ocr_line' id='line_1_35' title="bbox 444 2052 2019 2124; baseline 0.002 -18"><span class='ocrx_word' id='word_1_241' title='bbox 444 2062 717 2122; x_wconf 90' lang='lat' dir='ltr'><strong>pactorum</strong></span> <span class='ocrx_word' id='word_1_242' title='bbox 745 2065 938 2122; x_wconf 88' lang='lat' dir='ltr'><strong>pnncta</strong></span> <span class='ocrx_word' id='word_1_243' title='bbox 971 2067 1241 2106; x_wconf 88' lang='lat' dir='ltr'><strong>retnorum</strong></span> <span class='ocrx_word' id='word_1_244' title='bbox 1266 2052 1545 2107; x_wconf 89' lang='lat' dir='ltr'><strong>navalibus</strong></span> <span class='ocrx_word' id='word_1_245' title='bbox 1565 2052 1687 2107; x_wconf 89' lang='lat' dir='ltr'><strong>trita</strong></span> <span class='ocrx_word' id='word_1_246' title='bbox 1709 2053 1852 2124; x_wconf 79' lang='lat' dir='ltr'><strong>gyris</strong></span> <span class='ocrx_word' id='word_1_247' title='bbox 1878 2064 2019 2110; x_wconf 88' lang='lat' dir='ltr'><strong>meta</strong></span> 
     </span>
    </p>
   </div>
   <div class='ocr_carea' id='block_1_36' title="bbox 442 2141 2020 2215">
    <p class='ocr_par' dir='ltr' id='par_1_36' title="bbox 442 2141 2020 2215">
     <span class='ocr_line' id='line_1_36' title="bbox 442 2141 2020 2215; baseline 0.003 -18"><span class='ocrx_word' id='word_1_248' title='bbox 442 2143 771 2211; x_wconf 75' lang='lat' dir='ltr'><strong>protuberat,</strong></span> <span class='ocrx_word' id='word_1_249' title='bbox 805 2143 871 2196; x_wconf 91' lang='lat' dir='ltr'><strong>ad</strong></span> <span class='ocrx_word' id='word_1_250' title='bbox 903 2157 1060 2212; x_wconf 90' lang='lat' dir='ltr'><strong>quam</strong></span> <span class='ocrx_word' id='word_1_251' title='bbox 1088 2156 1148 2197; x_wconf 90' lang='lat' dir='ltr'><strong>se</strong></span> <span class='ocrx_word' id='word_1_252' title='bbox 1172 2142 1408 2211; x_wconf 80' lang='lat' dir='ltr'><strong>iocunda</strong></span> <span class='ocrx_word' id='word_1_253' title='bbox 1439 2141 1715 2197; x_wconf 83' lang='lat' dir='ltr'><strong>ludentum</strong></span> <span class='ocrx_word' id='word_1_254' title='bbox 1748 2145 2020 2215; x_wconf 83' lang='lat' dir='ltr'><strong>naufragia</strong></span> 
     </span>
    </p>
   </div>
   <div class='ocr_carea' id='block_1_37' title="bbox 439 2221 2021 2293">
    <p class='ocr_par' dir='ltr' id='par_1_37' title="bbox 439 2221 2021 2293">
     <span class='ocr_line' id='line_1_37' title="bbox 439 2221 2021 2293; baseline 0.001 -2"><span class='ocrx_word' id='word_1_255' title='bbox 439 2236 717 2291; x_wconf 87' lang='lat' dir='ltr'><strong>collidunt.</strong></span> <span class='ocrx_word' id='word_1_256' title='bbox 763 2236 894 2290; x_wconf 85' lang='lat' dir='ltr'><strong>Natu</strong></span> <span class='ocrx_word' id='word_1_257' title='bbox 946 2221 1112 2290; x_wconf 81' lang='lat' dir='ltr'><strong>moris</strong></span> <span class='ocrx_word' id='word_1_258' title='bbox 1156 2235 1275 2290; x_wconf 88' lang='lat' dir='ltr'><strong>istic</strong></span> <span class='ocrx_word' id='word_1_259' title='bbox 1325 2236 1422 2291; x_wconf 89' lang='lat' dir='ltr'><strong>fuit</strong></span> <span class='ocrx_word' id='word_1_260' title='bbox 1473 2236 1776 2293; x_wconf 87' lang='lat' dir='ltr'><strong>senioribus</strong></span> <span class='ocrx_word' id='word_1_261' title='bbox 1823 2238 2021 2292; x_wconf 85' lang='lat' dir='ltr'><strong>nostris</strong></span> 
     </span>
    </p>
   </div>
   <div class='ocr_carea' id='block_1_38' title="bbox 442 2326 2017 2400">
    <p class='ocr_par' dir='ltr' id='par_1_38' title="bbox 442 2326 2017 2400">
     <span class='ocr_line' id='line_1_38' title="bbox 442 2326 2017 2400; baseline 0.002 -20"><span class='ocrx_word' id='word_1_262' title='bbox 442 2336 467 2364; x_wconf 77' lang='grc' dir='ltr'>ιι</span> <span class='ocrx_word' id='word_1_263' title='bbox 497 2342 723 2398; x_wconf 85' lang='lat' dir='ltr'><strong>agonem</strong></span> <span class='ocrx_word' id='word_1_264' title='bbox 756 2327 1165 2395; x_wconf 89' lang='lat' dir='ltr'><strong>Drepanitanum</strong></span> <span class='ocrx_word' id='word_1_265' title='bbox 1197 2326 1446 2395; x_wconf 73' lang='lat' dir='ltr'><strong>Trojanre</strong></span> <span class='ocrx_word' id='word_1_266' title='bbox 1485 2327 1880 2396; x_wconf 88' lang='lat' dir='ltr'><strong>superstitionis</strong></span> <span class='ocrx_word' id='word_1_267' title='bbox 1912 2328 2017 2400; x_wconf 62' lang='grc' dir='ltr'><strong>ἀι</strong></span> 
     </span>
    </p>
   </div>
   <div class='ocr_carea' id='block_1_39' title="bbox 438 2417 2021 2491">
    <p class='ocr_par' dir='ltr' id='par_1_39' title="bbox 438 2417 2021 2491">
     <span class='ocr_line' id='line_1_39' title="bbox 438 2417 2021 2491; baseline 0.003 -20"><span class='ocrx_word' id='word_1_268' title='bbox 438 2417 656 2472; x_wconf 88' lang='lat' dir='ltr'><strong>imitari.</strong></span> <span class='ocrx_word' id='word_1_269' title='bbox 710 2417 828 2472; x_wconf 85' lang='lat' dir='ltr'><strong>Jam</strong></span> <span class='ocrx_word' id='word_1_270' title='bbox 859 2432 988 2471; x_wconf 83' lang='lat' dir='ltr'><strong>vero</strong></span> <span class='ocrx_word' id='word_1_271' title='bbox 1028 2433 1156 2488; x_wconf 87' lang='lat' dir='ltr'><strong>ager</strong></span> <span class='ocrx_word' id='word_1_272' title='bbox 1188 2417 1303 2488; x_wconf 88' lang='lat' dir='ltr'><strong>ipse</strong></span> <span class='ocrx_word' id='word_1_273' title='bbox 1346 2420 1670 2489; x_wconf 80' lang='lat' dir='ltr'><strong>(quanquam</strong></span> <span class='ocrx_word' id='word_1_274' title='bbox 1712 2420 1813 2475; x_wconf 91' lang='lat' dir='ltr'><strong>hoc</strong></span> <span class='ocrx_word' id='word_1_275' title='bbox 1860 2436 2021 2491; x_wconf 89' lang='lat' dir='ltr'><strong>supra</strong></span> 
     </span>
    </p>
   </div>
   <div class='ocr_carea' id='block_1_40' title="bbox 437 2509 2021 2584">
    <p class='ocr_par' dir='ltr' id='par_1_40' title="bbox 437 2509 2021 2584">
     <span class='ocr_line' id='line_1_40' title="bbox 437 2509 2021 2584; baseline 0.003 -20"><span class='ocrx_word' id='word_1_276' title='bbox 437 2509 731 2581; x_wconf 89' lang='lat' dir='ltr'><strong>debitum),</strong></span> <span class='ocrx_word' id='word_1_277' title='bbox 784 2510 1008 2565; x_wconf 84' lang='lat' dir='ltr'><strong>diffusus</strong></span> <span class='ocrx_word' id='word_1_278' title='bbox 1038 2511 1088 2565; x_wconf 93' lang='lat' dir='ltr'><strong>in</strong></span> <span class='ocrx_word' id='word_1_279' title='bbox 1121 2511 1300 2579; x_wconf 87' lang='lat' dir='ltr'><strong>silvis,</strong></span> <span class='ocrx_word' id='word_1_280' title='bbox 1335 2511 1506 2581; x_wconf 90' lang='lat' dir='ltr'><strong>pictus</strong></span> <span class='ocrx_word' id='word_1_281' title='bbox 1536 2513 1585 2565; x_wconf 93' lang='lat' dir='ltr'><strong>in</strong></span> <span class='ocrx_word' id='word_1_282' title='bbox 1615 2514 1818 2583; x_wconf 90' lang='lat' dir='ltr'><strong>pratis,</strong></span> <span class='ocrx_word' id='word_1_283' title='bbox 1858 2529 2021 2584; x_wconf 91' lang='lat' dir='ltr'><strong>peco-</strong></span> 
     </span>
    </p>
   </div>
   <div class='ocr_carea' id='block_1_41' title="bbox 438 2604 2021 2674">
    <p class='ocr_par' dir='ltr' id='par_1_41' title="bbox 438 2604 2021 2674">
     <span class='ocr_line' id='line_1_41' title="bbox 438 2604 2021 2674; baseline 0.003 -16"><span class='ocrx_word' id='word_1_284' title='bbox 438 2620 595 2659; x_wconf 83' lang='lat' dir='ltr'><strong>rosus</strong></span> <span class='ocrx_word' id='word_1_285' title='bbox 634 2606 685 2659; x_wconf 93' lang='lat' dir='ltr'><strong>in</strong></span> <span class='ocrx_word' id='word_1_286' title='bbox 730 2606 973 2674; x_wconf 88' lang='lat' dir='ltr'><strong>pascuis,</strong></span> <span class='ocrx_word' id='word_1_287' title='bbox 1006 2606 1057 2659; x_wconf 88' lang='lat' dir='ltr'><strong>itt</strong></span> <span class='ocrx_word' id='word_1_288' title='bbox 1087 2604 1390 2674; x_wconf 83' lang='lat' dir='ltr'><strong>pastoribus</strong></span> <span class='ocrx_word' id='word_1_289' title='bbox 1421 2606 1746 2674; x_wconf 90' lang='lat' dir='ltr'><strong>peculiosus.</strong></span> <span class='ocrx_word' id='word_1_290' title='bbox 1781 2607 1885 2662; x_wconf 85' lang='lat' dir='ltr'><strong>Sed</strong></span> <span class='ocrx_word' id='word_1_291' title='bbox 1915 2623 2021 2663; x_wconf 93' lang='lat' dir='ltr'><strong>non</strong></span> 
     </span>
    </p>
   </div>
   <div class='ocr_carea' id='block_1_42' title="bbox 438 2697 2024 2768">
    <p class='ocr_par' dir='ltr' id='par_1_42' title="bbox 438 2697 2024 2768">
     <span class='ocr_line' id='line_1_42' title="bbox 438 2697 2024 2768; baseline 0.003 -18"><span class='ocrx_word' id='word_1_292' title='bbox 438 2697 670 2767; x_wconf 88' lang='lat' dir='ltr'><strong>amplius</strong></span> <span class='ocrx_word' id='word_1_293' title='bbox 699 2713 903 2764; x_wconf 91' lang='lat' dir='ltr'><strong>moror,</strong></span> <span class='ocrx_word' id='word_1_294' title='bbox 941 2712 1038 2763; x_wconf 91' lang='lat' dir='ltr'><strong>ne,</strong></span> <span class='ocrx_word' id='word_1_295' title='bbox 1071 2697 1116 2751; x_wconf 90' lang='lat' dir='ltr'><strong>si</strong></span> <span class='ocrx_word' id='word_1_296' title='bbox 1145 2697 1355 2767; x_wconf 90' lang='lat' dir='ltr'><strong>longior</strong></span> <span class='ocrx_word' id='word_1_297' title='bbox 1383 2698 1524 2768; x_wconf 80' lang='lat' dir='ltr'><strong>Stylo</strong></span> <span class='ocrx_word' id='word_1_298' title='bbox 1564 2700 1853 2763; x_wconf 90' lang='lat' dir='ltr'><strong>terminus,</strong></span> <span class='ocrx_word' id='word_1_299' title='bbox 1885 2700 2024 2754; x_wconf 88' lang='lat' dir='ltr'><strong>rele-</strong></span> 
     </span>
    </p>
   </div>
   <div class='ocr_carea' id='block_1_43' title="bbox 439 2789 2023 2860">
    <p class='ocr_par' dir='ltr' id='par_1_43' title="bbox 439 2789 2023 2860">
     <span class='ocr_line' id='line_1_43' title="bbox 439 2789 2023 2860; baseline 0.002 -16"><span class='ocrx_word' id='word_1_300' title='bbox 439 2800 651 2860; x_wconf 86' lang='lat' dir='ltr'><strong>gentem</strong></span> <span class='ocrx_word' id='word_1_301' title='bbox 692 2798 745 2845; x_wconf 92' lang='lat' dir='ltr'><strong>te</strong></span> <span class='ocrx_word' id='word_1_302' title='bbox 784 2800 1070 2845; x_wconf 89' lang='lat' dir='ltr'><strong>autumnus</strong></span> <span class='ocrx_word' id='word_1_303' title='bbox 1098 2789 1357 2844; x_wconf 82' lang='lat' dir='ltr'><strong>inveniat.</strong></span> <span class='ocrx_word' id='word_1_304' title='bbox 1410 2790 1641 2846; x_wconf 86' lang='lat' dir='ltr'><strong>Proinde</strong></span> <span class='ocrx_word' id='word_1_305' title='bbox 1681 2792 1809 2847; x_wconf 89' lang='lat' dir='ltr'><strong>mihi</strong></span> <span class='ocrx_word' id='word_1_306' title='bbox 1850 2794 2023 2849; x_wconf 88' lang='lat' dir='ltr'><strong>tribue</strong></span> 
     </span>
    </p>
   </div>
   <div class='ocr_carea' id='block_1_44' title="bbox 439 2878 2024 2953">
    <p class='ocr_par' dir='ltr' id='par_1_44' title="bbox 439 2878 2024 2953">
     <span class='ocr_line' id='line_1_44' title="bbox 439 2878 2024 2953; baseline 0.005 -20"><span class='ocrx_word' id='word_1_307' title='bbox 439 2878 689 2934; x_wconf 78' lang='lat' dir='ltr'><strong>veniendi</strong></span> <span class='ocrx_word' id='word_1_308' title='bbox 712 2879 1075 2944; x_wconf 89' lang='lat' dir='ltr'><strong>celeritatem,</strong></span> <span class='ocrx_word' id='word_1_309' title='bbox 1108 2895 1229 2935; x_wconf 89' lang='lat' dir='ltr'><strong>nam</strong></span> <span class='ocrx_word' id='word_1_310' title='bbox 1262 2881 1519 2936; x_wconf 89' lang='lat' dir='ltr'><strong>redeundi</strong></span> <span class='ocrx_word' id='word_1_311' title='bbox 1551 2898 1752 2937; x_wconf 91' lang='lat' dir='ltr'><strong>moram</strong></span> <span class='ocrx_word' id='word_1_312' title='bbox 1785 2883 1878 2939; x_wconf 87' lang='lat' dir='ltr'><strong>tibi</strong></span> <span class='ocrx_word' id='word_1_313' title='bbox 1910 2886 2024 2953; x_wconf 88' lang='lat' dir='ltr'><strong>ipse</strong></span> 
     </span>
    </p>
   </div>
   <div class='ocr_carea' id='block_1_45' title="bbox 441 2972 2020 3043">
    <p class='ocr_par' dir='ltr' id='par_1_45' title="bbox 441 2972 2020 3043">
     <span class='ocr_line' id='line_1_45' title="bbox 441 2972 2020 3043; baseline 0.004 -18"><span class='ocrx_word' id='word_1_314' title='bbox 441 2972 757 3039; x_wconf 69' lang='lat' dir='ltr'><strong>prmstabis:</strong></span> <span class='ocrx_word' id='word_1_315' title='bbox 801 2972 1025 3026; x_wconf 78' lang='lat' dir='ltr'><strong>daturus</strong></span> <span class='ocrx_word' id='word_1_316' title='bbox 1063 2972 1189 3026; x_wconf 89' lang='lat' dir='ltr'><strong>hinc</strong></span> <span class='ocrx_word' id='word_1_317' title='bbox 1218 2974 1427 3027; x_wconf 87' lang='lat' dir='ltr'><strong>veniam</strong></span> <span class='ocrx_word' id='word_1_318' title='bbox 1454 3014 1470 3039; x_wconf 94' lang='lat'><strong>,</strong></span> <span class='ocrx_word' id='word_1_319' title='bbox 1516 2975 1657 3043; x_wconf 88' lang='lat' dir='ltr'><strong>quod</strong></span> <span class='ocrx_word' id='word_1_320' title='bbox 1707 2976 2020 3033; x_wconf 86' lang='lat' dir='ltr'><strong>brevitatem</strong></span> 
     </span>
    </p>
   </div>
   <div class='ocr_carea' id='block_1_46' title="bbox 439 3060 2019 3134">
    <p class='ocr_par' dir='ltr' id='par_1_46' title="bbox 439 3060 2019 3134">
     <span class='ocr_line' id='line_1_46' title="bbox 439 3060 2019 3134; baseline 0.005 -21"><span class='ocrx_word' id='word_1_321' title='bbox 439 3061 539 3114; x_wconf 83' lang='lat' dir='ltr'><strong>sibi</strong></span> <span class='ocrx_word' id='word_1_322' title='bbox 586 3060 820 3113; x_wconf 90' lang='lat' dir='ltr'><strong>debitam</strong></span> <span class='ocrx_word' id='word_1_323' title='bbox 874 3061 1032 3129; x_wconf 91' lang='lat' dir='ltr'><strong>paulo</strong></span> <span class='ocrx_word' id='word_1_324' title='bbox 1074 3062 1442 3130; x_wconf 87' lang='lat' dir='ltr'><strong>scrupulosior</strong></span> <span class='ocrx_word' id='word_1_325' title='bbox 1487 3064 1709 3132; x_wconf 74' lang='lat' dir='ltr'><strong>epistola</strong></span> <span class='ocrx_word' id='word_1_326' title='bbox 1759 3067 2019 3134; x_wconf 78' lang='lat' dir='ltr'><strong>excessit,</strong></span> 
     </span>
    </p>
   </div>
   <div class='ocr_carea' id='block_1_47' title="bbox 441 3136 3069 3225">
    <p class='ocr_par' dir='ltr' id='par_1_47' title="bbox 441 3136 3069 3225">
     <span class='ocr_line' id='line_1_47' title="bbox 441 3136 3069 3225; baseline 0 -19"><span class='ocrx_word' id='word_1_327' title='bbox 441 3153 565 3206; x_wconf 91' lang='lat' dir='ltr'><strong>dum</strong></span> <span class='ocrx_word' id='word_1_328' title='bbox 597 3160 765 3206; x_wconf 91' lang='lat' dir='ltr'><strong>totum</strong></span> <span class='ocrx_word' id='word_1_329' title='bbox 797 3152 939 3206; x_wconf 88' lang='lat' dir='ltr'><strong>ruris</strong></span> <span class='ocrx_word' id='word_1_330' title='bbox 968 3151 1128 3207; x_wconf 91' lang='lat' dir='ltr'><strong>situm</strong></span> <span class='ocrx_word' id='word_1_331' title='bbox 1158 3154 1385 3208; x_wconf 86' lang='lat' dir='ltr'><strong>sollicita</strong></span> <span class='ocrx_word' id='word_1_332' title='bbox 1418 3155 1660 3222; x_wconf 88' lang='lat' dir='ltr'><strong>rimatur,</strong></span> <span class='ocrx_word' id='word_1_333' title='bbox 1694 3172 1812 3225; x_wconf 70' lang='lat' dir='ltr'><strong>qua:</strong></span> <span class='ocrx_word' id='word_1_334' title='bbox 1842 3169 2017 3214; x_wconf 90' lang='lat' dir='ltr'><strong>tamen</strong></span> <span class='ocrx_word' id='word_1_335' title='bbox 2049 3136 2096 3199; x_wconf 64' lang='grc' dir='ltr'><strong>(ἶ</strong></span> <span class='ocrx_word' id='word_1_336' title='bbox 2126 3166 2348 3207; x_wconf 78' lang='lat' dir='ltr'><strong>securus</strong></span> <span class='ocrx_word' id='word_1_337' title='bbox 2397 3152 2650 3222; x_wconf 90' lang='lat' dir='ltr'><strong>permitte</strong></span> <span class='ocrx_word' id='word_1_338' title='bbox 2690 3151 3010 3223; x_wconf 89' lang='lat' dir='ltr'><strong>promissam</strong></span> <span class='ocrx_word' id='word_1_339' title='bbox 3055 3168 3069 3204; x_wconf 89' lang='lat'><strong>:</strong></span> 
     </span>
    </p>
   </div>
   <div class='ocr_carea' id='block_1_48' title="bbox 440 3242 2015 3318">
    <p class='ocr_par' dir='ltr' id='par_1_48' title="bbox 440 3242 2015 3318">
     <span class='ocr_line' id='line_1_48' title="bbox 440 3242 2015 3318; baseline 0.007 -23"><span class='ocrx_word' id='word_1_340' title='bbox 440 3242 788 3297; x_wconf 89' lang='lat' dir='ltr'><strong>submovendi</strong></span> <span class='ocrx_word' id='word_1_341' title='bbox 832 3242 1028 3297; x_wconf 84' lang='lat' dir='ltr'><strong>fastidii</strong></span> <span class='ocrx_word' id='word_1_342' title='bbox 1077 3244 1254 3299; x_wconf 92' lang='lat' dir='ltr'><strong>studio</strong></span> <span class='ocrx_word' id='word_1_343' title='bbox 1295 3260 1395 3301; x_wconf 91' lang='lat' dir='ltr'><strong>nec</strong></span> <span class='ocrx_word' id='word_1_344' title='bbox 1448 3255 1637 3301; x_wconf 81' lang='lat' dir='ltr'><strong>cuncta</strong></span> <span class='ocrx_word' id='word_1_345' title='bbox 1683 3251 2015 3318; x_wconf 81' lang='lat' dir='ltr'><strong>perstrinxit.</strong></span> 
     </span>
    </p>
   </div>
   <div class='ocr_carea' id='block_1_49' title="bbox 441 3333 2018 3412">
    <p class='ocr_par' dir='ltr' id='par_1_49' title="bbox 441 3333 2018 3412">
     <span class='ocr_line' id='line_1_49' title="bbox 441 3333 2018 3412; baseline 0.007 -27"><span class='ocrx_word' id='word_1_346' title='bbox 441 3333 775 3402; x_wconf 79' lang='lat' dir='ltr'><strong>QuaprOpter</strong></span> <span class='ocrx_word' id='word_1_347' title='bbox 805 3334 976 3389; x_wconf 88' lang='lat' dir='ltr'><strong>bonus</strong></span> <span class='ocrx_word' id='word_1_348' title='bbox 1005 3334 1235 3400; x_wconf 87' lang='lat' dir='ltr'><strong>arbiter,</strong></span> <span class='ocrx_word' id='word_1_349' title='bbox 1268 3345 1322 3391; x_wconf 94' lang='lat' dir='ltr'><strong>et</strong></span> <span class='ocrx_word' id='word_1_350' title='bbox 1357 3337 1546 3391; x_wconf 86' lang='lat' dir='ltr'><strong>artifex</strong></span> <span class='ocrx_word' id='word_1_351' title='bbox 1582 3338 1751 3394; x_wconf 87' lang='lat' dir='ltr'><strong>lector</strong></span> <span class='ocrx_word' id='word_1_352' title='bbox 1780 3358 1883 3395; x_wconf 90' lang='lat' dir='ltr'><strong>non</strong></span> <span class='ocrx_word' id='word_1_353' title='bbox 1924 3358 2018 3412; x_wconf 87' lang='lat' dir='ltr'><strong>pa-</strong></span> 
     </span>
    </p>
   </div>
   <div class='ocr_carea' id='block_1_50' title="bbox 438 3423 2018 3504">
    <p class='ocr_par' dir='ltr' id='par_1_50' title="bbox 438 3423 2018 3504">
     <span class='ocr_line' id='line_1_50' title="bbox 438 3423 2018 3504; baseline 0.008 -28"><span class='ocrx_word' id='word_1_354' title='bbox 438 3423 615 3488; x_wconf 77' lang='lat' dir='ltr'><strong>gittnm</strong></span> <span class='ocrx_word' id='word_1_355' title='bbox 644 3439 762 3493; x_wconf 73' lang='lat' dir='ltr'><strong>qua:</strong></span> <span class='ocrx_word' id='word_1_356' title='bbox 791 3424 962 3493; x_wconf 89' lang='lat' dir='ltr'><strong>spatia</strong></span> <span class='ocrx_word' id='word_1_357' title='bbox 991 3425 1270 3496; x_wconf 90' lang='lat' dir='ltr'><strong>describit,</strong></span> <span class='ocrx_word' id='word_1_358' title='bbox 1303 3428 1396 3483; x_wconf 89' lang='lat' dir='ltr'><strong>sed</strong></span> <span class='ocrx_word' id='word_1_359' title='bbox 1440 3429 1619 3483; x_wconf 90' lang='lat' dir='ltr'><strong>villam</strong></span> <span class='ocrx_word' id='word_1_360' title='bbox 1641 3447 1758 3501; x_wconf 81' lang='lat' dir='ltr'><strong>quae</strong></span> <span class='ocrx_word' id='word_1_361' title='bbox 1788 3434 2018 3504; x_wconf 89' lang='lat' dir='ltr'><strong>spatiosa</strong></span> 
     </span>
    </p>
   </div>
   <div class='ocr_carea' id='block_1_51' title="bbox 439 3514 1710 3587">
    <p class='ocr_par' dir='ltr' id='par_1_51' title="bbox 439 3514 1710 3587">
     <span class='ocr_line' id='line_1_51' title="bbox 439 3514 1710 3587; baseline 0.006 -17"><span class='ocrx_word' id='word_1_362' title='bbox 439 3514 781 3583; x_wconf 86' lang='lat' dir='ltr'><strong>describitur,</strong></span> <span class='ocrx_word' id='word_1_363' title='bbox 809 3516 1064 3587; x_wconf 87' lang='lat' dir='ltr'><strong>grandem</strong></span> <span class='ocrx_word' id='word_1_364' title='bbox 1093 3520 1531 3587; x_wconf 86' lang='lat' dir='ltr'><strong>pronuntiabunt.</strong></span> <span class='ocrx_word' id='word_1_365' title='bbox 1568 3523 1710 3580; x_wconf 64' lang='lat' dir='ltr'><strong>\‘ale.</strong></span> 
     </span>
    </p>
   </div>
   <div class='ocr_carea' id='block_1_52' title="bbox 998 3608 1460 3667">
    <p class='ocr_par' dir='ltr' id='par_1_52' title="bbox 998 3608 1460 3667">
     <span class='ocr_line' id='line_1_52' title="bbox 998 3608 1460 3667; baseline 0.004 -4"><span class='ocrx_word' id='word_1_366' title='bbox 998 3608 1332 3667; x_wconf 77' lang='lat' dir='ltr'><strong>EPISTULA</strong></span> <span class='ocrx_word' id='word_1_367' title='bbox 1375 3611 1460 3666; x_wconf 94' lang='lat' dir='ltr'><strong>IlI.</strong></span> 
     </span>
    </p>
   </div>
   <div class='ocr_carea' id='block_1_53' title="bbox 793 3697 1664 3760">
    <p class='ocr_par' dir='ltr' id='par_1_53' title="bbox 793 3697 1664 3760">
     <span class='ocr_line' id='line_1_53' title="bbox 793 3697 1664 3760; baseline 0.006 -6"><span class='ocrx_word' id='word_1_368' title='bbox 793 3697 1036 3754; x_wconf 75' lang='lat' dir='ltr'><strong>Sidonius</strong></span> <span class='ocrx_word' id='word_1_369' title='bbox 1062 3697 1090 3737; x_wconf 68' lang='grc' dir='ltr'>δ</span> <span class='ocrx_word' id='word_1_370' title='bbox 1118 3698 1285 3755; x_wconf 79' lang='lat' dir='ltr'><strong>Felici</strong></span> <span class='ocrx_word' id='word_1_371' title='bbox 1306 3719 1397 3757; x_wconf 79' lang='lat' dir='ltr'><strong>suo</strong></span> <span class='ocrx_word' id='word_1_372' title='bbox 1425 3704 1664 3760; x_wconf 77' lang='lat' dir='ltr'><strong>salutent.</strong></span> 
     </span>
    </p>
   </div>
   <div class='ocr_carea' id='block_1_54' title="bbox 512 3787 2021 3868">
    <p class='ocr_par' dir='ltr' id='par_1_54' title="bbox 512 3787 2021 3868">
     <span class='ocr_line' id='line_1_54' title="bbox 512 3787 2021 3868; baseline 0.011 -25"><span class='ocrx_word' id='word_1_373' title='bbox 512 3787 732 3845; x_wconf 87' lang='lat' dir='ltr'><strong>Gaudeo</strong></span> <span class='ocrx_word' id='word_1_374' title='bbox 772 3800 844 3856; x_wconf 92' lang='lat' dir='ltr'><strong>te,</strong></span> <span class='ocrx_word' id='word_1_375' title='bbox 882 3792 1097 3847; x_wconf 89' lang='lat' dir='ltr'><strong>domine</strong></span> <span class='ocrx_word' id='word_1_376' title='bbox 1128 3793 1320 3861; x_wconf 76' lang='lat' dir='ltr'><strong>maior,</strong></span> <span class='ocrx_word' id='word_1_377' title='bbox 1354 3798 1702 3866; x_wconf 77' lang='lat' dir='ltr'><strong>amplissima:</strong></span> <span class='ocrx_word' id='word_1_378' title='bbox 1747 3800 2021 3868; x_wconf 72' lang='lat' dir='ltr'><strong>dignitatis</strong></span> 
     </span>
    </p>
   </div>
   <div class='ocr_carea' id='block_1_55' title="bbox 441 3878 2023 3949">
    <p class='ocr_par' dir='ltr' id='par_1_55' title="bbox 441 3878 2023 3949">
     <span class='ocr_line' id='line_1_55' title="bbox 441 3878 2023 3949; baseline 0.012 -18"><span class='ocrx_word' id='word_1_379' title='bbox 441 3878 633 3931; x_wconf 88' lang='lat' dir='ltr'><strong>infulas</strong></span> <span class='ocrx_word' id='word_1_380' title='bbox 664 3888 1033 3936; x_wconf 90' lang='lat' dir='ltr'><strong>consecutum.</strong></span> <span class='ocrx_word' id='word_1_381' title='bbox 1064 3882 1168 3936; x_wconf 89' lang='lat' dir='ltr'><strong>Sed</strong></span> <span class='ocrx_word' id='word_1_382' title='bbox 1210 3883 1262 3937; x_wconf 91' lang='lat' dir='ltr'><strong>id</strong></span> <span class='ocrx_word' id='word_1_383' title='bbox 1315 3885 1445 3940; x_wconf 89' lang='lat' dir='ltr'><strong>mihi</strong></span> <span class='ocrx_word' id='word_1_384' title='bbox 1484 3888 1554 3942; x_wconf 94' lang='lat' dir='ltr'><strong>ob</strong></span> <span class='ocrx_word' id='word_1_385' title='bbox 1597 3890 1698 3945; x_wconf 87' lang='lat' dir='ltr'><strong>hoc</strong></span> <span class='ocrx_word' id='word_1_386' title='bbox 1727 3892 1902 3947; x_wconf 80' lang='lat' dir='ltr'><strong>Solum</strong></span> <span class='ocrx_word' id='word_1_387' title='bbox 1930 3895 2023 3949; x_wconf 87' lang='lat' dir='ltr'><strong>de-</strong></span> 
     </span>
    </p>
   </div>
   <div class='ocr_carea' id='block_1_56' title="bbox 440 3968 2021 4050">
    <p class='ocr_par' dir='ltr' id='par_1_56' title="bbox 440 3968 2021 4050">
     <span class='ocr_line' id='line_1_56' title="bbox 440 3968 2021 4050; baseline 0.009 -27"><span class='ocrx_word' id='word_1_388' title='bbox 440 3968 634 4023; x_wconf 84' lang='lat' dir='ltr'><strong>stinato</strong></span> <span class='ocrx_word' id='word_1_389' title='bbox 660 3968 942 4025; x_wconf 88' lang='lat' dir='ltr'><strong>tabellario</strong></span> <span class='ocrx_word' id='word_1_390' title='bbox 972 3972 1272 4026; x_wconf 90' lang='lat' dir='ltr'><strong>nuntiatum</strong></span> <span class='ocrx_word' id='word_1_391' title='bbox 1307 3989 1412 4030; x_wconf 90' lang='lat' dir='ltr'><strong>non</strong></span> <span class='ocrx_word' id='word_1_392' title='bbox 1441 3978 1616 4032; x_wconf 89' lang='lat' dir='ltr'><strong>minus</strong></span> <span class='ocrx_word' id='word_1_393' title='bbox 1641 3983 1869 4050; x_wconf 83' lang='lat' dir='ltr'><strong>gaudeo.</strong></span> <span class='ocrx_word' id='word_1_394' title='bbox 1892 3983 2021 4038; x_wconf 82' lang='lat' dir='ltr'><strong>Nam</strong></span> 
     </span>
    </p>
   </div>
   <div class='ocr_carea' id='block_1_57' title="bbox 441 4059 2023 4140">
    <p class='ocr_par' dir='ltr' id='par_1_57' title="bbox 441 4059 2023 4140">
     <span class='ocr_line' id='line_1_57' title="bbox 441 4059 2023 4140; baseline 0.01 -26"><span class='ocrx_word' id='word_1_395' title='bbox 441 4059 565 4114; x_wconf 87' lang='lat' dir='ltr'><strong>licet</strong></span> <span class='ocrx_word' id='word_1_396' title='bbox 593 4060 1071 4130; x_wconf 72' lang='lat' dir='ltr'><strong>impraesentiarum</strong></span> <span class='ocrx_word' id='word_1_397' title='bbox 1111 4063 1185 4120; x_wconf 90' lang='lat' dir='ltr'><strong>sis</strong></span> <span class='ocrx_word' id='word_1_398' title='bbox 1216 4065 1526 4134; x_wconf 85' lang='lat' dir='ltr'><strong>petissimus</strong></span> <span class='ocrx_word' id='word_1_399' title='bbox 1568 4072 1939 4140; x_wconf 73' lang='lat' dir='ltr'><strong>magistratus,</strong></span> <span class='ocrx_word' id='word_1_400' title='bbox 1970 4086 2023 4130; x_wconf 91' lang='lat' dir='ltr'><strong>et</strong></span> 
     </span>
    </p>
   </div>
   <div class='ocr_carea' id='block_1_58' title="bbox 441 4149 2025 4231">
    <p class='ocr_par' dir='ltr' id='par_1_58' title="bbox 441 4149 2025 4231">
     <span class='ocr_line' id='line_1_58' title="bbox 441 4149 2025 4231; baseline 0.009 -27"><span class='ocrx_word' id='word_1_401' title='bbox 441 4150 492 4204; x_wconf 92' lang='lat' dir='ltr'><strong>in</strong></span> <span class='ocrx_word' id='word_1_402' title='bbox 529 4151 668 4204; x_wconf 89' lang='lat' dir='ltr'><strong>lares</strong></span> <span class='ocrx_word' id='word_1_403' title='bbox 705 4149 1075 4222; x_wconf 84' lang='lat' dir='ltr'><strong>Philagrianos</strong></span> <span class='ocrx_word' id='word_1_404' title='bbox 1108 4157 1362 4223; x_wconf 87' lang='lat' dir='ltr'><strong>patricius</strong></span> <span class='ocrx_word' id='word_1_405' title='bbox 1409 4172 1544 4227; x_wconf 78' lang='lat' dir='ltr'><strong>apex</strong></span> <span class='ocrx_word' id='word_1_406' title='bbox 1589 4162 1747 4215; x_wconf 90' lang='lat' dir='ltr'><strong>tantis</strong></span> <span class='ocrx_word' id='word_1_407' title='bbox 1779 4173 1899 4231; x_wconf 82' lang='lat' dir='ltr'><strong>post</strong></span> <span class='ocrx_word' id='word_1_408' title='bbox 1923 4180 2025 4218; x_wconf 64' lang='lat' dir='ltr'><strong>sae-</strong></span> 
     </span>
    </p>
   </div>
   <div class='ocr_carea' id='block_1_59' title="bbox 440 4246 2018 4323">
    <p class='ocr_par' dir='ltr' id='par_1_59' title="bbox 440 4246 2018 4323">
     <span class='ocr_line' id='line_1_59' title="bbox 440 4246 2018 4323; baseline 0.011 -27"><span class='ocrx_word' id='word_1_409' title='bbox 440 4248 594 4312; x_wconf 85' lang='lat' dir='ltr'><strong>rnlis,</strong></span> <span class='ocrx_word' id='word_1_410' title='bbox 616 4257 700 4301; x_wconf 91' lang='lat' dir='ltr'><strong>tua</strong></span> <span class='ocrx_word' id='word_1_411' title='bbox 730 4256 932 4302; x_wconf 90' lang='lat' dir='ltr'><strong>tantum</strong></span> <span class='ocrx_word' id='word_1_412' title='bbox 955 4246 1206 4305; x_wconf 84' lang='lat' dir='ltr'><strong>felicitate</strong></span> <span class='ocrx_word' id='word_1_413' title='bbox 1225 4253 1569 4307; x_wconf 83' lang='lat' dir='ltr'><strong>remeaverit:</strong></span> <span class='ocrx_word' id='word_1_414' title='bbox 1592 4254 1797 4309; x_wconf 89' lang='lat' dir='ltr'><strong>invenis</strong></span> <span class='ocrx_word' id='word_1_415' title='bbox 1823 4266 2018 4323; x_wconf 89' lang='lat' dir='ltr'><strong>tamen,</strong></span> 
     </span>
    </p>
   </div>
   <div class='ocr_carea' id='block_1_60' title="bbox 440 4338 2021 4410">
    <p class='ocr_par' dir='ltr' id='par_1_60' title="bbox 440 4338 2021 4410">
     <span class='ocr_line' id='line_1_60' title="bbox 440 4338 2021 4410; baseline 0.009 -19"><span class='ocrx_word' id='word_1_416' title='bbox 440 4338 521 4392; x_wconf 85' lang='lat' dir='ltr'><strong>vir</strong></span> <span class='ocrx_word' id='word_1_417' title='bbox 567 4340 921 4394; x_wconf 75' lang='lat' dir='ltr'><strong>amicitiarum</strong></span> <span class='ocrx_word' id='word_1_418' title='bbox 973 4341 1416 4408; x_wconf 64' lang='lat' dir='ltr'><strong>servantissime,</strong></span> <span class='ocrx_word' id='word_1_419' title='bbox 1474 4344 1704 4410; x_wconf 86' lang='lat' dir='ltr'><strong>qualiter</strong></span> <span class='ocrx_word' id='word_1_420' title='bbox 1761 4347 2021 4405; x_wconf 86' lang='lat' dir='ltr'><strong>henorum</strong></span> 
     </span>
    </p>
   </div>
   <div class='ocr_carea' id='block_1_61' title="bbox 440 4434 2020 4510">
    <p class='ocr_par' dir='ltr' id='par_1_61' title="bbox 440 4434 2020 4510">
     <span class='ocr_line' id='line_1_61' title="bbox 440 4434 2020 4510; baseline 0.01 -28"><span class='ocrx_word' id='word_1_421' title='bbox 440 4441 649 4485; x_wconf 86' lang='lat' dir='ltr'><strong>tuorum</strong></span> <span class='ocrx_word' id='word_1_422' title='bbox 701 4441 909 4487; x_wconf 82' lang='lat' dir='ltr'><strong>crescat</strong></span> <span class='ocrx_word' id='word_1_423' title='bbox 964 4434 1343 4490; x_wconf 87' lang='lat' dir='ltr'><strong>communione</strong></span> <span class='ocrx_word' id='word_1_424' title='bbox 1417 4436 1727 4506; x_wconf 79' lang='lat' dir='ltr'><strong>fastigium,</strong></span> <span class='ocrx_word' id='word_1_425' title='bbox 1793 4456 2020 4510; x_wconf 89' lang='lat' dir='ltr'><strong>raroque</strong></span> 
     </span>
    </p>
   </div>
   <div class='ocr_carea' id='block_1_62' title="bbox 2123 1861 3694 1936">
    <p class='ocr_par' dir='ltr' id='par_1_62' title="bbox 2123 1861 3694 1936">
     <span class='ocr_line' id='line_1_62' title="bbox 2123 1861 3694 1936; baseline 0.002 -17"><span class='ocrx_word' id='word_1_426' title='bbox 2123 1865 2289 1920; x_wconf 89' lang='lat' dir='ltr'><strong>functi</strong></span> <span class='ocrx_word' id='word_1_427' title='bbox 2336 1865 2496 1919; x_wconf 88' lang='lat' dir='ltr'><strong>tiliam</strong></span> <span class='ocrx_word' id='word_1_428' title='bbox 2527 1865 2691 1936; x_wconf 86' lang='lat' dir='ltr'><strong>(quod</strong></span> <span class='ocrx_word' id='word_1_429' title='bbox 2736 1865 2847 1920; x_wconf 91' lang='lat' dir='ltr'><strong>Deo</strong></span> <span class='ocrx_word' id='word_1_430' title='bbox 2894 1872 3245 1934; x_wconf 86' lang='lat' dir='ltr'><strong>prosperante</strong></span> <span class='ocrx_word' id='word_1_431' title='bbox 3281 1861 3557 1931; x_wconf 88' lang='lat' dir='ltr'><strong>succedat)</strong></span> <span class='ocrx_word' id='word_1_432' title='bbox 3583 1861 3694 1922; x_wconf 67' lang='lat' dir='ltr'><strong>licet</strong></span> 
     </span>
    </p>
   </div>
   <div class='ocr_carea' id='block_1_63' title="bbox 2124 1954 3690 2027">
    <p class='ocr_par' dir='ltr' id='par_1_63' title="bbox 2124 1954 3690 2027">
     <span class='ocr_line' id='line_1_63' title="bbox 2124 1954 3690 2027; baseline -0.001 -16"><span class='ocrx_word' id='word_1_433' title='bbox 2124 1956 2177 2011; x_wconf 93' lang='lat' dir='ltr'><strong>in</strong></span> <span class='ocrx_word' id='word_1_434' title='bbox 2204 1956 2508 2027; x_wconf 73' lang='lat' dir='ltr'><strong>coniugium</strong></span> <span class='ocrx_word' id='word_1_435' title='bbox 2527 1958 2757 2027; x_wconf 80' lang='lat' dir='ltr'><strong>petierit,</strong></span> <span class='ocrx_word' id='word_1_436' title='bbox 2784 1956 3183 2025; x_wconf 89' lang='lat' dir='ltr'><strong>obtinueritque</strong></span> <span class='ocrx_word' id='word_1_437' title='bbox 3202 1971 3233 2011; x_wconf 88' lang='lat' dir='ltr'><strong>a</strong></span> <span class='ocrx_word' id='word_1_438' title='bbox 3258 1965 3431 2010; x_wconf 88' lang='lat' dir='ltr'><strong>matre</strong></span> <span class='ocrx_word' id='word_1_439' title='bbox 3454 1954 3690 2025; x_wconf 62' lang='lat' dir='ltr'><strong>pupillas;</strong></span> 
     </span>
    </p>
   </div>
   <div class='ocr_carea' id='block_1_64' title="bbox 2122 2056 3692 2120">
    <p class='ocr_par' dir='ltr' id='par_1_64' title="bbox 2122 2056 3692 2120">
     <span class='ocr_line' id='line_1_64' title="bbox 2122 2056 3692 2120; baseline 0.001 -18"><span class='ocrx_word' id='word_1_440' title='bbox 2122 2064 2310 2120; x_wconf 90' lang='lat' dir='ltr'><strong>parum</strong></span> <span class='ocrx_word' id='word_1_441' title='bbox 2358 2060 2533 2104; x_wconf 88' lang='lat' dir='ltr'><strong>tamen</strong></span> <span class='ocrx_word' id='word_1_442' title='bbox 2575 2057 2824 2104; x_wconf 87' lang='lat' dir='ltr'><strong>votorum</strong></span> <span class='ocrx_word' id='word_1_443' title='bbox 2877 2062 3099 2103; x_wconf 88' lang='lat' dir='ltr'><strong>suorum</strong></span> <span class='ocrx_word' id='word_1_444' title='bbox 3156 2058 3465 2117; x_wconf 85' lang='lat' dir='ltr'><strong>promotum</strong></span> <span class='ocrx_word' id='word_1_445' title='bbox 3520 2056 3692 2103; x_wconf 80' lang='lat' dir='ltr'><strong>censet</strong></span> 
     </span>
    </p>
   </div>
   <div class='ocr_carea' id='block_1_65' title="bbox 2123 2141 3691 2211">
    <p class='ocr_par' dir='ltr' id='par_1_65' title="bbox 2123 2141 3691 2211">
     <span class='ocr_line' id='line_1_65' title="bbox 2123 2141 3691 2211; baseline -0.004 -11"><span class='ocrx_word' id='word_1_446' title='bbox 2123 2142 2400 2210; x_wconf 87' lang='lat' dir='ltr'><strong>effectum,</strong></span> <span class='ocrx_word' id='word_1_447' title='bbox 2449 2142 2550 2196; x_wconf 88' lang='lat' dir='ltr'><strong>nisi</strong></span> <span class='ocrx_word' id='word_1_448' title='bbox 2592 2156 2868 2197; x_wconf 89' lang='lat' dir='ltr'><strong>assensum</strong></span> <span class='ocrx_word' id='word_1_449' title='bbox 2910 2151 3068 2196; x_wconf 83' lang='lat' dir='ltr'><strong>tuum</strong></span> <span class='ocrx_word' id='word_1_450' title='bbox 3099 2155 3265 2211; x_wconf 89' lang='lat' dir='ltr'><strong>super</strong></span> <span class='ocrx_word' id='word_1_451' title='bbox 3308 2142 3392 2196; x_wconf 90' lang='lat' dir='ltr'><strong>bis</strong></span> <span class='ocrx_word' id='word_1_452' title='bbox 3421 2141 3691 2209; x_wconf 82' lang='lat' dir='ltr'><strong>omnibus,</strong></span> 
     </span>
    </p>
   </div>
   <div class='ocr_carea' id='block_1_66' title="bbox 2123 2232 3693 2302">
    <p class='ocr_par' dir='ltr' id='par_1_66' title="bbox 2123 2232 3693 2302">
     <span class='ocr_line' id='line_1_66' title="bbox 2123 2232 3693 2302; baseline 0 -15"><span class='ocrx_word' id='word_1_453' title='bbox 2123 2247 2216 2289; x_wconf 90' lang='lat' dir='ltr'><strong>seu</strong></span> <span class='ocrx_word' id='word_1_454' title='bbox 2240 2232 2521 2287; x_wconf 81' lang='lat' dir='ltr'><strong>sedulitate</strong></span> <span class='ocrx_word' id='word_1_455' title='bbox 2548 2247 2665 2298; x_wconf 88' lang='lat' dir='ltr'><strong>sua,</strong></span> <span class='ocrx_word' id='word_1_456' title='bbox 2694 2247 2790 2286; x_wconf 87' lang='lat' dir='ltr'><strong>seu</strong></span> <span class='ocrx_word' id='word_1_457' title='bbox 2812 2241 3029 2302; x_wconf 90' lang='lat' dir='ltr'><strong>precatu</strong></span> <span class='ocrx_word' id='word_1_458' title='bbox 3074 2241 3275 2288; x_wconf 64' lang='lat' dir='ltr'><strong>nostra</strong></span> <span class='ocrx_word' id='word_1_459' title='bbox 3301 2232 3693 2287; x_wconf 84' lang='lat' dir='ltr'><strong>intercessionis</strong></span> 
     </span>
    </p>
   </div>
   <div class='ocr_carea' id='block_1_67' title="bbox 2123 2323 3693 2394">
    <p class='ocr_par' dir='ltr' id='par_1_67' title="bbox 2123 2323 3693 2394">
     <span class='ocr_line' id='line_1_67' title="bbox 2123 2323 3693 2394; baseline -0.002 -15"><span class='ocrx_word' id='word_1_460' title='bbox 2123 2324 2458 2391; x_wconf 87' lang='lat' dir='ltr'><strong>adipiscitur.</strong></span> <span class='ocrx_word' id='word_1_461' title='bbox 2483 2324 2724 2394; x_wconf 79' lang='lat' dir='ltr'><strong>Namque</strong></span> <span class='ocrx_word' id='word_1_462' title='bbox 2770 2323 2886 2393; x_wconf 89' lang='lat' dir='ltr'><strong>ipse</strong></span> <span class='ocrx_word' id='word_1_463' title='bbox 2918 2332 3172 2393; x_wconf 88' lang='lat' dir='ltr'><strong>quantum</strong></span> <span class='ocrx_word' id='word_1_464' title='bbox 3206 2324 3270 2377; x_wconf 89' lang='lat' dir='ltr'><strong>ad</strong></span> <span class='ocrx_word' id='word_1_465' title='bbox 3315 2323 3693 2377; x_wconf 87' lang='lat' dir='ltr'><strong>institutionem</strong></span> 
     </span>
    </p>
   </div>
   <div class='ocr_carea' id='block_1_68' title="bbox 2124 2414 3693 2486">
    <p class='ocr_par' dir='ltr' id='par_1_68' title="bbox 2124 2414 3693 2486">
     <span class='ocr_line' id='line_1_68' title="bbox 2124 2414 3693 2486; baseline -0.003 -15"><span class='ocrx_word' id='word_1_466' title='bbox 2124 2424 2329 2486; x_wconf 84' lang='lat' dir='ltr'><strong>spectat</strong></span> <span class='ocrx_word' id='word_1_467' title='bbox 2359 2415 2547 2485; x_wconf 73' lang='lat' dir='ltr'><strong>puella:</strong></span> <span class='ocrx_word' id='word_1_468' title='bbox 2593 2415 2644 2469; x_wconf 93' lang='lat' dir='ltr'><strong>in</strong></span> <span class='ocrx_word' id='word_1_469' title='bbox 2684 2414 2791 2485; x_wconf 54' lang='lat'><strong>[‘3</strong></span> <span class='ocrx_word' id='word_1_470' title='bbox 2820 2415 2995 2470; x_wconf 89' lang='lat' dir='ltr'><strong>locum</strong></span> <span class='ocrx_word' id='word_1_471' title='bbox 3028 2414 3225 2469; x_wconf 86' lang='lat' dir='ltr'><strong>mortui</strong></span> <span class='ocrx_word' id='word_1_472' title='bbox 3264 2414 3430 2484; x_wconf 89' lang='lat' dir='ltr'><strong>patris</strong></span> <span class='ocrx_word' id='word_1_473' title='bbox 3460 2430 3693 2469; x_wconf 88' lang='lat' dir='ltr'><strong>curarum</strong></span> 
     </span>
    </p>
   </div>
   <div class='ocr_carea' id='block_1_69' title="bbox 2125 2507 3693 2579">
    <p class='ocr_par' dir='ltr' id='par_1_69' title="bbox 2125 2507 3693 2579">
     <span class='ocr_line' id='line_1_69' title="bbox 2125 2507 3693 2579; baseline -0.001 -17"><span class='ocrx_word' id='word_1_474' title='bbox 2125 2508 2530 2579; x_wconf 88' lang='lat' dir='ltr'><strong>participatione</strong></span> <span class='ocrx_word' id='word_1_475' title='bbox 2569 2507 2850 2575; x_wconf 89' lang='lat' dir='ltr'><strong>succedis,</strong></span> <span class='ocrx_word' id='word_1_476' title='bbox 2875 2507 3202 2562; x_wconf 88' lang='lat' dir='ltr'><strong>conferendo</strong></span> <span class='ocrx_word' id='word_1_477' title='bbox 3243 2508 3438 2573; x_wconf 77' lang='lat' dir='ltr'><strong>virgini</strong></span> <span class='ocrx_word' id='word_1_478' title='bbox 3474 2509 3693 2578; x_wconf 85' lang='lat' dir='ltr'><strong>parentis</strong></span> 
     </span>
    </p>
   </div>
   <div class='ocr_carea' id='block_1_70' title="bbox 2124 2600 3692 2671">
    <p class='ocr_par' dir='ltr' id='par_1_70' title="bbox 2124 2600 3692 2671">
     <span class='ocr_line' id='line_1_70' title="bbox 2124 2600 3692 2671; baseline -0.003 -16"><span class='ocrx_word' id='word_1_479' title='bbox 2124 2600 2391 2661; x_wconf 78' lang='lat' dir='ltr'><strong>affectum,</strong></span> <span class='ocrx_word' id='word_1_480' title='bbox 2417 2600 2626 2671; x_wconf 90' lang='lat' dir='ltr'><strong>patroni</strong></span> <span class='ocrx_word' id='word_1_481' title='bbox 2655 2600 3052 2665; x_wconf 87' lang='lat' dir='ltr'><strong>auctoritatem,</strong></span> <span class='ocrx_word' id='word_1_482' title='bbox 3085 2600 3276 2655; x_wconf 90' lang='lat' dir='ltr'><strong>tutoris</strong></span> <span class='ocrx_word' id='word_1_483' title='bbox 3297 2600 3692 2668; x_wconf 85' lang='lat' dir='ltr'><strong>efficium.Quo-</strong></span> 
     </span>
    </p>
   </div>
   <div class='ocr_carea' id='block_1_71' title="bbox 2124 2690 3692 2761">
    <p class='ocr_par' dir='ltr' id='par_1_71' title="bbox 2124 2690 3692 2761">
     <span class='ocr_line' id='line_1_71' title="bbox 2124 2690 3692 2761; baseline -0.003 -14"><span class='ocrx_word' id='word_1_484' title='bbox 2124 2692 2268 2747; x_wconf 88' lang='lat' dir='ltr'><strong>circa</strong></span> <span class='ocrx_word' id='word_1_485' title='bbox 2316 2692 2437 2761; x_wconf 85' lang='lat' dir='ltr'><strong>quia</strong></span> <span class='ocrx_word' id='word_1_486' title='bbox 2496 2691 2686 2761; x_wconf 82' lang='lat' dir='ltr'><strong>dignus</strong></span> <span class='ocrx_word' id='word_1_487' title='bbox 2723 2706 2782 2746; x_wconf 92' lang='lat' dir='ltr'><strong>es</strong></span> <span class='ocrx_word' id='word_1_488' title='bbox 2824 2698 2882 2746; x_wconf 90' lang='lat' dir='ltr'><strong>ut</strong></span> <span class='ocrx_word' id='word_1_489' title='bbox 2917 2690 3111 2745; x_wconf 89' lang='lat' dir='ltr'><strong>domus</strong></span> <span class='ocrx_word' id='word_1_490' title='bbox 3152 2699 3256 2745; x_wconf 84' lang='lat' dir='ltr'><strong>tuae</strong></span> <span class='ocrx_word' id='word_1_491' title='bbox 3297 2691 3692 2745; x_wconf 80' lang='lat' dir='ltr'><strong>celeberrimam</strong></span> 
     </span>
    </p>
   </div>
   <div class='ocr_carea' id='block_1_72' title="bbox 2124 2783 3692 2855">
    <p class='ocr_par' dir='ltr' id='par_1_72' title="bbox 2124 2783 3692 2855">
     <span class='ocr_line' id='line_1_72' title="bbox 2124 2783 3692 2855; baseline -0.005 -14"><span class='ocrx_word' id='word_1_492' title='bbox 2124 2786 2485 2855; x_wconf 89' lang='lat' dir='ltr'><strong>disciplinam,</strong></span> <span class='ocrx_word' id='word_1_493' title='bbox 2511 2785 2670 2841; x_wconf 89' lang='lat' dir='ltr'><strong>etiam</strong></span> <span class='ocrx_word' id='word_1_494' title='bbox 2712 2784 2899 2854; x_wconf 92' lang='lat' dir='ltr'><strong>procul</strong></span> <span class='ocrx_word' id='word_1_495' title='bbox 2943 2786 3237 2855; x_wconf 91' lang='lat' dir='ltr'><strong>positorum</strong></span> <span class='ocrx_word' id='word_1_496' title='bbox 3270 2792 3415 2853; x_wconf 80' lang='lat' dir='ltr'><strong>petat</strong></span> <span class='ocrx_word' id='word_1_497' title='bbox 3452 2783 3692 2848; x_wconf 77' lang='lat' dir='ltr'><strong>ambitus,</strong></span> 
     </span>
    </p>
   </div>
   <div class='ocr_carea' id='block_1_73' title="bbox 2124 2873 3696 2945">
    <p class='ocr_par' dir='ltr' id='par_1_73' title="bbox 2124 2873 3696 2945">
     <span class='ocr_line' id='line_1_73' title="bbox 2124 2873 3696 2945; baseline -0.003 -14"><span class='ocrx_word' id='word_1_498' title='bbox 2124 2876 2265 2932; x_wconf 84' lang='lat' dir='ltr'><strong>sicut</strong></span> <span class='ocrx_word' id='word_1_499' title='bbox 2308 2876 2464 2932; x_wconf 90' lang='lat' dir='ltr'><strong>decet</strong></span> <span class='ocrx_word' id='word_1_500' title='bbox 2504 2876 2766 2930; x_wconf 90' lang='lat' dir='ltr'><strong>bonarum</strong></span> <span class='ocrx_word' id='word_1_501' title='bbox 2798 2875 3029 2945; x_wconf 87' lang='lat' dir='ltr'><strong>partium</strong></span> <span class='ocrx_word' id='word_1_502' title='bbox 3064 2874 3231 2943; x_wconf 83' lang='lat' dir='ltr'><strong>viros,</strong></span> <span class='ocrx_word' id='word_1_503' title='bbox 3261 2873 3594 2944; x_wconf 86' lang='lat' dir='ltr'><strong>benignitate</strong></span> <span class='ocrx_word' id='word_1_504' title='bbox 3620 2888 3696 2927; x_wconf 85' lang='lat' dir='ltr'><strong>re-</strong></span> 
     </span>
    </p>
   </div>
   <div class='ocr_carea' id='block_1_74' title="bbox 2124 2966 3693 3040">
    <p class='ocr_par' dir='ltr' id='par_1_74' title="bbox 2124 2966 3693 3040">
     <span class='ocr_line' id='line_1_74' title="bbox 2124 2966 3693 3040; baseline -0.002 -17"><span class='ocrx_word' id='word_1_505' title='bbox 2124 2970 2309 3037; x_wconf 91' lang='lat' dir='ltr'><strong>sponsi</strong></span> <span class='ocrx_word' id='word_1_506' title='bbox 2332 2969 2481 3040; x_wconf 91' lang='lat' dir='ltr'><strong>proci</strong></span> <span class='ocrx_word' id='word_1_507' title='bbox 2506 2968 2764 3038; x_wconf 89' lang='lat' dir='ltr'><strong>supplicis</strong></span> <span class='ocrx_word' id='word_1_508' title='bbox 2795 2967 3171 3023; x_wconf 90' lang='lat' dir='ltr'><strong>verecundiam</strong></span> <span class='ocrx_word' id='word_1_509' title='bbox 3198 2982 3519 3032; x_wconf 87' lang='lat' dir='ltr'><strong>munerare;</strong></span> <span class='ocrx_word' id='word_1_510' title='bbox 3545 2974 3595 3020; x_wconf 91' lang='lat' dir='ltr'><strong>et</strong></span> <span class='ocrx_word' id='word_1_511' title='bbox 3614 2966 3693 3034; x_wconf 87' lang='lat' dir='ltr'><strong>qui</strong></span> 
     </span>
    </p>
   </div>
   <div class='ocr_carea' id='block_1_75' title="bbox 2125 3059 3694 3131">
    <p class='ocr_par' dir='ltr' id='par_1_75' title="bbox 2125 3059 3694 3131">
     <span class='ocr_line' id='line_1_75' title="bbox 2125 3059 3694 3131; baseline -0.003 -16"><span class='ocrx_word' id='word_1_512' title='bbox 2125 3059 2197 3115; x_wconf 92' lang='lat' dir='ltr'><strong>ita</strong></span> <span class='ocrx_word' id='word_1_513' title='bbox 2254 3062 2519 3131; x_wconf 84' lang='lat' dir='ltr'><strong>expetitus</strong></span> <span class='ocrx_word' id='word_1_514' title='bbox 2571 3060 2796 3115; x_wconf 89' lang='lat' dir='ltr'><strong>deberes</strong></span> <span class='ocrx_word' id='word_1_515' title='bbox 2856 3060 2931 3115; x_wconf 89' lang='lat' dir='ltr'><strong>illi</strong></span> <span class='ocrx_word' id='word_1_516' title='bbox 2991 3068 3244 3129; x_wconf 83' lang='lat' dir='ltr'><strong>expetere</strong></span> <span class='ocrx_word' id='word_1_517' title='bbox 3306 3059 3694 3130; x_wconf 83' lang='lat' dir='ltr'><strong>pollicendam,</strong></span> 
     </span>
    </p>
   </div>
   <div class='ocr_carea' id='block_1_76' title="bbox 3122 3151 3696 3221">
    <p class='ocr_par' dir='ltr' id='par_1_76' title="bbox 3122 3151 3696 3221">
     <span class='ocr_line' id='line_1_76' title="bbox 3122 3151 3696 3221; baseline -0.012 -14"><span class='ocrx_word' id='word_1_518' title='bbox 3122 3152 3245 3221; x_wconf 90' lang='lat' dir='ltr'><strong>quia</strong></span> <span class='ocrx_word' id='word_1_519' title='bbox 3295 3152 3373 3207; x_wconf 90' lang='lat' dir='ltr'><strong>sic</strong></span> <span class='ocrx_word' id='word_1_520' title='bbox 3422 3160 3477 3207; x_wconf 91' lang='lat' dir='ltr'><strong>te</strong></span> <span class='ocrx_word' id='word_1_521' title='bbox 3526 3151 3696 3205; x_wconf 81' lang='lat' dir='ltr'><strong>condi-</strong></span> 
     </span>
    </p>
   </div>
   <div class='ocr_carea' id='block_1_77' title="bbox 2125 3242 3697 3312">
    <p class='ocr_par' dir='ltr' id='par_1_77' title="bbox 2125 3242 3697 3312">
     <span class='ocr_line' id='line_1_77' title="bbox 2125 3242 3697 3312; baseline -0.002 -15"><span class='ocrx_word' id='word_1_522' title='bbox 2125 3242 2255 3298; x_wconf 89' lang='lat' dir='ltr'><strong>tioni</strong></span> <span class='ocrx_word' id='word_1_523' title='bbox 2305 3243 2427 3298; x_wconf 92' lang='lat' dir='ltr'><strong>huic</strong></span> <span class='ocrx_word' id='word_1_524' title='bbox 2479 3244 2796 3299; x_wconf 89' lang='lat' dir='ltr'><strong>meritorum</strong></span> <span class='ocrx_word' id='word_1_525' title='bbox 2844 3244 2983 3298; x_wconf 88' lang='lat' dir='ltr'><strong>ratio</strong></span> <span class='ocrx_word' id='word_1_526' title='bbox 3032 3244 3267 3312; x_wconf 72' lang='lat' dir='ltr'><strong>priefecit</strong></span> <span class='ocrx_word' id='word_1_527' title='bbox 3296 3284 3311 3307; x_wconf 92' lang='lat'><strong>,</strong></span> <span class='ocrx_word' id='word_1_528' title='bbox 3367 3250 3425 3297; x_wconf 89' lang='lat' dir='ltr'><strong>ut</strong></span> <span class='ocrx_word' id='word_1_529' title='bbox 3480 3258 3578 3297; x_wconf 88' lang='lat' dir='ltr'><strong>nec</strong></span> <span class='ocrx_word' id='word_1_530' title='bbox 3619 3257 3697 3295; x_wconf 87' lang='lat' dir='ltr'><strong>su-</strong></span> 
     </span>
    </p>
   </div>
   <div class='ocr_carea' id='block_1_78' title="bbox 2126 3336 3695 3409">
    <p class='ocr_par' dir='ltr' id='par_1_78' title="bbox 2126 3336 3695 3409">
     <span class='ocr_line' id='line_1_78' title="bbox 2126 3336 3695 3409; baseline -0.001 -19"><span class='ocrx_word' id='word_1_531' title='bbox 2126 3337 2335 3405; x_wconf 89' lang='lat' dir='ltr'><strong>perstiti</strong></span> <span class='ocrx_word' id='word_1_532' title='bbox 2366 3337 2619 3407; x_wconf 85' lang='lat' dir='ltr'><strong>Optantio</strong></span> <span class='ocrx_word' id='word_1_533' title='bbox 2648 3337 2704 3393; x_wconf 90' lang='lat' dir='ltr'><strong>in</strong></span> <span class='ocrx_word' id='word_1_534' title='bbox 2734 3337 2932 3394; x_wconf 82' lang='lat' dir='ltr'><strong>liberos</strong></span> <span class='ocrx_word' id='word_1_535' title='bbox 2957 3352 3082 3394; x_wconf 90' lang='lat' dir='ltr'><strong>suos</strong></span> <span class='ocrx_word' id='word_1_536' title='bbox 3106 3337 3346 3393; x_wconf 87' lang='lat' dir='ltr'><strong>decuerit</strong></span> <span class='ocrx_word' id='word_1_537' title='bbox 3372 3336 3495 3409; x_wconf 88' lang='lat' dir='ltr'><strong>plus</strong></span> <span class='ocrx_word' id='word_1_538' title='bbox 3524 3338 3695 3392; x_wconf 78' lang='lat' dir='ltr'><strong>licere.</strong></span> 
     </span>
    </p>
   </div>
   <div class='ocr_carea' id='block_1_79' title="bbox 2127 3428 2274 3485">
    <p class='ocr_par' dir='ltr' id='par_1_79' title="bbox 2127 3428 2274 3485">
     <span class='ocr_line' id='line_1_79' title="bbox 2127 3428 2274 3485; baseline -0.02 0"><span class='ocrx_word' id='word_1_539' title='bbox 2127 3428 2274 3485; x_wconf 70' lang='grc' dir='ltr'><strong>νςίιε.</strong></span> 
     </span>
    </p>
   </div>
   <div class='ocr_carea' id='block_1_80' title="bbox 2692 3520 3128 3578">
    <p class='ocr_par' dir='ltr' id='par_1_80' title="bbox 2692 3520 3128 3578">
     <span class='ocr_line' id='line_1_80' title="bbox 2692 3520 3128 3578; baseline -0.002 -1"><span class='ocrx_word' id='word_1_540' title='bbox 2692 3520 3021 3578; x_wconf 80' lang='lat' dir='ltr'><strong>EPISTOLA</strong></span> <span class='ocrx_word' id='word_1_541' title='bbox 3064 3522 3128 3577; x_wconf 71' lang='grc' dir='ltr'><strong>ν.</strong></span> 
     </span>
    </p>
   </div>
   <div class='ocr_carea' id='block_1_81' title="bbox 2478 3614 3365 3671">
    <p class='ocr_par' dir='ltr' id='par_1_81' title="bbox 2478 3614 3365 3671">
     <span class='ocr_line' id='line_1_81' title="bbox 2478 3614 3365 3671; baseline -0.001 0"><span class='ocrx_word' id='word_1_542' title='bbox 2478 3614 2726 3671; x_wconf 81' lang='lat' dir='ltr'><strong>Sidonius</strong></span> <span class='ocrx_word' id='word_1_543' title='bbox 2760 3615 2998 3669; x_wconf 81' lang='lat' dir='ltr'><strong>Petronio</strong></span> <span class='ocrx_word' id='word_1_544' title='bbox 3017 3633 3109 3671; x_wconf 80' lang='lat' dir='ltr'><strong>suo</strong></span> <span class='ocrx_word' id='word_1_545' title='bbox 3130 3616 3365 3670; x_wconf 72' lang='lat' dir='ltr'><strong>salutem.</strong></span> 
     </span>
    </p>
   </div>
   <div class='ocr_carea' id='block_1_82' title="bbox 2196 3707 3694 3778">
    <p class='ocr_par' dir='ltr' id='par_1_82' title="bbox 2196 3707 3694 3778">
     <span class='ocr_line' id='line_1_82' title="bbox 2196 3707 3694 3778; baseline -0.001 -17"><span class='ocrx_word' id='word_1_546' title='bbox 2196 3707 2430 3761; x_wconf 85' lang='lat' dir='ltr'><strong>Joannes</strong></span> <span class='ocrx_word' id='word_1_547' title='bbox 2477 3707 2755 3760; x_wconf 77' lang='lat' dir='ltr'><strong>familiaris</strong></span> <span class='ocrx_word' id='word_1_548' title='bbox 2806 3722 2956 3763; x_wconf 79' lang='lat' dir='ltr'><strong>meus</strong></span> <span class='ocrx_word' id='word_1_549' title='bbox 3000 3709 3419 3763; x_wconf 80' lang='lat' dir='ltr'><strong>inextricabilem</strong></span> <span class='ocrx_word' id='word_1_550' title='bbox 3466 3708 3694 3778; x_wconf 79' lang='lat' dir='ltr'><strong>labyrin-</strong></span> 
     </span>
    </p>
   </div>
   <div class='ocr_carea' id='block_1_83' title="bbox 2125 3796 3697 3867">
    <p class='ocr_par' dir='ltr' id='par_1_83' title="bbox 2125 3796 3697 3867">
     <span class='ocr_line' id='line_1_83' title="bbox 2125 3796 3697 3867; baseline 0.002 -17"><span class='ocrx_word' id='word_1_551' title='bbox 2125 3796 2272 3850; x_wconf 91' lang='lat' dir='ltr'><strong>thum</strong></span> <span class='ocrx_word' id='word_1_552' title='bbox 2296 3796 2494 3866; x_wconf 89' lang='lat' dir='ltr'><strong>negot.i</strong></span> <span class='ocrx_word' id='word_1_553' title='bbox 2536 3797 2846 3867; x_wconf 72' lang='lat' dir='ltr'><strong>multipchis</strong></span> <span class='ocrx_word' id='word_1_554' title='bbox 2877 3797 3122 3865; x_wconf 90' lang='lat' dir='ltr'><strong>incurrit,</strong></span> <span class='ocrx_word' id='word_1_555' title='bbox 3173 3810 3228 3855; x_wconf 91' lang='lat' dir='ltr'><strong>et</strong></span> <span class='ocrx_word' id='word_1_556' title='bbox 3272 3800 3442 3853; x_wconf 87' lang='lat' dir='ltr'><strong>donec</strong></span> <span class='ocrx_word' id='word_1_557' title='bbox 3490 3816 3697 3853; x_wconf 87' lang='lat' dir='ltr'><strong>suarum</strong></span> 
     </span>
    </p>
   </div>
   <div class='ocr_carea' id='block_1_84' title="bbox 2125 3889 3697 3964">
    <p class='ocr_par' dir='ltr' id='par_1_84' title="bbox 2125 3889 3697 3964">
     <span class='ocr_line' id='line_1_84' title="bbox 2125 3889 3697 3964; baseline 0.004 -23"><span class='ocrx_word' id='word_1_558' title='bbox 2125 3889 2314 3943; x_wconf 86' lang='lat' dir='ltr'><strong>merita</strong></span> <span class='ocrx_word' id='word_1_559' title='bbox 2345 3891 2668 3956; x_wconf 83' lang='lat' dir='ltr'><strong>chartarum,</strong></span> <span class='ocrx_word' id='word_1_560' title='bbox 2698 3891 2780 3945; x_wconf 81' lang='lat' dir='ltr'><strong>Vel</strong></span> <span class='ocrx_word' id='word_1_561' title='bbox 2804 3902 2979 3946; x_wconf 72' lang='lat' dir='ltr'><strong>vestra</strong></span> <span class='ocrx_word' id='word_1_562' title='bbox 3007 3892 3247 3960; x_wconf 86' lang='lat' dir='ltr'><strong>scientia,</strong></span> <span class='ocrx_word' id='word_1_563' title='bbox 3278 3893 3362 3948; x_wconf 90' lang='lat' dir='ltr'><strong>vel</strong></span> <span class='ocrx_word' id='word_1_564' title='bbox 3412 3893 3457 3947; x_wconf 88' lang='lat' dir='ltr'><strong>si</strong></span> <span class='ocrx_word' id='word_1_565' title='bbox 3498 3909 3597 3964; x_wconf 90' lang='lat' dir='ltr'><strong>qua</strong></span> <span class='ocrx_word' id='word_1_566' title='bbox 3623 3904 3697 3947; x_wconf 87' lang='lat' dir='ltr'><strong>est</strong></span> 
     </span>
    </p>
   </div>
   <div class='ocr_carea' id='block_1_85' title="bbox 2123 3981 3698 4056">
    <p class='ocr_par' dir='ltr' id='par_1_85' title="bbox 2123 3981 3698 4056">
     <span class='ocr_line' id='line_1_85' title="bbox 2123 3981 3698 4056; baseline 0.004 -21"><span class='ocrx_word' id='word_1_567' title='bbox 2123 3990 2337 4046; x_wconf 68' lang='lat' dir='ltr'><strong>vestrm,</strong></span> <span class='ocrx_word' id='word_1_568' title='bbox 2360 3981 2403 4035; x_wconf 88' lang='lat' dir='ltr'><strong>si</strong></span> <span class='ocrx_word' id='word_1_569' title='bbox 2436 3992 2610 4035; x_wconf 83' lang='lat' dir='ltr'><strong>tamen</strong></span> <span class='ocrx_word' id='word_1_570' title='bbox 2638 3993 2719 4037; x_wconf 82' lang='lat' dir='ltr'><strong>est</strong></span> <span class='ocrx_word' id='word_1_571' title='bbox 2748 3983 2874 4049; x_wconf 89' lang='lat' dir='ltr'><strong>ulla,</strong></span> <span class='ocrx_word' id='word_1_572' title='bbox 2899 3984 3088 4039; x_wconf 85' lang='lat' dir='ltr'><strong>similis</strong></span> <span class='ocrx_word' id='word_1_573' title='bbox 3108 3984 3426 4054; x_wconf 81' lang='lat' dir='ltr'><strong>inspexerit,</strong></span> <span class='ocrx_word' id='word_1_574' title='bbox 3456 3986 3584 4056; x_wconf 86' lang='lat' dir='ltr'><strong>quid</strong></span> <span class='ocrx_word' id='word_1_575' title='bbox 3618 4001 3698 4041; x_wconf 87' lang='lat' dir='ltr'><strong>re-</strong></span> 
     </span>
    </p>
   </div>
   <div class='ocr_carea' id='block_1_86' title="bbox 2124 4074 3698 4147">
    <p class='ocr_par' dir='ltr' id='par_1_86' title="bbox 2124 4074 3698 4147">
     <span class='ocr_line' id='line_1_86' title="bbox 2124 4074 3698 4147; baseline 0.003 -20"><span class='ocrx_word' id='word_1_576' title='bbox 2124 4080 2281 4139; x_wconf 74' lang='lat' dir='ltr'><strong>Spuat</strong></span> <span class='ocrx_word' id='word_1_577' title='bbox 2331 4074 2526 4143; x_wconf 72' lang='lat' dir='ltr'><strong>quidve</strong></span> <span class='ocrx_word' id='word_1_578' title='bbox 2572 4084 2719 4144; x_wconf 87' lang='lat' dir='ltr'><strong>optet</strong></span> <span class='ocrx_word' id='word_1_579' title='bbox 2763 4076 2991 4146; x_wconf 77' lang='lat' dir='ltr'><strong>ignorat.</strong></span> <span class='ocrx_word' id='word_1_580' title='bbox 3047 4076 3119 4130; x_wconf 90' lang='lat' dir='ltr'><strong>Ita</strong></span> <span class='ocrx_word' id='word_1_581' title='bbox 3162 4093 3221 4132; x_wconf 87' lang='lat' dir='ltr'><strong>se</strong></span> <span class='ocrx_word' id='word_1_582' title='bbox 3262 4079 3495 4147; x_wconf 53' lang='lat' dir='ltr'><strong>quodam</strong></span> <span class='ocrx_word' id='word_1_583' title='bbox 3547 4079 3698 4132; x_wconf 87' lang='lat' dir='ltr'><strong>modo</strong></span> 
     </span>
    </p>
   </div>
   <div class='ocr_carea' id='block_1_87' title="bbox 2126 4162 3696 4238">
    <p class='ocr_par' dir='ltr' id='par_1_87' title="bbox 2126 4162 3696 4238">
     <span class='ocr_line' id='line_1_87' title="bbox 2126 4162 3696 4238; baseline 0.002 -22"><span class='ocrx_word' id='word_1_584' title='bbox 2126 4162 2392 4233; x_wconf 65' lang='lat' dir='ltr'><strong>bipertitae</strong></span> <span class='ocrx_word' id='word_1_585' title='bbox 2444 4167 2548 4220; x_wconf 89' lang='lat' dir='ltr'><strong>litis</strong></span> <span class='ocrx_word' id='word_1_586' title='bbox 2592 4168 2760 4221; x_wconf 87' lang='lat' dir='ltr'><strong>forma</strong></span> <span class='ocrx_word' id='word_1_587' title='bbox 2809 4167 3105 4233; x_wconf 89' lang='lat' dir='ltr'><strong>confundit,</strong></span> <span class='ocrx_word' id='word_1_588' title='bbox 3149 4179 3209 4223; x_wconf 89' lang='lat' dir='ltr'><strong>ut</strong></span> <span class='ocrx_word' id='word_1_589' title='bbox 3252 4170 3548 4238; x_wconf 80' lang='lat' dir='ltr'><strong>propositio</strong></span> <span class='ocrx_word' id='word_1_590' title='bbox 3586 4184 3696 4233; x_wconf 80' lang='lat' dir='ltr'><strong>sua,</strong></span> 
     </span>
    </p>
   </div>
   <div class='ocr_carea' id='block_1_88' title="bbox 2124 4257 3697 4330">
    <p class='ocr_par' dir='ltr' id='par_1_88' title="bbox 2124 4257 3697 4330">
     <span class='ocr_line' id='line_1_88' title="bbox 2124 4257 3697 4330; baseline 0.001 -21"><span class='ocrx_word' id='word_1_591' title='bbox 2124 4271 2282 4325; x_wconf 89' lang='lat' dir='ltr'><strong>quem</strong></span> <span class='ocrx_word' id='word_1_592' title='bbox 2310 4257 2536 4313; x_wconf 68' lang='lat' dir='ltr'><strong>actibuis</strong></span> <span class='ocrx_word' id='word_1_593' title='bbox 2563 4258 2804 4312; x_wconf 88' lang='lat' dir='ltr'><strong>ordinem</strong></span> <span class='ocrx_word' id='word_1_594' title='bbox 2838 4270 3253 4329; x_wconf 84' lang='lat' dir='ltr'><strong>prepugnatura,</strong></span> <span class='ocrx_word' id='word_1_595' title='bbox 3301 4276 3460 4330; x_wconf 90' lang='lat' dir='ltr'><strong>quem</strong></span> <span class='ocrx_word' id='word_1_596' title='bbox 3500 4262 3563 4315; x_wconf 85' lang='lat' dir='ltr'><strong>sit</strong></span> <span class='ocrx_word' id='word_1_597' title='bbox 3600 4260 3697 4314; x_wconf 87' lang='lat' dir='ltr'><strong>im-</strong></span> 
     </span>
    </p>
   </div>
   <div class='ocr_carea' id='block_1_89' title="bbox 2127 4349 3698 4421">
    <p class='ocr_par' dir='ltr' id='par_1_89' title="bbox 2127 4349 3698 4421">
     <span class='ocr_line' id='line_1_89' title="bbox 2127 4349 3698 4421; baseline 0.003 -20"><span class='ocrx_word' id='word_1_598' title='bbox 2127 4358 2444 4416; x_wconf 83' lang='lat' dir='ltr'><strong>pugnatura,</strong></span> <span class='ocrx_word' id='word_1_599' title='bbox 2479 4366 2582 4402; x_wconf 90' lang='lat' dir='ltr'><strong>non</strong></span> <span class='ocrx_word' id='word_1_600' title='bbox 2632 4350 2872 4405; x_wconf 89' lang='lat' dir='ltr'><strong>noverit.</strong></span> <span class='ocrx_word' id='word_1_601' title='bbox 2919 4349 3024 4406; x_wconf 89' lang='lat' dir='ltr'><strong>Pro</strong></span> <span class='ocrx_word' id='word_1_602' title='bbox 3064 4367 3167 4421; x_wconf 91' lang='lat' dir='ltr'><strong>quo</strong></span> <span class='ocrx_word' id='word_1_603' title='bbox 3204 4367 3414 4420; x_wconf 79' lang='lat' dir='ltr'><strong>precem</strong></span> <span class='ocrx_word' id='word_1_604' title='bbox 3463 4351 3698 4407; x_wconf 80' lang='lat' dir='ltr'><strong>Sedulam</strong></span> 
     </span>
    </p>
   </div>
   <div class='ocr_carea' id='block_1_90' title="bbox 2129 4438 3698 4513">
    <p class='ocr_par' dir='ltr' id='par_1_90' title="bbox 2129 4438 3698 4513">
     <span class='ocr_line' id='line_1_90' title="bbox 2129 4438 3698 4513; baseline 0.002 -21"><span class='ocrx_word' id='word_1_605' title='bbox 2129 4438 2313 4505; x_wconf 90' lang='lat' dir='ltr'><strong>fundo,</strong></span> <span class='ocrx_word' id='word_1_606' title='bbox 2340 4448 2397 4493; x_wconf 91' lang='lat' dir='ltr'><strong>ut</strong></span> <span class='ocrx_word' id='word_1_607' title='bbox 2426 4441 2718 4509; x_wconf 59' lang='lat' dir='ltr'><strong>perspectis</strong></span> <span class='ocrx_word' id='word_1_608' title='bbox 2739 4443 2999 4497; x_wconf 85' lang='lat' dir='ltr'><strong>chartulis</strong></span> <span class='ocrx_word' id='word_1_609' title='bbox 3019 4444 3152 4509; x_wconf 90' lang='lat' dir='ltr'><strong>suis,</strong></span> <span class='ocrx_word' id='word_1_610' title='bbox 3178 4445 3221 4498; x_wconf 88' lang='lat' dir='ltr'><strong>si</strong></span> <span class='ocrx_word' id='word_1_611' title='bbox 3246 4444 3374 4513; x_wconf 90' lang='lat' dir='ltr'><strong>quid</strong></span> <span class='ocrx_word' id='word_1_612' title='bbox 3406 4446 3527 4512; x_wconf 92' lang='lat' dir='ltr'><strong>jure</strong></span> <span class='ocrx_word' id='word_1_613' title='bbox 3556 4459 3698 4497; x_wconf 87' lang='lat' dir='ltr'><strong>com-</strong></span> 
     </span>
    </p>
   </div>
   <div class='ocr_carea' id='block_1_91' title="bbox 439 4507 3696 4605">
    <p class='ocr_par' dir='ltr' id='par_1_91' title="bbox 439 4507 3696 4605">
     <span class='ocr_line' id='line_1_91' title="bbox 439 4507 3696 4605; baseline 0.006 -37"><span class='ocrx_word' id='word_1_614' title='bbox 439 4536 635 4587; x_wconf 70' lang='lat' dir='ltr'><strong>genere</strong></span> <span class='ocrx_word' id='word_1_615' title='bbox 680 4523 912 4591; x_wconf 76' lang='lat' dir='ltr'><strong>“exempli</strong></span> <span class='ocrx_word' id='word_1_616' title='bbox 955 4525 1287 4579; x_wconf 88' lang='lat' dir='ltr'><strong>altitudinem</strong></span> <span class='ocrx_word' id='word_1_617' title='bbox 1332 4534 1474 4580; x_wconf 88' lang='lat' dir='ltr'><strong>tuam</strong></span> <span class='ocrx_word' id='word_1_618' title='bbox 1520 4526 1706 4582; x_wconf 88' lang='lat' dir='ltr'><strong>humili</strong></span> <span class='ocrx_word' id='word_1_619' title='bbox 1732 4538 1817 4585; x_wconf 90' lang='lat' dir='ltr'><strong>ate</strong></span> <span class='ocrx_word' id='word_1_620' title='bbox 1857 4507 2019 4587; x_wconf 84' lang='lat' dir='ltr'><strong>subli-</strong></span> <span class='ocrx_word' id='word_1_621' title='bbox 2049 4507 2097 4565; x_wconf 80' lang='lat' dir='ltr'>D</span> <span class='ocrx_word' id='word_1_622' title='bbox 2126 4533 2254 4600; x_wconf 64' lang='lat' dir='ltr'><strong>petit</strong></span> <span class='ocrx_word' id='word_1_623' title='bbox 2308 4507 2625 4597; x_wconf 85' lang='lat' dir='ltr'><strong>instruatis;</strong></span> <span class='ocrx_word' id='word_1_624' title='bbox 2689 4549 2808 4603; x_wconf 77' lang='lat' dir='ltr'><strong>qua:</strong></span> <span class='ocrx_word' id='word_1_625' title='bbox 2856 4507 3151 4604; x_wconf 88' lang='lat' dir='ltr'><strong>qualiterve</strong></span> <span class='ocrx_word' id='word_1_626' title='bbox 3199 4507 3305 4591; x_wconf 76' lang='lat' dir='ltr'><strong>sint</strong></span> <span class='ocrx_word' id='word_1_627' title='bbox 3365 4507 3696 4605; x_wconf 69' lang='lat' dir='ltr'><strong>obiicienda,</strong></span> 
     </span>
    </p>
   </div>
   <div class='ocr_carea' id='block_1_92' title="bbox 440 4610 2016 4691">
    <p class='ocr_par' dir='ltr' id='par_1_92' title="bbox 440 4610 2016 4691">
     <span class='ocr_line' id='line_1_92' title="bbox 440 4610 2016 4691; baseline 0.009 -28"><span class='ocrx_word' id='word_1_628' title='bbox 440 4625 573 4663; x_wconf 83' lang='lat' dir='ltr'><strong>nias.</strong></span> <span class='ocrx_word' id='word_1_629' title='bbox 607 4610 698 4663; x_wconf 91' lang='lat' dir='ltr'><strong>Sic</strong></span> <span class='ocrx_word' id='word_1_630' title='bbox 744 4614 1010 4680; x_wconf 91' lang='lat' dir='ltr'><strong>quondam</strong></span> <span class='ocrx_word' id='word_1_631' title='bbox 1056 4616 1120 4682; x_wconf 84' lang='lat' dir='ltr'><strong>Q.</strong></span> <span class='ocrx_word' id='word_1_632' title='bbox 1169 4614 1388 4671; x_wconf 83' lang='lat' dir='ltr'><strong>Fabium</strong></span> <span class='ocrx_word' id='word_1_633' title='bbox 1430 4618 1739 4688; x_wconf 87' lang='lat' dir='ltr'><strong>magistrum</strong></span> <span class='ocrx_word' id='word_1_634' title='bbox 1781 4624 2016 4691; x_wconf 85' lang='lat' dir='ltr'><strong>equitum</strong></span> 
     </span>
    </p>
   </div>
   <div class='ocr_carea' id='block_1_93' title="bbox 440 4701 2019 4783">
    <p class='ocr_par' dir='ltr' id='par_1_93' title="bbox 440 4701 2019 4783">
     <span class='ocr_line' id='line_1_93' title="bbox 440 4701 2019 4783; baseline 0.01 -30"><span class='ocrx_word' id='word_1_635' title='bbox 440 4701 723 4755; x_wconf 83' lang='lat' dir='ltr'><strong>dictaturio</strong></span> <span class='ocrx_word' id='word_1_636' title='bbox 767 4705 964 4773; x_wconf 79' lang='lat' dir='ltr'><strong>rigori,</strong></span> <span class='ocrx_word' id='word_1_637' title='bbox 996 4715 1051 4761; x_wconf 92' lang='lat' dir='ltr'><strong>et</strong></span> <span class='ocrx_word' id='word_1_638' title='bbox 1100 4708 1397 4777; x_wconf 78' lang='lat' dir='ltr'><strong>Papiriana:</strong></span> <span class='ocrx_word' id='word_1_639' title='bbox 1437 4712 1704 4780; x_wconf 72' lang='lat' dir='ltr'><strong>superbiae</strong></span> <span class='ocrx_word' id='word_1_640' title='bbox 1744 4712 1895 4769; x_wconf 86' lang='lat' dir='ltr'><strong>favor</strong></span> <span class='ocrx_word' id='word_1_641' title='bbox 1923 4731 2019 4783; x_wconf 83' lang='lat' dir='ltr'><strong>pu-</strong></span> 
     </span>
    </p>
   </div>
   <div class='ocr_carea' id='block_1_94' title="bbox 441 4792 2021 4873">
    <p class='ocr_par' dir='ltr' id='par_1_94' title="bbox 441 4792 2021 4873">
     <span class='ocr_line' id='line_1_94' title="bbox 441 4792 2021 4873; baseline 0.009 -28"><span class='ocrx_word' id='word_1_642' title='bbox 441 4792 609 4846; x_wconf 82' lang='lat' dir='ltr'><strong>blicus</strong></span> <span class='ocrx_word' id='word_1_643' title='bbox 662 4794 913 4860; x_wconf 67' lang='lat' dir='ltr'><strong>praetulit.</strong></span> <span class='ocrx_word' id='word_1_644' title='bbox 966 4795 1073 4865; x_wconf 71' lang='grc'><strong>42</strong></span> <span class='ocrx_word' id='word_1_645' title='bbox 1122 4798 1210 4851; x_wconf 91' lang='lat' dir='ltr'><strong>Sic</strong></span> <span class='ocrx_word' id='word_1_646' title='bbox 1254 4808 1307 4853; x_wconf 90' lang='lat' dir='ltr'><strong>et</strong></span> <span class='ocrx_word' id='word_1_647' title='bbox 1352 4798 1451 4854; x_wconf 88' lang='lat' dir='ltr'><strong>Cn.</strong></span> <span class='ocrx_word' id='word_1_648' title='bbox 1504 4802 1811 4871; x_wconf 80' lang='lat' dir='ltr'><strong>Pompeium</strong></span> <span class='ocrx_word' id='word_1_649' title='bbox 1860 4819 2021 4873; x_wconf 88' lang='lat' dir='ltr'><strong>super</strong></span> 
     </span>
    </p>
   </div>
   <div class='ocr_carea' id='block_1_95' title="bbox 439 4886 2020 4963">
    <p class='ocr_par' dir='ltr' id='par_1_95' title="bbox 439 4886 2020 4963">
     <span class='ocr_line' id='line_1_95' title="bbox 439 4886 2020 4963; baseline 0.01 -26"><span class='ocrx_word' id='word_1_650' title='bbox 439 4886 661 4940; x_wconf 78' lang='lat' dir='ltr'><strong>:emulos</strong></span> <span class='ocrx_word' id='word_1_651' title='bbox 691 4888 881 4940; x_wconf 79' lang='lat' dir='ltr'><strong>extulit</strong></span> <span class='ocrx_word' id='word_1_652' title='bbox 928 4903 1199 4957; x_wconf 90' lang='lat' dir='ltr'><strong>nunquam</strong></span> <span class='ocrx_word' id='word_1_653' title='bbox 1244 4891 1477 4947; x_wconf 88' lang='lat' dir='ltr'><strong>fastidita</strong></span> <span class='ocrx_word' id='word_1_654' title='bbox 1538 4896 1883 4963; x_wconf 88' lang='lat' dir='ltr'><strong>popularitas.</strong></span> <span class='ocrx_word' id='word_1_655' title='bbox 1932 4900 2020 4955; x_wconf 86' lang='lat' dir='ltr'><strong>Sic</strong></span> 
     </span>
    </p>
   </div>
   <div class='ocr_carea' id='block_1_96' title="bbox 440 4977 2020 5049">
    <p class='ocr_par' dir='ltr' id='par_1_96' title="bbox 440 4977 2020 5049">
     <span class='ocr_line' id='line_1_96' title="bbox 440 4977 2020 5049; baseline 0.009 -19"><span class='ocrx_word' id='word_1_656' title='bbox 440 4977 689 5031; x_wconf 72' lang='lat' dir='ltr'><strong>invidiam</strong></span> <span class='ocrx_word' id='word_1_657' title='bbox 713 4979 1050 5036; x_wconf 81' lang='lat' dir='ltr'><strong>Tiberianam</strong></span> <span class='ocrx_word' id='word_1_658' title='bbox 1077 4983 1268 5049; x_wconf 90' lang='lat' dir='ltr'><strong>pressit</strong></span> <span class='ocrx_word' id='word_1_659' title='bbox 1292 4984 1655 5040; x_wconf 78' lang='lat' dir='ltr'><strong>universitatis</strong></span> <span class='ocrx_word' id='word_1_660' title='bbox 1675 5002 1858 5044; x_wconf 90' lang='lat' dir='ltr'><strong>amore</strong></span> <span class='ocrx_word' id='word_1_661' title='bbox 1885 4990 2020 5045; x_wconf 89' lang='lat' dir='ltr'><strong>Ger-</strong></span> 
     </span>
    </p>
   </div>
   <div class='ocr_carea' id='block_1_97' title="bbox 440 5067 2018 5148">
    <p class='ocr_par' dir='ltr' id='par_1_97' title="bbox 440 5067 2018 5148">
     <span class='ocr_line' id='line_1_97' title="bbox 440 5067 2018 5148; baseline 0.01 -29"><span class='ocrx_word' id='word_1_662' title='bbox 440 5067 699 5120; x_wconf 87' lang='lat' dir='ltr'><strong>manicus.</strong></span> <span class='ocrx_word' id='word_1_663' title='bbox 719 5068 978 5133; x_wconf 82' lang='lat' dir='ltr'><strong>Quocirca</strong></span> <span class='ocrx_word' id='word_1_664' title='bbox 1011 5070 1136 5125; x_wconf 93' lang='lat' dir='ltr'><strong>nolo</strong></span> <span class='ocrx_word' id='word_1_665' title='bbox 1150 5071 1251 5126; x_wconf 89' lang='lat' dir='ltr'><strong>sibi</strong></span> <span class='ocrx_word' id='word_1_666' title='bbox 1278 5072 1345 5128; x_wconf 91' lang='lat' dir='ltr'><strong>de</strong></span> <span class='ocrx_word' id='word_1_667' title='bbox 1368 5077 1709 5131; x_wconf 85' lang='lat' dir='ltr'><strong>successibus</strong></span> <span class='ocrx_word' id='word_1_668' title='bbox 1740 5078 1846 5132; x_wconf 90' lang='lat' dir='ltr'><strong>tuis</strong></span> <span class='ocrx_word' id='word_1_669' title='bbox 1873 5080 2018 5148; x_wconf 85' lang='lat' dir='ltr'><strong>prin-</strong></span> 
     </span>
    </p>
   </div>
   <div class='ocr_carea' id='block_1_98' title="bbox 439 5157 2019 5237">
    <p class='ocr_par' dir='ltr' id='par_1_98' title="bbox 439 5157 2019 5237">
     <span class='ocr_line' id='line_1_98' title="bbox 439 5157 2019 5237; baseline 0.009 -26"><span class='ocrx_word' id='word_1_670' title='bbox 439 5157 628 5227; x_wconf 87' lang='lat' dir='ltr'><strong>cipalia</strong></span> <span class='ocrx_word' id='word_1_671' title='bbox 672 5159 930 5214; x_wconf 85' lang='lat' dir='ltr'><strong>beneficia</strong></span> <span class='ocrx_word' id='word_1_672' title='bbox 981 5162 1270 5231; x_wconf 90' lang='lat' dir='ltr'><strong>plurimum</strong></span> <span class='ocrx_word' id='word_1_673' title='bbox 1311 5164 1691 5233; x_wconf 88' lang='lat' dir='ltr'><strong>blandiantur;</strong></span> <span class='ocrx_word' id='word_1_674' title='bbox 1739 5185 1857 5237; x_wconf 84' lang='lat' dir='ltr'><strong>quae</strong></span> <span class='ocrx_word' id='word_1_675' title='bbox 1887 5171 2019 5227; x_wconf 78' lang='lat' dir='ltr'><strong>nillil</strong></span> 
     </span>
    </p>
   </div>
   <div class='ocr_carea' id='block_1_99' title="bbox 512 5295 2017 5379">
    <p class='ocr_par' dir='ltr' id='par_1_99' title="bbox 512 5295 2017 5379">
     <span class='ocr_line' id='line_1_99' title="bbox 512 5295 2017 5379; baseline 0.011 -31"><span class='ocrx_word' id='word_1_676' title='bbox 512 5305 539 5379; x_wconf 55' lang='grc' dir='ltr'><strong>ξ</strong></span> <span class='ocrx_word' id='word_1_677' title='bbox 552 5295 848 5379; x_wconf 62' lang='lat' dir='ltr'><strong>_l..udricam</strong></span> <span class='ocrx_word' id='word_1_678' title='bbox 872 5299 1263 5379; x_wconf 77' lang='lat' dir='ltr'><strong>naumachiam,</strong></span> <span class='ocrx_word' id='word_1_679' title='bbox 1283 5317 1384 5372; x_wconf 90' lang='lat' dir='ltr'><strong>qua</strong></span> <span class='ocrx_word' id='word_1_680' title='bbox 1402 5304 1604 5379; x_wconf 59' lang='lat' dir='ltr'><strong>[Encas</strong></span> <span class='ocrx_word' id='word_1_681' title='bbox 1625 5305 1689 5359; x_wconf 93' lang='lat' dir='ltr'><strong>ad</strong></span> <span class='ocrx_word' id='word_1_682' title='bbox 1717 5307 2017 5379; x_wconf 91' lang='lat' dir='ltr'><strong>Drepanum</strong></span> 
     </span>
    </p>
   </div>
   <div class='ocr_carea' id='block_1_100' title="bbox 438 5368 1697 5441">
    <p class='ocr_par' dir='ltr' id='par_1_100' title="bbox 438 5368 1697 5441">
     <span class='ocr_line' id='line_1_100' title="bbox 438 5368 1697 5441; baseline 0.006 -18"><span class='ocrx_word' id='word_1_683' title='bbox 438 5368 653 5441; x_wconf 60' lang='lat' dir='ltr'><strong>Siciliae,</strong></span> <span class='ocrx_word' id='word_1_684' title='bbox 686 5370 818 5441; x_wconf 54' lang='lat' dir='ltr'><strong>patri</strong></span> <span class='ocrx_word' id='word_1_685' title='bbox 852 5371 1163 5441; x_wconf 77' lang='lat' dir='ltr'><strong>parentavit.</strong></span> <span class='ocrx_word' id='word_1_686' title='bbox 1198 5371 1264 5425; x_wconf 87' lang='lat' dir='ltr'><strong>de</strong></span> <span class='ocrx_word' id='word_1_687' title='bbox 1293 5368 1396 5441; x_wconf 82' lang='lat' dir='ltr'><strong>qua</strong></span> <span class='ocrx_word' id='word_1_688' title='bbox 1428 5376 1616 5432; x_wconf 74' lang='lat' dir='ltr'><strong>rlneid.</strong></span> <span class='ocrx_word' id='word_1_689' title='bbox 1645 5392 1697 5430; x_wconf 86' lang='grc' dir='ltr'><strong>ν.</strong></span> 
     </span>
    </p>
   </div>
   <div class='ocr_carea' id='block_1_101' title="bbox 512 5435 2017 5510">
    <p class='ocr_par' dir='ltr' id='par_1_101' title="bbox 512 5435 2017 5510">
     <span class='ocr_line' id='line_1_101' title="bbox 512 5435 2017 5510; baseline 0.009 -19"><span class='ocrx_word' id='word_1_690' title='bbox 512 5435 753 5510; x_wconf 17' lang='grc' dir='ltr'><strong>δγΜεκὴο</strong></span> <span class='ocrx_word' id='word_1_691' title='bbox 779 5435 958 5510; x_wconf 83' lang='lat' dir='ltr'><strong>Felici,</strong></span> <span class='ocrx_word' id='word_1_692' title='bbox 989 5438 1161 5510; x_wconf 83' lang='lat' dir='ltr'><strong>Magni</strong></span> <span class='ocrx_word' id='word_1_693' title='bbox 1184 5435 1487 5497; x_wconf 65' lang='lat' dir='ltr'><strong>exco&#39;nsulis</strong></span> <span class='ocrx_word' id='word_1_694' title='bbox 1519 5447 1645 5500; x_wconf 87' lang='lat' dir='ltr'><strong>lilio.</strong></span> <span class='ocrx_word' id='word_1_695' title='bbox 1681 5447 1787 5503; x_wconf 72' lang='lat' dir='ltr'><strong>llos</strong></span> <span class='ocrx_word' id='word_1_696' title='bbox 1813 5449 1956 5503; x_wconf 91' lang='lat' dir='ltr'><strong>enim</strong></span> <span class='ocrx_word' id='word_1_697' title='bbox 1987 5465 2017 5505; x_wconf 94' lang='lat' dir='ltr'><strong>a</strong></span> 
     </span>
    </p>
   </div>
   <div class='ocr_carea' id='block_1_102' title="bbox 441 5508 2019 5586">
    <p class='ocr_par' dir='ltr' id='par_1_102' title="bbox 441 5508 2019 5586">
     <span class='ocr_line' id='line_1_102' title="bbox 441 5508 2019 5586; baseline 0.008 -24"><span class='ocrx_word' id='word_1_698' title='bbox 441 5508 712 5586; x_wconf 79' lang='lat' dir='ltr'><strong>Philagrio</strong></span> <span class='ocrx_word' id='word_1_699' title='bbox 744 5509 965 5586; x_wconf 76' lang='lat' dir='ltr'><strong>patricio</strong></span> <span class='ocrx_word' id='word_1_700' title='bbox 1013 5508 1267 5567; x_wconf 82' lang='lat' dir='ltr'><strong>oriundos</strong></span> <span class='ocrx_word' id='word_1_701' title='bbox 1309 5514 1506 5569; x_wconf 90' lang='lat' dir='ltr'><strong>diserte</strong></span> <span class='ocrx_word' id='word_1_702' title='bbox 1548 5517 1731 5571; x_wconf 89' lang='lat' dir='ltr'><strong>scribit</strong></span> <span class='ocrx_word' id='word_1_703' title='bbox 1761 5518 2019 5586; x_wconf 83' lang='lat' dir='ltr'><strong>Propem-</strong></span> 
     </span>
    </p>
   </div>
   <div class='ocr_carea' id='block_1_103' title="bbox 445 5580 2014 5660">
    <p class='ocr_par' dir='ltr' id='par_1_103' title="bbox 445 5580 2014 5660">
     <span class='ocr_line' id='line_1_103' title="bbox 445 5580 2014 5660; baseline 0.01 -32"><span class='ocrx_word' id='word_1_704' title='bbox 445 5580 608 5660; x_wconf 59' lang='grc' dir='ltr'><strong>ριὶίξοζ</strong></span> <span class='ocrx_word' id='word_1_705' title='bbox 655 5591 711 5660; x_wconf 71' lang='lat' dir='ltr'><strong>ut</strong></span> <span class='ocrx_word' id='word_1_706' title='bbox 747 5581 962 5660; x_wconf 48' lang='lat' dir='ltr'><strong>évitum</strong></span> <span class='ocrx_word' id='word_1_707' title='bbox 994 5597 1213 5660; x_wconf 79' lang='lat' dir='ltr'><strong>quoque</strong></span> <span class='ocrx_word' id='word_1_708' title='bbox 1236 5585 1534 5660; x_wconf 78' lang='lat' dir='ltr'><strong>Augustum</strong></span> <span class='ocrx_word' id='word_1_709' title='bbox 1583 5590 1630 5640; x_wconf 92' lang='lat' dir='ltr'><strong>in</strong></span> <span class='ocrx_word' id='word_1_710' title='bbox 1674 5580 2014 5660; x_wconf 64' lang='lat' dir='ltr'><strong>panegjrico.</strong></span> 
     </span>
    </p>
   </div>
   <div class='ocr_carea' id='block_1_104' title="bbox 445 5647 2013 5721">
    <p class='ocr_par' dir='ltr' id='par_1_104' title="bbox 445 5647 2013 5721">
     <span class='ocr_line' id='line_1_104' title="bbox 445 5647 2013 5721; baseline 0.008 -20"><span class='ocrx_word' id='word_1_711' title='bbox 445 5647 549 5702; x_wconf 78' lang='lat' dir='ltr'><strong>Sed</strong></span> <span class='ocrx_word' id='word_1_712' title='bbox 578 5648 644 5702; x_wconf 90' lang='lat' dir='ltr'><strong>de</strong></span> <span class='ocrx_word' id='word_1_713' title='bbox 672 5649 847 5721; x_wconf 77' lang='lat' dir='ltr'><strong>Felice</strong></span> <span class='ocrx_word' id='word_1_714' title='bbox 875 5647 1024 5719; x_wconf 83' lang='lat' dir='ltr'><strong>plura</strong></span> <span class='ocrx_word' id='word_1_715' title='bbox 1051 5647 1287 5707; x_wconf 79' lang='lat' dir='ltr'><strong>carmine</strong></span> <span class='ocrx_word' id='word_1_716' title='bbox 1315 5647 1369 5719; x_wconf 81' lang='lat'><strong>9,</strong></span> <span class='ocrx_word' id='word_1_717' title='bbox 1398 5656 1538 5721; x_wconf 87' lang='lat' dir='ltr'><strong>quod</strong></span> <span class='ocrx_word' id='word_1_718' title='bbox 1571 5647 1735 5711; x_wconf 63' lang='lat' dir='ltr'><strong>tntn&#39;m</strong></span> <span class='ocrx_word' id='word_1_719' title='bbox 1763 5647 2013 5713; x_wconf 33' lang='lat' dir='ltr'><strong>ill‘i&#39;dica-</strong></span> 
     </span>
    </p>
   </div>
   <div class='ocr_carea' id='block_1_105' title="bbox 448 5719 2017 5802">
    <p class='ocr_par' dir='ltr' id='par_1_105' title="bbox 448 5719 2017 5802">
     <span class='ocr_line' id='line_1_105' title="bbox 448 5719 2017 5802; baseline 0.008 -30"><span class='ocrx_word' id='word_1_720' title='bbox 448 5728 557 5773; x_wconf 80' lang='lat' dir='ltr'><strong>tutu</strong></span> <span class='ocrx_word' id='word_1_721' title='bbox 591 5726 695 5774; x_wconf 87' lang='lat' dir='ltr'><strong>est.</strong></span> <span class='ocrx_word' id='word_1_722' title='bbox 721 5719 1062 5788; x_wconf 77' lang='lat' dir='ltr'><strong>Amplissima</strong></span> <span class='ocrx_word' id='word_1_723' title='bbox 1094 5739 1253 5793; x_wconf 91' lang='lat' dir='ltr'><strong>porro</strong></span> <span class='ocrx_word' id='word_1_724' title='bbox 1278 5719 1505 5797; x_wconf 85' lang='lat' dir='ltr'><strong>dignitas</strong></span> <span class='ocrx_word' id='word_1_725' title='bbox 1522 5743 1680 5797; x_wconf 89' lang='lat' dir='ltr'><strong>quam</strong></span> <span class='ocrx_word' id='word_1_726' title='bbox 1706 5728 1870 5787; x_wconf 81' lang='lat' dir='ltr'><strong>Felici</strong></span> <span class='ocrx_word' id='word_1_727' title='bbox 1895 5745 2017 5802; x_wconf 85' lang='lat' dir='ltr'><strong>gra-</strong></span> 
     </span>
    </p>
   </div>
   <div class='ocr_carea' id='block_1_106' title="bbox 2122 4626 3697 4691">
    <p class='ocr_par' dir='ltr' id='par_1_106' title="bbox 2122 4626 3697 4691">
     <span class='ocr_line' id='line_1_106' title="bbox 2122 4626 3697 4691; baseline 0.002 -17"><span class='ocrx_word' id='word_1_728' title='bbox 2122 4637 2240 4691; x_wconf 82' lang='lat' dir='ltr'><strong>quac</strong></span> <span class='ocrx_word' id='word_1_729' title='bbox 2288 4626 2573 4679; x_wconf 77' lang='lat' dir='ltr'><strong>refellenda</strong></span> <span class='ocrx_word' id='word_1_730' title='bbox 2614 4634 2992 4681; x_wconf 84' lang='lat' dir='ltr'><strong>monstrantes.</strong></span> <span class='ocrx_word' id='word_1_731' title='bbox 3039 4626 3156 4681; x_wconf 86' lang='lat' dir='ltr'><strong>Non</strong></span> <span class='ocrx_word' id='word_1_732' title='bbox 3201 4629 3342 4681; x_wconf 88' lang='lat' dir='ltr'><strong>enim</strong></span> <span class='ocrx_word' id='word_1_733' title='bbox 3374 4627 3697 4691; x_wconf 86' lang='lat' dir='ltr'><strong>verebimur,</strong></span> 
     </span>
    </p>
   </div>
   <div class='ocr_carea' id='block_1_107' title="bbox 2133 4713 3700 4782">
    <p class='ocr_par' dir='ltr' id='par_1_107' title="bbox 2133 4713 3700 4782">
     <span class='ocr_line' id='line_1_107' title="bbox 2133 4713 3700 4782; baseline 0.003 -16"><span class='ocrx_word' id='word_1_734' title='bbox 2133 4713 2273 4782; x_wconf 91' lang='lat' dir='ltr'><strong>quod</strong></span> <span class='ocrx_word' id='word_1_735' title='bbox 2324 4730 2424 4769; x_wconf 89' lang='lat' dir='ltr'><strong>cau</strong></span> <span class='ocrx_word' id='word_1_736' title='bbox 2456 4732 2501 4769; x_wconf 76' lang='grc' dir='ltr'>ω</span> <span class='ocrx_word' id='word_1_737' title='bbox 2538 4715 2695 4770; x_wconf 88' lang='lat' dir='ltr'><strong>istius</strong></span> <span class='ocrx_word' id='word_1_738' title='bbox 2733 4731 2941 4781; x_wconf 87' lang='lat' dir='ltr'><strong>cursus,</strong></span> <span class='ocrx_word' id='word_1_739' title='bbox 2990 4718 3033 4771; x_wconf 92' lang='lat' dir='ltr'><strong>si</strong></span> <span class='ocrx_word' id='word_1_740' title='bbox 3078 4718 3147 4772; x_wconf 90' lang='lat' dir='ltr'><strong>de</strong></span> <span class='ocrx_word' id='word_1_741' title='bbox 3193 4720 3355 4773; x_wconf 90' lang='lat' dir='ltr'><strong>vestri</strong></span> <span class='ocrx_word' id='word_1_742' title='bbox 3408 4717 3700 4772; x_wconf 83' lang='lat' dir='ltr'><strong>manaverit</strong></span> 
     </span>
    </p>
   </div>
   <div class='ocr_carea' id='block_1_108' title="bbox 2124 4806 3700 4873">
    <p class='ocr_par' dir='ltr' id='par_1_108' title="bbox 2124 4806 3700 4873">
     <span class='ocr_line' id='line_1_108' title="bbox 2124 4806 3700 4873; baseline 0.003 -13"><span class='ocrx_word' id='word_1_743' title='bbox 2124 4806 2522 4873; x_wconf 74' lang='lat' dir='ltr'><strong>fonteconsilti.</strong></span> <span class='ocrx_word' id='word_1_744' title='bbox 2566 4809 2671 4863; x_wconf 88' lang='lat' dir='ltr'><strong>ulla</strong></span> <span class='ocrx_word' id='word_1_745' title='bbox 2692 4810 3138 4864; x_wconf 87' lang='lat' dir='ltr'><strong>contrastantium</strong></span> <span class='ocrx_word' id='word_1_746' title='bbox 3164 4810 3492 4865; x_wconf 86' lang='lat' dir='ltr'><strong>derivatione</strong></span> <span class='ocrx_word' id='word_1_747' title='bbox 3517 4820 3700 4865; x_wconf 84' lang='lat' dir='ltr'><strong>tenue-</strong></span> 
     </span>
    </p>
   </div>
   <div class='ocr_carea' id='block_1_109' title="bbox 2124 4896 2414 4954">
    <p class='ocr_par' dir='ltr' id='par_1_109' title="bbox 2124 4896 2414 4954">
     <span class='ocr_line' id='line_1_109' title="bbox 2124 4896 2414 4954; baseline 0.014 -4"><span class='ocrx_word' id='word_1_748' title='bbox 2124 4906 2230 4952; x_wconf 70' lang='lat' dir='ltr'><strong>tur.</strong></span> <span class='ocrx_word' id='word_1_749' title='bbox 2260 4896 2414 4954; x_wconf 80' lang='lat' dir='ltr'><strong>Vale.</strong></span> 
     </span>
    </p>
   </div>
   <div class='ocr_carea' id='block_1_110' title="bbox 2622 4989 3191 5061">
    <p class='ocr_par' dir='ltr' id='par_1_110' title="bbox 2622 4989 3191 5061">
     <span class='ocr_line' id='line_1_110' title="bbox 2622 4989 3191 5061; baseline 0.002 -17"><span class='ocrx_word' id='word_1_750' title='bbox 2622 4989 2731 5061; x_wconf 64' lang='grc' dir='ltr'><strong>[ιη</strong></span> <span class='ocrx_word' id='word_1_751' title='bbox 2751 4991 3076 5047; x_wconf 67' lang='lat' dir='ltr'><strong>EPISTOLA</strong></span> <span class='ocrx_word' id='word_1_752' title='bbox 3104 4993 3191 5047; x_wconf 82' lang='lat' dir='ltr'><strong>Vl.</strong></span> 
     </span>
    </p>
   </div>
   <div class='ocr_carea' id='block_1_111' title="bbox 2480 5078 3344 5151">
    <p class='ocr_par' dir='ltr' id='par_1_111' title="bbox 2480 5078 3344 5151">
     <span class='ocr_line' id='line_1_111' title="bbox 2480 5078 3344 5151; baseline 0.003 -16"><span class='ocrx_word' id='word_1_753' title='bbox 2480 5078 2725 5135; x_wconf 79' lang='lat' dir='ltr'><strong>Sidonius</strong></span> <span class='ocrx_word' id='word_1_754' title='bbox 2759 5080 2975 5151; x_wconf 78' lang='lat' dir='ltr'><strong>Pegasio</strong></span> <span class='ocrx_word' id='word_1_755' title='bbox 3000 5099 3091 5136; x_wconf 78' lang='lat' dir='ltr'><strong>suo</strong></span> <span class='ocrx_word' id='word_1_756' title='bbox 3113 5084 3344 5138; x_wconf 75' lang='lat' dir='ltr'><strong>salutem.</strong></span> 
     </span>
    </p>
   </div>
   <div class='ocr_carea' id='block_1_112' title="bbox 2197 5172 3702 5246">
    <p class='ocr_par' dir='ltr' id='par_1_112' title="bbox 2197 5172 3702 5246">
     <span class='ocr_line' id='line_1_112' title="bbox 2197 5172 3702 5246; baseline 0.002 -17"><span class='ocrx_word' id='word_1_757' title='bbox 2197 5172 2611 5229; x_wconf 82' lang='lat' dir='ltr'><strong>Proverbialiter</strong></span> <span class='ocrx_word' id='word_1_758' title='bbox 2638 5175 2853 5230; x_wconf 83' lang='lat' dir='ltr'><strong>celebre</strong></span> <span class='ocrx_word' id='word_1_759' title='bbox 2896 5182 2981 5230; x_wconf 89' lang='lat' dir='ltr'><strong>est</strong></span> <span class='ocrx_word' id='word_1_760' title='bbox 3025 5190 3165 5246; x_wconf 76' lang='lat' dir='ltr'><strong>smpe</strong></span> <span class='ocrx_word' id='word_1_761' title='bbox 3197 5190 3399 5231; x_wconf 88' lang='lat' dir='ltr'><strong>moram</strong></span> <span class='ocrx_word' id='word_1_762' title='bbox 3430 5190 3547 5232; x_wconf 88' lang='lat' dir='ltr'><strong>esse</strong></span> <span class='ocrx_word' id='word_1_763' title='bbox 3589 5191 3702 5232; x_wconf 90' lang='lat' dir='ltr'><strong>me-</strong></span> 
     </span>
    </p>
   </div>
   <div class='ocr_carea' id='block_1_113' title="bbox 2127 5314 3701 5385">
    <p class='ocr_par' dir='ltr' id='par_1_113' title="bbox 2127 5314 3701 5385">
     <span class='ocr_line' id='line_1_113' title="bbox 2127 5314 3701 5385; baseline 0.003 -18"><span class='ocrx_word' id='word_1_764' title='bbox 2127 5314 2346 5381; x_wconf 87' lang='lat' dir='ltr'><strong>tulatur,</strong></span> <span class='ocrx_word' id='word_1_765' title='bbox 2377 5330 2481 5371; x_wconf 92' lang='lat' dir='ltr'><strong>non</strong></span> <span class='ocrx_word' id='word_1_766' title='bbox 2512 5324 2593 5371; x_wconf 92' lang='lat' dir='ltr'><strong>est</strong></span> <span class='ocrx_word' id='word_1_767' title='bbox 2622 5316 2952 5381; x_wconf 91' lang='lat' dir='ltr'><strong>consulatus,</strong></span> <span class='ocrx_word' id='word_1_768' title='bbox 2986 5316 3048 5369; x_wconf 87' lang='lat' dir='ltr'><strong>ad</strong></span> <span class='ocrx_word' id='word_1_769' title='bbox 3073 5332 3229 5385; x_wconf 87' lang='lat' dir='ltr'><strong>quem</strong></span> <span class='ocrx_word' id='word_1_770' title='bbox 3258 5317 3400 5372; x_wconf 75' lang='lat' dir='ltr'><strong>Felix</strong></span> <span class='ocrx_word' id='word_1_771' title='bbox 3435 5331 3701 5384; x_wconf 85' lang='lat' dir='ltr'><strong>nunquam</strong></span> 
     </span>
    </p>
   </div>
   <div class='ocr_carea' id='block_1_114' title="bbox 2124 5387 3701 5457">
    <p class='ocr_par' dir='ltr' id='par_1_114' title="bbox 2124 5387 3701 5457">
     <span class='ocr_line' id='line_1_114' title="bbox 2124 5387 3701 5457; baseline 0.001 -18"><span class='ocrx_word' id='word_1_772' title='bbox 2124 5388 2399 5457; x_wconf 72' lang='lat' dir='ltr'><strong>pervenit;</strong></span> <span class='ocrx_word' id='word_1_773' title='bbox 2449 5387 2541 5440; x_wconf 88' lang='lat' dir='ltr'><strong>sed</strong></span> <span class='ocrx_word' id='word_1_774' title='bbox 2584 5389 2919 5456; x_wconf 88' lang='lat' dir='ltr'><strong>patriciatus,</strong></span> <span class='ocrx_word' id='word_1_775' title='bbox 2952 5388 3104 5456; x_wconf 86' lang='lat' dir='ltr'><strong>cujus</strong></span> <span class='ocrx_word' id='word_1_776' title='bbox 3138 5400 3396 5457; x_wconf 64' lang='lat' dir='ltr'><strong>praeterea</strong></span> <span class='ocrx_word' id='word_1_777' title='bbox 3441 5387 3592 5443; x_wconf 84' lang='lat' dir='ltr'><strong>testis</strong></span> <span class='ocrx_word' id='word_1_778' title='bbox 3621 5396 3701 5441; x_wconf 73' lang='lat' dir='ltr'><strong>est</strong></span> 
     </span>
    </p>
   </div>
   <div class='ocr_carea' id='block_1_115' title="bbox 2126 5452 2756 5512">
    <p class='ocr_par' dir='ltr' id='par_1_115' title="bbox 2126 5452 2756 5512">
     <span class='ocr_line' id='line_1_115' title="bbox 2126 5452 2756 5512; baseline 0.006 -4"><span class='ocrx_word' id='word_1_779' title='bbox 2126 5452 2432 5510; x_wconf 87' lang='lat' dir='ltr'><strong>Gennadius</strong></span> <span class='ocrx_word' id='word_1_780' title='bbox 2460 5457 2512 5512; x_wconf 93' lang='lat' dir='ltr'><strong>in</strong></span> <span class='ocrx_word' id='word_1_781' title='bbox 2541 5452 2756 5512; x_wconf 81' lang='lat' dir='ltr'><strong>Fausto.</strong></span> 
     </span>
    </p>
   </div>
   <div class='ocr_carea' id='block_1_116' title="bbox 2200 5526 3700 5596">
    <p class='ocr_par' dir='ltr' id='par_1_116' title="bbox 2200 5526 3700 5596">
     <span class='ocr_line' id='line_1_116' title="bbox 2200 5526 3700 5596; baseline -0.001 -18"><span class='ocrx_word' id='word_1_782' title='bbox 2200 5535 2222 5563; x_wconf 78' lang='grc' dir='ltr'><strong>ι’</strong></span> <span class='ocrx_word' id='word_1_783' title='bbox 2256 5526 2376 5581; x_wconf 78' lang='lat' dir='ltr'><strong>Fuit</strong></span> <span class='ocrx_word' id='word_1_784' title='bbox 2407 5537 2583 5581; x_wconf 81' lang='lat' dir='ltr'><strong>tamen</strong></span> <span class='ocrx_word' id='word_1_785' title='bbox 2614 5539 2792 5595; x_wconf 90' lang='lat' dir='ltr'><strong>postea</strong></span> <span class='ocrx_word' id='word_1_786' title='bbox 2838 5527 3090 5596; x_wconf 90' lang='lat' dir='ltr'><strong>patricius</strong></span> <span class='ocrx_word' id='word_1_787' title='bbox 3116 5536 3170 5583; x_wconf 91' lang='lat' dir='ltr'><strong>et</strong></span> <span class='ocrx_word' id='word_1_788' title='bbox 3202 5529 3315 5596; x_wconf 90' lang='lat' dir='ltr'><strong>ipse</strong></span> <span class='ocrx_word' id='word_1_789' title='bbox 3342 5530 3612 5588; x_wconf 78' lang='lat' dir='ltr'><strong>Sidonius,</strong></span> <span class='ocrx_word' id='word_1_790' title='bbox 3644 5534 3700 5579; x_wconf 86' lang='lat' dir='ltr'><strong>ut</strong></span> 
     </span>
    </p>
   </div>
   <div class='ocr_carea' id='block_1_117' title="bbox 2126 5597 3701 5667">
    <p class='ocr_par' dir='ltr' id='par_1_117' title="bbox 2126 5597 3701 5667">
     <span class='ocr_line' id='line_1_117' title="bbox 2126 5597 3701 5667; baseline 0.001 -19"><span class='ocrx_word' id='word_1_791' title='bbox 2126 5604 2266 5662; x_wconf 88' lang='lat' dir='ltr'><strong>patet</strong></span> <span class='ocrx_word' id='word_1_792' title='bbox 2294 5610 2358 5667; x_wconf 85' lang='lat' dir='ltr'><strong>ex</strong></span> <span class='ocrx_word' id='word_1_793' title='bbox 2385 5600 2542 5665; x_wconf 89' lang='lat' dir='ltr'><strong>epist.</strong></span> <span class='ocrx_word' id='word_1_794' title='bbox 2581 5598 2644 5651; x_wconf 79' lang='grc'><strong>16</strong></span> <span class='ocrx_word' id='word_1_795' title='bbox 2672 5597 2736 5650; x_wconf 85' lang='lat' dir='ltr'><strong>ad</strong></span> <span class='ocrx_word' id='word_1_796' title='bbox 2764 5597 3145 5664; x_wconf 89' lang='lat' dir='ltr'><strong>Papianillam,</strong></span> <span class='ocrx_word' id='word_1_797' title='bbox 3179 5599 3271 5653; x_wconf 92' lang='lat' dir='ltr'><strong>lib.</strong></span> <span class='ocrx_word' id='word_1_798' title='bbox 3319 5616 3371 5667; x_wconf 92' lang='lat' dir='ltr'><strong>v,</strong></span> <span class='ocrx_word' id='word_1_799' title='bbox 3414 5611 3466 5658; x_wconf 90' lang='lat' dir='ltr'><strong>et</strong></span> <span class='ocrx_word' id='word_1_800' title='bbox 3493 5613 3558 5652; x_wconf 87' lang='lat' dir='ltr'><strong>ex</strong></span> <span class='ocrx_word' id='word_1_801' title='bbox 3593 5598 3701 5651; x_wconf 73' lang='lat' dir='ltr'><strong>Ma-</strong></span> 
     </span>
    </p>
   </div>
   <div class='ocr_carea' id='block_1_118' title="bbox 2125 5666 3349 5727">
    <p class='ocr_par' dir='ltr' id='par_1_118' title="bbox 2125 5666 3349 5727">
     <span class='ocr_line' id='line_1_118' title="bbox 2125 5666 3349 5727; baseline 0.004 -7"><span class='ocrx_word' id='word_1_802' title='bbox 2125 5667 2279 5723; x_wconf 85' lang='lat' dir='ltr'><strong>merti</strong></span> <span class='ocrx_word' id='word_1_803' title='bbox 2306 5666 2583 5725; x_wconf 86' lang='lat' dir='ltr'><strong>Claudiani</strong></span> <span class='ocrx_word' id='word_1_804' title='bbox 2609 5668 2933 5725; x_wconf 87' lang='lat' dir='ltr'><strong>dedicatoria</strong></span> <span class='ocrx_word' id='word_1_805' title='bbox 2960 5667 3029 5723; x_wconf 88' lang='lat' dir='ltr'><strong>ad</strong></span> <span class='ocrx_word' id='word_1_806' title='bbox 3050 5670 3349 5727; x_wconf 90' lang='lat' dir='ltr'><strong>Sidonium.</strong></span> 
     </span>
    </p>
   </div>
  </div>
