  <div class='ocr_page' id='page_1' title='image "/cluster/home/n/w/nwhite01/storage/ocr_20150623/58/hvd.32044073505109/246.png"; bbox 0 0 3910 6172; ppageno 0'>
   <div class='ocr_carea' id='block_1_1' title="bbox 200 302 3448 372">
    <p class='ocr_par' dir='ltr' id='par_1_1' title="bbox 200 302 3448 372">
     <span class='ocr_line' id='line_1_1' title="bbox 200 302 3448 372; baseline -0.005 0"><span class='ocrx_word' id='word_1_1' title='bbox 200 318 285 372; x_wconf 68' lang='lat' dir='ltr'><strong>lSl</strong></span> <span class='ocrx_word' id='word_1_2' title='bbox 1427 309 1905 367; x_wconf 67' lang='lat' dir='ltr'><strong>EI‘ISTOLARUM</strong></span> <span class='ocrx_word' id='word_1_3' title='bbox 1949 309 2071 366; x_wconf 81' lang='lat' dir='ltr'><strong>LIB.</strong></span> <span class='ocrx_word' id='word_1_4' title='bbox 2116 308 2181 364; x_wconf 89' lang='lat' dir='ltr'><strong>ll.</strong></span> <span class='ocrx_word' id='word_1_5' title='bbox 3344 302 3448 357; x_wconf 62' lang='lat'><strong>$82</strong></span> 
     </span>
    </p>
   </div>
   <div class='ocr_carea' id='block_1_2' title="bbox 200 424 1841 495">
    <p class='ocr_par' dir='ltr' id='par_1_2' title="bbox 200 424 1841 495">
     <span class='ocr_line' id='line_1_2' title="bbox 200 424 1841 495; baseline -0.003 -15"><span class='ocrx_word' id='word_1_6' title='bbox 200 434 365 481; x_wconf 75' lang='lat' dir='ltr'><strong>ltitcttl</strong></span> <span class='ocrx_word' id='word_1_7' title='bbox 397 470 412 494; x_wconf 87' lang='lat'><strong>,</strong></span> <span class='ocrx_word' id='word_1_8' title='bbox 444 424 597 480; x_wconf 77' lang='lat' dir='ltr'><strong>sicuti</strong></span> <span class='ocrx_word' id='word_1_9' title='bbox 625 433 675 479; x_wconf 90' lang='lat' dir='ltr'><strong>et</strong></span> <span class='ocrx_word' id='word_1_10' title='bbox 709 438 849 480; x_wconf 90' lang='lat' dir='ltr'><strong>nunc</strong></span> <span class='ocrx_word' id='word_1_11' title='bbox 886 424 1094 495; x_wconf 78' lang='lat' dir='ltr'><strong>experti</strong></span> <span class='ocrx_word' id='word_1_12' title='bbox 1130 438 1334 477; x_wconf 81' lang='lat' dir='ltr'><strong>sumus.</strong></span> <span class='ocrx_word' id='word_1_13' title='bbox 1390 424 1759 478; x_wconf 77' lang='lat' dir='ltr'><strong>MenStruanus</strong></span> <span class='ocrx_word' id='word_1_14' title='bbox 1794 431 1841 488; x_wconf 76' lang='grc' dir='ltr'><strong>Α</strong></span> 
     </span>
    </p>
   </div>
   <div class='ocr_carea' id='block_1_3' title="bbox 196 514 1767 584">
    <p class='ocr_par' dir='ltr' id='par_1_3' title="bbox 196 514 1767 584">
     <span class='ocr_line' id='line_1_3' title="bbox 196 514 1767 584; baseline -0.001 -15"><span class='ocrx_word' id='word_1_15' title='bbox 196 518 382 572; x_wconf 85' lang='lat' dir='ltr'><strong>anticus</strong></span> <span class='ocrx_word' id='word_1_16' title='bbox 425 525 546 570; x_wconf 90' lang='lat' dir='ltr'><strong>tuus</strong></span> <span class='ocrx_word' id='word_1_17' title='bbox 591 517 751 583; x_wconf 83' lang='lat' dir='ltr'><strong>longo</strong></span> <span class='ocrx_word' id='word_1_18' title='bbox 778 516 898 570; x_wconf 88' lang='lat' dir='ltr'><strong>istic</strong></span> <span class='ocrx_word' id='word_1_19' title='bbox 940 523 1185 584; x_wconf 87' lang='lat' dir='ltr'><strong>tempore</strong></span> <span class='ocrx_word' id='word_1_20' title='bbox 1231 514 1527 583; x_wconf 81' lang='lat' dir='ltr'><strong>inspecms,</strong></span> <span class='ocrx_word' id='word_1_21' title='bbox 1570 516 1767 569; x_wconf 88' lang='lat' dir='ltr'><strong>tneruit</strong></span> 
     </span>
    </p>
   </div>
   <div class='ocr_carea' id='block_1_4' title="bbox 2406 421 2916 481">
    <p class='ocr_par' dir='ltr' id='par_1_4' title="bbox 2406 421 2916 481">
     <span class='ocr_line' id='line_1_4' title="bbox 2406 421 2916 481; baseline 0.012 -6"><span class='ocrx_word' id='word_1_22' title='bbox 2406 421 2737 480; x_wconf 75' lang='lat' dir='ltr'><strong>EPISTULA</strong></span> <span class='ocrx_word' id='word_1_23' title='bbox 2784 423 2916 481; x_wconf 80' lang='lat' dir='ltr'><strong>Vill.</strong></span> 
     </span>
    </p>
   </div>
   <div class='ocr_carea' id='block_1_5' title="bbox 2183 512 3137 573">
    <p class='ocr_par' dir='ltr' id='par_1_5' title="bbox 2183 512 3137 573">
     <span class='ocr_line' id='line_1_5' title="bbox 2183 512 3137 573; baseline 0.005 -5"><span class='ocrx_word' id='word_1_24' title='bbox 2183 512 2429 568; x_wconf 76' lang='lat' dir='ltr'><strong>Sidonius</strong></span> <span class='ocrx_word' id='word_1_25' title='bbox 2460 513 2761 570; x_wconf 80' lang='lat' dir='ltr'><strong>Desiderato</strong></span> <span class='ocrx_word' id='word_1_26' title='bbox 2785 533 2877 570; x_wconf 80' lang='lat' dir='ltr'><strong>suo</strong></span> <span class='ocrx_word' id='word_1_27' title='bbox 2904 517 3137 573; x_wconf 72' lang='lat' dir='ltr'><strong>salutem.</strong></span> 
     </span>
    </p>
   </div>
   <div class='ocr_carea' id='block_1_6' title="bbox 199 608 1763 678">
    <p class='ocr_par' dir='ltr' id='par_1_6' title="bbox 199 608 1763 678">
     <span class='ocr_line' id='line_1_6' title="bbox 199 608 1763 678; baseline -0.002 -15"><span class='ocrx_word' id='word_1_28' title='bbox 199 612 322 665; x_wconf 90' lang='lat' dir='ltr'><strong>inter</strong></span> <span class='ocrx_word' id='word_1_29' title='bbox 343 622 595 678; x_wconf 91' lang='lat' dir='ltr'><strong>personas</strong></span> <span class='ocrx_word' id='word_1_30' title='bbox 623 608 780 661; x_wconf 76' lang='lat' dir='ltr'><strong>nobis</strong></span> <span class='ocrx_word' id='word_1_31' title='bbox 818 622 1033 676; x_wconf 88' lang='lat' dir='ltr'><strong>quoque</strong></span> <span class='ocrx_word' id='word_1_32' title='bbox 1057 621 1211 661; x_wconf 88' lang='lat' dir='ltr'><strong>caras</strong></span> <span class='ocrx_word' id='word_1_33' title='bbox 1236 608 1618 675; x_wconf 80' lang='lat' dir='ltr'><strong>devinctasque</strong></span> <span class='ocrx_word' id='word_1_34' title='bbox 1640 622 1763 661; x_wconf 87' lang='lat' dir='ltr'><strong>cen-</strong></span> 
     </span>
    </p>
   </div>
   <div class='ocr_carea' id='block_1_7' title="bbox 200 698 1765 769">
    <p class='ocr_par' dir='ltr' id='par_1_7' title="bbox 200 698 1765 769">
     <span class='ocr_line' id='line_1_7' title="bbox 200 698 1765 769; baseline -0.003 -12"><span class='ocrx_word' id='word_1_35' title='bbox 200 702 293 757; x_wconf 88' lang='lat' dir='ltr'><strong>seri</strong></span> <span class='ocrx_word' id='word_1_36' title='bbox 323 716 338 754; x_wconf 90' lang='lat'><strong>:</strong></span> <span class='ocrx_word' id='word_1_37' title='bbox 370 708 699 769; x_wconf 82' lang='lat' dir='ltr'><strong>Opportunus</strong></span> <span class='ocrx_word' id='word_1_38' title='bbox 723 738 738 764; x_wconf 90' lang='lat'><strong>,</strong></span> <span class='ocrx_word' id='word_1_39' title='bbox 807 699 1023 767; x_wconf 90' lang='lat' dir='ltr'><strong>elegans</strong></span> <span class='ocrx_word' id='word_1_40' title='bbox 1048 738 1064 764; x_wconf 94' lang='lat'><strong>,</strong></span> <span class='ocrx_word' id='word_1_41' title='bbox 1112 699 1445 752; x_wconf 83' lang='lat' dir='ltr'><strong>verecundus</strong></span> <span class='ocrx_word' id='word_1_42' title='bbox 1470 740 1484 765; x_wconf 93' lang='lat'><strong>,</strong></span> <span class='ocrx_word' id='word_1_43' title='bbox 1532 698 1765 763; x_wconf 88' lang='lat' dir='ltr'><strong>sobrius,</strong></span> 
     </span>
    </p>
   </div>
   <div class='ocr_carea' id='block_1_8' title="bbox 204 789 1766 864">
    <p class='ocr_par' dir='ltr' id='par_1_8' title="bbox 204 789 1766 864">
     <span class='ocr_line' id='line_1_8' title="bbox 204 789 1766 864; baseline -0.004 -15"><span class='ocrx_word' id='word_1_44' title='bbox 204 809 392 864; x_wconf 86' lang='lat' dir='ltr'><strong>parcus,</strong></span> <span class='ocrx_word' id='word_1_45' title='bbox 424 791 725 859; x_wconf 70' lang='lat' dir='ltr'><strong>religiosus,</strong></span> <span class='ocrx_word' id='word_1_46' title='bbox 771 798 825 844; x_wconf 84' lang='lat' dir='ltr'><strong>et</strong></span> <span class='ocrx_word' id='word_1_47' title='bbox 858 791 937 842; x_wconf 92' lang='lat' dir='ltr'><strong>his</strong></span> <span class='ocrx_word' id='word_1_48' title='bbox 967 805 1173 843; x_wconf 89' lang='lat' dir='ltr'><strong>morum</strong></span> <span class='ocrx_word' id='word_1_49' title='bbox 1226 789 1442 844; x_wconf 92' lang='lat' dir='ltr'><strong>dotibus</strong></span> <span class='ocrx_word' id='word_1_50' title='bbox 1487 790 1766 858; x_wconf 78' lang='lat' dir='ltr'><strong>praeditus,</strong></span> 
     </span>
    </p>
   </div>
   <div class='ocr_carea' id='block_1_9' title="bbox 204 879 1768 954">
    <p class='ocr_par' dir='ltr' id='par_1_9' title="bbox 204 879 1768 954">
     <span class='ocr_line' id='line_1_9' title="bbox 204 879 1768 954; baseline -0.004 -15"><span class='ocrx_word' id='word_1_51' title='bbox 204 898 251 939; x_wconf 91' lang='lat' dir='ltr'><strong>ut</strong></span> <span class='ocrx_word' id='word_1_52' title='bbox 276 883 475 954; x_wconf 89' lang='lat' dir='ltr'><strong>quoties</strong></span> <span class='ocrx_word' id='word_1_53' title='bbox 501 883 554 935; x_wconf 93' lang='lat' dir='ltr'><strong>in</strong></span> <span class='ocrx_word' id='word_1_54' title='bbox 585 881 708 934; x_wconf 88' lang='lat' dir='ltr'><strong>boni</strong></span> <span class='ocrx_word' id='word_1_55' title='bbox 736 881 999 950; x_wconf 86' lang='lat' dir='ltr'><strong>cujusque</strong></span> <span class='ocrx_word' id='word_1_56' title='bbox 1035 880 1316 933; x_wconf 84' lang='lat' dir='ltr'><strong>asciseitur</strong></span> <span class='ocrx_word' id='word_1_57' title='bbox 1342 879 1625 943; x_wconf 87' lang='lat' dir='ltr'><strong>amicitias,</strong></span> <span class='ocrx_word' id='word_1_58' title='bbox 1662 894 1768 933; x_wconf 90' lang='lat' dir='ltr'><strong>non</strong></span> 
     </span>
    </p>
   </div>
   <div class='ocr_carea' id='block_1_10' title="bbox 207 971 1768 1042">
    <p class='ocr_par' dir='ltr' id='par_1_10' title="bbox 207 971 1768 1042">
     <span class='ocr_line' id='line_1_10' title="bbox 207 971 1768 1042; baseline -0.002 -14"><span class='ocrx_word' id='word_1_59' title='bbox 207 974 412 1042; x_wconf 79' lang='lat' dir='ltr'><strong>amplius</strong></span> <span class='ocrx_word' id='word_1_60' title='bbox 458 981 826 1041; x_wconf 74' lang='lat' dir='ltr'><strong>consequatur</strong></span> <span class='ocrx_word' id='word_1_61' title='bbox 878 971 1121 1026; x_wconf 89' lang='lat' dir='ltr'><strong>beneficii</strong></span> <span class='ocrx_word' id='word_1_62' title='bbox 1173 973 1287 1037; x_wconf 86' lang='lat' dir='ltr'><strong>ipse</strong></span> <span class='ocrx_word' id='word_1_63' title='bbox 1341 986 1498 1040; x_wconf 90' lang='lat' dir='ltr'><strong>quam</strong></span> <span class='ocrx_word' id='word_1_64' title='bbox 1551 972 1768 1025; x_wconf 85' lang='lat' dir='ltr'><strong>tribuat.</strong></span> 
     </span>
    </p>
   </div>
   <div class='ocr_carea' id='block_1_11' title="bbox 211 1061 1774 1132">
    <p class='ocr_par' dir='ltr' id='par_1_11' title="bbox 211 1061 1774 1132">
     <span class='ocr_line' id='line_1_11' title="bbox 211 1061 1774 1132; baseline -0.003 -13"><span class='ocrx_word' id='word_1_65' title='bbox 211 1066 316 1120; x_wconf 81' lang='lat' dir='ltr'><strong>lltec</strong></span> <span class='ocrx_word' id='word_1_66' title='bbox 345 1066 434 1118; x_wconf 87' lang='lat' dir='ltr'><strong>tibi</strong></span> <span class='ocrx_word' id='word_1_67' title='bbox 466 1078 573 1117; x_wconf 93' lang='lat' dir='ltr'><strong>non</strong></span> <span class='ocrx_word' id='word_1_68' title='bbox 603 1073 658 1116; x_wconf 91' lang='lat' dir='ltr'><strong>ut</strong></span> <span class='ocrx_word' id='word_1_69' title='bbox 698 1061 989 1132; x_wconf 81' lang='lat' dir='ltr'><strong>ignoranti,</strong></span> <span class='ocrx_word' id='word_1_70' title='bbox 1018 1061 1112 1115; x_wconf 87' lang='lat' dir='ltr'><strong>sed</strong></span> <span class='ocrx_word' id='word_1_71' title='bbox 1140 1070 1198 1115; x_wconf 93' lang='lat' dir='ltr'><strong>ut</strong></span> <span class='ocrx_word' id='word_1_72' title='bbox 1220 1062 1427 1130; x_wconf 90' lang='lat' dir='ltr'><strong>judicio</strong></span> <span class='ocrx_word' id='word_1_73' title='bbox 1468 1077 1588 1116; x_wconf 91' lang='lat' dir='ltr'><strong>meo</strong></span> <span class='ocrx_word' id='word_1_74' title='bbox 1617 1061 1774 1115; x_wconf 88' lang='lat' dir='ltr'><strong>satis-</strong></span> 
     </span>
    </p>
   </div>
   <div class='ocr_carea' id='block_1_12' title="bbox 211 1154 1769 1222">
    <p class='ocr_par' dir='ltr' id='par_1_12' title="bbox 211 1154 1769 1222">
     <span class='ocr_line' id='line_1_12' title="bbox 211 1154 1769 1222; baseline -0.002 -11"><span class='ocrx_word' id='word_1_75' title='bbox 211 1158 437 1221; x_wconf 76' lang='lat' dir='ltr'><strong>facerem,</strong></span> <span class='ocrx_word' id='word_1_76' title='bbox 470 1155 679 1221; x_wconf 85' lang='lat' dir='ltr'><strong>scripsi.</strong></span> <span class='ocrx_word' id='word_1_77' title='bbox 713 1154 1071 1220; x_wconf 79' lang='lat' dir='ltr'><strong>Quamobrem</strong></span> <span class='ocrx_word' id='word_1_78' title='bbox 1102 1154 1293 1222; x_wconf 81' lang='lat' dir='ltr'><strong>triplex</strong></span> <span class='ocrx_word' id='word_1_79' title='bbox 1334 1169 1492 1208; x_wconf 89' lang='lat' dir='ltr'><strong>causa</strong></span> <span class='ocrx_word' id='word_1_80' title='bbox 1526 1154 1769 1208; x_wconf 66' lang='lat' dir='ltr'><strong>laetandi:</strong></span> 
     </span>
    </p>
   </div>
   <div class='ocr_carea' id='block_1_13' title="bbox 213 1244 1775 1316">
    <p class='ocr_par' dir='ltr' id='par_1_13' title="bbox 213 1244 1775 1316">
     <span class='ocr_line' id='line_1_13' title="bbox 213 1244 1775 1316; baseline -0.002 -15"><span class='ocrx_word' id='word_1_81' title='bbox 213 1249 289 1301; x_wconf 69' lang='lat' dir='ltr'><strong>tibi</strong></span> <span class='ocrx_word' id='word_1_82' title='bbox 320 1247 504 1316; x_wconf 86' lang='lat' dir='ltr'><strong>prima,</strong></span> <span class='ocrx_word' id='word_1_83' title='bbox 534 1244 621 1299; x_wconf 85' lang='lat' dir='ltr'><strong>cui</strong></span> <span class='ocrx_word' id='word_1_84' title='bbox 644 1247 847 1298; x_wconf 84' lang='lat' dir='ltr'><strong>amicos</strong></span> <span class='ocrx_word' id='word_1_85' title='bbox 876 1244 956 1297; x_wconf 89' lang='lat' dir='ltr'><strong>sic</strong></span> <span class='ocrx_word' id='word_1_86' title='bbox 982 1253 1073 1297; x_wconf 86' lang='lat' dir='ltr'><strong>aut</strong></span> <span class='ocrx_word' id='word_1_87' title='bbox 1110 1244 1410 1308; x_wconf 83' lang='lat' dir='ltr'><strong>instituere,</strong></span> <span class='ocrx_word' id='word_1_88' title='bbox 1442 1255 1532 1298; x_wconf 80' lang='lat' dir='ltr'><strong>aut</strong></span> <span class='ocrx_word' id='word_1_89' title='bbox 1576 1245 1775 1314; x_wconf 89' lang='lat' dir='ltr'><strong>eligere</strong></span> 
     </span>
    </p>
   </div>
   <div class='ocr_carea' id='block_1_14' title="bbox 214 1335 1771 1408">
    <p class='ocr_par' dir='ltr' id='par_1_14' title="bbox 214 1335 1771 1408">
     <span class='ocr_line' id='line_1_14' title="bbox 214 1335 1771 1408; baseline -0.001 -16"><span class='ocrx_word' id='word_1_90' title='bbox 214 1339 473 1408; x_wconf 80' lang='lat' dir='ltr'><strong>contingit;</strong></span> <span class='ocrx_word' id='word_1_91' title='bbox 500 1336 755 1391; x_wconf 79' lang='lat' dir='ltr'><strong>Arvernis</strong></span> <span class='ocrx_word' id='word_1_92' title='bbox 778 1338 1035 1403; x_wconf 86' lang='lat' dir='ltr'><strong>secunda,</strong></span> <span class='ocrx_word' id='word_1_93' title='bbox 1064 1336 1258 1403; x_wconf 81' lang='lat' dir='ltr'><strong>quibus</strong></span> <span class='ocrx_word' id='word_1_94' title='bbox 1309 1335 1408 1391; x_wconf 87' lang='lat' dir='ltr'><strong>hoc</strong></span> <span class='ocrx_word' id='word_1_95' title='bbox 1450 1336 1502 1389; x_wconf 91' lang='lat' dir='ltr'><strong>in</strong></span> <span class='ocrx_word' id='word_1_96' title='bbox 1547 1352 1615 1389; x_wconf 89' lang='lat' dir='ltr'><strong>eo</strong></span> <span class='ocrx_word' id='word_1_97' title='bbox 1656 1337 1771 1406; x_wconf 81' lang='lat' dir='ltr'><strong>pla-</strong></span> 
     </span>
    </p>
   </div>
   <div class='ocr_carea' id='block_1_15' title="bbox 214 1426 1774 1496">
    <p class='ocr_par' dir='ltr' id='par_1_15' title="bbox 214 1426 1774 1496">
     <span class='ocr_line' id='line_1_15' title="bbox 214 1426 1774 1496; baseline -0.002 -11"><span class='ocrx_word' id='word_1_98' title='bbox 214 1433 369 1487; x_wconf 88' lang='lat' dir='ltr'><strong>cuisse</strong></span> <span class='ocrx_word' id='word_1_99' title='bbox 393 1430 673 1491; x_wconf 88' lang='lat' dir='ltr'><strong>confirmo,</strong></span> <span class='ocrx_word' id='word_1_100' title='bbox 721 1427 861 1495; x_wconf 88' lang='lat' dir='ltr'><strong>quod</strong></span> <span class='ocrx_word' id='word_1_101' title='bbox 908 1438 960 1480; x_wconf 89' lang='lat' dir='ltr'><strong>te</strong></span> <span class='ocrx_word' id='word_1_102' title='bbox 991 1426 1247 1495; x_wconf 80' lang='lat' dir='ltr'><strong>probasse</strong></span> <span class='ocrx_word' id='word_1_103' title='bbox 1290 1443 1397 1479; x_wconf 91' lang='lat' dir='ltr'><strong>non</strong></span> <span class='ocrx_word' id='word_1_104' title='bbox 1424 1427 1669 1496; x_wconf 79' lang='lat' dir='ltr'><strong>ambigo;</strong></span> <span class='ocrx_word' id='word_1_105' title='bbox 1697 1428 1774 1482; x_wconf 87' lang='lat' dir='ltr'><strong>illi</strong></span> 
     </span>
    </p>
   </div>
   <div class='ocr_carea' id='block_1_16' title="bbox 216 1518 1776 1587">
    <p class='ocr_par' dir='ltr' id='par_1_16' title="bbox 216 1518 1776 1587">
     <span class='ocr_line' id='line_1_16' title="bbox 216 1518 1776 1587; baseline -0.001 -12"><span class='ocrx_word' id='word_1_106' title='bbox 216 1520 461 1585; x_wconf 81' lang='lat' dir='ltr'><strong>tertia,tle</strong></span> <span class='ocrx_word' id='word_1_107' title='bbox 506 1535 612 1587; x_wconf 88' lang='lat' dir='ltr'><strong>quo</strong></span> <span class='ocrx_word' id='word_1_108' title='bbox 641 1518 766 1571; x_wconf 86' lang='lat' dir='ltr'><strong>boni</strong></span> <span class='ocrx_word' id='word_1_109' title='bbox 817 1519 1013 1587; x_wconf 81' lang='lat' dir='ltr'><strong>quique</strong></span> <span class='ocrx_word' id='word_1_110' title='bbox 1052 1518 1188 1571; x_wconf 91' lang='lat' dir='ltr'><strong>bona</strong></span> <span class='ocrx_word' id='word_1_111' title='bbox 1230 1532 1455 1586; x_wconf 76' lang='lat' dir='ltr'><strong>quaeque</strong></span> <span class='ocrx_word' id='word_1_112' title='bbox 1496 1518 1776 1586; x_wconf 75' lang='lat' dir='ltr'><strong>judicave-</strong></span> 
     </span>
    </p>
   </div>
   <div class='ocr_carea' id='block_1_17' title="bbox 218 1611 513 1667">
    <p class='ocr_par' dir='ltr' id='par_1_17' title="bbox 218 1611 513 1667">
     <span class='ocr_line' id='line_1_17' title="bbox 218 1611 513 1667; baseline -0.007 0"><span class='ocrx_word' id='word_1_113' title='bbox 218 1623 342 1667; x_wconf 90' lang='lat' dir='ltr'><strong>runt.</strong></span> <span class='ocrx_word' id='word_1_114' title='bbox 374 1611 513 1665; x_wconf 67' lang='lat' dir='ltr'><strong>Vale.</strong></span> 
     </span>
    </p>
   </div>
   <div class='ocr_carea' id='block_1_18' title="bbox 750 1723 1219 1779">
    <p class='ocr_par' dir='ltr' id='par_1_18' title="bbox 750 1723 1219 1779">
     <span class='ocr_line' id='line_1_18' title="bbox 750 1723 1219 1779; baseline 0 -2"><span class='ocrx_word' id='word_1_115' title='bbox 750 1723 1080 1779; x_wconf 79' lang='lat' dir='ltr'><strong>EPISTOLA</strong></span> <span class='ocrx_word' id='word_1_116' title='bbox 1114 1723 1219 1778; x_wconf 81' lang='lat' dir='ltr'><strong>Vll.</strong></span> 
     </span>
    </p>
   </div>
   <div class='ocr_carea' id='block_1_19' title="bbox 545 1839 1444 1909">
    <p class='ocr_par' dir='ltr' id='par_1_19' title="bbox 545 1839 1444 1909">
     <span class='ocr_line' id='line_1_19' title="bbox 545 1839 1444 1909; baseline 0.002 -15"><span class='ocrx_word' id='word_1_117' title='bbox 545 1839 792 1894; x_wconf 80' lang='lat' dir='ltr'><strong>Sidonius</strong></span> <span class='ocrx_word' id='word_1_118' title='bbox 825 1840 1061 1909; x_wconf 74' lang='lat' dir='ltr'><strong>Explicio</strong></span> <span class='ocrx_word' id='word_1_119' title='bbox 1086 1857 1180 1894; x_wconf 82' lang='lat' dir='ltr'><strong>suo</strong></span> <span class='ocrx_word' id='word_1_120' title='bbox 1203 1842 1444 1896; x_wconf 81' lang='lat' dir='ltr'><strong>salutent.</strong></span> 
     </span>
    </p>
   </div>
   <div class='ocr_carea' id='block_1_20' title="bbox 286 1970 1783 2045">
    <p class='ocr_par' dir='ltr' id='par_1_20' title="bbox 286 1970 1783 2045">
     <span class='ocr_line' id='line_1_20' title="bbox 286 1970 1783 2045; baseline 0.001 -16"><span class='ocrx_word' id='word_1_121' title='bbox 286 1977 401 2042; x_wconf 88' lang='lat' dir='ltr'><strong>Quia</strong></span> <span class='ocrx_word' id='word_1_122' title='bbox 427 1975 628 2045; x_wconf 88' lang='lat' dir='ltr'><strong>ju-tit&#39;a</strong></span> <span class='ocrx_word' id='word_1_123' title='bbox 672 1970 857 2029; x_wconf 64' lang='lat' dir='ltr'><strong>vestra&#39;</strong></span> <span class='ocrx_word' id='word_1_124' title='bbox 888 1975 1010 2044; x_wconf 84' lang='lat' dir='ltr'><strong>jure</strong></span> <span class='ocrx_word' id='word_1_125' title='bbox 1039 1974 1095 2029; x_wconf 85' lang='lat' dir='ltr'><strong>fit</strong></span> <span class='ocrx_word' id='word_1_126' title='bbox 1135 1975 1462 2030; x_wconf 71' lang='lat' dir='ltr'><strong>universitati</strong></span> <span class='ocrx_word' id='word_1_127' title='bbox 1502 1991 1595 2044; x_wconf 90' lang='lat' dir='ltr'><strong>per</strong></span> <span class='ocrx_word' id='word_1_128' title='bbox 1635 1992 1783 2031; x_wconf 88' lang='lat' dir='ltr'><strong>com-</strong></span> 
     </span>
    </p>
   </div>
   <div class='ocr_carea' id='block_1_21' title="bbox 217 2066 1781 2139">
    <p class='ocr_par' dir='ltr' id='par_1_21' title="bbox 217 2066 1781 2139">
     <span class='ocr_line' id='line_1_21' title="bbox 217 2066 1781 2139; baseline 0.003 -20"><span class='ocrx_word' id='word_1_129' title='bbox 217 2068 358 2138; x_wconf 84' lang='lat' dir='ltr'><strong>plura</strong></span> <span class='ocrx_word' id='word_1_130' title='bbox 384 2067 509 2121; x_wconf 89' lang='lat' dir='ltr'><strong>rccti</strong></span> <span class='ocrx_word' id='word_1_131' title='bbox 540 2066 909 2134; x_wconf 79' lang='lat' dir='ltr'><strong>experimenta</strong></span> <span class='ocrx_word' id='word_1_132' title='bbox 939 2067 1284 2134; x_wconf 82' lang='lat' dir='ltr'><strong>venerabilis,</strong></span> <span class='ocrx_word' id='word_1_133' title='bbox 1320 2068 1518 2122; x_wconf 90' lang='lat' dir='ltr'><strong>ideirco</strong></span> <span class='ocrx_word' id='word_1_134' title='bbox 1542 2069 1781 2139; x_wconf 87' lang='lat' dir='ltr'><strong>singulas</strong></span> 
     </span>
    </p>
   </div>
   <div class='ocr_carea' id='block_1_22' title="bbox 218 2155 1778 2227">
    <p class='ocr_par' dir='ltr' id='par_1_22' title="bbox 218 2155 1778 2227">
     <span class='ocr_line' id='line_1_22' title="bbox 218 2155 1778 2227; baseline 0.002 -18"><span class='ocrx_word' id='word_1_135' title='bbox 218 2171 442 2225; x_wconf 87' lang='lat' dir='ltr'><strong>quasque</strong></span> <span class='ocrx_word' id='word_1_136' title='bbox 470 2170 727 2225; x_wconf 70' lang='lat' dir='ltr'><strong>perstinas</strong></span> <span class='ocrx_word' id='word_1_137' title='bbox 759 2155 808 2209; x_wconf 87' lang='lat' dir='ltr'><strong>id</strong></span> <span class='ocrx_word' id='word_1_138' title='bbox 834 2156 1005 2225; x_wconf 91' lang='lat' dir='ltr'><strong>ipsum</strong></span> <span class='ocrx_word' id='word_1_139' title='bbox 1044 2156 1399 2227; x_wconf 81' lang='lat' dir='ltr'><strong>efflagitantes</strong></span> <span class='ocrx_word' id='word_1_140' title='bbox 1450 2158 1501 2211; x_wconf 91' lang='lat' dir='ltr'><strong>in</strong></span> <span class='ocrx_word' id='word_1_141' title='bbox 1555 2174 1778 2213; x_wconf 82' lang='lat' dir='ltr'><strong>examen</strong></span> 
     </span>
    </p>
   </div>
   <div class='ocr_carea' id='block_1_23' title="bbox 220 2248 1785 2318">
    <p class='ocr_par' dir='ltr' id='par_1_23' title="bbox 220 2248 1785 2318">
     <span class='ocr_line' id='line_1_23' title="bbox 220 2248 1785 2318; baseline 0.003 -19"><span class='ocrx_word' id='word_1_142' title='bbox 220 2259 446 2302; x_wconf 85' lang='lat' dir='ltr'><strong>vestrum</strong></span> <span class='ocrx_word' id='word_1_143' title='bbox 479 2248 648 2301; x_wconf 89' lang='lat' dir='ltr'><strong>libens</strong></span> <span class='ocrx_word' id='word_1_144' title='bbox 677 2258 729 2301; x_wconf 90' lang='lat' dir='ltr'><strong>et</strong></span> <span class='ocrx_word' id='word_1_145' title='bbox 765 2248 952 2303; x_wconf 87' lang='lat' dir='ltr'><strong>avidus</strong></span> <span class='ocrx_word' id='word_1_146' title='bbox 984 2250 1188 2317; x_wconf 88' lang='lat' dir='ltr'><strong>emitto,</strong></span> <span class='ocrx_word' id='word_1_147' title='bbox 1233 2252 1623 2318; x_wconf 83' lang='lat' dir='ltr'><strong>quamprimum</strong></span> <span class='ocrx_word' id='word_1_148' title='bbox 1670 2269 1785 2304; x_wconf 86' lang='lat' dir='ltr'><strong>am-</strong></span> 
     </span>
    </p>
   </div>
   <div class='ocr_carea' id='block_1_24' title="bbox 217 2342 1782 2407">
    <p class='ocr_par' dir='ltr' id='par_1_24' title="bbox 217 2342 1782 2407">
     <span class='ocr_line' id='line_1_24' title="bbox 217 2342 1782 2407; baseline 0.002 -11"><span class='ocrx_word' id='word_1_149' title='bbox 217 2345 377 2407; x_wconf 80' lang='lat' dir='ltr'><strong>biens,</strong></span> <span class='ocrx_word' id='word_1_150' title='bbox 408 2359 489 2396; x_wconf 90' lang='lat' dir='ltr'><strong>me</strong></span> <span class='ocrx_word' id='word_1_151' title='bbox 523 2342 892 2406; x_wconf 78' lang='lat' dir='ltr'><strong>discussionis,</strong></span> <span class='ocrx_word' id='word_1_152' title='bbox 929 2343 1049 2395; x_wconf 91' lang='lat' dir='ltr'><strong>illos</strong></span> <span class='ocrx_word' id='word_1_153' title='bbox 1080 2343 1368 2397; x_wconf 86' lang='lat' dir='ltr'><strong>simultatis</strong></span> <span class='ocrx_word' id='word_1_154' title='bbox 1395 2359 1558 2399; x_wconf 90' lang='lat' dir='ltr'><strong>onere</strong></span> <span class='ocrx_word' id='word_1_155' title='bbox 1583 2345 1782 2403; x_wconf 80' lang='lat' dir='ltr'><strong>laxari:</strong></span> 
     </span>
    </p>
   </div>
   <div class='ocr_carea' id='block_1_25' title="bbox 216 2435 1786 2505">
    <p class='ocr_par' dir='ltr' id='par_1_25' title="bbox 216 2435 1786 2505">
     <span class='ocr_line' id='line_1_25' title="bbox 216 2435 1786 2505; baseline 0.003 -17"><span class='ocrx_word' id='word_1_156' title='bbox 216 2435 349 2504; x_wconf 89' lang='lat' dir='ltr'><strong>quod</strong></span> <span class='ocrx_word' id='word_1_157' title='bbox 376 2435 582 2489; x_wconf 89' lang='lat' dir='ltr'><strong>demum</strong></span> <span class='ocrx_word' id='word_1_158' title='bbox 608 2437 674 2487; x_wconf 81' lang='lat' dir='ltr'><strong>ita</strong></span> <span class='ocrx_word' id='word_1_159' title='bbox 701 2446 977 2505; x_wconf 85' lang='lat' dir='ltr'><strong>sequetur,</strong></span> <span class='ocrx_word' id='word_1_160' title='bbox 1009 2435 1055 2488; x_wconf 85' lang='lat' dir='ltr'><strong>si</strong></span> <span class='ocrx_word' id='word_1_161' title='bbox 1087 2450 1189 2489; x_wconf 89' lang='lat' dir='ltr'><strong>non</strong></span> <span class='ocrx_word' id='word_1_162' title='bbox 1230 2452 1292 2489; x_wconf 83' lang='lat' dir='ltr'><strong>ex</strong></span> <span class='ocrx_word' id='word_1_163' title='bbox 1317 2436 1487 2490; x_wconf 91' lang='lat' dir='ltr'><strong>solido</strong></span> <span class='ocrx_word' id='word_1_164' title='bbox 1518 2440 1786 2505; x_wconf 72' lang='lat' dir='ltr'><strong>querimo-</strong></span> 
     </span>
    </p>
   </div>
   <div class='ocr_carea' id='block_1_26' title="bbox 219 2516 1782 2598">
    <p class='ocr_par' dir='ltr' id='par_1_26' title="bbox 219 2516 1782 2598">
     <span class='ocr_line' id='line_1_26' title="bbox 219 2516 1782 2598; baseline 0.004 -21"><span class='ocrx_word' id='word_1_165' title='bbox 219 2526 327 2577; x_wconf 83' lang='lat' dir='ltr'><strong>nias</strong></span> <span class='ocrx_word' id='word_1_166' title='bbox 373 2525 597 2593; x_wconf 83' lang='lat' dir='ltr'><strong>partium</strong></span> <span class='ocrx_word' id='word_1_167' title='bbox 652 2525 987 2578; x_wconf 82' lang='lat' dir='ltr'><strong>verecundus</strong></span> <span class='ocrx_word' id='word_1_168' title='bbox 1045 2539 1246 2580; x_wconf 91' lang='lat' dir='ltr'><strong>censor</strong></span> <span class='ocrx_word' id='word_1_169' title='bbox 1303 2526 1409 2598; x_wconf 65' lang='grc'>45</span> <span class='ocrx_word' id='word_1_170' title='bbox 1481 2516 1782 2583; x_wconf 76' lang='lat' dir='ltr'><strong>excludas:</strong></span> 
     </span>
    </p>
   </div>
   <div class='ocr_carea' id='block_1_27' title="bbox 220 2616 1786 2688">
    <p class='ocr_par' dir='ltr' id='par_1_27' title="bbox 220 2616 1786 2688">
     <span class='ocr_line' id='line_1_27' title="bbox 220 2616 1786 2688; baseline 0.003 -18"><span class='ocrx_word' id='word_1_171' title='bbox 220 2633 510 2686; x_wconf 79' lang='lat' dir='ltr'><strong>quanquam</strong></span> <span class='ocrx_word' id='word_1_172' title='bbox 542 2626 595 2672; x_wconf 81' lang='lat' dir='ltr'><strong>et</strong></span> <span class='ocrx_word' id='word_1_173' title='bbox 621 2618 719 2671; x_wconf 88' lang='lat' dir='ltr'><strong>hoc</strong></span> <span class='ocrx_word' id='word_1_174' title='bbox 750 2616 940 2685; x_wconf 85' lang='lat' dir='ltr'><strong>ipsum,</strong></span> <span class='ocrx_word' id='word_1_175' title='bbox 967 2619 1105 2686; x_wconf 89' lang='lat' dir='ltr'><strong>quod</strong></span> <span class='ocrx_word' id='word_1_176' title='bbox 1128 2618 1336 2685; x_wconf 76' lang='lat' dir='ltr'><strong>cupiam</strong></span> <span class='ocrx_word' id='word_1_177' title='bbox 1361 2621 1428 2670; x_wconf 88' lang='lat' dir='ltr'><strong>ttii</strong></span> <span class='ocrx_word' id='word_1_178' title='bbox 1452 2618 1700 2688; x_wconf 77' lang='lat' dir='ltr'><strong>jnrgantil</strong></span> <span class='ocrx_word' id='word_1_179' title='bbox 1726 2635 1786 2674; x_wconf 95' lang='lat' dir='ltr'><strong>us</strong></span> 
     </span>
    </p>
   </div>
   <div class='ocr_carea' id='block_1_28' title="bbox 221 2709 1786 2780">
    <p class='ocr_par' dir='ltr' id='par_1_28' title="bbox 221 2709 1786 2780">
     <span class='ocr_line' id='line_1_28' title="bbox 221 2709 1786 2780; baseline 0.003 -17"><span class='ocrx_word' id='word_1_180' title='bbox 221 2710 425 2764; x_wconf 85' lang='lat' dir='ltr'><strong>difficile</strong></span> <span class='ocrx_word' id='word_1_181' title='bbox 445 2710 714 2777; x_wconf 73' lang='lat' dir='ltr'><strong>concedis,</strong></span> <span class='ocrx_word' id='word_1_182' title='bbox 750 2709 1001 2764; x_wconf 88' lang='lat' dir='ltr'><strong>indicium</strong></span> <span class='ocrx_word' id='word_1_183' title='bbox 1034 2711 1103 2764; x_wconf 88' lang='lat' dir='ltr'><strong>sit</strong></span> <span class='ocrx_word' id='word_1_184' title='bbox 1131 2712 1265 2765; x_wconf 84' lang='lat' dir='ltr'><strong>bene</strong></span> <span class='ocrx_word' id='word_1_185' title='bbox 1295 2712 1604 2780; x_wconf 88' lang='lat' dir='ltr'><strong>jttdieaturi.</strong></span> <span class='ocrx_word' id='word_1_186' title='bbox 1657 2715 1786 2780; x_wconf 86' lang='lat' dir='ltr'><strong>Quis</strong></span> 
     </span>
    </p>
   </div>
   <div class='ocr_carea' id='block_1_29' title="bbox 222 2800 1785 2874">
    <p class='ocr_par' dir='ltr' id='par_1_29' title="bbox 222 2800 1785 2874">
     <span class='ocr_line' id='line_1_29' title="bbox 222 2800 1785 2874; baseline 0.004 -21"><span class='ocrx_word' id='word_1_187' title='bbox 222 2800 355 2853; x_wconf 88' lang='lat' dir='ltr'><strong>enim</strong></span> <span class='ocrx_word' id='word_1_188' title='bbox 379 2814 435 2854; x_wconf 89' lang='lat' dir='ltr'><strong>se</strong></span> <span class='ocrx_word' id='word_1_189' title='bbox 466 2815 568 2852; x_wconf 89' lang='lat' dir='ltr'><strong>non</strong></span> <span class='ocrx_word' id='word_1_190' title='bbox 602 2801 801 2855; x_wconf 90' lang='lat' dir='ltr'><strong>ambiat</strong></span> <span class='ocrx_word' id='word_1_191' title='bbox 830 2801 1090 2855; x_wconf 87' lang='lat' dir='ltr'><strong>arbitrum</strong></span> <span class='ocrx_word' id='word_1_192' title='bbox 1124 2803 1244 2871; x_wconf 88' lang='lat' dir='ltr'><strong>legi,</strong></span> <span class='ocrx_word' id='word_1_193' title='bbox 1275 2812 1365 2856; x_wconf 89' lang='lat' dir='ltr'><strong>aut</strong></span> <span class='ocrx_word' id='word_1_194' title='bbox 1396 2810 1563 2871; x_wconf 84' lang='lat' dir='ltr'><strong>pretio</strong></span> <span class='ocrx_word' id='word_1_195' title='bbox 1589 2806 1785 2874; x_wconf 82' lang='lat' dir='ltr'><strong>aliquid</strong></span> 
     </span>
    </p>
   </div>
   <div class='ocr_carea' id='block_1_30' title="bbox 223 2888 1787 2962">
    <p class='ocr_par' dir='ltr' id='par_1_30' title="bbox 223 2888 1787 2962">
     <span class='ocr_line' id='line_1_30' title="bbox 223 2888 1787 2962; baseline 0.005 -21"><span class='ocrx_word' id='word_1_196' title='bbox 223 2888 535 2955; x_wconf 81' lang='lat' dir='ltr'><strong>indulturus,</strong></span> <span class='ocrx_word' id='word_1_197' title='bbox 567 2901 658 2945; x_wconf 91' lang='lat' dir='ltr'><strong>aut</strong></span> <span class='ocrx_word' id='word_1_198' title='bbox 684 2894 906 2960; x_wconf 72' lang='lat' dir='ltr'><strong>gratim?</strong></span> <span class='ocrx_word' id='word_1_199' title='bbox 934 2893 1094 2961; x_wconf 83' lang='lat' dir='ltr'><strong>Igitur</strong></span> <span class='ocrx_word' id='word_1_200' title='bbox 1125 2894 1341 2962; x_wconf 83' lang='lat' dir='ltr'><strong>ignosce</strong></span> <span class='ocrx_word' id='word_1_201' title='bbox 1363 2896 1426 2947; x_wconf 84' lang='lat' dir='ltr'><strong>ad</strong></span> <span class='ocrx_word' id='word_1_202' title='bbox 1461 2904 1564 2948; x_wconf 82' lang='lat' dir='ltr'><strong>tam</strong></span> <span class='ocrx_word' id='word_1_203' title='bbox 1587 2909 1787 2949; x_wconf 70' lang='lat' dir='ltr'><strong>sancta:</strong></span> 
     </span>
    </p>
   </div>
   <div class='ocr_carea' id='block_1_31' title="bbox 222 2984 1785 3059">
    <p class='ocr_par' dir='ltr' id='par_1_31' title="bbox 222 2984 1785 3059">
     <span class='ocr_line' id='line_1_31' title="bbox 222 2984 1785 3059; baseline 0.004 -24"><span class='ocrx_word' id='word_1_204' title='bbox 222 2984 549 3037; x_wconf 69' lang='lat' dir='ltr'><strong>conscientize</strong></span> <span class='ocrx_word' id='word_1_205' title='bbox 587 2985 985 3055; x_wconf 61' lang='lat' dir='ltr'><strong>praerogativam</strong></span> <span class='ocrx_word' id='word_1_206' title='bbox 1011 2988 1198 3053; x_wconf 85' lang='lat' dir='ltr'><strong>raptim</strong></span> <span class='ocrx_word' id='word_1_207' title='bbox 1232 2987 1620 3057; x_wconf 71' lang='lat' dir='ltr'><strong>pCl&#39;lliCllCl‘que</strong></span> <span class='ocrx_word' id='word_1_208' title='bbox 1662 3006 1785 3059; x_wconf 58' lang='lat' dir='ltr'><strong>pro-</strong></span> 
     </span>
    </p>
   </div>
   <div class='ocr_carea' id='block_1_32' title="bbox 220 3075 1790 3146">
    <p class='ocr_par' dir='ltr' id='par_1_32' title="bbox 220 3075 1790 3146">
     <span class='ocr_line' id='line_1_32' title="bbox 220 3075 1790 3146; baseline 0.003 -18"><span class='ocrx_word' id='word_1_209' title='bbox 220 3076 523 3142; x_wconf 86' lang='lat' dir='ltr'><strong>perantibns</strong></span> <span class='ocrx_word' id='word_1_210' title='bbox 576 3092 589 3127; x_wconf 89' lang='lat'><strong>:</strong></span> <span class='ocrx_word' id='word_1_211' title='bbox 633 3075 1061 3145; x_wconf 87' lang='lat' dir='ltr'><strong>quandoquidem</strong></span> <span class='ocrx_word' id='word_1_212' title='bbox 1108 3077 1425 3131; x_wconf 91' lang='lat' dir='ltr'><strong>sententiam</strong></span> <span class='ocrx_word' id='word_1_213' title='bbox 1476 3091 1641 3146; x_wconf 90' lang='lat' dir='ltr'><strong>tuam,</strong></span> <span class='ocrx_word' id='word_1_214' title='bbox 1692 3093 1790 3133; x_wconf 57' lang='lat' dir='ltr'><strong>nte</strong></span> 
     </span>
    </p>
   </div>
   <div class='ocr_carea' id='block_1_33' title="bbox 220 3157 1858 3239">
    <p class='ocr_par' dir='ltr' id='par_1_33' title="bbox 220 3157 1858 3239">
     <span class='ocr_line' id='line_1_33' title="bbox 220 3157 1858 3239; baseline 0.002 -17"><span class='ocrx_word' id='word_1_215' title='bbox 220 3167 383 3222; x_wconf 76' lang='lat' dir='ltr'><strong>victus</strong></span> <span class='ocrx_word' id='word_1_216' title='bbox 406 3179 463 3221; x_wconf 89' lang='lat' dir='ltr'><strong>ut.</strong></span> <span class='ocrx_word' id='word_1_217' title='bbox 487 3168 713 3222; x_wconf 90' lang='lat' dir='ltr'><strong>stolidus</strong></span> <span class='ocrx_word' id='word_1_218' title='bbox 736 3179 981 3233; x_wconf 88' lang='lat' dir='ltr'><strong>accusat;</strong></span> <span class='ocrx_word' id='word_1_219' title='bbox 1009 3184 1106 3223; x_wconf 89' lang='lat' dir='ltr'><strong>nec</strong></span> <span class='ocrx_word' id='word_1_220' title='bbox 1134 3171 1302 3223; x_wconf 86' lang='lat' dir='ltr'><strong>victor</strong></span> <span class='ocrx_word' id='word_1_221' title='bbox 1333 3180 1388 3223; x_wconf 92' lang='lat' dir='ltr'><strong>ut</strong></span> <span class='ocrx_word' id='word_1_222' title='bbox 1416 3182 1634 3239; x_wconf 84' lang='lat' dir='ltr'><strong>argutus</strong></span> <span class='ocrx_word' id='word_1_223' title='bbox 1666 3171 1787 3225; x_wconf 90' lang='lat' dir='ltr'><strong>irri-</strong></span> <span class='ocrx_word' id='word_1_224' title='bbox 1814 3157 1858 3218; x_wconf 86' lang='lat' dir='ltr'><strong>C</strong></span> 
     </span>
    </p>
   </div>
   <div class='ocr_carea' id='block_1_34' title="bbox 220 3256 1788 3326">
    <p class='ocr_par' dir='ltr' id='par_1_34' title="bbox 220 3256 1788 3326">
     <span class='ocr_line' id='line_1_34' title="bbox 220 3256 1788 3326; baseline 0.003 -15"><span class='ocrx_word' id='word_1_225' title='bbox 220 3256 339 3322; x_wconf 79' lang='lat' dir='ltr'><strong>det;</strong></span> <span class='ocrx_word' id='word_1_226' title='bbox 367 3259 711 3326; x_wconf 86' lang='lat' dir='ltr'><strong>vetitatisquc</strong></span> <span class='ocrx_word' id='word_1_227' title='bbox 743 3268 982 3326; x_wconf 75' lang='lat' dir='ltr'><strong>respectu</strong></span> <span class='ocrx_word' id='word_1_228' title='bbox 1006 3258 1311 3326; x_wconf 85' lang='lat' dir='ltr'><strong>dependunt</strong></span> <span class='ocrx_word' id='word_1_229' title='bbox 1353 3260 1442 3315; x_wconf 83' lang='lat' dir='ltr'><strong>tibi</strong></span> <span class='ocrx_word' id='word_1_230' title='bbox 1475 3261 1670 3315; x_wconf 74' lang='lat' dir='ltr'><strong>addicti</strong></span> <span class='ocrx_word' id='word_1_231' title='bbox 1704 3277 1788 3316; x_wconf 86' lang='lat' dir='ltr'><strong>re-</strong></span> 
     </span>
    </p>
   </div>
   <div class='ocr_carea' id='block_1_35' title="bbox 222 3351 1787 3421">
    <p class='ocr_par' dir='ltr' id='par_1_35' title="bbox 222 3351 1787 3421">
     <span class='ocr_line' id='line_1_35' title="bbox 222 3351 1787 3421; baseline 0.006 -20"><span class='ocrx_word' id='word_1_232' title='bbox 222 3351 531 3414; x_wconf 86' lang='lat' dir='ltr'><strong>verentiam,</strong></span> <span class='ocrx_word' id='word_1_233' title='bbox 563 3351 786 3419; x_wconf 85' lang='lat' dir='ltr'><strong>gratiam</strong></span> <span class='ocrx_word' id='word_1_234' title='bbox 819 3352 1048 3405; x_wconf 84' lang='lat' dir='ltr'><strong>liberati.</strong></span> <span class='ocrx_word' id='word_1_235' title='bbox 1098 3351 1256 3406; x_wconf 87' lang='lat' dir='ltr'><strong>Proin</strong></span> <span class='ocrx_word' id='word_1_236' title='bbox 1282 3354 1328 3407; x_wconf 83' lang='lat' dir='ltr'><strong>le</strong></span> <span class='ocrx_word' id='word_1_237' title='bbox 1364 3353 1603 3421; x_wconf 71' lang='lat' dir='ltr'><strong>impense</strong></span> <span class='ocrx_word' id='word_1_238' title='bbox 1633 3357 1787 3410; x_wconf 84' lang='lat' dir='ltr'><strong>obse-</strong></span> 
     </span>
    </p>
   </div>
   <div class='ocr_carea' id='block_1_36' title="bbox 220 3442 1789 3514">
    <p class='ocr_par' dir='ltr' id='par_1_36' title="bbox 220 3442 1789 3514">
     <span class='ocr_line' id='line_1_36' title="bbox 220 3442 1789 3514; baseline 0.003 -19"><span class='ocrx_word' id='word_1_239' title='bbox 220 3456 333 3507; x_wconf 83' lang='lat' dir='ltr'><strong>cro,</strong></span> <span class='ocrx_word' id='word_1_240' title='bbox 380 3451 440 3496; x_wconf 89' lang='lat' dir='ltr'><strong>ut</strong></span> <span class='ocrx_word' id='word_1_241' title='bbox 480 3443 617 3496; x_wconf 88' lang='lat' dir='ltr'><strong>inter</strong></span> <span class='ocrx_word' id='word_1_242' title='bbox 660 3442 926 3496; x_wconf 87' lang='lat' dir='ltr'><strong>Alethium</strong></span> <span class='ocrx_word' id='word_1_243' title='bbox 970 3453 1023 3497; x_wconf 91' lang='lat' dir='ltr'><strong>et</strong></span> <span class='ocrx_word' id='word_1_244' title='bbox 1063 3443 1305 3509; x_wconf 84' lang='lat' dir='ltr'><strong>Paulum,</strong></span> <span class='ocrx_word' id='word_1_245' title='bbox 1340 3460 1455 3514; x_wconf 66' lang='lat' dir='ltr'><strong>qua:</strong></span> <span class='ocrx_word' id='word_1_246' title='bbox 1487 3446 1705 3499; x_wconf 90' lang='lat' dir='ltr'><strong>veniunt</strong></span> <span class='ocrx_word' id='word_1_247' title='bbox 1736 3448 1789 3501; x_wconf 88' lang='lat' dir='ltr'><strong>in</strong></span> 
     </span>
    </p>
   </div>
   <div class='ocr_carea' id='block_1_37' title="bbox 220 3538 1791 3612">
    <p class='ocr_par' dir='ltr' id='par_1_37' title="bbox 220 3538 1791 3612">
     <span class='ocr_line' id='line_1_37' title="bbox 220 3538 1791 3612; baseline 0.004 -22"><span class='ocrx_word' id='word_1_248' title='bbox 220 3538 688 3607; x_wconf 80' lang='lat' dir='ltr'><strong>disceptationem,</strong></span> <span class='ocrx_word' id='word_1_249' title='bbox 726 3555 849 3593; x_wconf 80' lang='lat' dir='ltr'><strong>mox</strong></span> <span class='ocrx_word' id='word_1_250' title='bbox 899 3552 957 3595; x_wconf 91' lang='lat' dir='ltr'><strong>ut</strong></span> <span class='ocrx_word' id='word_1_251' title='bbox 1008 3541 1253 3610; x_wconf 79' lang='lat' dir='ltr'><strong>utrinque</strong></span> <span class='ocrx_word' id='word_1_252' title='bbox 1294 3541 1485 3596; x_wconf 89' lang='lat' dir='ltr'><strong>fuerint</strong></span> <span class='ocrx_word' id='word_1_253' title='bbox 1524 3545 1791 3612; x_wconf 87' lang='lat' dir='ltr'><strong>opposita,</strong></span> 
     </span>
    </p>
   </div>
   <div class='ocr_carea' id='block_1_38' title="bbox 220 3629 1793 3703">
    <p class='ocr_par' dir='ltr' id='par_1_38' title="bbox 220 3629 1793 3703">
     <span class='ocr_line' id='line_1_38' title="bbox 220 3629 1793 3703; baseline 0.004 -22"><span class='ocrx_word' id='word_1_254' title='bbox 220 3629 502 3700; x_wconf 78' lang='lat' dir='ltr'><strong>discingas.</strong></span> <span class='ocrx_word' id='word_1_255' title='bbox 548 3630 820 3699; x_wconf 87' lang='lat' dir='ltr'><strong>Namque,</strong></span> <span class='ocrx_word' id='word_1_256' title='bbox 870 3632 921 3685; x_wconf 85' lang='grc' dir='ltr'>ιιί</span> <span class='ocrx_word' id='word_1_257' title='bbox 961 3630 1139 3697; x_wconf 51' lang='grc' dir='ltr'><strong>ηυντ,</strong></span> <span class='ocrx_word' id='word_1_258' title='bbox 1184 3647 1340 3700; x_wconf 89' lang='lat' dir='ltr'><strong>supra</strong></span> <span class='ocrx_word' id='word_1_259' title='bbox 1388 3632 1793 3703; x_wconf 85' lang='lat' dir='ltr'><strong>decemvirales,</strong></span> 
     </span>
    </p>
   </div>
   <div class='ocr_carea' id='block_1_39' title="bbox 222 3723 1798 3797">
    <p class='ocr_par' dir='ltr' id='par_1_39' title="bbox 222 3723 1798 3797">
     <span class='ocr_line' id='line_1_39' title="bbox 222 3723 1798 3797; baseline 0.006 -24"><span class='ocrx_word' id='word_1_260' title='bbox 222 3723 656 3790; x_wconf 74' lang='lat' dir='ltr'><strong>pontificalesque</strong></span> <span class='ocrx_word' id='word_1_261' title='bbox 701 3723 991 3777; x_wconf 79' lang='lat' dir='ltr'><strong>sententias</strong></span> <span class='ocrx_word' id='word_1_262' title='bbox 1021 3762 1035 3789; x_wconf 90' lang='lat'><strong>,</strong></span> <span class='ocrx_word' id='word_1_263' title='bbox 1080 3725 1376 3792; x_wconf 76' lang='lat' dir='ltr'><strong>:rgriudini</strong></span> <span class='ocrx_word' id='word_1_264' title='bbox 1417 3726 1572 3795; x_wconf 86' lang='lat' dir='ltr'><strong>hujus</strong></span> <span class='ocrx_word' id='word_1_265' title='bbox 1628 3742 1798 3797; x_wconf 63' lang='lat' dir='ltr'><strong>prope</strong></span> 
     </span>
    </p>
   </div>
   <div class='ocr_carea' id='block_1_40' title="bbox 221 3814 1800 3888">
    <p class='ocr_par' dir='ltr' id='par_1_40' title="bbox 221 3814 1800 3888">
     <span class='ocr_line' id='line_1_40' title="bbox 221 3814 1800 3888; baseline 0.005 -21"><span class='ocrx_word' id='word_1_266' title='bbox 221 3814 632 3869; x_wconf 71' lang='lat' dir='ltr'><strong>interminabilis</strong></span> <span class='ocrx_word' id='word_1_267' title='bbox 658 3814 839 3883; x_wconf 79' lang='lat' dir='ltr'><strong>juigii,</strong></span> <span class='ocrx_word' id='word_1_268' title='bbox 870 3816 982 3869; x_wconf 71' lang='lat' dir='ltr'><strong>sola</strong></span> <span class='ocrx_word' id='word_1_269' title='bbox 1008 3831 1213 3869; x_wconf 86' lang='lat' dir='ltr'><strong>morum</strong></span> <span class='ocrx_word' id='word_1_270' title='bbox 1248 3828 1458 3871; x_wconf 86' lang='lat' dir='ltr'><strong>tuorum</strong></span> <span class='ocrx_word' id='word_1_271' title='bbox 1497 3830 1800 3888; x_wconf 88' lang='lat' dir='ltr'><strong>temperan-</strong></span> 
     </span>
    </p>
   </div>
   <div class='ocr_carea' id='block_1_41' title="bbox 222 3904 1689 3973">
    <p class='ocr_par' dir='ltr' id='par_1_41' title="bbox 222 3904 1689 3973">
     <span class='ocr_line' id='line_1_41' title="bbox 222 3904 1689 3973; baseline 0.006 -17"><span class='ocrx_word' id='word_1_272' title='bbox 222 3905 289 3957; x_wconf 83' lang='lat' dir='ltr'><strong>tia</strong></span> <span class='ocrx_word' id='word_1_273' title='bbox 318 3904 765 3973; x_wconf 76' lang='lat' dir='ltr'><strong>solitajudicandi</strong></span> <span class='ocrx_word' id='word_1_274' title='bbox 790 3906 1103 3961; x_wconf 87' lang='lat' dir='ltr'><strong>salubritate</strong></span> <span class='ocrx_word' id='word_1_275' title='bbox 1133 3907 1503 3963; x_wconf 87' lang='lat' dir='ltr'><strong>medicabitur.</strong></span> <span class='ocrx_word' id='word_1_276' title='bbox 1538 3909 1689 3967; x_wconf 78' lang='lat' dir='ltr'><strong>Vale.</strong></span> 
     </span>
    </p>
   </div>
   <div class='ocr_carea' id='block_1_42' title="bbox 288 4076 1796 4144">
    <p class='ocr_par' dir='ltr' id='par_1_42' title="bbox 288 4076 1796 4144">
     <span class='ocr_line' id='line_1_42' title="bbox 288 4076 1796 4144; baseline 0.01 -15"><span class='ocrx_word' id='word_1_277' title='bbox 288 4086 316 4114; x_wconf 72' lang='grc' dir='ltr'><strong>ι</strong></span> <span class='ocrx_word' id='word_1_278' title='bbox 341 4076 447 4131; x_wconf 88' lang='lat' dir='ltr'><strong>Pro</strong></span> <span class='ocrx_word' id='word_1_279' title='bbox 472 4078 807 4133; x_wconf 79' lang='lat' dir='ltr'><strong>Pliilematia.</strong></span> <span class='ocrx_word' id='word_1_280' title='bbox 850 4077 1088 4133; x_wconf 87' lang='lat' dir='ltr'><strong>Priscum</strong></span> <span class='ocrx_word' id='word_1_281' title='bbox 1139 4088 1193 4133; x_wconf 84' lang='lat' dir='ltr'><strong>et</strong></span> <span class='ocrx_word' id='word_1_282' title='bbox 1223 4096 1405 4135; x_wconf 88' lang='lat' dir='ltr'><strong>verum</strong></span> <span class='ocrx_word' id='word_1_283' title='bbox 1439 4099 1631 4141; x_wconf 91' lang='lat' dir='ltr'><strong>nomen</strong></span> <span class='ocrx_word' id='word_1_284' title='bbox 1680 4098 1796 4144; x_wconf 88' lang='lat' dir='ltr'><strong>erat</strong></span> 
     </span>
    </p>
   </div>
   <div class='ocr_carea' id='block_1_43' title="bbox 220 4148 1799 4217">
    <p class='ocr_par' dir='ltr' id='par_1_43' title="bbox 220 4148 1799 4217">
     <span class='ocr_line' id='line_1_43' title="bbox 220 4148 1799 4217; baseline 0.006 -16"><span class='ocrx_word' id='word_1_285' title='bbox 220 4148 597 4203; x_wconf 86' lang='lat' dir='ltr'><strong>Philematium</strong></span> <span class='ocrx_word' id='word_1_286' title='bbox 624 4166 638 4201; x_wconf 88' lang='lat'><strong>:</strong></span> <span class='ocrx_word' id='word_1_287' title='bbox 682 4148 947 4216; x_wconf 87' lang='lat' dir='ltr'><strong>quomodo</strong></span> <span class='ocrx_word' id='word_1_288' title='bbox 978 4165 1004 4201; x_wconf 91' lang='lat' dir='ltr'><strong>a</strong></span> <span class='ocrx_word' id='word_1_289' title='bbox 1046 4150 1278 4203; x_wconf 87' lang='lat' dir='ltr'><strong>Luciano</strong></span> <span class='ocrx_word' id='word_1_290' title='bbox 1309 4154 1563 4217; x_wconf 83' lang='lat' dir='ltr'><strong>scribitur</strong></span> <span class='ocrx_word' id='word_1_291' title='bbox 1605 4159 1657 4210; x_wconf 93' lang='lat' dir='ltr'><strong>in</strong></span> <span class='ocrx_word' id='word_1_292' title='bbox 1688 4157 1799 4211; x_wconf 58' lang='lat' dir='ltr'><strong>dia.</strong></span> 
     </span>
    </p>
   </div>
   <div class='ocr_carea' id='block_1_44' title="bbox 219 4220 1802 4289">
    <p class='ocr_par' dir='ltr' id='par_1_44' title="bbox 219 4220 1802 4289">
     <span class='ocr_line' id='line_1_44' title="bbox 219 4220 1802 4289; baseline 0.007 -18"><span class='ocrx_word' id='word_1_293' title='bbox 219 4220 341 4288; x_wconf 86' lang='lat' dir='ltr'><strong>lngo</strong></span> <span class='ocrx_word' id='word_1_294' title='bbox 372 4220 675 4272; x_wconf 70' lang='lat' dir='ltr'><strong>Charmidis</strong></span> <span class='ocrx_word' id='word_1_295' title='bbox 706 4228 758 4289; x_wconf 86' lang='lat' dir='ltr'><strong>et</strong></span> <span class='ocrx_word' id='word_1_296' title='bbox 794 4220 1130 4287; x_wconf 71' lang='lat' dir='ltr'><strong>Trvpltaznze,</strong></span> <span class='ocrx_word' id='word_1_297' title='bbox 1164 4237 1319 4289; x_wconf 89' lang='lat' dir='ltr'><strong>quem</strong></span> <span class='ocrx_word' id='word_1_298' title='bbox 1349 4224 1549 4280; x_wconf 85' lang='lat' dir='ltr'><strong>claudit</strong></span> <span class='ocrx_word' id='word_1_299' title='bbox 1573 4228 1652 4280; x_wconf 85' lang='lat' dir='ltr'><strong>his</strong></span> <span class='ocrx_word' id='word_1_300' title='bbox 1682 4243 1802 4282; x_wconf 83' lang='lat' dir='ltr'><strong>ver-</strong></span> 
     </span>
    </p>
   </div>
   <div class='ocr_carea' id='block_1_45' title="bbox 219 4288 1807 4365">
    <p class='ocr_par' dir='ltr' id='par_1_45' title="bbox 219 4288 1807 4365">
     <span class='ocr_line' id='line_1_45' title="bbox 219 4288 1807 4365; baseline 0.008 -26"><span class='ocrx_word' id='word_1_301' title='bbox 219 4291 301 4343; x_wconf 86' lang='lat' dir='ltr'><strong>bis</strong></span> <span class='ocrx_word' id='word_1_302' title='bbox 328 4307 345 4365; x_wconf 66' lang='lat'><strong>;</strong></span> <span class='ocrx_word' id='word_1_303' title='bbox 377 4291 672 4362; x_wconf 63' lang='grc' dir='ltr'><strong>Φιλημάτιον</strong></span> <span class='ocrx_word' id='word_1_304' title='bbox 711 4288 764 4343; x_wconf 82' lang='grc' dir='ltr'><strong>δὲ</strong></span> <span class='ocrx_word' id='word_1_305' title='bbox 793 4291 951 4365; x_wconf 78' lang='grc' dir='ltr'><strong>πολλᾴ</strong></span> <span class='ocrx_word' id='word_1_306' title='bbox 983 4288 1231 4365; x_wconf 68' lang='grc' dir='ltr'><strong>χαιρέτώ.</strong></span> <span class='ocrx_word' id='word_1_307' title='bbox 1268 4292 1412 4346; x_wconf 81' lang='lat' dir='ltr'><strong>Dicta</strong></span> <span class='ocrx_word' id='word_1_308' title='bbox 1445 4298 1586 4350; x_wconf 89' lang='lat' dir='ltr'><strong>ettim</strong></span> <span class='ocrx_word' id='word_1_309' title='bbox 1632 4299 1807 4353; x_wconf 76' lang='lat' dir='ltr'><strong>l’ltile-</strong></span> 
     </span>
    </p>
   </div>
   <div class='ocr_carea' id='block_1_46' title="bbox 220 4362 1805 4432">
    <p class='ocr_par' dir='ltr' id='par_1_46' title="bbox 220 4362 1805 4432">
     <span class='ocr_line' id='line_1_46' title="bbox 220 4362 1805 4432; baseline 0.01 -22"><span class='ocrx_word' id='word_1_310' title='bbox 220 4363 444 4413; x_wconf 81' lang='lat' dir='ltr'><strong>tnalium</strong></span> <span class='ocrx_word' id='word_1_311' title='bbox 476 4364 880 4432; x_wconf 56' lang='grc' dir='ltr'><strong>ὑποκοριστικῶς</strong></span> <span class='ocrx_word' id='word_1_312' title='bbox 906 4362 973 4413; x_wconf 90' lang='lat' dir='ltr'><strong>ab</strong></span> <span class='ocrx_word' id='word_1_313' title='bbox 995 4362 1176 4414; x_wconf 30' lang='lat' dir='ltr'><strong>use-ult)</strong></span> <span class='ocrx_word' id='word_1_314' title='bbox 1205 4379 1216 4414; x_wconf 89' lang='lat'>:</span> <span class='ocrx_word' id='word_1_315' title='bbox 1247 4367 1385 4430; x_wconf 79' lang='lat' dir='ltr'><strong>quod</strong></span> <span class='ocrx_word' id='word_1_316' title='bbox 1410 4367 1424 4420; x_wconf 87' lang='lat' dir='ltr'><strong>i</strong></span> <span class='ocrx_word' id='word_1_317' title='bbox 1453 4369 1581 4422; x_wconf 88' lang='lat' dir='ltr'><strong>.nuit</strong></span> <span class='ocrx_word' id='word_1_318' title='bbox 1602 4370 1805 4425; x_wconf 81' lang='lat' dir='ltr'><strong>Lucre-</strong></span> 
     </span>
    </p>
   </div>
   <div class='ocr_carea' id='block_1_47' title="bbox 218 4430 877 4499">
    <p class='ocr_par' dir='ltr' id='par_1_47' title="bbox 218 4430 877 4499">
     <span class='ocr_line' id='line_1_47' title="bbox 218 4430 877 4499; baseline -0.002 -17"><span class='ocrx_word' id='word_1_319' title='bbox 218 4434 326 4483; x_wconf 83' lang='lat' dir='ltr'><strong>tius</strong></span> <span class='ocrx_word' id='word_1_320' title='bbox 358 4432 449 4484; x_wconf 89' lang='lat' dir='ltr'><strong>tllo</strong></span> <span class='ocrx_word' id='word_1_321' title='bbox 479 4430 756 4499; x_wconf 60' lang='lat' dir='ltr'><strong>versu&#39;lib.</strong></span> <span class='ocrx_word' id='word_1_322' title='bbox 784 4446 834 4482; x_wconf 87' lang='lat' dir='ltr'><strong>tv</strong></span> <span class='ocrx_word' id='word_1_323' title='bbox 864 4446 877 4481; x_wconf 87' lang='lat'><strong>:</strong></span> 
     </span>
    </p>
   </div>
   <div class='ocr_carea' id='block_1_48' title="bbox 344 4542 1465 4607">
    <p class='ocr_par' dir='ltr' id='par_1_48' title="bbox 344 4542 1465 4607">
     <span class='ocr_line' id='line_1_48' title="bbox 344 4542 1465 4607; baseline 0.004 -17"><span class='ocrx_word' id='word_1_324' title='bbox 344 4542 531 4591; x_wconf 77' lang='lat' dir='ltr'><strong>Sintula</strong></span> <span class='ocrx_word' id='word_1_325' title='bbox 555 4553 682 4601; x_wconf 63' lang='grc' dir='ltr'><strong>σιλήνη</strong></span> <span class='ocrx_word' id='word_1_326' title='bbox 708 4554 762 4588; x_wconf 85' lang='lat' dir='ltr'><strong>ac</strong></span> <span class='ocrx_word' id='word_1_327' title='bbox 785 4548 941 4604; x_wconf 88' lang='lat' dir='ltr'><strong>satyra</strong></span> <span class='ocrx_word' id='word_1_328' title='bbox 968 4550 1061 4605; x_wconf 85' lang='lat' dir='ltr'><strong>est,</strong></span> <span class='ocrx_word' id='word_1_329' title='bbox 1087 4542 1269 4593; x_wconf 83' lang='lat' dir='ltr'><strong>labiosa</strong></span> <span class='ocrx_word' id='word_1_330' title='bbox 1294 4558 1429 4607; x_wconf 65' lang='grc' dir='ltr'><strong>φίλημα</strong></span> <span class='ocrx_word' id='word_1_331' title='bbox 1453 4564 1465 4595; x_wconf 89' lang='lat'><strong>:</strong></span> 
     </span>
    </p>
   </div>
   <div class='ocr_carea' id='block_1_49' title="bbox 220 4648 1809 4725">
    <p class='ocr_par' dir='ltr' id='par_1_49' title="bbox 220 4648 1809 4725">
     <span class='ocr_line' id='line_1_49' title="bbox 220 4648 1809 4725; baseline 0.006 -24"><span class='ocrx_word' id='word_1_332' title='bbox 220 4648 609 4725; x_wconf 62' lang='lat' dir='ltr'><strong>eademfurma</strong></span> <span class='ocrx_word' id='word_1_333' title='bbox 634 4663 733 4717; x_wconf 91' lang='lat' dir='ltr'><strong>qua</strong></span> <span class='ocrx_word' id='word_1_334' title='bbox 756 4649 1125 4725; x_wconf 66' lang='lat' dir='ltr'><strong>Qhelidonitnn</strong></span> <span class='ocrx_word' id='word_1_335' title='bbox 1144 4695 1157 4717; x_wconf 87' lang='lat'><strong>,</strong></span> <span class='ocrx_word' id='word_1_336' title='bbox 1196 4652 1374 4725; x_wconf 77' lang='lat' dir='ltr'><strong>Ettstni</strong></span> <span class='ocrx_word' id='word_1_337' title='bbox 1397 4654 1565 4720; x_wconf 89' lang='lat' dir='ltr'><strong>binm,</strong></span> <span class='ocrx_word' id='word_1_338' title='bbox 1612 4655 1809 4725; x_wconf 86' lang='lat' dir='ltr'><strong>Glyce-</strong></span> 
     </span>
    </p>
   </div>
   <div class='ocr_carea' id='block_1_50' title="bbox 220 4719 1809 4790">
    <p class='ocr_par' dir='ltr' id='par_1_50' title="bbox 220 4719 1809 4790">
     <span class='ocr_line' id='line_1_50' title="bbox 220 4719 1809 4790; baseline 0.006 -19"><span class='ocrx_word' id='word_1_339' title='bbox 220 4722 387 4782; x_wconf 89' lang='lat' dir='ltr'><strong>rium,</strong></span> <span class='ocrx_word' id='word_1_340' title='bbox 422 4722 727 4779; x_wconf 78' lang='lat' dir='ltr'><strong>Mnsariuut,</strong></span> <span class='ocrx_word' id='word_1_341' title='bbox 759 4719 1117 4790; x_wconf 84' lang='lat' dir='ltr'><strong>Cymbalium,</strong></span> <span class='ocrx_word' id='word_1_342' title='bbox 1160 4733 1211 4776; x_wconf 91' lang='lat' dir='ltr'><strong>et</strong></span> <span class='ocrx_word' id='word_1_343' title='bbox 1258 4724 1355 4776; x_wconf 86' lang='lat' dir='ltr'><strong>alia</strong></span> <span class='ocrx_word' id='word_1_344' title='bbox 1407 4739 1499 4777; x_wconf 79' lang='lat' dir='ltr'><strong>Setl</strong></span> <span class='ocrx_word' id='word_1_345' title='bbox 1554 4719 1696 4779; x_wconf 58' lang='lat' dir='ltr'><strong>vera&#39;</strong></span> <span class='ocrx_word' id='word_1_346' title='bbox 1714 4742 1809 4781; x_wconf 88' lang='lat' dir='ltr'><strong>seu</strong></span> 
     </span>
    </p>
   </div>
   <div class='ocr_carea' id='block_1_51' title="bbox 220 4791 1811 4860">
    <p class='ocr_par' dir='ltr' id='par_1_51' title="bbox 220 4791 1811 4860">
     <span class='ocr_line' id='line_1_51' title="bbox 220 4791 1811 4860; baseline 0.007 -19"><span class='ocrx_word' id='word_1_347' title='bbox 220 4791 342 4841; x_wconf 64' lang='lat' dir='ltr'><strong>ficta</strong></span> <span class='ocrx_word' id='word_1_348' title='bbox 402 4794 614 4841; x_wconf 81' lang='lat' dir='ltr'><strong>nomina</strong></span> <span class='ocrx_word' id='word_1_349' title='bbox 669 4791 949 4842; x_wconf 78' lang='lat' dir='ltr'><strong>mulierum</strong></span> <span class='ocrx_word' id='word_1_350' title='bbox 984 4808 994 4842; x_wconf 92' lang='lat'><strong>:</strong></span> <span class='ocrx_word' id='word_1_351' title='bbox 1030 4807 1147 4859; x_wconf 77' lang='lat' dir='ltr'><strong>quae</strong></span> <span class='ocrx_word' id='word_1_352' title='bbox 1188 4806 1302 4860; x_wconf 71' lang='lat' dir='ltr'><strong>pthl</strong></span> <span class='ocrx_word' id='word_1_353' title='bbox 1340 4795 1448 4847; x_wconf 87' lang='lat' dir='ltr'><strong>rior</strong></span> <span class='ocrx_word' id='word_1_354' title='bbox 1479 4805 1607 4849; x_wconf 61' lang='lat' dir='ltr'><strong>artas</strong></span> <span class='ocrx_word' id='word_1_355' title='bbox 1657 4800 1811 4851; x_wconf 88' lang='lat' dir='ltr'><strong>aliter</strong></span> 
     </span>
    </p>
   </div>
   <div class='ocr_carea' id='block_1_52' title="bbox 216 4860 1812 4935">
    <p class='ocr_par' dir='ltr' id='par_1_52' title="bbox 216 4860 1812 4935">
     <span class='ocr_line' id='line_1_52' title="bbox 216 4860 1812 4935; baseline 0.005 -23"><span class='ocrx_word' id='word_1_356' title='bbox 216 4862 459 4923; x_wconf 70' lang='lat' dir='ltr'><strong>inflexit,</strong></span> <span class='ocrx_word' id='word_1_357' title='bbox 492 4871 543 4911; x_wconf 92' lang='lat' dir='ltr'><strong>nt</strong></span> <span class='ocrx_word' id='word_1_358' title='bbox 580 4861 911 4935; x_wconf 74' lang='lat' dir='ltr'><strong>l’lt.letnati:t,</strong></span> <span class='ocrx_word' id='word_1_359' title='bbox 943 4860 1276 4935; x_wconf 75' lang='lat' dir='ltr'><strong>Clietidouia,</strong></span> <span class='ocrx_word' id='word_1_360' title='bbox 1332 4864 1623 4935; x_wconf 83' lang='lat' dir='ltr'><strong>eodemque</strong></span> <span class='ocrx_word' id='word_1_361' title='bbox 1652 4870 1812 4921; x_wconf 90' lang='lat' dir='ltr'><strong>modo</strong></span> 
     </span>
    </p>
   </div>
   <div class='ocr_carea' id='block_1_53' title="bbox 216 4933 1809 5002">
    <p class='ocr_par' dir='ltr' id='par_1_53' title="bbox 216 4933 1809 5002">
     <span class='ocr_line' id='line_1_53' title="bbox 216 4933 1809 5002; baseline 0.004 -19"><span class='ocrx_word' id='word_1_362' title='bbox 216 4941 441 4983; x_wconf 60' lang='lat' dir='ltr'><strong>Cmtt&#39;ru:</strong></span> <span class='ocrx_word' id='word_1_363' title='bbox 472 4933 779 4997; x_wconf 71' lang='lat' dir='ltr'><strong>appellaren</strong></span> <span class='ocrx_word' id='word_1_364' title='bbox 810 4948 892 5002; x_wconf 77' lang='lat' dir='ltr'><strong>ur.</strong></span> <span class='ocrx_word' id='word_1_365' title='bbox 922 4933 1023 4984; x_wconf 71' lang='lat' dir='ltr'><strong>Sed</strong></span> <span class='ocrx_word' id='word_1_366' title='bbox 1053 4948 1146 4998; x_wconf 90' lang='lat' dir='ltr'><strong>pro</strong></span> <span class='ocrx_word' id='word_1_367' title='bbox 1178 4934 1485 4987; x_wconf 72' lang='lat' dir='ltr'><strong>l’lti‘ematia</strong></span> <span class='ocrx_word' id='word_1_368' title='bbox 1520 4933 1809 5002; x_wconf 76' lang='lat' dir='ltr'><strong>Filintatia,</strong></span> 
     </span>
    </p>
   </div>
   <div class='ocr_carea' id='block_1_54' title="bbox 213 5001 1809 5073">
    <p class='ocr_par' dir='ltr' id='par_1_54' title="bbox 213 5001 1809 5073">
     <span class='ocr_line' id='line_1_54' title="bbox 213 5001 1809 5073; baseline 0.004 -18"><span class='ocrx_word' id='word_1_369' title='bbox 213 5011 271 5055; x_wconf 78' lang='lat' dir='ltr'><strong>et</strong></span> <span class='ocrx_word' id='word_1_370' title='bbox 299 5018 407 5069; x_wconf 83' lang='lat' dir='ltr'><strong>pro</strong></span> <span class='ocrx_word' id='word_1_371' title='bbox 449 5003 763 5073; x_wconf 72' lang='lat' dir='ltr'><strong>Pliilemttlio</strong></span> <span class='ocrx_word' id='word_1_372' title='bbox 808 5001 1105 5055; x_wconf 81' lang='lat' dir='ltr'><strong>Filimatius</strong></span> <span class='ocrx_word' id='word_1_373' title='bbox 1164 5004 1377 5057; x_wconf 77' lang='lat' dir='ltr'><strong>tandem</strong></span> <span class='ocrx_word' id='word_1_374' title='bbox 1425 5007 1585 5059; x_wconf 88' lang='lat' dir='ltr'><strong>scribi</strong></span> <span class='ocrx_word' id='word_1_375' title='bbox 1627 5001 1809 5073; x_wconf 65' lang='lat' dir='ltr'><strong>impii,</strong></span> 
     </span>
    </p>
   </div>
   <div class='ocr_carea' id='block_1_55' title="bbox 214 5072 1817 5143">
    <p class='ocr_par' dir='ltr' id='par_1_55' title="bbox 214 5072 1817 5143">
     <span class='ocr_line' id='line_1_55' title="bbox 214 5072 1817 5143; baseline 0.004 -20"><span class='ocrx_word' id='word_1_376' title='bbox 214 5072 670 5143; x_wconf 10' lang='lat' dir='ltr'><strong>retentorGrteca:</strong></span> <span class='ocrx_word' id='word_1_377' title='bbox 699 5073 843 5143; x_wconf 65' lang='lat' dir='ltr'><strong>vpcis</strong></span> <span class='ocrx_word' id='word_1_378' title='bbox 864 5086 1017 5135; x_wconf 89' lang='lat' dir='ltr'><strong>sono,</strong></span> <span class='ocrx_word' id='word_1_379' title='bbox 1044 5088 1146 5126; x_wconf 92' lang='lat' dir='ltr'><strong>non</strong></span> <span class='ocrx_word' id='word_1_380' title='bbox 1171 5075 1546 5143; x_wconf 73' lang='lat' dir='ltr'><strong>orthographia</strong></span> <span class='ocrx_word' id='word_1_381' title='bbox 1573 5088 1625 5130; x_wconf 91' lang='lat' dir='ltr'><strong>et</strong></span> <span class='ocrx_word' id='word_1_382' title='bbox 1649 5072 1817 5138; x_wconf 56' lang='lat' dir='ltr'><strong>.,tia.i4</strong></span> 
     </span>
    </p>
   </div>
   <div class='ocr_carea' id='block_1_56' title="bbox 215 5142 1816 5200">
    <p class='ocr_par' dir='ltr' id='par_1_56' title="bbox 215 5142 1816 5200">
     <span class='ocr_line' id='line_1_56' title="bbox 215 5142 1816 5200; baseline 0.003 -5"><span class='ocrx_word' id='word_1_383' title='bbox 215 5144 405 5196; x_wconf 80' lang='lat' dir='ltr'><strong>titate.</strong></span> <span class='ocrx_word' id='word_1_384' title='bbox 447 5142 515 5195; x_wconf 86' lang='lat' dir='ltr'><strong>Ita</strong></span> <span class='ocrx_word' id='word_1_385' title='bbox 544 5146 685 5195; x_wconf 76' lang='lat' dir='ltr'><strong>enim</strong></span> <span class='ocrx_word' id='word_1_386' title='bbox 717 5142 1014 5195; x_wconf 85' lang='lat' dir='ltr'><strong>Filimatius</strong></span> <span class='ocrx_word' id='word_1_387' title='bbox 1038 5143 1090 5196; x_wconf 92' lang='lat' dir='ltr'><strong>in</strong></span> <span class='ocrx_word' id='word_1_388' title='bbox 1112 5144 1295 5197; x_wconf 83' lang='lat' dir='ltr'><strong>codice</strong></span> <span class='ocrx_word' id='word_1_389' title='bbox 1336 5142 1710 5200; x_wconf 80' lang='lat' dir='ltr'><strong>&#39;l‘lieodosiuno</strong></span> <span class='ocrx_word' id='word_1_390' title='bbox 1742 5150 1816 5200; x_wconf 85' lang='lat' dir='ltr'><strong>le-</strong></span> 
     </span>
    </p>
   </div>
   <div class='ocr_carea' id='block_1_57' title="bbox 210 5214 1812 5283">
    <p class='ocr_par' dir='ltr' id='par_1_57' title="bbox 210 5214 1812 5283">
     <span class='ocr_line' id='line_1_57' title="bbox 210 5214 1812 5283; baseline 0.006 -21"><span class='ocrx_word' id='word_1_391' title='bbox 210 5220 366 5281; x_wconf 81' lang='lat' dir='ltr'><strong>gitur</strong></span> <span class='ocrx_word' id='word_1_392' title='bbox 424 5226 608 5283; x_wconf 88' lang='lat' dir='ltr'><strong>comes</strong></span> <span class='ocrx_word' id='word_1_393' title='bbox 647 5228 929 5283; x_wconf 71' lang='lat' dir='ltr'><strong>sacrarum</strong></span> <span class='ocrx_word' id='word_1_394' title='bbox 984 5214 1319 5283; x_wconf 82' lang='lat' dir='ltr'><strong>largitionum</strong></span> <span class='ocrx_word' id='word_1_395' title='bbox 1376 5216 1475 5269; x_wconf 88' lang='lat' dir='ltr'><strong>sub</strong></span> <span class='ocrx_word' id='word_1_396' title='bbox 1526 5216 1812 5272; x_wconf 84' lang='lat' dir='ltr'><strong>Gratiano:</strong></span> 
     </span>
    </p>
   </div>
   <div class='ocr_carea' id='block_1_58' title="bbox 215 5281 1814 5355">
    <p class='ocr_par' dir='ltr' id='par_1_58' title="bbox 215 5281 1814 5355">
     <span class='ocr_line' id='line_1_58' title="bbox 215 5281 1814 5355; baseline 0.003 -20"><span class='ocrx_word' id='word_1_397' title='bbox 215 5294 350 5355; x_wconf 73' lang='lat' dir='ltr'><strong>item</strong></span> <span class='ocrx_word' id='word_1_398' title='bbox 386 5281 842 5355; x_wconf 64' lang='lat' dir='ltr'><strong>apudSidnnitnn</strong></span> <span class='ocrx_word' id='word_1_399' title='bbox 886 5283 978 5334; x_wconf 90' lang='lat' dir='ltr'><strong>lib.</strong></span> <span class='ocrx_word' id='word_1_400' title='bbox 1008 5299 1048 5348; x_wconf 87' lang='grc' dir='ltr'>ι,</span> <span class='ocrx_word' id='word_1_401' title='bbox 1071 5281 1318 5355; x_wconf 32' lang='grc' dir='ltr'><strong>’θνίειιῖῃ</strong></span> <span class='ocrx_word' id='word_1_402' title='bbox 1348 5295 1399 5338; x_wconf 91' lang='lat' dir='ltr'><strong>et</strong></span> <span class='ocrx_word' id='word_1_403' title='bbox 1431 5286 1522 5338; x_wconf 89' lang='lat' dir='ltr'><strong>lib.</strong></span> <span class='ocrx_word' id='word_1_404' title='bbox 1556 5303 1607 5350; x_wconf 91' lang='lat' dir='ltr'><strong>v,</strong></span> <span class='ocrx_word' id='word_1_405' title='bbox 1656 5290 1814 5355; x_wconf 72' lang='lat' dir='ltr'><strong>epist.</strong></span> 
     </span>
    </p>
   </div>
   <div class='ocr_carea' id='block_1_59' title="bbox 216 5352 1809 5423">
    <p class='ocr_par' dir='ltr' id='par_1_59' title="bbox 216 5352 1809 5423">
     <span class='ocr_line' id='line_1_59' title="bbox 216 5352 1809 5423; baseline 0.003 -17"><span class='ocrx_word' id='word_1_406' title='bbox 216 5352 310 5420; x_wconf 71' lang='lat' dir='ltr'><strong>i7,</strong></span> <span class='ocrx_word' id='word_1_407' title='bbox 362 5354 463 5404; x_wconf 88' lang='lat' dir='ltr'><strong>ubi</strong></span> <span class='ocrx_word' id='word_1_408' title='bbox 508 5352 755 5405; x_wconf 80' lang='lat' dir='ltr'><strong>Filitnatii</strong></span> <span class='ocrx_word' id='word_1_409' title='bbox 804 5355 1004 5406; x_wconf 89' lang='lat' dir='ltr'><strong>mentio</strong></span> <span class='ocrx_word' id='word_1_410' title='bbox 1050 5363 1132 5408; x_wconf 90' lang='lat' dir='ltr'><strong>est</strong></span> <span class='ocrx_word' id='word_1_411' title='bbox 1164 5354 1402 5422; x_wconf 77' lang='lat' dir='ltr'><strong>hujusce,</strong></span> <span class='ocrx_word' id='word_1_412' title='bbox 1436 5357 1646 5423; x_wconf 83' lang='lat' dir='ltr'><strong>opinor,</strong></span> <span class='ocrx_word' id='word_1_413' title='bbox 1687 5352 1809 5412; x_wconf 76' lang='lat' dir='ltr'><strong>Fili-</strong></span> 
     </span>
    </p>
   </div>
   <div class='ocr_carea' id='block_1_60' title="bbox 215 5424 1822 5490">
    <p class='ocr_par' dir='ltr' id='par_1_60' title="bbox 215 5424 1822 5490">
     <span class='ocr_line' id='line_1_60' title="bbox 215 5424 1822 5490; baseline 0.004 -15"><span class='ocrx_word' id='word_1_414' title='bbox 215 5424 415 5477; x_wconf 63' lang='lat' dir='ltr'><strong>tuatim</strong></span> <span class='ocrx_word' id='word_1_415' title='bbox 450 5433 647 5476; x_wconf 72' lang='lat' dir='ltr'><strong>nostra:</strong></span> <span class='ocrx_word' id='word_1_416' title='bbox 673 5425 860 5490; x_wconf 88' lang='lat' dir='ltr'><strong>patris.</strong></span> <span class='ocrx_word' id='word_1_417' title='bbox 893 5424 1007 5478; x_wconf 81' lang='lat' dir='ltr'><strong>Jam</strong></span> <span class='ocrx_word' id='word_1_418' title='bbox 1052 5439 1183 5478; x_wconf 85' lang='lat' dir='ltr'><strong>vero</strong></span> <span class='ocrx_word' id='word_1_419' title='bbox 1224 5440 1325 5476; x_wconf 90' lang='lat' dir='ltr'><strong>non</strong></span> <span class='ocrx_word' id='word_1_420' title='bbox 1352 5427 1520 5479; x_wconf 90' lang='lat' dir='ltr'><strong>solum</strong></span> <span class='ocrx_word' id='word_1_421' title='bbox 1554 5426 1822 5481; x_wconf 83' lang='lat' dir='ltr'><strong>Philema-</strong></span> 
     </span>
    </p>
   </div>
   <div class='ocr_carea' id='block_1_61' title="bbox 213 5494 1819 5559">
    <p class='ocr_par' dir='ltr' id='par_1_61' title="bbox 213 5494 1819 5559">
     <span class='ocr_line' id='line_1_61' title="bbox 213 5494 1819 5559; baseline 0.002 -12"><span class='ocrx_word' id='word_1_422' title='bbox 213 5494 360 5547; x_wconf 87' lang='lat' dir='ltr'><strong>tium</strong></span> <span class='ocrx_word' id='word_1_423' title='bbox 403 5494 549 5559; x_wconf 86' lang='lat' dir='ltr'><strong>apud</strong></span> <span class='ocrx_word' id='word_1_424' title='bbox 579 5506 786 5547; x_wconf 82' lang='lat' dir='ltr'><strong>veteres</strong></span> <span class='ocrx_word' id='word_1_425' title='bbox 841 5494 1033 5547; x_wconf 80' lang='lat' dir='ltr'><strong>femina</strong></span> <span class='ocrx_word' id='word_1_426' title='bbox 1080 5494 1375 5558; x_wconf 83' lang='lat' dir='ltr'><strong>dicebatur,</strong></span> <span class='ocrx_word' id='word_1_427' title='bbox 1426 5512 1608 5551; x_wconf 89' lang='lat' dir='ltr'><strong>verum</strong></span> <span class='ocrx_word' id='word_1_428' title='bbox 1656 5499 1819 5552; x_wconf 90' lang='lat' dir='ltr'><strong>etiam</strong></span> 
     </span>
    </p>
   </div>
   <div class='ocr_carea' id='block_1_62' title="bbox 216 5564 1823 5633">
    <p class='ocr_par' dir='ltr' id='par_1_62' title="bbox 216 5564 1823 5633">
     <span class='ocr_line' id='line_1_62' title="bbox 216 5564 1823 5633; baseline 0.002 -13"><span class='ocrx_word' id='word_1_429' title='bbox 216 5564 582 5620; x_wconf 71' lang='lat' dir='ltr'><strong>l&#39;itiletnatio.</strong></span> <span class='ocrx_word' id='word_1_430' title='bbox 634 5564 781 5618; x_wconf 84' lang='lat' dir='ltr'><strong>Sicut</strong></span> <span class='ocrx_word' id='word_1_431' title='bbox 809 5568 949 5618; x_wconf 87' lang='lat' dir='ltr'><strong>enim</strong></span> <span class='ocrx_word' id='word_1_432' title='bbox 1000 5566 1246 5619; x_wconf 75' lang='lat' dir='ltr'><strong>\‘enuleia</strong></span> <span class='ocrx_word' id='word_1_433' title='bbox 1297 5564 1698 5633; x_wconf 78' lang='lat' dir='ltr'><strong>Philematium,</strong></span> <span class='ocrx_word' id='word_1_434' title='bbox 1746 5570 1823 5624; x_wconf 89' lang='lat' dir='ltr'><strong>sic</strong></span> 
     </span>
    </p>
   </div>
   <div class='ocr_carea' id='block_1_63' title="bbox 282 5705 1825 5770">
    <p class='ocr_par' dir='ltr' id='par_1_63' title="bbox 282 5705 1825 5770">
     <span class='ocr_line' id='line_1_63' title="bbox 282 5705 1825 5770; baseline 0.002 -15"><span class='ocrx_word' id='word_1_435' title='bbox 282 5710 304 5727; x_wconf 86' lang='lat'>&#39;</span> <span class='ocrx_word' id='word_1_436' title='bbox 346 5707 432 5755; x_wconf 75' lang='lat' dir='ltr'><strong>De</strong></span> <span class='ocrx_word' id='word_1_437' title='bbox 450 5705 551 5770; x_wconf 72' lang='lat' dir='ltr'><strong>isto</strong></span> <span class='ocrx_word' id='word_1_438' title='bbox 581 5708 779 5769; x_wconf 50' lang='lat' dir='ltr'><strong>Abg&#39;tro</strong></span> <span class='ocrx_word' id='word_1_439' title='bbox 799 5710 1134 5770; x_wconf 70' lang='lat' dir='ltr'><strong>regiojuvene</strong></span> <span class='ocrx_word' id='word_1_440' title='bbox 1157 5706 1291 5767; x_wconf 71' lang='lat' dir='ltr'><strong>cujus</strong></span> <span class='ocrx_word' id='word_1_441' title='bbox 1313 5709 1610 5770; x_wconf 85' lang='lat' dir='ltr'><strong>epitaphium</strong></span> <span class='ocrx_word' id='word_1_442' title='bbox 1632 5709 1709 5759; x_wconf 87' lang='lat' dir='ltr'><strong>hic</strong></span> <span class='ocrx_word' id='word_1_443' title='bbox 1733 5723 1825 5758; x_wconf 80' lang='lat' dir='ltr'><strong>ex-</strong></span> 
     </span>
    </p>
   </div>
   <div class='ocr_carea' id='block_1_64' title="bbox 214 5769 1825 5825">
    <p class='ocr_par' dir='ltr' id='par_1_64' title="bbox 214 5769 1825 5825">
     <span class='ocr_line' id='line_1_64' title="bbox 214 5769 1825 5825; baseline 0.001 -5"><span class='ocrx_word' id='word_1_444' title='bbox 214 5772 369 5820; x_wconf 69' lang='lat' dir='ltr'><strong>ltibt-t</strong></span> <span class='ocrx_word' id='word_1_445' title='bbox 399 5769 711 5820; x_wconf 65' lang='lat' dir='ltr'><strong>Siruiunttus.</strong></span> <span class='ocrx_word' id='word_1_446' title='bbox 740 5772 919 5819; x_wconf 68' lang='lat' dir='ltr'><strong>vides-is</strong></span> <span class='ocrx_word' id='word_1_447' title='bbox 942 5784 1048 5825; x_wconf 77' lang='lat' dir='ltr'><strong>quae</strong></span> <span class='ocrx_word' id='word_1_448' title='bbox 1074 5771 1340 5825; x_wconf 80' lang='lat' dir='ltr'><strong>coniecerit</strong></span> <span class='ocrx_word' id='word_1_449' title='bbox 1384 5769 1603 5820; x_wconf 73' lang='lat' dir='ltr'><strong>eruditus</strong></span> <span class='ocrx_word' id='word_1_450' title='bbox 1630 5771 1825 5822; x_wconf 78' lang='lat' dir='ltr'><strong>Franci-</strong></span> 
     </span>
    </p>
   </div>
   <div class='ocr_carea' id='block_1_65' title="bbox 1944 602 3455 665">
    <p class='ocr_par' dir='ltr' id='par_1_65' title="bbox 1944 602 3455 665">
     <span class='ocr_line' id='line_1_65' title="bbox 1944 602 3455 665; baseline 0.006 -9"><span class='ocrx_word' id='word_1_451' title='bbox 1944 602 2316 657; x_wconf 74' lang='lat' dir='ltr'><strong>MtnStiSsimus</strong></span> <span class='ocrx_word' id='word_1_452' title='bbox 2353 602 2588 657; x_wconf 68' lang='lat' dir='ltr'><strong>litec&#39;tibi</strong></span> <span class='ocrx_word' id='word_1_453' title='bbox 2616 607 2821 659; x_wconf 82' lang='lat' dir='ltr'><strong>nuntio.</strong></span> <span class='ocrx_word' id='word_1_454' title='bbox 2858 607 3096 663; x_wconf 74' lang='lat' dir='ltr'><strong>Decessit</strong></span> <span class='ocrx_word' id='word_1_455' title='bbox 3126 605 3318 664; x_wconf 88' lang='lat' dir='ltr'><strong>nudius</strong></span> <span class='ocrx_word' id='word_1_456' title='bbox 3346 622 3455 665; x_wconf 85' lang='lat' dir='ltr'><strong>ter-</strong></span> 
     </span>
    </p>
   </div>
   <div class='ocr_carea' id='block_1_66' title="bbox 1875 691 3460 765">
    <p class='ocr_par' dir='ltr' id='par_1_66' title="bbox 1875 691 3460 765">
     <span class='ocr_line' id='line_1_66' title="bbox 1875 691 3460 765; baseline 0.005 -20"><span class='ocrx_word' id='word_1_457' title='bbox 1875 691 2003 756; x_wconf 89' lang='lat' dir='ltr'><strong>tius,</strong></span> <span class='ocrx_word' id='word_1_458' title='bbox 2032 707 2137 745; x_wconf 92' lang='lat' dir='ltr'><strong>non</strong></span> <span class='ocrx_word' id='word_1_459' title='bbox 2169 691 2372 760; x_wconf 89' lang='lat' dir='ltr'><strong>absque</strong></span> <span class='ocrx_word' id='word_1_460' title='bbox 2394 693 2621 762; x_wconf 84' lang='lat' dir='ltr'><strong>jttstitio,</strong></span> <span class='ocrx_word' id='word_1_461' title='bbox 2659 704 2684 731; x_wconf 67' lang='grc'>⁸</span> <span class='ocrx_word' id='word_1_462' title='bbox 2716 706 2957 751; x_wconf 87' lang='lat' dir='ltr'><strong>matrona</strong></span> <span class='ocrx_word' id='word_1_463' title='bbox 2984 698 3270 765; x_wconf 86' lang='lat' dir='ltr'><strong>Filimatia,</strong></span> <span class='ocrx_word' id='word_1_464' title='bbox 3296 700 3460 754; x_wconf 82' lang='lat' dir='ltr'><strong>mori-</strong></span> 
     </span>
    </p>
   </div>
   <div class='ocr_carea' id='block_1_67' title="bbox 1872 783 3452 858">
    <p class='ocr_par' dir='ltr' id='par_1_67' title="bbox 1872 783 3452 858">
     <span class='ocr_line' id='line_1_67' title="bbox 1872 783 3452 858; baseline 0.003 -20"><span class='ocrx_word' id='word_1_465' title='bbox 1872 799 1997 853; x_wconf 73' lang='lat' dir='ltr'><strong>gera</strong></span> <span class='ocrx_word' id='word_1_466' title='bbox 2027 784 2243 853; x_wconf 83' lang='lat' dir='ltr'><strong>COnjux,</strong></span> <span class='ocrx_word' id='word_1_467' title='bbox 2267 783 2479 839; x_wconf 91' lang='lat' dir='ltr'><strong>domina</strong></span> <span class='ocrx_word' id='word_1_468' title='bbox 2505 784 2767 853; x_wconf 89' lang='lat' dir='ltr'><strong>clemens,</strong></span> <span class='ocrx_word' id='word_1_469' title='bbox 2793 788 2939 842; x_wconf 86' lang='lat' dir='ltr'><strong>utilis</strong></span> <span class='ocrx_word' id='word_1_470' title='bbox 2974 799 3167 853; x_wconf 88' lang='lat' dir='ltr'><strong>mater,</strong></span> <span class='ocrx_word' id='word_1_471' title='bbox 3202 790 3285 858; x_wconf 92' lang='lat' dir='ltr'><strong>pia</strong></span> <span class='ocrx_word' id='word_1_472' title='bbox 3318 790 3452 844; x_wconf 69' lang='grc' dir='ltr'>ίίίὶιιτ</span> 
     </span>
    </p>
   </div>
   <div class='ocr_carea' id='block_1_68' title="bbox 1874 875 3456 949">
    <p class='ocr_par' dir='ltr' id='par_1_68' title="bbox 1874 875 3456 949">
     <span class='ocr_line' id='line_1_68' title="bbox 1874 875 3456 949; baseline -0.001 -19"><span class='ocrx_word' id='word_1_473' title='bbox 1874 875 1956 930; x_wconf 90' lang='lat' dir='ltr'><strong>cui</strong></span> <span class='ocrx_word' id='word_1_474' title='bbox 1987 876 2234 930; x_wconf 89' lang='lat' dir='ltr'><strong>debuerit</strong></span> <span class='ocrx_word' id='word_1_475' title='bbox 2261 876 2405 930; x_wconf 76' lang='lat' dir='ltr'><strong>domi</strong></span> <span class='ocrx_word' id='word_1_476' title='bbox 2427 877 2657 947; x_wconf 88' lang='lat' dir='ltr'><strong>forisque</strong></span> <span class='ocrx_word' id='word_1_477' title='bbox 2683 893 2906 944; x_wconf 86' lang='lat' dir='ltr'><strong>persona</strong></span> <span class='ocrx_word' id='word_1_478' title='bbox 2930 878 3101 933; x_wconf 91' lang='lat' dir='ltr'><strong>minor</strong></span> <span class='ocrx_word' id='word_1_479' title='bbox 3123 880 3456 949; x_wconf 80' lang='lat' dir='ltr'><strong>obsequium,</strong></span> 
     </span>
    </p>
   </div>
   <div class='ocr_carea' id='block_1_69' title="bbox 1878 965 3461 1035">
    <p class='ocr_par' dir='ltr' id='par_1_69' title="bbox 1878 965 3461 1035">
     <span class='ocr_line' id='line_1_69' title="bbox 1878 965 3461 1035; baseline 0.001 -14"><span class='ocrx_word' id='word_1_480' title='bbox 1878 969 2051 1034; x_wconf 88' lang='lat' dir='ltr'><strong>tnajor</strong></span> <span class='ocrx_word' id='word_1_481' title='bbox 2088 965 2345 1031; x_wconf 81' lang='lat' dir='ltr'><strong>officium,</strong></span> <span class='ocrx_word' id='word_1_482' title='bbox 2393 967 2614 1035; x_wconf 61' lang='lat' dir='ltr'><strong>aqualis</strong></span> <span class='ocrx_word' id='word_1_483' title='bbox 2664 969 2935 1023; x_wconf 69' lang='lat' dir='ltr'><strong>affectum.</strong></span> <span class='ocrx_word' id='word_1_484' title='bbox 2990 969 3114 1023; x_wconf 60' lang='lat' dir='ltr'><strong>lla&#39;c</strong></span> <span class='ocrx_word' id='word_1_485' title='bbox 3152 986 3271 1023; x_wconf 90' lang='lat' dir='ltr'><strong>cum</strong></span> <span class='ocrx_word' id='word_1_486' title='bbox 3319 981 3461 1024; x_wconf 70' lang='lat' dir='ltr'><strong>esset</strong></span> 
     </span>
    </p>
   </div>
   <div class='ocr_carea' id='block_1_70' title="bbox 1880 1058 3463 1127">
    <p class='ocr_par' dir='ltr' id='par_1_70' title="bbox 1880 1058 3463 1127">
     <span class='ocr_line' id='line_1_70' title="bbox 1880 1058 3463 1127; baseline 0.003 -16"><span class='ocrx_word' id='word_1_487' title='bbox 1880 1059 2033 1111; x_wconf 85' lang='lat' dir='ltr'><strong>unica</strong></span> <span class='ocrx_word' id='word_1_488' title='bbox 2062 1058 2266 1127; x_wconf 90' lang='lat' dir='ltr'><strong>jamdiu</strong></span> <span class='ocrx_word' id='word_1_489' title='bbox 2316 1059 2471 1112; x_wconf 89' lang='lat' dir='ltr'><strong>matri</strong></span> <span class='ocrx_word' id='word_1_490' title='bbox 2513 1060 2744 1124; x_wconf 68' lang='lat' dir='ltr'><strong>amissm,</strong></span> <span class='ocrx_word' id='word_1_491' title='bbox 2800 1062 2952 1114; x_wconf 86' lang='lat' dir='ltr'><strong>facile</strong></span> <span class='ocrx_word' id='word_1_492' title='bbox 2991 1061 3215 1115; x_wconf 89' lang='lat' dir='ltr'><strong>diversis</strong></span> <span class='ocrx_word' id='word_1_493' title='bbox 3261 1064 3463 1115; x_wconf 88' lang='lat' dir='ltr'><strong>blandi-</strong></span> 
     </span>
    </p>
   </div>
   <div class='ocr_carea' id='block_1_71' title="bbox 1877 1149 3460 1220">
    <p class='ocr_par' dir='ltr' id='par_1_71' title="bbox 1877 1149 3460 1220">
     <span class='ocr_line' id='line_1_71' title="bbox 1877 1149 3460 1220; baseline 0.001 -17"><span class='ocrx_word' id='word_1_494' title='bbox 1877 1160 2176 1203; x_wconf 66' lang='lat' dir='ltr'><strong>meatorum</strong></span> <span class='ocrx_word' id='word_1_495' title='bbox 2214 1149 2497 1218; x_wconf 86' lang='lat' dir='ltr'><strong>generibus</strong></span> <span class='ocrx_word' id='word_1_496' title='bbox 2532 1150 2802 1214; x_wconf 74' lang='lat' dir='ltr'><strong>effecerat,</strong></span> <span class='ocrx_word' id='word_1_497' title='bbox 2829 1166 2895 1204; x_wconf 90' lang='lat' dir='ltr'><strong>ne</strong></span> <span class='ocrx_word' id='word_1_498' title='bbox 2918 1153 3052 1219; x_wconf 84' lang='lat' dir='ltr'><strong>patri</strong></span> <span class='ocrx_word' id='word_1_499' title='bbox 3076 1152 3249 1205; x_wconf 86' lang='lat' dir='ltr'><strong>adhuc</strong></span> <span class='ocrx_word' id='word_1_500' title='bbox 3274 1151 3460 1220; x_wconf 88' lang='lat' dir='ltr'><strong>juveni</strong></span> 
     </span>
    </p>
   </div>
   <div class='ocr_carea' id='block_1_72' title="bbox 1879 1238 3464 1312">
    <p class='ocr_par' dir='ltr' id='par_1_72' title="bbox 1879 1238 3464 1312">
     <span class='ocr_line' id='line_1_72' title="bbox 1879 1238 3464 1312; baseline 0.003 -21"><span class='ocrx_word' id='word_1_501' title='bbox 1879 1238 2084 1304; x_wconf 71' lang='lat' dir='ltr'><strong>sttbole,</strong></span> <span class='ocrx_word' id='word_1_502' title='bbox 2112 1254 2270 1292; x_wconf 79' lang='lat' dir='ltr'><strong>sexus</strong></span> <span class='ocrx_word' id='word_1_503' title='bbox 2299 1239 2521 1293; x_wconf 85' lang='lat' dir='ltr'><strong>alterius</strong></span> <span class='ocrx_word' id='word_1_504' title='bbox 2544 1240 2957 1296; x_wconf 86' lang='lat' dir='ltr'><strong>desideraretur.</strong></span> <span class='ocrx_word' id='word_1_505' title='bbox 2990 1241 3135 1295; x_wconf 75' lang='lat' dir='ltr'><strong>Nunc</strong></span> <span class='ocrx_word' id='word_1_506' title='bbox 3159 1252 3339 1295; x_wconf 91' lang='lat' dir='ltr'><strong>autem</strong></span> <span class='ocrx_word' id='word_1_507' title='bbox 3371 1258 3464 1312; x_wconf 92' lang='lat' dir='ltr'><strong>per</strong></span> 
     </span>
    </p>
   </div>
   <div class='ocr_carea' id='block_1_73' title="bbox 1878 1330 3464 1401">
    <p class='ocr_par' dir='ltr' id='par_1_73' title="bbox 1878 1330 3464 1401">
     <span class='ocr_line' id='line_1_73' title="bbox 1878 1330 3464 1401; baseline 0.003 -20"><span class='ocrx_word' id='word_1_508' title='bbox 1878 1330 2051 1382; x_wconf 83' lang='lat' dir='ltr'><strong>subita</strong></span> <span class='ocrx_word' id='word_1_509' title='bbox 2074 1345 2321 1397; x_wconf 85' lang='lat' dir='ltr'><strong>suprema</strong></span> <span class='ocrx_word' id='word_1_510' title='bbox 2345 1330 2536 1383; x_wconf 89' lang='lat' dir='ltr'><strong>virium</strong></span> <span class='ocrx_word' id='word_1_511' title='bbox 2561 1332 2830 1395; x_wconf 66' lang='lat' dir='ltr'><strong>caelibatu,</strong></span> <span class='ocrx_word' id='word_1_512' title='bbox 2855 1343 3059 1401; x_wconf 90' lang='lat' dir='ltr'><strong>patrem</strong></span> <span class='ocrx_word' id='word_1_513' title='bbox 3088 1336 3314 1388; x_wconf 90' lang='lat' dir='ltr'><strong>orbitate</strong></span> <span class='ocrx_word' id='word_1_514' title='bbox 3336 1350 3464 1388; x_wconf 87' lang='lat' dir='ltr'><strong>eou-</strong></span> 
     </span>
    </p>
   </div>
   <div class='ocr_carea' id='block_1_74' title="bbox 1881 1419 3464 1495">
    <p class='ocr_par' dir='ltr' id='par_1_74' title="bbox 1881 1419 3464 1495">
     <span class='ocr_line' id='line_1_74' title="bbox 1881 1419 3464 1495; baseline 0.006 -21"><span class='ocrx_word' id='word_1_515' title='bbox 1881 1419 2037 1475; x_wconf 79' lang='lat' dir='ltr'><strong>fodit.</strong></span> <span class='ocrx_word' id='word_1_516' title='bbox 2070 1422 2163 1477; x_wconf 85' lang='lat' dir='ltr'><strong>llis</strong></span> <span class='ocrx_word' id='word_1_517' title='bbox 2191 1420 2300 1493; x_wconf 68' lang='grc'><strong>46</strong></span> <span class='ocrx_word' id='word_1_518' title='bbox 2328 1424 2559 1489; x_wconf 87' lang='lat' dir='ltr'><strong>additur,</strong></span> <span class='ocrx_word' id='word_1_519' title='bbox 2591 1425 2731 1493; x_wconf 87' lang='lat' dir='ltr'><strong>quod</strong></span> <span class='ocrx_word' id='word_1_520' title='bbox 2758 1426 2994 1495; x_wconf 89' lang='lat' dir='ltr'><strong>quinque</strong></span> <span class='ocrx_word' id='word_1_521' title='bbox 3022 1426 3244 1480; x_wconf 89' lang='lat' dir='ltr'><strong>liberum</strong></span> <span class='ocrx_word' id='word_1_522' title='bbox 3270 1443 3464 1495; x_wconf 80' lang='lat' dir='ltr'><strong>part-ns</strong></span> 
     </span>
    </p>
   </div>
   <div class='ocr_carea' id='block_1_75' title="bbox 1882 1512 3463 1577">
    <p class='ocr_par' dir='ltr' id='par_1_75' title="bbox 1882 1512 3463 1577">
     <span class='ocr_line' id='line_1_75' title="bbox 1882 1512 3463 1577; baseline 0.006 -10"><span class='ocrx_word' id='word_1_523' title='bbox 1882 1512 2169 1567; x_wconf 88' lang='lat' dir='ltr'><strong>immaturo</strong></span> <span class='ocrx_word' id='word_1_524' title='bbox 2200 1518 2346 1569; x_wconf 82' lang='lat' dir='ltr'><strong>exitu</strong></span> <span class='ocrx_word' id='word_1_525' title='bbox 2374 1516 2607 1571; x_wconf 89' lang='lat' dir='ltr'><strong>reddidit</strong></span> <span class='ocrx_word' id='word_1_526' title='bbox 2651 1517 3030 1571; x_wconf 81' lang='lat' dir='ltr'><strong>infortunatam</strong></span> <span class='ocrx_word' id='word_1_527' title='bbox 3064 1519 3463 1577; x_wconf 58' lang='lat' dir='ltr'><strong>fecunditatem.</strong></span> 
     </span>
    </p>
   </div>
   <div class='ocr_carea' id='block_1_76' title="bbox 1883 1604 3467 1679">
    <p class='ocr_par' dir='ltr' id='par_1_76' title="bbox 1883 1604 3467 1679">
     <span class='ocr_line' id='line_1_76' title="bbox 1883 1604 3467 1679; baseline 0.006 -23"><span class='ocrx_word' id='word_1_528' title='bbox 1883 1604 1983 1669; x_wconf 87' lang='lat' dir='ltr'><strong>Qui</strong></span> <span class='ocrx_word' id='word_1_529' title='bbox 2019 1606 2255 1673; x_wconf 81' lang='lat' dir='ltr'><strong>parvuli,</strong></span> <span class='ocrx_word' id='word_1_530' title='bbox 2304 1607 2348 1660; x_wconf 88' lang='lat' dir='ltr'><strong>si</strong></span> <span class='ocrx_word' id='word_1_531' title='bbox 2389 1617 2562 1662; x_wconf 90' lang='lat' dir='ltr'><strong>matre</strong></span> <span class='ocrx_word' id='word_1_532' title='bbox 2607 1611 2810 1677; x_wconf 82' lang='lat' dir='ltr'><strong>SOSpite</strong></span> <span class='ocrx_word' id='word_1_533' title='bbox 2859 1611 3218 1679; x_wconf 85' lang='lat' dir='ltr'><strong>perdidissent</strong></span> <span class='ocrx_word' id='word_1_534' title='bbox 3264 1613 3467 1679; x_wconf 90' lang='lat' dir='ltr'><strong>jatnditt</strong></span> 
     </span>
    </p>
   </div>
   <div class='ocr_carea' id='block_1_77' title="bbox 1891 1696 3467 1770">
    <p class='ocr_par' dir='ltr' id='par_1_77' title="bbox 1891 1696 3467 1770">
     <span class='ocr_line' id='line_1_77' title="bbox 1891 1696 3467 1770; baseline 0.007 -21"><span class='ocrx_word' id='word_1_535' title='bbox 1891 1696 2120 1752; x_wconf 88' lang='lat' dir='ltr'><strong>debilem</strong></span> <span class='ocrx_word' id='word_1_536' title='bbox 2155 1710 2379 1765; x_wconf 85' lang='lat' dir='ltr'><strong>patrem,</strong></span> <span class='ocrx_word' id='word_1_537' title='bbox 2415 1701 2589 1753; x_wconf 77' lang='lat' dir='ltr'><strong>minus</strong></span> <span class='ocrx_word' id='word_1_538' title='bbox 2622 1703 2804 1770; x_wconf 87' lang='lat' dir='ltr'><strong>pupilli</strong></span> <span class='ocrx_word' id='word_1_539' title='bbox 2828 1704 3278 1757; x_wconf 79' lang='lat' dir='ltr'><strong>existimarentur.</strong></span> <span class='ocrx_word' id='word_1_540' title='bbox 3324 1705 3467 1760; x_wconf 83' lang='lat' dir='ltr'><strong>Hanc</strong></span> 
     </span>
    </p>
   </div>
   <div class='ocr_carea' id='block_1_78' title="bbox 1814 1790 3466 1857">
    <p class='ocr_par' dir='ltr' id='par_1_78' title="bbox 1814 1790 3466 1857">
     <span class='ocr_line' id='line_1_78' title="bbox 1814 1790 3466 1857; baseline 0.005 -18"><span class='ocrx_word' id='word_1_541' title='bbox 1814 1792 1859 1850; x_wconf 89' lang='lat' dir='ltr'><strong>B</strong></span> <span class='ocrx_word' id='word_1_542' title='bbox 1891 1798 2092 1853; x_wconf 86' lang='lat' dir='ltr'><strong>tamen,</strong></span> <span class='ocrx_word' id='word_1_543' title='bbox 2127 1790 2171 1841; x_wconf 88' lang='lat' dir='ltr'><strong>si</strong></span> <span class='ocrx_word' id='word_1_544' title='bbox 2221 1790 2338 1857; x_wconf 84' lang='lat' dir='ltr'><strong>quis</strong></span> <span class='ocrx_word' id='word_1_545' title='bbox 2403 1791 2539 1843; x_wconf 88' lang='lat' dir='ltr'><strong>haud</strong></span> <span class='ocrx_word' id='word_1_546' title='bbox 2584 1792 2851 1845; x_wconf 82' lang='lat' dir='ltr'><strong>incassum</strong></span> <span class='ocrx_word' id='word_1_547' title='bbox 2901 1796 3071 1847; x_wconf 91' lang='lat' dir='ltr'><strong>honor</strong></span> <span class='ocrx_word' id='word_1_548' title='bbox 3117 1795 3466 1848; x_wconf 78' lang='lat' dir='ltr'><strong>eadaveitbus</strong></span> 
     </span>
    </p>
   </div>
   <div class='ocr_carea' id='block_1_79' title="bbox 1890 1880 3468 1956">
    <p class='ocr_par' dir='ltr' id='par_1_79' title="bbox 1890 1880 3468 1956">
     <span class='ocr_line' id='line_1_79' title="bbox 1890 1880 3468 1956; baseline 0.006 -25"><span class='ocrx_word' id='word_1_549' title='bbox 1890 1880 2215 1948; x_wconf 89' lang='lat' dir='ltr'><strong>impenditur</strong></span> <span class='ocrx_word' id='word_1_550' title='bbox 2248 1922 2264 1947; x_wconf 88' lang='lat'><strong>,</strong></span> <span class='ocrx_word' id='word_1_551' title='bbox 2329 1898 2434 1935; x_wconf 91' lang='lat' dir='ltr'><strong>non</strong></span> <span class='ocrx_word' id='word_1_552' title='bbox 2486 1884 2838 1951; x_wconf 86' lang='lat' dir='ltr'><strong>vespillonum</strong></span> <span class='ocrx_word' id='word_1_553' title='bbox 2885 1886 3468 1956; x_wconf 88' lang='lat' dir='ltr'><strong>sandapilariorumqne</strong></span> 
     </span>
    </p>
   </div>
   <div class='ocr_carea' id='block_1_80' title="bbox 1887 1971 3469 2032">
    <p class='ocr_par' dir='ltr' id='par_1_80' title="bbox 1887 1971 3469 2032">
     <span class='ocr_line' id='line_1_80' title="bbox 1887 1971 3469 2032; baseline 0.006 -10"><span class='ocrx_word' id='word_1_554' title='bbox 1887 1971 2183 2025; x_wconf 84' lang='lat' dir='ltr'><strong>ministeria</strong></span> <span class='ocrx_word' id='word_1_555' title='bbox 2211 1972 2452 2026; x_wconf 88' lang='lat' dir='ltr'><strong>ominosa</strong></span> <span class='ocrx_word' id='word_1_556' title='bbox 2482 1974 2849 2031; x_wconf 85' lang='lat' dir='ltr'><strong>tumulavere:</strong></span> <span class='ocrx_word' id='word_1_557' title='bbox 2891 1977 2985 2030; x_wconf 92' lang='lat' dir='ltr'><strong>sed</strong></span> <span class='ocrx_word' id='word_1_558' title='bbox 3026 1992 3146 2032; x_wconf 91' lang='lat' dir='ltr'><strong>eum</strong></span> <span class='ocrx_word' id='word_1_559' title='bbox 3183 1978 3469 2032; x_wconf 86' lang='lat' dir='ltr'><strong>Libitinam</strong></span> 
     </span>
    </p>
   </div>
   <div class='ocr_carea' id='block_1_81' title="bbox 1888 2061 3468 2137">
    <p class='ocr_par' dir='ltr' id='par_1_81' title="bbox 1888 2061 3468 2137">
     <span class='ocr_line' id='line_1_81' title="bbox 1888 2061 3468 2137; baseline 0.006 -22"><span class='ocrx_word' id='word_1_560' title='bbox 1888 2061 2059 2130; x_wconf 89' lang='lat' dir='ltr'><strong>ipsam</strong></span> <span class='ocrx_word' id='word_1_561' title='bbox 2102 2062 2294 2119; x_wconf 89' lang='lat' dir='ltr'><strong>flentes</strong></span> <span class='ocrx_word' id='word_1_562' title='bbox 2334 2078 2519 2119; x_wconf 89' lang='lat' dir='ltr'><strong>omnes</strong></span> <span class='ocrx_word' id='word_1_563' title='bbox 2578 2067 2786 2120; x_wconf 81' lang='lat' dir='ltr'><strong>externi</strong></span> <span class='ocrx_word' id='word_1_564' title='bbox 2833 2082 3044 2136; x_wconf 89' lang='lat' dir='ltr'><strong>quoque</strong></span> <span class='ocrx_word' id='word_1_565' title='bbox 3093 2070 3468 2137; x_wconf 80' lang='lat' dir='ltr'><strong>prensitaren&#39;,</strong></span> 
     </span>
    </p>
   </div>
   <div class='ocr_carea' id='block_1_82' title="bbox 1889 2156 3472 2228">
    <p class='ocr_par' dir='ltr' id='par_1_82' title="bbox 1889 2156 3472 2228">
     <span class='ocr_line' id='line_1_82' title="bbox 1889 2156 3472 2228; baseline 0.004 -22"><span class='ocrx_word' id='word_1_566' title='bbox 1889 2163 2313 2217; x_wconf 86' lang='lat' dir='ltr'><strong>remorarentur,</strong></span> <span class='ocrx_word' id='word_1_567' title='bbox 2354 2156 2815 2222; x_wconf 73' lang='lat' dir='ltr'><strong>exoscularentur,</strong></span> <span class='ocrx_word' id='word_1_568' title='bbox 2870 2159 3208 2213; x_wconf 84' lang='lat' dir='ltr'><strong>sacerdotum</strong></span> <span class='ocrx_word' id='word_1_569' title='bbox 3252 2164 3472 2228; x_wconf 82' lang='lat' dir='ltr'><strong>propn-</strong></span> 
     </span>
    </p>
   </div>
   <div class='ocr_carea' id='block_1_83' title="bbox 1888 2251 3466 2323">
    <p class='ocr_par' dir='ltr' id='par_1_83' title="bbox 1888 2251 3466 2323">
     <span class='ocr_line' id='line_1_83' title="bbox 1888 2251 3466 2323; baseline 0.007 -25"><span class='ocrx_word' id='word_1_570' title='bbox 1888 2263 2218 2317; x_wconf 86' lang='lat' dir='ltr'><strong>qnurnmque</strong></span> <span class='ocrx_word' id='word_1_571' title='bbox 2249 2251 2493 2304; x_wconf 90' lang='lat' dir='ltr'><strong>manibus</strong></span> <span class='ocrx_word' id='word_1_572' title='bbox 2520 2262 2766 2321; x_wconf 79' lang='lat' dir='ltr'><strong>excepta,</strong></span> <span class='ocrx_word' id='word_1_573' title='bbox 2797 2255 3069 2323; x_wconf 88' lang='lat' dir='ltr'><strong>perpetuis</strong></span> <span class='ocrx_word' id='word_1_574' title='bbox 3097 2255 3313 2310; x_wconf 89' lang='lat' dir='ltr'><strong>sedibus</strong></span> <span class='ocrx_word' id='word_1_575' title='bbox 3338 2256 3466 2309; x_wconf 87' lang='lat' dir='ltr'><strong>dor-</strong></span> 
     </span>
    </p>
   </div>
   <div class='ocr_carea' id='block_1_84' title="bbox 1887 2338 3474 2415">
    <p class='ocr_par' dir='ltr' id='par_1_84' title="bbox 1887 2338 3474 2415">
     <span class='ocr_line' id='line_1_84' title="bbox 1887 2338 3474 2415; baseline 0.006 -24"><span class='ocrx_word' id='word_1_576' title='bbox 1887 2338 2069 2391; x_wconf 88' lang='lat' dir='ltr'><strong>mienti</strong></span> <span class='ocrx_word' id='word_1_577' title='bbox 2100 2339 2323 2394; x_wconf 88' lang='lat' dir='ltr'><strong>similior</strong></span> <span class='ocrx_word' id='word_1_578' title='bbox 2346 2340 2486 2393; x_wconf 89' lang='lat' dir='ltr'><strong>illata</strong></span> <span class='ocrx_word' id='word_1_579' title='bbox 2517 2352 2619 2395; x_wconf 89' lang='lat' dir='ltr'><strong>est.</strong></span> <span class='ocrx_word' id='word_1_580' title='bbox 2654 2344 2778 2396; x_wconf 79' lang='lat' dir='ltr'><strong>Post</strong></span> <span class='ocrx_word' id='word_1_581' title='bbox 2802 2360 2940 2411; x_wconf 70' lang='lat' dir='ltr'><strong>qum,</strong></span> <span class='ocrx_word' id='word_1_582' title='bbox 2975 2355 3193 2413; x_wconf 90' lang='lat' dir='ltr'><strong>precatu</strong></span> <span class='ocrx_word' id='word_1_583' title='bbox 3240 2348 3474 2415; x_wconf 82' lang='lat' dir='ltr'><strong>parentis</strong></span> 
     </span>
    </p>
   </div>
   <div class='ocr_carea' id='block_1_85' title="bbox 1889 2429 3475 2506">
    <p class='ocr_par' dir='ltr' id='par_1_85' title="bbox 1889 2429 3475 2506">
     <span class='ocr_line' id='line_1_85' title="bbox 1889 2429 3475 2506; baseline 0.005 -23"><span class='ocrx_word' id='word_1_584' title='bbox 1889 2429 2082 2498; x_wconf 89' lang='lat' dir='ltr'><strong>orbati,</strong></span> <span class='ocrx_word' id='word_1_585' title='bbox 2109 2434 2336 2485; x_wconf 83' lang='lat' dir='ltr'><strong>naeniam</strong></span> <span class='ocrx_word' id='word_1_586' title='bbox 2384 2432 2685 2498; x_wconf 90' lang='lat' dir='ltr'><strong>funebrem,</strong></span> <span class='ocrx_word' id='word_1_587' title='bbox 2731 2451 2832 2488; x_wconf 90' lang='lat' dir='ltr'><strong>non</strong></span> <span class='ocrx_word' id='word_1_588' title='bbox 2884 2451 2978 2505; x_wconf 89' lang='lat' dir='ltr'><strong>per</strong></span> <span class='ocrx_word' id='word_1_589' title='bbox 3021 2437 3203 2506; x_wconf 90' lang='lat' dir='ltr'><strong>elegos</strong></span> <span class='ocrx_word' id='word_1_590' title='bbox 3246 2438 3339 2492; x_wconf 90' lang='lat' dir='ltr'><strong>sed</strong></span> <span class='ocrx_word' id='word_1_591' title='bbox 3381 2455 3475 2505; x_wconf 90' lang='lat' dir='ltr'><strong>per</strong></span> 
     </span>
    </p>
   </div>
   <div class='ocr_carea' id='block_1_86' title="bbox 1891 2520 3475 2597">
    <p class='ocr_par' dir='ltr' id='par_1_86' title="bbox 1891 2520 3475 2597">
     <span class='ocr_line' id='line_1_86' title="bbox 1891 2520 3475 2597; baseline 0.007 -24"><span class='ocrx_word' id='word_1_592' title='bbox 1891 2520 2363 2592; x_wconf 75' lang='lat' dir='ltr'><strong>hendecasyllabos</strong></span> <span class='ocrx_word' id='word_1_593' title='bbox 2392 2565 2407 2590; x_wconf 94' lang='lat'><strong>,</strong></span> <span class='ocrx_word' id='word_1_594' title='bbox 2458 2528 2709 2579; x_wconf 88' lang='lat' dir='ltr'><strong>marmori</strong></span> <span class='ocrx_word' id='word_1_595' title='bbox 2758 2526 3002 2594; x_wconf 89' lang='lat' dir='ltr'><strong>incisam,</strong></span> <span class='ocrx_word' id='word_1_596' title='bbox 3056 2529 3268 2597; x_wconf 87' lang='lat' dir='ltr'><strong>planctu</strong></span> <span class='ocrx_word' id='word_1_597' title='bbox 3311 2545 3475 2597; x_wconf 79' lang='lat' dir='ltr'><strong>prope</strong></span> 
     </span>
    </p>
   </div>
   <div class='ocr_carea' id='block_1_87' title="bbox 1889 2611 3475 2686">
    <p class='ocr_par' dir='ltr' id='par_1_87' title="bbox 1889 2611 3475 2686">
     <span class='ocr_line' id='line_1_87' title="bbox 1889 2611 3475 2686; baseline 0.005 -22"><span class='ocrx_word' id='word_1_598' title='bbox 1889 2611 2099 2664; x_wconf 84' lang='lat' dir='ltr'><strong>calente</strong></span> <span class='ocrx_word' id='word_1_599' title='bbox 2125 2611 2342 2666; x_wconf 86' lang='lat' dir='ltr'><strong>dictavi.</strong></span> <span class='ocrx_word' id='word_1_600' title='bbox 2375 2616 2549 2681; x_wconf 90' lang='lat' dir='ltr'><strong>Quam</strong></span> <span class='ocrx_word' id='word_1_601' title='bbox 2578 2619 2622 2668; x_wconf 89' lang='lat' dir='ltr'><strong>si</strong></span> <span class='ocrx_word' id='word_1_602' title='bbox 2656 2631 2760 2669; x_wconf 92' lang='lat' dir='ltr'><strong>non</strong></span> <span class='ocrx_word' id='word_1_603' title='bbox 2802 2616 2931 2669; x_wconf 60' lang='grc' dir='ltr'><strong>ιειίπ</strong></span> <span class='ocrx_word' id='word_1_604' title='bbox 2958 2618 3243 2686; x_wconf 89' lang='lat' dir='ltr'><strong>improbas,</strong></span> <span class='ocrx_word' id='word_1_605' title='bbox 3269 2620 3475 2672; x_wconf 64' lang='lat' dir='ltr'><strong>catt-ris</strong></span> 
     </span>
    </p>
   </div>
   <div class='ocr_carea' id='block_1_88' title="bbox 1889 2703 3475 2781">
    <p class='ocr_par' dir='ltr' id='par_1_88' title="bbox 1889 2703 3475 2781">
     <span class='ocr_line' id='line_1_88' title="bbox 1889 2703 3475 2781; baseline 0.006 -22"><span class='ocrx_word' id='word_1_606' title='bbox 1889 2703 2325 2772; x_wconf 83' lang='lat' dir='ltr'><strong>epigrammatum</strong></span> <span class='ocrx_word' id='word_1_607' title='bbox 2382 2722 2620 2761; x_wconf 58' lang='lat' dir='ltr'><strong>mearum</strong></span> <span class='ocrx_word' id='word_1_608' title='bbox 2685 2710 3042 2764; x_wconf 84' lang='lat' dir='ltr'><strong>voluminibus</strong></span> <span class='ocrx_word' id='word_1_609' title='bbox 3104 2712 3475 2781; x_wconf 85' lang='lat' dir='ltr'><strong>applicandam</strong></span> 
     </span>
    </p>
   </div>
   <div class='ocr_carea' id='block_1_89' title="bbox 1891 2797 3475 2871">
    <p class='ocr_par' dir='ltr' id='par_1_89' title="bbox 1891 2797 3475 2871">
     <span class='ocr_line' id='line_1_89' title="bbox 1891 2797 3475 2871; baseline 0.006 -22"><span class='ocrx_word' id='word_1_610' title='bbox 1891 2797 2253 2853; x_wconf 63' lang='lat' dir='ltr'><strong>mercenarius</strong></span> <span class='ocrx_word' id='word_1_611' title='bbox 2287 2799 2569 2868; x_wconf 86' lang='lat' dir='ltr'><strong>bibliopola</strong></span> <span class='ocrx_word' id='word_1_612' title='bbox 2599 2801 2875 2868; x_wconf 85' lang='lat' dir='ltr'><strong>suscipiet.</strong></span> <span class='ocrx_word' id='word_1_613' title='bbox 2910 2802 2965 2857; x_wconf 91' lang='lat' dir='ltr'><strong>Si</strong></span> <span class='ocrx_word' id='word_1_614' title='bbox 2999 2803 3122 2871; x_wconf 89' lang='lat' dir='ltr'><strong>quid</strong></span> <span class='ocrx_word' id='word_1_615' title='bbox 3154 2819 3333 2870; x_wconf 88' lang='lat' dir='ltr'><strong>secus,</strong></span> <span class='ocrx_word' id='word_1_616' title='bbox 3363 2806 3475 2859; x_wconf 67' lang='lat' dir='ltr'><strong>sul“-</strong></span> 
     </span>
    </p>
   </div>
   <div class='ocr_carea' id='block_1_90' title="bbox 1896 2887 3476 2964">
    <p class='ocr_par' dir='ltr' id='par_1_90' title="bbox 1896 2887 3476 2964">
     <span class='ocr_line' id='line_1_90' title="bbox 1896 2887 3476 2964; baseline 0.005 -24"><span class='ocrx_word' id='word_1_617' title='bbox 1896 2887 2003 2940; x_wconf 43' lang='lat' dir='ltr'><strong>fivit</strong></span> <span class='ocrx_word' id='word_1_618' title='bbox 2033 2902 2161 2942; x_wconf 75' lang='lat' dir='ltr'><strong>saxo</strong></span> <span class='ocrx_word' id='word_1_619' title='bbox 2183 2904 2399 2945; x_wconf 82' lang='lat' dir='ltr'><strong>carmen</strong></span> <span class='ocrx_word' id='word_1_620' title='bbox 2430 2905 2646 2944; x_wconf 72' lang='lat' dir='ltr'><strong>saxeum</strong></span> <span class='ocrx_word' id='word_1_621' title='bbox 2696 2892 2979 2946; x_wconf 87' lang='lat' dir='ltr'><strong>contineri.</strong></span> <span class='ocrx_word' id='word_1_622' title='bbox 3025 2892 3065 2945; x_wconf 93' lang='lat' dir='ltr'><strong>ll</strong></span> <span class='ocrx_word' id='word_1_623' title='bbox 3105 2911 3133 2946; x_wconf 72' lang='grc' dir='ltr'><strong>(τ</strong></span> <span class='ocrx_word' id='word_1_624' title='bbox 3181 2895 3319 2947; x_wconf 84' lang='lat' dir='ltr'><strong>enim</strong></span> <span class='ocrx_word' id='word_1_625' title='bbox 3366 2896 3476 2964; x_wconf 72' lang='lat' dir='ltr'><strong>rpi-</strong></span> 
     </span>
    </p>
   </div>
   <div class='ocr_carea' id='block_1_91' title="bbox 1895 2981 2278 3049">
    <p class='ocr_par' dir='ltr' id='par_1_91' title="bbox 1895 2981 2278 3049">
     <span class='ocr_line' id='line_1_91' title="bbox 1895 2981 2278 3049; baseline -0.003 -15"><span class='ocrx_word' id='word_1_626' title='bbox 1895 2981 2131 3049; x_wconf 86' lang='lat' dir='ltr'><strong>tapltittm</strong></span> <span class='ocrx_word' id='word_1_627' title='bbox 2167 2991 2278 3035; x_wconf 85' lang='lat' dir='ltr'><strong>est:</strong></span> 
     </span>
    </p>
   </div>
   <div class='ocr_carea' id='block_1_92' title="bbox 2016 3070 2801 3136">
    <p class='ocr_par' dir='ltr' id='par_1_92' title="bbox 2016 3070 2801 3136">
     <span class='ocr_line' id='line_1_92' title="bbox 2016 3070 2801 3136; baseline 0.003 -16"><span class='ocrx_word' id='word_1_628' title='bbox 2016 3070 2199 3136; x_wconf 71' lang='lat' dir='ltr'><strong>Qccasn</strong></span> <span class='ocrx_word' id='word_1_629' title='bbox 2218 3074 2369 3121; x_wconf 88' lang='lat' dir='ltr'><strong>celeri</strong></span> <span class='ocrx_word' id='word_1_630' title='bbox 2391 3072 2595 3135; x_wconf 87' lang='lat' dir='ltr'><strong>feroque</strong></span> <span class='ocrx_word' id='word_1_631' title='bbox 2616 3080 2801 3136; x_wconf 87' lang='lat' dir='ltr'><strong>raptam</strong></span> 
     </span>
    </p>
   </div>
   <div class='ocr_carea' id='block_1_93' title="bbox 2014 3132 3012 3197">
    <p class='ocr_par' dir='ltr' id='par_1_93' title="bbox 2014 3132 3012 3197">
     <span class='ocr_line' id='line_1_93' title="bbox 2014 3132 3012 3197; baseline 0.002 -17"><span class='ocrx_word' id='word_1_632' title='bbox 2014 3132 2150 3197; x_wconf 65' lang='lat' dir='ltr'><strong>Natis</strong></span> <span class='ocrx_word' id='word_1_633' title='bbox 2171 3136 2407 3196; x_wconf 88' lang='lat' dir='ltr'><strong>quinque,</strong></span> <span class='ocrx_word' id='word_1_634' title='bbox 2432 3132 2682 3197; x_wconf 70' lang='lat' dir='ltr'><strong>patrique,</strong></span> <span class='ocrx_word' id='word_1_635' title='bbox 2700 3138 3012 3197; x_wconf 75' lang='lat' dir='ltr'><strong>eonjngiqne,</strong></span> 
     </span>
    </p>
   </div>
   <div class='ocr_carea' id='block_1_94' title="bbox 2017 3195 2925 3254">
    <p class='ocr_par' dir='ltr' id='par_1_94' title="bbox 2017 3195 2925 3254">
     <span class='ocr_line' id='line_1_94' title="bbox 2017 3195 2925 3254; baseline 0.007 -12"><span class='ocrx_word' id='word_1_636' title='bbox 2017 3195 2119 3243; x_wconf 81' lang='lat' dir='ltr'><strong>Hoc</strong></span> <span class='ocrx_word' id='word_1_637' title='bbox 2142 3195 2318 3246; x_wconf 78' lang='lat' dir='ltr'><strong>flentis</strong></span> <span class='ocrx_word' id='word_1_638' title='bbox 2329 3202 2497 3254; x_wconf 80' lang='lat' dir='ltr'><strong>patriae</strong></span> <span class='ocrx_word' id='word_1_639' title='bbox 2517 3195 2688 3247; x_wconf 83' lang='lat' dir='ltr'><strong>manus</strong></span> <span class='ocrx_word' id='word_1_640' title='bbox 2710 3195 2925 3248; x_wconf 83' lang='lat' dir='ltr'><strong>locarunt</strong></span> 
     </span>
    </p>
   </div>
   <div class='ocr_carea' id='block_1_95' title="bbox 2018 3255 2903 3321">
    <p class='ocr_par' dir='ltr' id='par_1_95' title="bbox 2018 3255 2903 3321">
     <span class='ocr_line' id='line_1_95' title="bbox 2018 3255 2903 3321; baseline 0.006 -18"><span class='ocrx_word' id='word_1_641' title='bbox 2018 3255 2284 3321; x_wconf 58' lang='lat' dir='ltr'><strong>Matronam</strong></span> <span class='ocrx_word' id='word_1_642' title='bbox 2314 3258 2638 3307; x_wconf 87' lang='lat' dir='ltr'><strong>Philimaliam</strong></span> <span class='ocrx_word' id='word_1_643' title='bbox 2663 3260 2903 3321; x_wconf 72' lang='lat' dir='ltr'><strong>sepulcro.</strong></span> 
     </span>
    </p>
   </div>
   <div class='ocr_carea' id='block_1_96' title="bbox 2024 3318 2919 3381">
    <p class='ocr_par' dir='ltr' id='par_1_96' title="bbox 2024 3318 2919 3381">
     <span class='ocr_line' id='line_1_96' title="bbox 2024 3318 2919 3381; baseline 0.007 -17"><span class='ocrx_word' id='word_1_644' title='bbox 2024 3318 2064 3381; x_wconf 79' lang='grc' dir='ltr'><strong>ρ</strong></span> <span class='ocrx_word' id='word_1_645' title='bbox 2090 3318 2318 3379; x_wconf 83' lang='lat' dir='ltr'><strong>Splendor</strong></span> <span class='ocrx_word' id='word_1_646' title='bbox 2348 3322 2567 3381; x_wconf 82' lang='lat' dir='ltr'><strong>generis,</strong></span> <span class='ocrx_word' id='word_1_647' title='bbox 2589 3318 2740 3370; x_wconf 80' lang='lat' dir='ltr'><strong>decus</strong></span> <span class='ocrx_word' id='word_1_648' title='bbox 2763 3324 2919 3370; x_wconf 86' lang='lat' dir='ltr'><strong>mariti</strong></span> 
     </span>
    </p>
   </div>
   <div class='ocr_carea' id='block_1_97' title="bbox 2029 3377 3070 3445">
    <p class='ocr_par' dir='ltr' id='par_1_97' title="bbox 2029 3377 3070 3445">
     <span class='ocr_line' id='line_1_97' title="bbox 2029 3377 3070 3445; baseline 0.007 -20"><span class='ocrx_word' id='word_1_649' title='bbox 2029 3377 2445 3445; x_wconf 12' lang='lat' dir='ltr'><strong>Prudens,gca&#39;sta,</strong></span> <span class='ocrx_word' id='word_1_650' title='bbox 2464 3377 2664 3445; x_wconf 74' lang='lat' dir='ltr'><strong>decens,</strong></span> <span class='ocrx_word' id='word_1_651' title='bbox 2684 3396 2781 3433; x_wconf 89' lang='lat' dir='ltr'><strong>sev-</strong></span> <span class='ocrx_word' id='word_1_652' title='bbox 2804 3396 2875 3445; x_wconf 89' lang='lat' dir='ltr'><strong>ra,</strong></span> <span class='ocrx_word' id='word_1_653' title='bbox 2897 3384 3070 3445; x_wconf 82' lang='lat' dir='ltr'><strong>tlulets,</strong></span> 
     </span>
    </p>
   </div>
   <div class='ocr_carea' id='block_1_98' title="bbox 2025 3440 2924 3505">
    <p class='ocr_par' dir='ltr' id='par_1_98' title="bbox 2025 3440 2924 3505">
     <span class='ocr_line' id='line_1_98' title="bbox 2025 3440 2924 3505; baseline 0.006 -18"><span class='ocrx_word' id='word_1_654' title='bbox 2025 3440 2185 3505; x_wconf 48' lang='lat' dir='ltr'><strong>{atque</strong></span> <span class='ocrx_word' id='word_1_655' title='bbox 2207 3442 2320 3505; x_wconf 81' lang='lat' dir='ltr'><strong>ipsis</strong></span> <span class='ocrx_word' id='word_1_656' title='bbox 2342 3443 2618 3493; x_wconf 88' lang='lat' dir='ltr'><strong>senioribus</strong></span> <span class='ocrx_word' id='word_1_657' title='bbox 2640 3440 2924 3505; x_wconf 60' lang='lat' dir='ltr'><strong>Sequenda:</strong></span> 
     </span>
    </p>
   </div>
   <div class='ocr_carea' id='block_1_99' title="bbox 2024 3499 2864 3566">
    <p class='ocr_par' dir='ltr' id='par_1_99' title="bbox 2024 3499 2864 3566">
     <span class='ocr_line' id='line_1_99' title="bbox 2024 3499 2864 3566; baseline 0.005 -18"><span class='ocrx_word' id='word_1_658' title='bbox 2024 3499 2355 3566; x_wconf 61' lang='lat' dir='ltr'><strong>Qis&#39;cord&#39;autia</strong></span> <span class='ocrx_word' id='word_1_659' title='bbox 2378 3516 2486 3566; x_wconf 68' lang='lat' dir='ltr'><strong>qua)</strong></span> <span class='ocrx_word' id='word_1_660' title='bbox 2505 3507 2666 3553; x_wconf 89' lang='lat' dir='ltr'><strong>solent</strong></span> <span class='ocrx_word' id='word_1_661' title='bbox 2690 3499 2864 3566; x_wconf 77' lang='lat' dir='ltr'><strong>putari,</strong></span> 
     </span>
    </p>
   </div>
   <div class='ocr_carea' id='block_1_100' title="bbox 2024 3561 2841 3627">
    <p class='ocr_par' dir='ltr' id='par_1_100' title="bbox 2024 3561 2841 3627">
     <span class='ocr_line' id='line_1_100' title="bbox 2024 3561 2841 3627; baseline 0.006 -19"><span class='ocrx_word' id='word_1_662' title='bbox 2024 3561 2215 3627; x_wconf 22' lang='lat' dir='ltr'><strong>plerum,</strong></span> <span class='ocrx_word' id='word_1_663' title='bbox 2232 3561 2570 3615; x_wconf 77' lang='lat' dir='ltr'><strong>commoditate</strong></span> <span class='ocrx_word' id='word_1_664' title='bbox 2589 3561 2841 3627; x_wconf 64' lang='lat' dir='ltr'><strong>copulasti.</strong></span> 
     </span>
    </p>
   </div>
   <div class='ocr_carea' id='block_1_101' title="bbox 2022 3622 2929 3690">
    <p class='ocr_par' dir='ltr' id='par_1_101' title="bbox 2022 3622 2929 3690">
     <span class='ocr_line' id='line_1_101' title="bbox 2022 3622 2929 3690; baseline 0.009 -22"><span class='ocrx_word' id='word_1_665' title='bbox 2022 3622 2141 3690; x_wconf 45' lang='lat' dir='ltr'><strong>11am</strong></span> <span class='ocrx_word' id='word_1_666' title='bbox 2174 3625 2286 3673; x_wconf 68' lang='lat' dir='ltr'><strong>vita:</strong></span> <span class='ocrx_word' id='word_1_667' title='bbox 2308 3629 2510 3675; x_wconf 89' lang='lat' dir='ltr'><strong>comites</strong></span> <span class='ocrx_word' id='word_1_668' title='bbox 2548 3622 2686 3690; x_wconf 64' lang='lat' dir='ltr'><strong>bonae</strong></span> <span class='ocrx_word' id='word_1_669' title='bbox 2714 3628 2929 3690; x_wconf 86' lang='lat' dir='ltr'><strong>fuerunt,</strong></span> 
     </span>
    </p>
   </div>
   <div class='ocr_carea' id='block_1_102' title="bbox 2022 3682 2917 3749">
    <p class='ocr_par' dir='ltr' id='par_1_102' title="bbox 2022 3682 2917 3749">
     <span class='ocr_line' id='line_1_102' title="bbox 2022 3682 2917 3749; baseline 0.009 -18"><span class='ocrx_word' id='word_1_670' title='bbox 2022 3682 2248 3749; x_wconf 59' lang='lat' dir='ltr'><strong>Libertas</strong></span> <span class='ocrx_word' id='word_1_671' title='bbox 2276 3690 2455 3747; x_wconf 82' lang='lat' dir='ltr'><strong>gravis,</strong></span> <span class='ocrx_word' id='word_1_672' title='bbox 2476 3696 2519 3737; x_wconf 78' lang='lat' dir='ltr'><strong>et</strong></span> <span class='ocrx_word' id='word_1_673' title='bbox 2542 3688 2693 3749; x_wconf 89' lang='lat' dir='ltr'><strong>pudor</strong></span> <span class='ocrx_word' id='word_1_674' title='bbox 2716 3690 2917 3739; x_wconf 64' lang='lat' dir='ltr'><strong>facetus.</strong></span> 
     </span>
    </p>
   </div>
   <div class='ocr_carea' id='block_1_103' title="bbox 2025 3744 2959 3809">
    <p class='ocr_par' dir='ltr' id='par_1_103' title="bbox 2025 3744 2959 3809">
     <span class='ocr_line' id='line_1_103' title="bbox 2025 3744 2959 3809; baseline 0.011 -17"><span class='ocrx_word' id='word_1_675' title='bbox 2025 3744 2150 3809; x_wconf 52' lang='lat' dir='ltr'><strong>[line</strong></span> <span class='ocrx_word' id='word_1_676' title='bbox 2171 3753 2249 3796; x_wconf 88' lang='lat' dir='ltr'><strong>est</strong></span> <span class='ocrx_word' id='word_1_677' title='bbox 2280 3744 2407 3809; x_wconf 80' lang='lat' dir='ltr'><strong>quod</strong></span> <span class='ocrx_word' id='word_1_678' title='bbox 2431 3744 2667 3797; x_wconf 80' lang='lat' dir='ltr'><strong>decimam</strong></span> <span class='ocrx_word' id='word_1_679' title='bbox 2702 3758 2798 3799; x_wconf 74' lang='lat' dir='ltr'><strong>tua:</strong></span> <span class='ocrx_word' id='word_1_680' title='bbox 2818 3752 2959 3801; x_wconf 86' lang='lat' dir='ltr'><strong>saluti</strong></span> 
     </span>
    </p>
   </div>
   <div class='ocr_carea' id='block_1_104' title="bbox 2028 3806 2897 3873">
    <p class='ocr_par' dir='ltr' id='par_1_104' title="bbox 2028 3806 2897 3873">
     <span class='ocr_line' id='line_1_104' title="bbox 2028 3806 2897 3873; baseline 0.009 -20"><span class='ocrx_word' id='word_1_681' title='bbox 2028 3806 2120 3873; x_wconf 76' lang='lat' dir='ltr'><strong>\_’ix</strong></span> <span class='ocrx_word' id='word_1_682' title='bbox 2145 3806 2309 3873; x_wconf 61' lang='lat' dir='ltr'><strong>actam&#39;</strong></span> <span class='ocrx_word' id='word_1_683' title='bbox 2323 3812 2626 3859; x_wconf 78' lang='lat' dir='ltr'><strong>trieteridem</strong></span> <span class='ocrx_word' id='word_1_684' title='bbox 2659 3812 2897 3873; x_wconf 81' lang='lat' dir='ltr'><strong>dolemus,</strong></span> 
     </span>
    </p>
   </div>
   <div class='ocr_carea' id='block_1_105' title="bbox 2027 3869 2964 3943">
    <p class='ocr_par' dir='ltr' id='par_1_105' title="bbox 2027 3869 2964 3943">
     <span class='ocr_line' id='line_1_105' title="bbox 2027 3869 2964 3943; baseline 0.009 -28"><span class='ocrx_word' id='word_1_685' title='bbox 2027 3869 2190 3943; x_wconf 50' lang='lat' dir='ltr'><strong>ét&#39;que</strong></span> <span class='ocrx_word' id='word_1_686' title='bbox 2220 3870 2275 3943; x_wconf 29' lang='lat' dir='ltr'><strong>‘in</strong></span> <span class='ocrx_word' id='word_1_687' title='bbox 2293 3873 2600 3943; x_wconf 66' lang='lat' dir='ltr'><strong>temporibus</strong></span> <span class='ocrx_word' id='word_1_688' title='bbox 2624 3875 2831 3943; x_wconf 73' lang='lat' dir='ltr'><strong>vigentis</strong></span> <span class='ocrx_word' id='word_1_689' title='bbox 2855 3869 2964 3934; x_wconf 57' lang='lat' dir='ltr'><strong>sivi,</strong></span> 
     </span>
    </p>
   </div>
   <div class='ocr_carea' id='block_1_106' title="bbox 2030 3928 2808 3998">
    <p class='ocr_par' dir='ltr' id='par_1_106' title="bbox 2030 3928 2808 3998">
     <span class='ocr_line' id='line_1_106' title="bbox 2030 3928 2808 3998; baseline 0.01 -21"><span class='ocrx_word' id='word_1_690' title='bbox 2030 3928 2060 3968; x_wconf 66' lang='grc' dir='ltr'>δ</span> <span class='ocrx_word' id='word_1_691' title='bbox 2086 3928 2269 3992; x_wconf 72' lang='lat' dir='ltr'><strong>injuste</strong></span> <span class='ocrx_word' id='word_1_692' title='bbox 2292 3933 2379 3981; x_wconf 90' lang='lat' dir='ltr'><strong>tibi</strong></span> <span class='ocrx_word' id='word_1_693' title='bbox 2397 3928 2525 3994; x_wconf 88' lang='lat' dir='ltr'><strong>justa</strong></span> <span class='ocrx_word' id='word_1_694' title='bbox 2548 3928 2808 3998; x_wconf 75' lang='lat' dir='ltr'><strong>persoluta.</strong></span> 
     </span>
    </p>
   </div>
   <div class='ocr_carea' id='block_1_107' title="bbox 1905 4091 3481 4175">
    <p class='ocr_par' dir='ltr' id='par_1_107' title="bbox 1905 4091 3481 4175">
     <span class='ocr_line' id='line_1_107' title="bbox 1905 4091 3481 4175; baseline 0.011 -29"><span class='ocrx_word' id='word_1_695' title='bbox 1905 4091 2057 4175; x_wconf 67' lang='lat' dir='ltr'><strong>Aelia</strong></span> <span class='ocrx_word' id='word_1_696' title='bbox 2249 4096 2561 4175; x_wconf 68' lang='lat' dir='ltr'><strong>Pliilematio</strong></span> <span class='ocrx_word' id='word_1_697' title='bbox 2602 4101 2656 4175; x_wconf 81' lang='lat' dir='ltr'><strong>in</strong></span> <span class='ocrx_word' id='word_1_698' title='bbox 2701 4103 2931 4175; x_wconf 76' lang='lat' dir='ltr'><strong>antiquis</strong></span> <span class='ocrx_word' id='word_1_699' title='bbox 2967 4103 3224 4171; x_wconf 83' lang='lat' dir='ltr'><strong>lapidibus</strong></span> <span class='ocrx_word' id='word_1_700' title='bbox 3283 4110 3481 4175; x_wconf 76' lang='lat' dir='ltr'><strong>reperi-</strong></span> 
     </span>
    </p>
   </div>
   <div class='ocr_carea' id='block_1_108' title="bbox 1906 4168 3123 4241">
    <p class='ocr_par' dir='ltr' id='par_1_108' title="bbox 1906 4168 3123 4241">
     <span class='ocr_line' id='line_1_108' title="bbox 1906 4168 3123 4241; baseline 0.008 -24"><span class='ocrx_word' id='word_1_701' title='bbox 1906 4174 2010 4233; x_wconf 90' lang='lat' dir='ltr'><strong>tur,</strong></span> <span class='ocrx_word' id='word_1_702' title='bbox 2037 4175 2091 4221; x_wconf 92' lang='lat' dir='ltr'><strong>et</strong></span> <span class='ocrx_word' id='word_1_703' title='bbox 2117 4168 2249 4221; x_wconf 89' lang='lat' dir='ltr'><strong>&#39;lttia</strong></span> <span class='ocrx_word' id='word_1_704' title='bbox 2282 4169 2592 4225; x_wconf 81' lang='lat' dir='ltr'><strong>Philematio</strong></span> <span class='ocrx_word' id='word_1_705' title='bbox 2616 4172 2664 4224; x_wconf 94' lang='lat' dir='ltr'><strong>in</strong></span> <span class='ocrx_word' id='word_1_706' title='bbox 2700 4172 2799 4225; x_wconf 89' lang='lat' dir='ltr'><strong>hoc</strong></span> <span class='ocrx_word' id='word_1_707' title='bbox 2832 4168 3123 4241; x_wconf 81' lang='lat' dir='ltr'><strong>Ueeciensi,</strong></span> 
     </span>
    </p>
   </div>
   <div class='ocr_carea' id='block_1_109' title="bbox 2491 4242 2910 4368">
    <p class='ocr_par' dir='ltr' id='par_1_109' title="bbox 2491 4242 2910 4368">
     <span class='ocr_line' id='line_1_109' title="bbox 2603 4242 2783 4297; baseline 0.011 -2"><span class='ocrx_word' id='word_1_708' title='bbox 2603 4242 2783 4297; x_wconf 79' lang='lat' dir='ltr'><strong>TlTlA</strong></span> 
     </span>
     <span class='ocr_line' id='line_1_110' title="bbox 2491 4311 2910 4368; baseline -0.007 0"><span class='ocrx_word' id='word_1_709' title='bbox 2491 4311 2910 4368; x_wconf 79' lang='lat' dir='ltr'><strong>PlllLEMATlO</strong></span> 
     </span>
    </p>
   </div>
   <div class='ocr_carea' id='block_1_110' title="bbox 2542 4384 2862 4439">
    <p class='ocr_par' dir='ltr' id='par_1_110' title="bbox 2542 4384 2862 4439">
     <span class='ocr_line' id='line_1_111' title="bbox 2542 4384 2862 4439; baseline 0.003 -3"><span class='ocrx_word' id='word_1_710' title='bbox 2542 4384 2699 4437; x_wconf 80' lang='lat' dir='ltr'><strong>V&#39;IVA</strong></span> <span class='ocrx_word' id='word_1_711' title='bbox 2740 4384 2862 4439; x_wconf 82' lang='lat' dir='ltr'><strong>SIBI</strong></span> 
     </span>
    </p>
   </div>
   <div class='ocr_carea' id='block_1_111' title="bbox 1831 4453 2956 4512">
    <p class='ocr_par' dir='ltr' id='par_1_111' title="bbox 1831 4453 2956 4512">
     <span class='ocr_line' id='line_1_112' title="bbox 1831 4453 2956 4512; baseline -0.003 0"><span class='ocrx_word' id='word_1_712' title='bbox 1831 4454 1884 4512; x_wconf 88' lang='lat' dir='ltr'><strong>D</strong></span> <span class='ocrx_word' id='word_1_713' title='bbox 2444 4453 2531 4508; x_wconf 84' lang='lat' dir='ltr'><strong>ET</strong></span> <span class='ocrx_word' id='word_1_714' title='bbox 2560 4455 2707 4510; x_wconf 72' lang='lat' dir='ltr'><strong>SUIS</strong></span> <span class='ocrx_word' id='word_1_715' title='bbox 2735 4455 2956 4509; x_wconf 74' lang='lat' dir='ltr'><strong>FECIT.</strong></span> 
     </span>
    </p>
   </div>
   <div class='ocr_carea' id='block_1_112' title="bbox 1916 4539 3488 4620">
    <p class='ocr_par' dir='ltr' id='par_1_112' title="bbox 1916 4539 3488 4620">
     <span class='ocr_line' id='line_1_113' title="bbox 1916 4539 3488 4620; baseline 0.009 -27"><span class='ocrx_word' id='word_1_716' title='bbox 1916 4539 2200 4610; x_wconf 89' lang='lat' dir='ltr'><strong>Utriusque</strong></span> <span class='ocrx_word' id='word_1_717' title='bbox 2240 4552 2417 4598; x_wconf 83' lang='lat' dir='ltr'><strong>autem</strong></span> <span class='ocrx_word' id='word_1_718' title='bbox 2448 4545 2979 4620; x_wconf 81' lang='lat' dir='ltr'><strong>exetnplum_exstat</strong></span> <span class='ocrx_word' id='word_1_719' title='bbox 3008 4546 3060 4620; x_wconf 85' lang='lat' dir='ltr'><strong>iu</strong></span> <span class='ocrx_word' id='word_1_720' title='bbox 3095 4546 3265 4602; x_wconf 88' lang='lat' dir='ltr'><strong>altero</strong></span> <span class='ocrx_word' id='word_1_721' title='bbox 3312 4553 3488 4620; x_wconf 84' lang='lat' dir='ltr'><strong>lapide</strong></span> 
     </span>
    </p>
   </div>
   <div class='ocr_carea' id='block_1_113' title="bbox 1915 4615 3491 4686">
    <p class='ocr_par' dir='ltr' id='par_1_113' title="bbox 1915 4615 3491 4686">
     <span class='ocr_line' id='line_1_114' title="bbox 1915 4615 3491 4686; baseline 0.01 -25"><span class='ocrx_word' id='word_1_722' title='bbox 1915 4622 2241 4686; x_wconf 76' lang='lat' dir='ltr'><strong>pervetusto,</strong></span> <span class='ocrx_word' id='word_1_723' title='bbox 2270 4622 2449 4686; x_wconf 85' lang='lat' dir='ltr'><strong>nostra</strong></span> <span class='ocrx_word' id='word_1_724' title='bbox 2477 4615 2733 4686; x_wconf 84' lang='lat' dir='ltr'><strong>memoria</strong></span> <span class='ocrx_word' id='word_1_725' title='bbox 2765 4615 2815 4686; x_wconf 85' lang='lat' dir='ltr'><strong>in</strong></span> <span class='ocrx_word' id='word_1_726' title='bbox 2840 4619 2968 4669; x_wconf 87' lang='lat' dir='ltr'><strong>urbe</strong></span> <span class='ocrx_word' id='word_1_727' title='bbox 2998 4617 3062 4671; x_wconf 90' lang='lat' dir='ltr'><strong>ad</strong></span> <span class='ocrx_word' id='word_1_728' title='bbox 3098 4628 3301 4686; x_wconf 90' lang='lat' dir='ltr'><strong>portam</strong></span> <span class='ocrx_word' id='word_1_729' title='bbox 3342 4615 3491 4676; x_wconf 73' lang='lat' dir='ltr'><strong>Sala-</strong></span> 
     </span>
    </p>
   </div>
   <div class='ocr_carea' id='block_1_114' title="bbox 1913 4681 3492 4759">
    <p class='ocr_par' dir='ltr' id='par_1_114' title="bbox 1913 4681 3492 4759">
     <span class='ocr_line' id='line_1_115' title="bbox 1913 4681 3492 4759; baseline 0.008 -27"><span class='ocrx_word' id='word_1_730' title='bbox 1913 4682 2046 4759; x_wconf 73' lang='lat' dir='ltr'><strong>riam</strong></span> <span class='ocrx_word' id='word_1_731' title='bbox 2075 4681 2268 4759; x_wconf 79' lang='lat' dir='ltr'><strong>effosso</strong></span> <span class='ocrx_word' id='word_1_732' title='bbox 2289 4700 2313 4759; x_wconf 87' lang='lat'><strong>_:</strong></span> <span class='ocrx_word' id='word_1_733' title='bbox 2341 4685 2389 4736; x_wconf 91' lang='lat' dir='ltr'><strong>in</strong></span> <span class='ocrx_word' id='word_1_734' title='bbox 2416 4700 2518 4752; x_wconf 90' lang='lat' dir='ltr'><strong>quo</strong></span> <span class='ocrx_word' id='word_1_735' title='bbox 2546 4685 2808 4759; x_wconf 67' lang='lat' dir='ltr'><strong>exsculpti</strong></span> <span class='ocrx_word' id='word_1_736' title='bbox 2831 4697 2955 4739; x_wconf 88' lang='lat' dir='ltr'><strong>sunt</strong></span> <span class='ocrx_word' id='word_1_737' title='bbox 2980 4681 3356 4759; x_wconf 58' lang='grc' dir='ltr'>ιιιιοέοιιῙιιεςυδ</span> <span class='ocrx_word' id='word_1_738' title='bbox 3378 4695 3492 4745; x_wconf 80' lang='lat' dir='ltr'><strong>eul-</strong></span> 
     </span>
    </p>
   </div>
   <div class='ocr_carea' id='block_1_115' title="bbox 1914 4750 3493 4828">
    <p class='ocr_par' dir='ltr' id='par_1_115' title="bbox 1914 4750 3493 4828">
     <span class='ocr_line' id='line_1_116' title="bbox 1914 4750 3493 4828; baseline 0.009 -25"><span class='ocrx_word' id='word_1_739' title='bbox 1914 4750 2573 4828; x_wconf 50' lang='lat' dir='ltr'><strong>liherti,et_sub_ntr&#39;aquc</strong></span> <span class='ocrx_word' id='word_1_740' title='bbox 2594 4750 2773 4823; x_wconf 81' lang='lat' dir='ltr'><strong>effigie</strong></span> <span class='ocrx_word' id='word_1_741' title='bbox 2816 4759 3022 4828; x_wconf 72' lang='lat' dir='ltr'><strong>singula</strong></span> <span class='ocrx_word' id='word_1_742' title='bbox 3059 4750 3326 4828; x_wconf 74' lang='lat' dir='ltr'><strong>t-pitapliia</strong></span> <span class='ocrx_word' id='word_1_743' title='bbox 3375 4765 3493 4817; x_wconf 71' lang='lat' dir='ltr'><strong>rudi</strong></span> 
     </span>
    </p>
   </div>
   <div class='ocr_carea' id='block_1_116' title="bbox 1913 4823 3310 4890">
    <p class='ocr_par' dir='ltr' id='par_1_116' title="bbox 1913 4823 3310 4890">
     <span class='ocr_line' id='line_1_117' title="bbox 1913 4823 3310 4890; baseline 0.006 -15"><span class='ocrx_word' id='word_1_744' title='bbox 1913 4834 2083 4890; x_wconf 88' lang='lat' dir='ltr'><strong>opere</strong></span> <span class='ocrx_word' id='word_1_745' title='bbox 2110 4824 2298 4878; x_wconf 81' lang='lat' dir='ltr'><strong>incisa.</strong></span> <span class='ocrx_word' id='word_1_746' title='bbox 2329 4823 2600 4879; x_wconf 66' lang='lat' dir='ltr'><strong>Muliebris</strong></span> <span class='ocrx_word' id='word_1_747' title='bbox 2630 4835 2808 4879; x_wconf 89' lang='lat' dir='ltr'><strong>autem</strong></span> <span class='ocrx_word' id='word_1_748' title='bbox 2842 4827 2944 4882; x_wconf 89' lang='lat' dir='ltr'><strong>hoc</strong></span> <span class='ocrx_word' id='word_1_749' title='bbox 2970 4839 3052 4882; x_wconf 91' lang='lat' dir='ltr'><strong>est</strong></span> <span class='ocrx_word' id='word_1_750' title='bbox 3082 4823 3310 4885; x_wconf 81' lang='lat' dir='ltr'><strong>initium;</strong></span> 
     </span>
    </p>
   </div>
   <div class='ocr_carea' id='block_1_117' title="bbox 2315 4956 3092 4996">
    <p class='ocr_par' dir='ltr' id='par_1_117' title="bbox 2315 4956 3092 4996">
     <span class='ocr_line' id='line_1_118' title="bbox 2315 4956 3092 4996; baseline 0.004 -3"><span class='ocrx_word' id='word_1_751' title='bbox 2315 4956 2541 4994; x_wconf 66' lang='lat' dir='ltr'><strong>AUBEIJA</strong></span> <span class='ocrx_word' id='word_1_752' title='bbox 2576 4956 2624 4994; x_wconf 85' lang='lat' dir='ltr'><strong>L.</strong></span> <span class='ocrx_word' id='word_1_753' title='bbox 2658 4956 2710 4995; x_wconf 81' lang='lat' dir='ltr'><strong>L.</strong></span> <span class='ocrx_word' id='word_1_754' title='bbox 2745 4956 3092 4996; x_wconf 67' lang='grc' dir='ltr'><strong>ΡΒΙΗΞᾺΙΑΤΙΟ.</strong></span> 
     </span>
    </p>
   </div>
   <div class='ocr_carea' id='block_1_118' title="bbox 2041 5046 3187 5116">
    <p class='ocr_par' dir='ltr' id='par_1_118' title="bbox 2041 5046 3187 5116">
     <span class='ocr_line' id='line_1_119' title="bbox 2041 5046 3187 5116; baseline 0.003 -20"><span class='ocrx_word' id='word_1_755' title='bbox 2041 5046 2157 5116; x_wconf 67' lang='lat' dir='ltr'><strong>Viva</strong></span> <span class='ocrx_word' id='word_1_756' title='bbox 2186 5048 2507 5116; x_wconf 79' lang='lat' dir='ltr'><strong>l&#39;hilematum</strong></span> <span class='ocrx_word' id='word_1_757' title='bbox 2533 5063 2639 5116; x_wconf 85' lang='lat' dir='ltr'><strong>sum</strong></span> <span class='ocrx_word' id='word_1_758' title='bbox 2662 5051 2856 5116; x_wconf 73' lang='lat' dir='ltr'><strong>Aurelia</strong></span> <span class='ocrx_word' id='word_1_759' title='bbox 2884 5055 3187 5116; x_wconf 64' lang='lat' dir='ltr'><strong>nominEIata,</strong></span> 
     </span>
    </p>
   </div>
   <div class='ocr_carea' id='block_1_119' title="bbox 2100 5110 3185 5173">
    <p class='ocr_par' dir='ltr' id='par_1_119' title="bbox 2100 5110 3185 5173">
     <span class='ocr_line' id='line_1_120' title="bbox 2100 5110 3185 5173; baseline 0.005 -13"><span class='ocrx_word' id='word_1_760' title='bbox 2100 5110 2255 5170; x_wconf 80' lang='lat' dir='ltr'><strong>Casta,</strong></span> <span class='ocrx_word' id='word_1_761' title='bbox 2283 5112 2486 5173; x_wconf 81' lang='lat' dir='ltr'><strong>pudens,</strong></span> <span class='ocrx_word' id='word_1_762' title='bbox 2514 5114 2675 5173; x_wconf 85' lang='lat' dir='ltr'><strong>volgei</strong></span> <span class='ocrx_word' id='word_1_763' title='bbox 2702 5116 2885 5173; x_wconf 88' lang='lat' dir='ltr'><strong>nescia,</strong></span> <span class='ocrx_word' id='word_1_764' title='bbox 2914 5116 3037 5163; x_wconf 76' lang='lat' dir='ltr'><strong>t&#39;t-tda</strong></span> <span class='ocrx_word' id='word_1_765' title='bbox 3065 5110 3185 5165; x_wconf 58' lang='lat' dir='ltr'><strong>\‘ll‘U;</strong></span> 
     </span>
    </p>
   </div>
   <div class='ocr_carea' id='block_1_120' title="bbox 1989 5210 3498 5284">
    <p class='ocr_par' dir='ltr' id='par_1_120' title="bbox 1989 5210 3498 5284">
     <span class='ocr_line' id='line_1_121' title="bbox 1989 5210 3498 5284; baseline 0.005 -17"><span class='ocrx_word' id='word_1_766' title='bbox 1989 5210 2495 5284; x_wconf 51' lang='lat' dir='ltr'><strong>PCommnnisba&#39;e</strong></span> <span class='ocrx_word' id='word_1_767' title='bbox 2534 5217 2861 5284; x_wconf 86' lang='lat' dir='ltr'><strong>querimonia</strong></span> <span class='ocrx_word' id='word_1_768' title='bbox 2908 5219 2957 5271; x_wconf 83' lang='lat' dir='ltr'><strong>iit</strong></span> <span class='ocrx_word' id='word_1_769' title='bbox 3003 5229 3174 5273; x_wconf 90' lang='lat' dir='ltr'><strong>morte</strong></span> <span class='ocrx_word' id='word_1_770' title='bbox 3220 5220 3498 5275; x_wconf 83' lang='lat' dir='ltr'><strong>immatura</strong></span> 
     </span>
    </p>
   </div>
   <div class='ocr_carea' id='block_1_121' title="bbox 1922 5282 3496 5360">
    <p class='ocr_par' dir='ltr' id='par_1_121' title="bbox 1922 5282 3496 5360">
     <span class='ocr_line' id='line_1_122' title="bbox 1922 5282 3496 5360; baseline 0.004 -23"><span class='ocrx_word' id='word_1_771' title='bbox 1922 5282 2161 5360; x_wconf 75' lang='lat' dir='ltr'><strong>sublatis.</strong></span> <span class='ocrx_word' id='word_1_772' title='bbox 2200 5286 2349 5360; x_wconf 78' lang='lat' dir='ltr'><strong>lline</strong></span> <span class='ocrx_word' id='word_1_773' title='bbox 2373 5288 2456 5339; x_wconf 87' lang='lat' dir='ltr'><strong>il.a</strong></span> <span class='ocrx_word' id='word_1_774' title='bbox 2488 5282 2800 5360; x_wconf 31' lang='lat' dir='ltr'><strong>iit—antiquis</strong></span> <span class='ocrx_word' id='word_1_775' title='bbox 2842 5291 3218 5352; x_wconf 87' lang='lat' dir='ltr'><strong>monumentis,</strong></span> <span class='ocrx_word' id='word_1_776' title='bbox 3253 5290 3496 5360; x_wconf 63' lang='lat' dir='ltr'><strong>Mulejuo</strong></span> 
     </span>
    </p>
   </div>
   <div class='ocr_carea' id='block_1_122' title="bbox 1923 5355 3499 5427">
    <p class='ocr_par' dir='ltr' id='par_1_122' title="bbox 1923 5355 3499 5427">
     <span class='ocr_line' id='line_1_123' title="bbox 1923 5355 3499 5427; baseline 0.006 -22"><span class='ocrx_word' id='word_1_777' title='bbox 1923 5355 2209 5427; x_wconf 52' lang='lat' dir='ltr'><strong>efﬂantibus</strong></span> <span class='ocrx_word' id='word_1_778' title='bbox 2258 5358 2377 5423; x_wconf 74' lang='lat' dir='ltr'><strong>fatis</strong></span> <span class='ocrx_word' id='word_1_779' title='bbox 2401 5397 2414 5420; x_wconf 94' lang='lat'><strong>,</strong></span> <span class='ocrx_word' id='word_1_780' title='bbox 2465 5371 2509 5410; x_wconf 77' lang='lat' dir='ltr'><strong>et</strong></span> <span class='ocrx_word' id='word_1_781' title='bbox 2540 5397 2555 5418; x_wconf 96' lang='lat'><strong>,</strong></span> <span class='ocrx_word' id='word_1_782' title='bbox 2605 5357 2821 5411; x_wconf 83' lang='lat' dir='ltr'><strong>Sublata</strong></span> <span class='ocrx_word' id='word_1_783' title='bbox 2852 5368 2923 5411; x_wconf 82' lang='lat' dir='ltr'><strong>est</strong></span> <span class='ocrx_word' id='word_1_784' title='bbox 2953 5362 3112 5412; x_wconf 77' lang='lat' dir='ltr'><strong>oculis</strong></span> <span class='ocrx_word' id='word_1_785' title='bbox 3139 5364 3243 5427; x_wconf 81' lang='lat' dir='ltr'><strong>fato</strong></span> <span class='ocrx_word' id='word_1_786' title='bbox 3274 5355 3499 5415; x_wconf 63' lang='lat' dir='ltr'><strong>dictante</strong></span> 
     </span>
    </p>
   </div>
   <div class='ocr_carea' id='block_1_123' title="bbox 1925 5425 3500 5497">
    <p class='ocr_par' dir='ltr' id='par_1_123' title="bbox 1925 5425 3500 5497">
     <span class='ocr_line' id='line_1_124' title="bbox 1925 5425 3500 5497; baseline 0.007 -22"><span class='ocrx_word' id='word_1_787' title='bbox 1925 5425 2117 5497; x_wconf 73' lang='lat' dir='ltr'><strong>iniquo.</strong></span> <span class='ocrx_word' id='word_1_788' title='bbox 2141 5426 2360 5494; x_wconf 63' lang='lat' dir='ltr'><strong>Elegaus</strong></span> <span class='ocrx_word' id='word_1_789' title='bbox 2395 5430 2442 5480; x_wconf 84' lang='lat' dir='ltr'><strong>iit</strong></span> <span class='ocrx_word' id='word_1_790' title='bbox 2480 5428 2578 5481; x_wconf 87' lang='lat' dir='ltr'><strong>huc</strong></span> <span class='ocrx_word' id='word_1_791' title='bbox 2608 5443 2803 5497; x_wconf 90' lang='lat' dir='ltr'><strong>genere</strong></span> <span class='ocrx_word' id='word_1_792' title='bbox 2837 5436 2851 5451; x_wconf 90' lang='lat'><strong>&#39;</strong></span> <span class='ocrx_word' id='word_1_793' title='bbox 2880 5429 3075 5496; x_wconf 79' lang='lat' dir='ltr'><strong>Abgari</strong></span> <span class='ocrx_word' id='word_1_794' title='bbox 3125 5425 3251 5495; x_wconf 86' lang='lat' dir='ltr'><strong>regii</strong></span> <span class='ocrx_word' id='word_1_795' title='bbox 3289 5429 3500 5497; x_wconf 83' lang='lat' dir='ltr'><strong>juvenis</strong></span> 
     </span>
    </p>
   </div>
   <div class='ocr_carea' id='block_1_124' title="bbox 1925 5496 3499 5566">
    <p class='ocr_par' dir='ltr' id='par_1_124' title="bbox 1925 5496 3499 5566">
     <span class='ocr_line' id='line_1_125' title="bbox 1925 5496 3499 5566; baseline 0.006 -19"><span class='ocrx_word' id='word_1_796' title='bbox 1925 5496 2273 5566; x_wconf 64' lang='grc' dir='ltr'>ειιὶιειιιιιίιιιιι,</span> <span class='ocrx_word' id='word_1_797' title='bbox 2303 5502 2440 5565; x_wconf 88' lang='lat' dir='ltr'><strong>quod</strong></span> <span class='ocrx_word' id='word_1_798' title='bbox 2474 5496 2653 5550; x_wconf 62' lang='lat' dir='ltr'><strong>lltunie</strong></span> <span class='ocrx_word' id='word_1_799' title='bbox 2688 5503 2866 5566; x_wconf 68' lang='lat' dir='ltr'><strong>paucis</strong></span> <span class='ocrx_word' id='word_1_800' title='bbox 2914 5499 3108 5550; x_wconf 86' lang='lat' dir='ltr'><strong>abhinc</strong></span> <span class='ocrx_word' id='word_1_801' title='bbox 3148 5496 3301 5552; x_wconf 83' lang='lat' dir='ltr'><strong>annis</strong></span> <span class='ocrx_word' id='word_1_802' title='bbox 3328 5501 3393 5554; x_wconf 85' lang='lat' dir='ltr'><strong>ad</strong></span> <span class='ocrx_word' id='word_1_803' title='bbox 3437 5502 3499 5556; x_wconf 84' lang='grc' dir='ltr'><strong>Ι).</strong></span> 
     </span>
    </p>
   </div>
   <div class='ocr_carea' id='block_1_125' title="bbox 1928 5565 3503 5640">
    <p class='ocr_par' dir='ltr' id='par_1_125' title="bbox 1928 5565 3503 5640">
     <span class='ocr_line' id='line_1_126' title="bbox 1928 5565 3503 5640; baseline 0.005 -22"><span class='ocrx_word' id='word_1_804' title='bbox 1928 5565 2070 5618; x_wconf 78' lang='lat' dir='ltr'><strong>Pauli</strong></span> <span class='ocrx_word' id='word_1_805' title='bbox 2106 5567 2374 5622; x_wconf 84' lang='lat' dir='ltr'><strong>basilicam</strong></span> <span class='ocrx_word' id='word_1_806' title='bbox 2417 5578 2625 5622; x_wconf 89' lang='lat' dir='ltr'><strong>erutmn</strong></span> <span class='ocrx_word' id='word_1_807' title='bbox 2668 5565 3020 5633; x_wconf 83' lang='lat' dir='ltr'><strong>meminimus,</strong></span> <span class='ocrx_word' id='word_1_808' title='bbox 3058 5568 3380 5640; x_wconf 88' lang='lat' dir='ltr'><strong>dignumque</strong></span> <span class='ocrx_word' id='word_1_809' title='bbox 3420 5575 3503 5626; x_wconf 87' lang='lat' dir='ltr'><strong>vi-</strong></span> 
     </span>
    </p>
   </div>
   <div class='ocr_carea' id='block_1_126' title="bbox 1927 5702 3507 5767">
    <p class='ocr_par' dir='ltr' id='par_1_126' title="bbox 1927 5702 3507 5767">
     <span class='ocr_line' id='line_1_127' title="bbox 1927 5702 3507 5767; baseline 0.003 -13"><span class='ocrx_word' id='word_1_810' title='bbox 1927 5717 2041 5754; x_wconf 77' lang='lat' dir='ltr'><strong>scus</strong></span> <span class='ocrx_word' id='word_1_811' title='bbox 2062 5704 2220 5753; x_wconf 82' lang='lat' dir='ltr'><strong>Wise</strong></span> <span class='ocrx_word' id='word_1_812' title='bbox 2239 5706 2284 5754; x_wconf 91' lang='lat' dir='ltr'><strong>in</strong></span> <span class='ocrx_word' id='word_1_813' title='bbox 2304 5705 2507 5767; x_wconf 85' lang='lat' dir='ltr'><strong>ep&#39;stola</strong></span> <span class='ocrx_word' id='word_1_814' title='bbox 2531 5705 2588 5753; x_wconf 84' lang='lat' dir='ltr'><strong>ad</strong></span> <span class='ocrx_word' id='word_1_815' title='bbox 2613 5704 2671 5751; x_wconf 80' lang='grc' dir='ltr'><strong>ν.</strong></span> <span class='ocrx_word' id='word_1_816' title='bbox 2693 5702 2749 5767; x_wconf 49' lang='grc' dir='ltr'><strong>(ζ</strong></span> <span class='ocrx_word' id='word_1_817' title='bbox 2760 5702 2994 5767; x_wconf 82' lang='lat' dir='ltr'><strong>Joannem</strong></span> <span class='ocrx_word' id='word_1_818' title='bbox 3014 5703 3203 5755; x_wconf 80' lang='lat' dir='ltr'><strong>Masson</strong></span> <span class='ocrx_word' id='word_1_819' title='bbox 3224 5705 3288 5758; x_wconf 89' lang='lat' dir='ltr'><strong>de</strong></span> <span class='ocrx_word' id='word_1_820' title='bbox 3311 5721 3507 5760; x_wconf 89' lang='lat' dir='ltr'><strong>nummo</strong></span> 
     </span>
    </p>
   </div>
   <div class='ocr_carea' id='block_1_127' title="bbox 1932 5765 3072 5827">
    <p class='ocr_par' dir='ltr' id='par_1_127' title="bbox 1932 5765 3072 5827">
     <span class='ocr_line' id='line_1_128' title="bbox 1932 5765 3072 5827; baseline 0.003 -11"><span class='ocrx_word' id='word_1_821' title='bbox 1932 5770 2109 5827; x_wconf 80' lang='lat' dir='ltr'><strong>Altgari</strong></span> <span class='ocrx_word' id='word_1_822' title='bbox 2134 5772 2280 5827; x_wconf 56' lang='grc' dir='ltr'><strong>τιθείς,</strong></span> <span class='ocrx_word' id='word_1_823' title='bbox 2320 5765 2449 5819; x_wconf 79' lang='lat' dir='ltr'><strong>edita</strong></span> <span class='ocrx_word' id='word_1_824' title='bbox 2473 5767 2673 5819; x_wconf 69' lang='lat' dir='ltr'><strong>Usonize</strong></span> <span class='ocrx_word' id='word_1_825' title='bbox 2702 5765 2834 5825; x_wconf 79' lang='lat' dir='ltr'><strong>l756,</strong></span> <span class='ocrx_word' id='word_1_826' title='bbox 2861 5778 2972 5826; x_wconf 79' lang='lat' dir='ltr'><strong>pag.</strong></span> <span class='ocrx_word' id='word_1_827' title='bbox 2995 5768 3072 5818; x_wconf 76' lang='lat'><strong>2|.</strong></span> 
     </span>
    </p>
   </div>
  </div>
