3910 6172
197 255 279 312 H5

1373 247 1791 304 EPISTULARU
1804 248 1842 301 λι
1888 247 2012 302 LIB.
2054 248 2117 305 Il.

3275 247 3302 302 Α
3313 249 3381 304 80

185 378 270 426 ἱεετ
302 377 461 425 menta
485 374 804 427 servantem,
843 362 1091 428 trobabal
1115 370 1476 428 competenter
1498 362 1698 430 ingres—
1727 367 1776 426 Α
1805 361 1897 414 tati
1922 375 2078 430 quem
2106 359 2422 414 verecundia
2447 373 2551 413 non
2594 359 2833 427 adhibet,
2881 337 3062 416 charta
3095 364 3375 430 posuisset.

185 479 276 519 sum
314 470 338 497 ⁸
380 458 552 528 quinta
609 453 931 525 digrediens.
1001 450 1396 506 Prandelamus
1442 451 1700 516 breviter,

184 554 376 622 copiose,
406 547 726 604 senatorium
755 546 820 598 ad
851 559 1077 608 morem,
1106 559 1211 612 quo
1242 543 1457 596 insitum
1487 544 1706 597 institu-

188 656 385 707 tumque,
418 637 604 692 multas
641 636 827 704 epulas
858 635 1040 702 paucis
1069 634 1440 703 parolisidibus
1469 635 1664 703 apponi
1690 652 1704 689 :

188 735 383 807 quamvis
408 730 703 785 convivium
736 745 829 800 per
854 727 1028 782 edulia
1059 741 1199 782 nunc
1221 741 1360 792 assa,
1387 742 1527 782 nunc
1555 727 1709 797 juru-

189 831 295 884 lenta
323 829 560 878 varietur.
611 823 752 876 Inter
784 819 1070 874 b'bendum
1114 819 1547 885 narratiunculas,
1573 832 1706 888 qua-

190 934 278 973 rum
313 916 509 982 cognitu
573 911 927 966 hilararemur
982 910 1524 978 institueremurque,
1587 910 1706 978 quia

189 1027 258 1067 eas
275 1011 491 1064 bifariam
518 1006 744 1072 orditas,
776 1005 953 1059 laetitia
977 1004 1272 1074 peritiaque
1294 1003 1705 1057 comitabantur.

191 1102 295 1170 Quid
321 1099 504 1154 multa?
535 1099 751 1160 Sancte,
782 1097 1026 1164 pulchre,
1056 1094 1388 1148 abundanter
1413 1093 1704 1162 accipieba-

193 1209 302 1246 lltlll'.
329 1191 438 1244 Inde
463 1196 765 1256 surgentes,
791 1186 816 1224 δ
846 1187 889 1241 si
917 1186 1177 1254 Voroangi
1206 1198 1442 1249 eramus,
1471 1185 1596 1254 (hoc
1619 1182 1708 1237 uni

193 1283 351 1350 prndio
368 1277 572 1350 nomen)
597 1279 664 1331 ad
692 1279 930 1332 sarcinas
956 1287 1010 1332 et
1039 1277 1104 1330 ad
1135 1277 1485 1331 diversorium
1518 1276 1709 1345 pedem

190 1375 497 1430 referebamus
522 1388 536 1424 :
559 1372 601 1424 si
635 1369 873 1424 Prusiani
905 1369 1003 1440 (sic
1035 1368 1228 1422 fundus
1256 1368 1389 1421 alter
1434 1381 1708 1435 nuncupa-

190 1466 331 1536 batur)
355 1464 660 1519 Tonantium
693 1478 813 1515 cum
848 1461 1120 1524 fratribus,
1167 1459 1487 1514 lectissimos
1515 1473 1708 1527 atquae-

190 1573 338 1612 roruui
365 1553 604 1609 nobilium
636 1553 929 1621 principes,
967 1552 1147 1604 stratis
1186 1553 1297 1604 suis
1337 1550 1702 1620 ejiciehamus,

189 1649 283 1719 quia
309 1663 396 1703 nec
423 1647 570 1701 facile
601 1647 709 1717 53
735 1645 926 1698 crebro
974 1644 1227 1697 cubilium
1269 1652 1569 1696 nostrorum
1620 1643 1706 1696 in-

1808 455 2041 521 Quarum
2068 465 2282 522 quoque
2307 451 2585 519 replicatio
2605 451 2707 523 51
2734 453 2882 508 fleret
2906 467 3114 509 animus
3139 463 3376 519 narratu,

1807 543 1911 600 nisi
1951 543 2190 614 epistolae
2213 553 2418 612 tergum
2450 542 2677 597 madidis
2719 546 2991 601 sordidare
3011 547 3230 601 calamis
3260 564 3380 602 rru-

1809 635 2166 689 besceremus.
2195 633 2299 709 Sed
2331 632 2418 703 qui
2445 642 2498 688 et
2538 633 2636 702 ipsi
2683 638 2732 688 in
2763 638 3034 704 procinctu
3063 617 3266 704 sumus,
3306 653 3378 693 te-

1809 743 1912 797 que
1940 727 2038 781 sub
2064 741 2166 796 ope
2206 725 2400 780 Christi
2431 736 2668 780 actutunt
2712 729 2865 783 nobis
2914 730 3141 786 invisere
3183 733 3376 802 placet,

1810 819 2117 885 expeditius
2140 819 2230 873 tibi
2261 835 2428 874 cmnze
2456 825 2749 874 amicorum
2781 822 2831 874 in
2863 837 2980 876 mea
3009 839 3158 879 coena
3187 836 3378 893 tuaque

1809 911 2409 964 commemorabuntur:
2439 909 2597 962 modo
2631 927 2724 963 nos
2756 913 3148 980 quamprimum
3179 916 3378 970 hebdo-

1813 1003 1981 1055 madis
2007 1012 2211 1058 exacue
2237 1003 2404 1070 spatia
2435 1003 2695 1071 completa
2724 1005 2913 1059 votiva:
2951 1008 3230 1060 restituant
3259 1023 3379 1061 esit-

1811 1095 1989 1148 ritioni
2034 1113 2044 1146 :
2091 1095 2211 1162 quia
2267 1094 2561 1161 disruptum
2617 1110 2782 1163 ganea
2845 1098 3177 1150 stomachum
3237 1100 3378 1153 nulla

1809 1185 2008 1240 sarcire
2035 1199 2123 1240 res
2150 1184 2338 1241 melius
2365 1201 2522 1255 quam
2555 1186 2882 1254 parcimonia
2913 1188 3071 1241 solet.
3101 1189 3243 1244 \‘ale.

2379 1339 2708 1396 EPISTULA
2730 1340 2816 1398 .X.

2111 1495 2356 1552 Sidonius
2386 1494 2411 1534 ἀ
2439 1497 2689 1568 Hesperia
2709 1516 2804 1552 suo
2835 1501 3069 1557 salutem.

1879 1646 2012 1699 Amo
2053 1646 2103 1700 in
2134 1655 2185 1700 te
2227 1648 2368 1717 quod
2413 1647 2618 1704 litteras
2666 1666 2853 1718 amas,
2901 1661 2956 1706 et
3001 1669 3378 1725 usquequaque

187 1746 432 1794 stmmenta
453 1737 982 1792 circumferebantur.
1031 1734 1268 1787 EXCUSso
1296 1743 1317 1771 ο
1355 1743 1567 1802 torpore
1598 1749 1710 1785 Inn-
1744 1725 1786 1785 Β
1816 1738 2094 1805 przrcouiis
2131 1739 2570 1794 cumulatissimis
2615 1742 2864 1797 excolere
2908 1746 3173 1799 contendo
3222 1757 3380 1803 tantm

189 1832 372 1896 ridiano,
399 1830 667 1900 paulisper
694 1829 1084 1898 equitabamus,
1130 1843 1236 1896 quo
1265 1827 1466 1882 facilius
1495 1836 1711 1896 pectora

187 1922 380 1977 marcida
408 1921 536 1976 cibis
562 1921 868 1976 uenatoria:
900 1919 1023 1972 fami
1055 1933 1460 1973 exacueremus.
1494 1919 1712 1972 Italiieas

190 2013 373 2068 habebat
395 2023 616 2082 uterque
641 2015 837 2080 hospes
869 2012 920 2065 in
947 2026 1128 2079 opere,
1165 2011 1216 2064 in
1246 2025 1344 2062 usu
1374 2019 1560 2064 neuter
1583 2027 1594 2062 :
1619 2010 1711 2063 sed

188 2119 279 2159 cum
324 2106 397 2160 vel
451 2103 798 2174 pauxillulum
858 2103 1040 2156 bibere
1095 2102 1344 2155 desiiSset
1389 2102 1710 2155 asscclarum

189 2211 384 2250 meorum
437 2195 863 2263 famulorumque
911 2193 1061 2246 turba
1110 2193 1439 2261 «ompotrix,
1485 2208 1711 2259 quorum

187 2286 380 2340 o-rebris
433 2284 722 2353 hospitales
763 2294 987 2336 cratera:
1037 2283 1255 2334 nimium
1317 2283 1580 2335 immersa:
1618 2283 1711 2336 do-

189 2377 500 2441 minahantur,
550 2377 721 2430 vicina
775 2375 901 2428 fonti
947 2382 1038 2427 aut
1085 2374 1244 2426 fluvio
1289 2375 1479 2440 rapzim
1527 2373 1711 2427 scrohs

187 2467 460 2532 fodiebatur,
493 2468 543 2520 in
567 2481 724 2534 quam
753 2464 886 2519 forte
915 2478 1038 2518 cum
1069 2463 1313 2517 cumulus
1343 2464 1574 2530 lapidum
1600 2479 1715 2516 am-

185 2559 336 2612 bustus
371 2557 761 2620 demitteretur,
811 2567 967 2608 antro
1015 2557 1064 2608 in
1108 2553 1454 2622 hemispherii
1489 2554 1710 2608 formam

185 2650 344 2719 corylis
372 2647 633 2704 flexilibus
663 2647 895 2711 intexto,
945 2646 1086 2700 fossa
1132 2645 1474 2701 inardescens
1503 2645 1710 2715 operie-

183 2741 341 2794 batur:
371 2740 443 2796 sic
466 2748 646 2794 tamen
671 2749 728 2793 ut
757 2737 1318 2809 superjectis.Ci|i.-um
1348 2742 1499 2805 velis,
1531 2751 1714 2807 paten-

182 2833 240 2884 tia
261 2833 518 2887 intervalla
544 2833 834 2900 virgarum,
867 2830 1064 2884 lumine
1079 2831 1318 2894 excluso,
1343 2831 1710 2897 tenebrantur,

181 2939 395 2992 vaporem
444 2925 719 2992 repulsura
768 2923 1078 2987 sa'ieutem,
1133 2923 1221 2992 qui
1265 2923 1421 2976 undat
1461 2925 1711 2978 ferventis

179 3018 422 3087 aspergine
472 3016 758 3072 flammatis
801 3015 1040 3070 silicibus
1084 3017 1386 3072 excuditur.
1433 3018 1526 3070 llic
1557 3019 1712 3071 nobis

1814 1830 2102 1898 diligentiae
2129 1829 2541 1899 generositatem
2585 1847 2679 1900 per
2705 1847 2860 1902 quam
2893 1837 3044 1889 uoh's
3075 1853 3178 1890 non
3209 1839 3379 1893 solum

1813 1920 1960 1974 initia
1992 1930 2102 1986 tua,
2151 1936 2334 1976 verum
2384 1922 2543 1976 etiam
2583 1923 2756 1977 studia
2805 1937 2984 1979 nostra
3015 1929 3380 1983 commendas.

1815 2013 1943 2067 Nam
1987 2029 2107 2067 cum
2147 2014 2390 2068 videmus
2417 2014 2468 2067 in
2501 2013 2799 2082 huiusmodi
2833 2015 3166 2085 disciplinam
3199 2017 3380 2086 junio-

1813 2120 1928 2158 rum
1962 2103 2170 2173 ingenia
2201 2120 2561 2170 succrescere,
2607 2114 2819 2175 propter
2851 2123 3006 2176 quam
3047 2123 3144 2162 nos
3173 2124 3382 2178 quoque

1812 2194 2158 2250 subduximus
2189 2194 2367 2250 ferulae
2395 2211 2630 2257 manum,
2675 2197 3104 2265 copiosissimum
3155 2199 3381 2253 fructum

1815 2289 1982 2342 nostri
2016 2289 2213 2343 laboris
2257 2288 2620 2356 adipiscimur.
2667 2288 2798 2342 Illud
2829 2305 3054 2357 appone,
3099 2291 3238 2360 quod
3268 2302 3380 2344 lano

1815 2390 1925 2434 tum
1967 2379 2232 2436 increbuit
2280 2380 2564 2434 multitudo
2595 2380 3006 2445 desidiosorum,
3055 2389 3111 2435 ut
3159 2383 3256 2443 nisi
3300 2383 3382 2437 vel

1815 2473 2120 2542 paucissimi
2143 2472 2341 2542 quique
2366 2487 2567 2526 meram
2602 2473 2826 2525 Latiaris
2861 2474 3049 2540 linguzr
3089 2474 3382 2541 proprieta-

1817 2578 1920 2620 tem
1948 2566 2013 2619 de
2041 2566 2332 2618 trivialium
2375 2564 2829 2618 barbarismorum
2873 2563 3116 2632 rubigine
3151 2564 3384 2617 vindica-

1816 2659 2020 2724 veritis,
2050 2672 2167 2711 eam
2191 2657 2335 2710 brevi
2365 2656 2614 2710 abolitam
2650 2656 2941 2711 defleamus
2972 2657 3380 2724 interitamque:

1815 2750 1894 2801 sic
1916 2762 2100 2802 omnes
2124 2747 2382 2800 nobilium
2407 2761 2712 2799 sermonum
2740 2762 2984 2814 purpurae
3008 2761 3101 2812 per
3126 2747 3383 2800 incuriam

1814 2839 1954 2906 vulgi
1987 2837 2453 2891 decolorabuntur.
2505 2835 2608 2891 Sed
2651 2837 2835 2890 isthzec
2881 2837 3032 2890 alias.
3076 2837 3276 2892 Interea
3328 2847 3383 2890 tu

1814 2931 1953 2998 quod
1997 2929 2130 2998 petis
2175 2927 2373 2996 accipe.
2418 2927 2561 2981 Petis
2613 2938 2788 2980 autem
2833 2943 2879 2980 ui
2925 2930 2967 2981 si
2998 2929 3086 2996 qui
3134 2924 3382 2982 versiculi

1816 3020 1944 3074 mihi
1987 3017 2270 3079 ﬂuxerunt,
2304 3018 2407 3089 52
2432 3026 2708 3087 postquam
2737 3019 2804 3070 ali
2843 3017 3098 3071 alterutro
3127 3017 3223 3070 dis-
3245 3017 3386 3070 essi-

179 3107 493 3162 trahebantur
548 3108 730 3170 horai,
783 3121 886 3160 non
933 3106 1134 3174 absque
1182 3107 1516 3161 sermonibus
1558 3089 1783 3162 salsisC
1816 3126 1954 3177 mus,
1985 3109 2080 3163 hos
2121 3109 2210 3170 tibi
2254 3124 2349 3177 pro
2371 3108 2597 3177 quadam
2630 3124 2896 3163 morarum
2921 3112 3166 3163 mei-cede
3195 3125 3389 3177 peritu.

177 3197 600 3268 iocularibusque;
657 3211 790 3266 quos
818 3199 958 3250 inter
995 3197 1160 3250 halitu
1203 3197 1409 3252 ucbulzn
1439 3199 1714 3253 stridentis

177 3288 396 3354 oppletis,
441 3288 800 3355 involutisque
845 3287 1223 3342 saluberrimus
1266 3287 1430 3342 sudor
1469 3289 1714 3343 elicieba-

178 3389 279 3438 tur;
305 3395 399 3448 quo
425 3388 581 3448 prout
603 3379 842 3432 libuisset
873 3377 1064 3441 effuso,
1095 3380 1373 3433 coctilibus
1395 3381 1547 3450 aquis
1569 3381 1713 3449 inge-

176 3471 412 3534 rebamur,
433 3472 727 3537 harunique
750 3470 858 3521 l'otu
878 3470 1191 3524 cruditatem
1220 3482 1453 3524 nostram
1475 3482 1714 3540 tergente

177 3559 388 3624 resoluti,
434 3573 522 3614 aut
570 3559 790 3612 fontano
831 3559 1082 3628 deinceps
1121 3560 1338 3628 frigore,
1388 3564 1710 3631 putealique,

173 3660 258 3701 aut
296 3651 473 3704 fluviali
523 3653 676 3719 cepia
724 3649 1105 3705 solidabamur.
1153 3651 1423 3720 Siquidem
1469 3655 1713 3708 domibus

173 3741 358 3794 medius
383 3743 420 3794 it
451 3743 661 3796 Vuardo
690 3741 902 3805 fluvius,
924 3741 1025 3794 nisi
1056 3757 1174 3796 cum
1198 3743 1368 3798 deflua
1393 3747 1513 3800 nive
1538 3755 1652 3813 past
1689 3760 1716 3800 s

171 3832 408 3899 impalluit
436 3833 585 3887 flavis
617 3832 778 3887 ruber
805 3832 1023 3899 glareis,
1071 3843 1125 3888 et
1155 3851 1247 3902 per
1273 3836 1480 3890 alveum
1509 3835 1713 3906 perspi-

171 3936 310 3987 cuus,
345 3925 567 3994 quietus,
621 3923 1050 3989 calctilosusque,
1102 3939 1272 3992 neque
1316 3927 1384 3979 ob
1411 3925 1511 3982 hoc
1541 3927 1716 3983 minus

171 4013 376 4080 piscium
427 4016 571 4068 ferax
626 4013 997 4068 delicatorum.
1052 4013 1290 4069 Dicerem
1335 4027 1388 4070 et
1432 4033 1634 4085 coenas,
1667 4026 1721 4073 et

168 4105 368 4170 quidem
398 4104 754 4169 unctissimas,
787 4103 887 4156 nisi
934 4105 1218 4159 terminum
1257 4117 1454 4162 nostra:
1483 4107 1722 4178 loquaci-

165 4266 388 4331 μὲῐαντες
404 4271 598 4338 τῶν
627 4259 812 4333 ὐδρίων
850 4264 1198 4338 ὡροσκοπείων
1223 4262 1340 4327 ἕξει,
1363 4265 1395 4321 ἦ
1416 4285 1494 4324 τις
1522 4267 1644 4336 ἡμῖν
1673 4265 1722 4319 ἔν

166 4354 365 4408 τεταρᾳι
389 4335 595 4405 βιξλίοις
611 4335 1158 4408 πρρσναναγέγραπιςᾳι.

231 4411 260 4439 ⁸
286 4402 400 4458 Hoc
421 4413 501 4458 est
521 4402 798 4456 undecima
830 4402 1030 4459 nostra.
1058 4402 1318 4454 Ilorarum
1345 4402 1478 4468 apud
1507 4411 1716 4456 veteres

164 4488 291 4544 nus
311 4483 413 4526 erat
442 4473 776 4544 inceqttaliuni
810 4493 823 4528 :
850 4487 968 4544 qua:
997 4471 1255 4523 duodenm
1277 4473 1329 4524 in
1351 4471 1466 4525 dies
1486 4474 1719 4541 singulos

161 4543 228 4592 ali
273 4553 448 4596 exortu
487 4544 614 4596 solis
640 4543 705 4596 ad
753 4543 999 4598 occasum
1034 4545 1468 4605 numerabantur,
1501 4544 1720 4596 totidem

162 4610 214 4664 in
243 4611 464 4677 singulas
495 4624 700 4667 noctes.
733 4616 848 4680 Quo
877 4616 1036 4668 ﬁebat
1065 4621 1121 4663 ut
1171 4626 1268 4678 pro
1316 4612 1519 4664 diermn
1565 4613 1722 4665 modo

161 4682 245 4735 vel
274 4686 490 4736 noctium
521 4683 810 4752 inmquales
837 4689 1036 4747 essent,
1063 4696 1206 4735 nunc
1250 4682 1542 4752 breviores,
1584 4697 1724 4736 nunc

161 4753 441 4817 longiores.
481 4750 920 4822 Quod—spectans
965 4753 1290 4818 Augustinus
1320 4755 1388 4804 de
1417 4750 1548 4805 Vera
1581 4752 1726 4806 Reli-

156 4824 340 4888 gione.
378 4822 528 4887 ﬂora,
579 4821 772 4892 inquit,
803 4821 1046 4892 firmitatis
1080 4822 1265 4892 restire:
1311 4832 1605 4889 comparata
1631 4823 1727 4874 mi-

158 4908 257 4943 nor
281 4893 634 4947 esum-terum
657 4891 781 4962 quia
810 4903 956 4949 sexta
980 4891 1190 4947 illormn
1219 4891 1348 4962 liora
1374 4893 1423 4962 in
1447 4892 1726 4962 meridiem

157 4963 558 5028 t.=rrriiiiaba'.ur,
583 4977 648 5015 eo
672 4961 829 5018 fiebat
877 4973 934 5018 ut
972 4962 1154 5030 quinta
1204 4961 1501 5016 undecima:
1550 4961 1726 5014 affinis

153 5047 374 5100 semper
399 5042 553 5085 esset.
602 5033 747 5087 Hanc
776 5035 934 5102 igitur
981 5031 1221 5086 eamdem
1269 5031 1489 5102 denotat
1519 5031 1730 5086 Persius

154 5119 176 5150 ς
221 5114 262 5156 ι.
303 5103 354 5169 ὖ,
383 5103 552 5172 quinta
581 5103 704 5156 dum
753 5100 888 5157 om
930 5101 1151 5169 tangitur
1182 5100 1358 5152 umbra
1391 5117 1409 5154 :
1448 5101 1500 5155 in
1532 5102 1730 5155 solario

150 5173 266 5242 32
318 5173 505 5228 scilicet
569 5173 888 5242 heliotropio
944 5173 1263 5232 scioterico,
1314 5173 1365 5223 in
1423 5187 1528 5238 quo
1585 5172 1732 5242 ejus-

153 5240 320 5312 mdei
343 5242 478 5296 hora:
509 5240 849 5298 notabantur.
885 5243 1077 5310 Quinta
1107 5250 1282 5294 autem
1331 5243 1461 5294 liora
1500 5240 1730 5312 prandii.

151 5311 419 5366 Martialis
450 5313 542 5367 lib.
575 5329 669 5366 vttt
698 5330 711 5364 :

292 5381 440 5444 Horas
457 5385 671 5444 quinque
697 5395 820 5444 puer
843 5383 1052 5444 nondum
1076 5379 1164 5426 tibi
1187 5379 1389 5444 nuntiat,
1408 5385 1460 5429 et
1483 5387 1533 5432 tu
1615 5397 1618 5399 ’

352 5443 451 5491 .Iatn
475 5442 675 5494 conviva
699 5442 850 5501 ‘mihi,
876 5442 1151 5502 Caeciliane,
1175 5442 1334 5490 venis.

143 5527 434 5583 Ausonius
461 5527 513 5582 in
544 5525 904 5596 Ephemeride
934 5543 949 5576 :

284 5616 446 5676 Sosia,
473 5617 802 5678 prandendum
825 5623 899 5665 est
923 5629 935 5662 :
958 5623 1176 5677 quartam
1195 5626 1292 5674 iam
1317 5617 1447 5662 totus
1481 5613 1528 5660 in
1569 5611 1738 5662 horam

357 5681 433 5727 Sol
457 5679 583 5728 calet
603 5714 616 5738 ,
644 5679 702 5729 ad
724 5679 934 5740 quintam
959 5681 1170 5726 flectitur
1195 5678 1360 5725 umbra
1384 5682 1558 5725 notam.

1744 4371 1796 4426 ι)

1820 3217 2044 3255 merem.
2089 3199 2242 3254 Dicto
2275 3214 2456 3268 pareo,
2505 3198 2633 3253 Nam
2684 3200 2824 3268 pratd
2852 3208 2936 3253 tus
2965 3215 3043 3259 es.
3091 3213 3390 3268 quanquam

1813 3293 2045 3362 juvenis,
2098 3293 2197 3348 hac
2243 3292 2409 3346 animi
2455 3293 2779 3355 maturitate,
2828 3301 2884 3344 ut
2931 3291 3024 3344 tibi
3063 3291 3222 3345 etiam
3265 3300 3392 3345 natu

1821 3386 2024 3449 priores
2073 3398 2262 3452 gerere
2316 3398 2519 3436 morem
2565 3383 3028 3450 concupiscamus.
3081 3391 3104 3419 ο
3155 3381 3391 3436 Ecclesia

1819 3494 1989 3546 nuper
2017 3485 2290 3530 exstructa
2333 3475 2576 3544 Lugduni
2607 3483 2708 3537 est,
2739 3489 2858 3542 qua:
2898 3472 3075 3526 suidio
3103 3487 3251 3541 papa:
3289 3472 3394 3526 Pa-

1822 3569 1999 3624 tientis
2030 3582 2294 3622 summum
2328 3566 2486 3636 coepti
2537 3565 2712 3635 operis
2758 3565 3005 3630 acceSsit,
3055 3565 3152 3619 viri
3199 3566 3394 3626 sancti,

1821 3659 2044 3722 strenui,
2095 3658 2291 3724 severi,
2343 3655 2740 3724 misericordis,
2792 3655 2988 3725 quique
3033 3671 3128 3725 per
3177 3655 3395 3711 uberem

1822 3750 2240 3804 ηιιιηίίξουιιιίηιη
2267 3750 2318 3802 in
2347 3761 2605 3817 pauperes
2627 3747 3140 3818 humanitatemque,
3169 3762 3272 3800 non
3295 3749 3396 3801 mi-

1824 3857 1952 3897 nora
1984 3844 2136 3895 boote
2181 3841 2522 3896 conscientia:
2565 3839 2794 3894 culmina
2840 3839 2999 3893 levet.
3047 3839 3210 3909 Ilujus
3240 3839 3399 3908 igitur

1823 3933 1951 3986 tedis
1981 3930 2218 3992 extimis,
2244 3939 2429 3998 rogatu
2459 3927 2663 3998 praefati
2691 3927 2965 3994 antistitis,
2995 3931 3398 3983 tumultuarium

1822 4036 2038 4076 carmen
2091 4020 2334 4090 inseripsi
2372 4019 2620 4073 trochaeis
2669 4020 2996 4088 triplicibus,
3055 4021 3230 4074 adhuc
3272 4021 3401 4074 milii

1821 4113 2041 4182 jamque
2071 4111 2165 4166 tibi
2191 4109 2659 4180 perfaniiliaiibus.
2701 4108 2941 4177 Namque
2983 4109 3050 4162 ab
3081 4109 3404 4163 hexametris

1893 4263 1923 4304 ι)
1956 4264 2217 4320 Prsidium
2251 4263 2303 4318 id
2334 4263 2673 4331 Apollinaris.
2710 4262 2764 4316 In
2796 4261 3168 4330 Propemptico
3213 4276 3232 4314 :
3267 4260 3394 4312 Las-

1823 4352 1934 4388 sum
1962 4346 2009 4388 te
2034 4335 2334 4402 Voroangus
2363 4335 2622 4388 obtinebit.
2647 4332 2889 4386 Nostrum
2917 4335 2994 4383 hic
3016 4331 3400 4402 inveniesApol-

1827 4407 2058 4458 finarem.
2105 4406 2392 4458 Prusianus
2428 4416 2545 4458 erat
2585 4403 2836 4458 Touantii
2866 4403 3118 4455 Ferreoli.
3157 4401 3237 4454 Ut=
3255 4415 3393 4468 aque

1823 4477 1949 4529 villa
1980 4475 2046 4528 ad
2082 4475 2403 4527 Wardonem
2444 4474 2686 4536 fluvium,
2736 4474 2823 4542 qui
2864 4487 2960 4540 per
2992 4471 3178 4524 Volcas
3206 4472 3404 4523 Areco-

1825 4545 1992 4598 micos
2018 4545 2284 4599 evolvitur
2302 4548 2354 4598 ln
2380 4543 2716 4602 Rhodanum,
2739 4550 2947 4594 vetusto
2977 4550 3136 4609 ponte
3156 4556 3203 4594 ei
3228 4555 3406 4607 aqua!-

1826 4617 1989 4668 (luctu
2044 4623 2325 4667 structura:
2382 4614 2630 4666 ltomanze
2683 4611 2875 4666 nobilis
2908 4629 2920 4662 ε
2956 4625 3182 4681 quorum
3233 4613 3409 4664 adhuc

1825 4685 2026 4753 reliqua
2057 4692 2181 4738 sunt
2212 4683 2452 4749 vestigia.

1904 4749 2129 4822 cSupra
2179 4753 2272 4806 lib.
2305 4769 2340 4815 I,
2387 4768 2434 4808 e;
2457 4751 2543 4804 ist.
2582 4749 2618 4802 2
2660 4750 2727 4805 de
2753 4750 3087 4805 Theoderico
3130 4767 3142 4802 :
3180 4749 3408 4822 Dapibus

1827 4819 2259 4889 expleto—somnus
2289 4824 2604 4874 meridianus
2638 4837 2830 4889 semper
2858 4823 3090 4890 exiguus,
3126 4835 3260 4890 ηερε
3287 4819 3407 4871 nul-

1829 4894 1932 4948 lus.
1982 4893 2401 4947 Meridiationem
2434 4892 2700 4958 appellant
2737 4908 2748 4943 :
2785 4891 2850 4944 de
2877 4906 2978 4959 qua
3027 4889 3405 4954 intelligendus

1830 4974 1911 5016 est
1941 4963 2133 5016 .Iuliaui
2157 4963 2397 5033 l'lCUSAad
2429 4961 2726 5014 Libantum.
2756 4963 2986 5033 ᾊνέγνων
3015 4961 3140 5030 χθὲς
3159 4962 3244 5033 τὸν
3263 4959 3409 5031 λόγον

1831 5036 1932 5117 πρὸ
1957 5037 2169 5111 ἀρίστω)
2195 5055 2227 5086 σ
2278 5030 2410 5087 εδὸν.
2433 5037 2737 5105 ’Λριστήσας
2759 5029 2830 5093 δὲ,
2853 5029 2970 5106 trp?»
2993 5029 3408 5092 ἆύαπαύσιισθαι,

1831 5125 1888 5157 το
1913 5105 2084 5157 λοιπὸν
2111 5055 2425 5157 ἁποδὶὲδωκα.
2483 5102 2754 5157 Hesterno.
2796 5100 2989 5157 inquit.
3017 5101 3102 5152 die
3129 5104 3408 5153 orationem

1831 5100 1888 5158 τὸ
1913 5100 2084 5159 λοιὲτὸν
2111 5100 2425 5158 ἀποδέδωκα.
2483 5100 2754 5165 Hesterno,
2796 5100 2989 5167 inquit,
3017 5101 3102 5152 die
3129 5104 3413 5153 orationem

1835 5175 1932 5241 legi
1975 5183 2092 5226 ante
2126 5174 2397 5243 prandium
2443 5187 2607 5243 prope
2645 5173 3092 5243 iutegrqm_:gpost
3141 5170 3412 5241 prandium

1835 5259 1974 5308 vero,
2005 5241 2134 5295 ante
2151 5258 2382 5296 somnum
2411 5242 2545 5309 quod
2576 5241 2750 5292 deerat
2781 5241 2992 5294 absolvi.

1907 5309 1934 5349 ά
1969 5315 2016 5366 Is
2046 5313 2254 5365 videtur
2285 5307 2442 5380 quem
2476 5311 2568 5363 lib.
2599 5327 2671 5372 tv,
2697 5311 2853 5378 epist.
2887 5309 2980 5376 22,
3011 5309 3180 5365 virum
3212 5307 3414 5375 magni-

1841 5384 1994 5436 fivum
2026 5383 2302 5452 appellit,
2331 5396 2594 5452 gemmam
2640 5383 2932 5452 amicorum
2987 5380 3410 5452 litteraruu‘ique.

1840 5453 1974 5507 lIuic
2002 5447 2130 5516 ergo
2159 5447 2642 5520 lleiidecasyllalios
2679 5451 2860 5514 mittit,
2909 5463 3043 5517 quos
3082 5447 3149 5501 de
3191 5447 3410 5498 basilica

1843 5521 2082 5591 Lugduni
2114 5519 2745 5591 exstructaAc’ondiderat.

1916 5584 1950 5630 ἶ
1980 5594 2233 5656 Qmenam
2264 5590 2349 5643 illa
2378 5589 2537 5644 fuerit
2563 5594 2818 5644 incertum
2841 5595 2941 5642 est.
2963 5584 3093 5638 Nam
3115 5600 3220 5656 quo
3240 5585 3418 5638 minus

1845 5662 1904 5719 S.
1937 5655 2122 5718 Irenaci
2146 5661 2363 5718 basilica
2392 5661 2656 5724 videatur,
2688 5657 2807 5712 facit
2841 5656 2977 5727 quod
3011 5656 3080 5712 ab
3111 5655 3262 5712 Arari
3292 5671 3418 5726 pro-
