1955 3086
127 177 167 205 195
724 174 890 208 EPISTOLA

944 179 964 208 ιι
982 179 1047 209 LIB.
1067 179 1099 207 ΙΙΙ

1692 183 1741 211 401

124 235 213 265 tissime
237 233 317 266 rexit,
340 232 410 261 inter
428 233 557 261 tumultus
572 233 700 268 militum,
717 236 896 270 popularium,
913 239 934 266 A
951 237 1034 264 nabat
1043 236 1176 271 exemplo,
1194 243 1226 264 nc
1237 236 1289 264 cibi
1303 236 1416 272 ingressi
1432 245 1479 273 per
1495 246 1553 272 ora,
1569 246 1618 274 per
1633 239 1743 268 vulnera

123 281 312 313 fmderatorum,
325 279 399 315 quod
418 283 446 307 et
460 280 548 308 exitus
571 280 686 315 prodidit
700 289 800 313 novus,
816 282 898 314 celer,

122 327 240 356 acerbus:
257 333 337 361 quem
358 326 512 354 cruentavit
526 326 640 354 fortuna:
662 327 708 354 diu
723 327 899 355 lenocinantis

123 371 224 409 perfidus
249 371 321 404 ﬁnis,
343 378 404 406 qute
418 371 518 405 virum,
534 376 562 399 ut
584 373 717 408 scorpius,
741 374 833 401 ultima
857 374 898 401 sui

122 424 184 455 parte
201 417 343 452 percussit.
361 417 458 445 Dicere
480 414 583 445 solebat
597 419 640 445 vir
661 419 803 452 litteratus,
819 424 899 453 alque

121 465 150 493 ob
169 464 265 500 ingenii
280 464 375 491 merita
391 464 563 499 quazstorius,
581 465 696 500 partium
718 470 792 493 certe
816 466 899 494 bona-

122 519 170 539 rum
187 517 247 545 pars
266 517 375 545 magna,
393 514 405 528 ἰ
422 509 589 544 Fulgentius,
614 518 661 538 ore
675 518 704 538 se
726 519 759 538 ex
773 511 831 545 ejus
845 511 899 539 fre-

122 561 219 592 quenter
232 556 351 590 audisse,
365 563 424 584 cum
450 563 563 591 perosus
577 557 682 591 pondus
693 557 808 592 imperii,
822 561 894 585 vete-

121 610 167 631 rem
177 601 344 630 securitatem
357 601 533 634 desideraret,
547 601 664 629 Felicem
687 607 723 635 te,
747 602 895 636 Damocles,

121 647 157 683 qui
168 654 218 674 non
228 654 281 674 uno
298 647 404 682 longius
416 647 530 682 prandio
543 649 616 682 regni
629 648 815 676 necessitatem
828 648 895 676 tole-

119 692 210 721 ravisti.
225 692 275 720 Iste
294 692 380 726 enim,
396 697 427 720 ut
450 693 578 729 legimus,
592 694 734 722 Damocles
759 695 895 729 provincia

119 738 222 771 Siculus,
232 735 298 766 urbe
308 738 505 774 Syracusanus,
519 740 658 768 familiaris
672 745 786 775 tyranno
798 740 895 776 Diony-

118 784 153 812 sio
164 783 212 811 fuit
225 792 232 811 :
247 783 291 819 qui
316 791 377 811 cum
393 784 482 812 nimiis
497 785 619 813 laudibus
641 785 710 812 bona
735 785 850 820 patroni,
867 790 896 813 ut

119 835 222 863 cetera,
244 830 346 858 scilicet
371 831 541 867 inexpertus,
564 832 671 860 efferret
690 842 697 859 ι
722 833 782 866 Vis,
810 833 895 867 inquit

118 877 258 913 Dionysius,
285 877 365 906 hodie
380 879 474 907 saltem
492 880 517 907 in
541 879 591 907 hac
613 888 705 908 mensa
727 881 804 908 bonis
827 882 894 910 meis

117 926 204 960 pariter
217 932 249 952 ac
270 925 348 952 malis
362 926 487 961 uti?59
502 926 639 959 Libenter,
658 927 752 962 inquit.
768 927 835 955 Tum
851 928 895 956 ille

116 972 242 1000 confestim
259 972 349 1000 laetum
368 972 504 1006 clientem,
521 980 672 1008 quanquam
688 979 715 1001 et
739 974 893 1008 attonitum,

115 1017 209 1052 plebeio
219 1018 336 1053 tegmine
346 1023 451 1053 erepto,
466 1014 576 1046 muricis
589 1019 673 1054 Tyrii,
684 1027 731 1047 seu
742 1019 892 1055 Tarentini,

114 1063 272 1100 conchyliato
296 1064 364 1091 ditat
387 1064 504 1092 indutu:
524 1069 551 1092 et
575 1065 743 1093 renidentem
763 1067 891 1102 gemmis,

114 1109 305 1145 margaritisque
331 1117 414 1137 aureo
442 1111 522 1145 lecto,
552 1111 719 1146 sericatoque
751 1112 894 1139 toreumati

112 1155 225 1190 imponit.
240 1154 364 1191 Cumque
388 1163 520 1191 pransuro
538 1157 778 1192 Sardanapalicum
794 1157 820 1185 in
836 1165 893 1184 tuo-

113 1209 172 1234 retn.
185 1202 260 1236 panis
272 1202 383 1229 daretur
396 1210 410 1230 e
423 1202 556 1231 Leontina
574 1208 666 1237 segete
682 1204 820 1231 confectus
829 1225 836 1237 ,
852 1203 893 1231 in-

110 1254 182 1283 super
193 1248 274 1283 dapes
287 1248 369 1276 cultas
386 1248 494 1276 ferculis
509 1249 668 1277 cultioribus
680 1253 891 1285 apponerentur,

110 1298 254 1328 spumarent
265 1293 369 1321 falerno
384 1302 498 1329 gemmae
512 1303 625 1330 capaces
635 1315 642 1327 ,
665 1296 746 1330 inque
759 1296 892 1331 crystallis

108 1341 216 1371 calerent
237 1348 372 1378 unguenta
386 1343 562 1378 glacialibus:
579 1343 641 1371 hinc
661 1344 747 1371 sufﬁta
769 1344 892 1371 cinnamo

108 1394 135 1415 ac
146 1387 223 1417 thure
237 1389 356 1417 ctenatio
377 1394 516 1424 spargeret
531 1389 687 1425 peregrinos
701 1390 811 1417 naribus
826 1382 893 1418 odo-

107 1439 155 1466 res,
169 1438 197 1462 et
205 1434 394 1462 madescentes
407 1434 492 1462 nardo
500 1435 611 1470 capillos
624 1434 783 1462 circumfusa
796 1435 890 1463 ﬂorum

105 1482 169 1506 serta
189 1479 325 1508 siccarent
341 1489 348 1507 :
365 1481 447 1514 erepit
461 1487 540 1515 supra
557 1485 658 1515 tcrgum
673 1481 712 1508 sic
735 1481 892 1508 recumben-

104 1522 134 1551 tis
146 1529 257 1558 repente
271 1525 371 1552 vibrari
397 1532 491 1553 mucro
511 1525 650 1553 districtus
673 1533 688 1553 e
707 1525 889 1559 lacunaribus,

103 1569 143 1604 qui
153 1569 296 1598 videbatur
310 1570 338 1598 in
351 1570 472 1606 jugulum
486 1571 626 1606 purpurati
644 1571 699 1606 jam
712 1572 822 1606 jamque
836 1571 890 1599 rui-

103 1619 172 1643 turus
186 1624 194 1643 :
211 1623 275 1644 nam
288 1617 334 1645 filo
348 1618 454 1652 equinae
469 1623 534 1644 setae
549 1617 656 1652 ligatus,
678 1623 704 1645 et
718 1617 754 1644 ita
770 1618 888 1652 pondere

101 1660 194 1696 minax,
209 1666 241 1689 ut
263 1662 388 1690 acumine
408 1662 498 1698 gulam
512 1663 680 1691 formidolosi
694 1663 822 1692 Tantaleo
834 1662 889 1691 fres

128 1740 199 1777 ῥοαί
212 1741 284 1769 sacri
298 1741 388 1777 palatii
400 1747 518 1777 quaestor
529 1742 625 1770 fuerat.
633 1743 772 1776 Quaestum
784 1746 884 1775 autem,

99 1776 152 1814 quia
167 1776 307 1814 litteratos
318 1776 445 1814 postulat,
467 1778 576 1814 iignilas
587 1779 656 1806 dicta
669 1783 711 1806 Cal
723 1778 884 1812 litterarum,

97 1818 110 1838 a
122 1810 279 1840 Senatoret
293 1810 397 1840 variar.
415 1813 459 1840 12.

126 1845 141 1866 δ
150 1846 188 1874 Ita
202 1848 266 1875 libri
277 1855 384 1881 omnes,
392 1856 459 1883 quos
469 1849 595 1876 vidimus.
603 1848 735 1876 Caeterum
748 1848 799 1876 vici
808 1847 887 1882 hujus

97 1886 188 1910 nomen
203 1882 369 1911 hodiernum
390 1882 477 1912 adhuc
502 1884 643 1912 incertum.
660 1884 727 1912 Cum
743 1889 832 1911 autem
848 1884 886 1910 si-

951 284 1066 311 exirent.
1078 282 1154 311 Unde
1167 287 1227 317 post
1241 284 1337 311 mixtas
1351 284 1457 313 fletibus
1476 293 1570 320 preces
1582 291 1661 322 atque
1672 289 1742 315 mul~

952 329 1050 356 timoda
1071 329 1198 364 suspiria,
1222 327 1427 358 vix"absolutus
1448 332 1636 366 emicatimque
1653 337 1739 367 prusu

951 375 1031 408 licus,
1048 376 1092 403 illa
1115 376 1212 411 refugit
1226 376 1366 404 celeritate
1380 376 1490 404 divitias
1511 377 1675 413 deliciasque
1698 387 1740 405 re-

950 422 1034 456 gales,
1058 429 1109 456 qua
1133 421 1221 449 solent
1248 421 1338 457 appeti
1363 430 1370 448 :
1394 421 1521 449 reductus
1548 422 1581 449 ad
1607 423 1740 450 desideria

950 467 1126 495 mediocrium
1149 468 1245 495 timore
1259 474 1424 494 summorum
1436 488 1444 499 ,
1458 472 1485 494 et
1504 468 1569 495 satis
1581 475 1690 500 cavens,
1708 476 1740 496 ne

951 513 1056 541 beatum
1069 514 1137 541 ultra
1149 514 1253 541 diceret
1267 514 1441 548 duceretque,
1457 516 1501 547 qui
1515 519 1608 549 septus
1618 515 1700 542 armis
1709 522 1740 541 ac

949 559 1121 592 satellitibus,
1134 564 1161 586 et
1176 567 1223 593 per
1235 559 1286 586 hoc
1307 559 1391 593 raptis
1406 559 1536 587 incubans
1547 559 1654 593 opibus,
1670 559 1740 586 ferro

949 612 1068 639 pressus,
1087 608 1222 639 premeret
1236 611 1342 632 aurum.
1354 604 1522 639 Quapropter
1536 605 1569 632 ad
1584 609 1683 632 statum
1695 604 1739 631 ltu-

947 651 1074 686 jusmodi,
1097 651 1207 679 domine
1228 651 1321 685 frater,
1341 652 1434 679 nescio
1454 658 1487 679 an
1509 656 1613 679 constet
1628 650 1739 679 tendere

949 698 1041 727 beatos
1056 707 1063 726 :
1080 702 1152 730 patet
1165 703 1239 726 certe
1253 698 1366 726 miseros
1380 699 1531 734 pervenire.
1544 698 1619 726 Vale.

1177 765 1232 801 eo
1250 764 1417 794 EPISTULA
1438 766 1505 793 xw.

1106 821 1230 848 Sidonius
1245 820 1380 849 Maurusio
1392 831 1438 849 suo
1455 823 1571 850 salutem.

983 876 1068 903 Audio
1084 876 1222 904 industriae
1237 882 1288 905 tute
1306 878 1428 913 votisque
1453 881 1655 915 communibus,
1672 882 1736 910 ube-

949 923 1021 951 riore
1037 928 1168 957 proventu
1188 931 1267 958 quam
1284 924 1435 952 minabatur
1457 926 1558 953 sterilis
1572 934 1672 960 annus,
1696 935 1737 955 rc-

947 969 1082 1004 spondere
1096 969 1270 997 vindemiam.
1286 969 1361 997 Unde
1376 975 1402 997 et
1415 970 1441 997 in
1453 970 1466 989 ιι
1480 979 1547 1005 pago
1560 972 1737 1006 Vialoscensi,

946 1016 991 1051 qui
1007 1015 1134 1043 Martialis
1150 1020 1229 1043 :clate
1255 1016 1384 1044 citeriore
1408 1018 1540 1045 vocitatus
1563 1022 1604 1046 est
1628 1024 1737 1054 propter

946 1061 1057 1090 hiberna
1080 1061 1214 1097 legionum
1234 1061 1411 1096 Julianarum,
1437 1064 1561 1098 suspicor
1581 1064 1735 1093 diuturnius

946 1111 972 1135 te
997 1112 1172 1135 moraturum.
1190 1108 1249 1141 Quo
1275 1108 1335 1135 loco
1350 1108 1397 1135 tibi
1414 1115 1474 1136 cum
1498 1110 1574 1137 ferax
1590 1111 1667 1138 vinea
1682 1117 1735 1145 est,

945 1157 1000 1180 tum
1015 1157 1146 1188 praterea
1168 1153 1298 1188 prtrdium
1321 1161 1419 1189 magno
1439 1163 1492 1182 non
1515 1156 1604 1184 minus
1616 1156 1736 1190 domino,

944 1199 1016 1235 quod
1031 1205 1058 1227 le
1084 1204 1197 1235 tuosque
1217 1200 1354 1235 plurifaria
1381 1200 1486 1236 frugum
1512 1202 1736 1237 mansionumque

945 1247 1007 1274 dote
1031 1251 1192 1274 remoretur.
1213 1247 1289 1274 Ilicet
1300 1247 1321 1274 si
1338 1246 1442 1275 ltorreis
1464 1249 1665 1284 apothecisque,
1688 1258 1735 1277 seu

945 1301 1014 1328 penu
1035 1293 1160 1328 impleta,
1173 1293 1294 1321 destinas
1311 1293 1365 1321 illic
1380 1301 1464 1328 usqtte
1483 1294 1517 1321 ad
1537 1295 1679 1322 adventum
1696 1295 1735 1323 hi-

944 1339 1116 1372 rundineum,
1131 1339 1171 1366 vel
1185 1339 1347 1372 ciconinum,
1357 1340 1417 1367 Jani
1433 1340 1579 1375 Numaeque
1591 1341 1734 1377 ninguidos

944 1391 1050 1412 menses
1063 1384 1090 1411 in
1105 1384 1160 1411 otio
1178 1383 1332 1418 fuliginoso,
1345 1391 1393 1412 seu
1405 1386 1523 1413 tunicata
1537 1387 1629 1421 quiete
1644 1392 1734 1416 trans-

944 1431 1060 1463 mittere,
1084 1430 1161 1458 nobis
1182 1437 1287 1465 quoque
1302 1438 1395 1465 parum
1419 1431 1445 1458 in
1469 1432 1568 1467 oppido
1590 1433 1734 1462 fructuosa:

944 1476 1065 1510 protinus
1094 1476 1304 1511 amputabuntur
1330 1484 1418 1504 causa:
1443 1485 1596 1512 morarum;
1618 1483 1648 1506 ut
1670 1480 1733 1508 dum

943 1522 1001 1557 ipse
1030 1522 1155 1549 nimirum
1172 1522 1271 1549 frueris
1283 1530 1358 1555 rure,
1372 1529 1422 1550 nos
1446 1527 1472 1551 te
1492 1523 1622 1558 fruamur,
1638 1526 1734 1561 quibus

943 1574 973 1596 ut
991 1569 1181 1604 recognoscis,
1204 1575 1257 1596 non
1281 1569 1366 1604 magis
1381 1569 1455 1596 cordi
1479 1573 1521 1597 est
1545 1575 1591 1598 aut
1605 1572 1735 1607 voluptati

943 1622 1006 1649 ager
1019 1622 1080 1641 cum
1102 1614 1233 1642 reditibus
1256 1614 1365 1649 atuplis,
1391 1622 1471 1649 quam
1496 1615 1601 1643 vicinus
1624 1619 1734 1653 aequalis

945 1669 1005 1690 cum
1021 1660 1098 1689 bonis
1110 1660 1240 1688 moribus.
1256 1660 1331 1688 Vale.

942 1740 1051 1775 gnificet
1064 1738 1232 1775 ranliqutim_
1246 1737 1315 1775 illius
1340 1745 1443 1775 nomen»
1462 1737 1543 1775 fuisse
1562 1738 1732 1775 Vialoscum,

942 1772 1035 1810 poma
1046 1774 1080 1802 ob
1094 1772 1205 1801 hiberna
1219 1773 1281 1800 Julii
1293 1772 1408 1810 Caesaris
1419 1773 1517 1810 dictum
1532 1773 1615 1810 fuisse
1628 1772 1733 1802 Martia;

940 1808 993 1838 lem
1004 1831 1012 1843 ,
1027 1818 1080 1837 non
1096 1809 1266 1843 aspernanda
1280 1812 1321 1836 est
1335 1808 1483 1844 Savaronis
1505 1809 1672 1842 conjectura,
1687 1811 1732 1844 qui

941 1846 1097 1874 Martiacum
1120 1851 1181 1871 esse
1208 1848 1297 1878 putat,
1326 1843 1412 1870 vicum
1437 1844 1494 1878 agri
1519 1843 1730 1880 BiCOmIigellSiS,

943 1881 1053 1909 Volvico
1068 1879 1220 1907 finitimum.

94 1951 1718 1964 ῳ

579 2009 814 2063 LIBER
869 2004 1032 2059 TER
1044 2002 1249 2057 TIUS.

302 2102 356 2139 61
374 2102 538 2130 EPISTULA
560 2101 676 2129 PRIMA.

272 2149 395 2177 Sidonius
409 2154 421 2168 ⁸
438 2150 510 2176 Avito
530 2157 576 2175 suo
592 2149 709 2175 salutem.

119 2193 214 2223 luitis
224 2195 337 2231 quidem
354 2195 465 2222 viticulis
479 2194 599 2222 caritatis
618 2194 652 2221 ab
674 2194 782 2221 ineunte
796 2193 885 2227 pueri-

89 2239 133 2274 lia,
145 2240 284 2277 quidquid
295 2241 417 2269 venimus
429 2241 454 2268 in
464 2241 642 2276 juventulem,
651 2240 745 2275 gratiae
756 2247 816 2267 sese
830 2247 887 2266 llIil-

88 2289 138 2315 tu.
156 2294 227 2315 cura
256 2291 397 2314 nexuerat.
416 2286 532 2314 Primum
548 2287 609 2321 quia
635 2285 765 2313 matribus
787 2285 886 2311 nostris

86 2338 189 2360 Ima
211 2323 358 2368 sanguinis
371 2332 457 2367 juncti
473 2331 654 2360 necessitudo.
670 2331 736 2359 Dein
750 2331 820 2366 quod
838 2331 886 2365 ipsi

85 2377 177 2408 iisdem
193 2378 371 2415 temporibus
384 2379 451 2411 nati,
473 2378 607 2413 magistris
624 2380 675 2411 usi,
692 2377 793 2404 artibus
808 2377 885 2404 insu-

84 2425 142 2457 tuti.
152 2425 269 2454 lusibus
282 2425 371 2457 otiati,
386 2424 551 2458 principibus
566 2423 663 2455 evecti,
679 2422 820 2457 stipendiis
832 2430 887 2457 per-

81 2469 174 2500 functi
188 2478 295 2500 wmus
311 2478 320 2498 :
336 2476 364 2497 et
378 2470 449 2504 qttod
462 2475 503 2497 est
522 2469 555 2496 ad
575 2468 705 2496 amicitias
721 2468 886 2503 ampliandas

80 2515 122 2544 his
133 2517 264 2546 validius
278 2515 480 2551 efficaciusque,
497 2516 523 2543 in
535 2515 648 2551 singulis
663 2515 812 2551 quibusque
825 2523 887 2550 per-

111 2613 334 2647 “Gonoobrino,
358 2617 387 2640 ut
400 2612 506 2642 videtur
523 2614 586 2641 :cui
599 2614 700 2647 gratias
718 2616 773 2649 agit
787 2614 821 2641 de
834 2614 885 2641 Cu-

77 2649 220 2679 ticiacensi
240 2649 346 2684 praedio
368 2650 532 2681 suburbano,
548 2651 620 2684 quod
641 2650 685 2677 ille
700 2650 883 2677 Arvernorum

75 2685 214 2714 Ecclesia
226 2684 313 2719 cujus
329 2685 472 2719 episcopus
480 2685 544 2719 jam,
557 2690 617 2712 erat
631 2684 769 2720 Sidonius,
792 2692 824 2712 ex
841 2692 886 2712 so-

64 2721 145 2756 J‘Oﬁ:
166 2720 339 2749 Ιιεινθᾱῆιθιθ
356 2722 503 2747 donaverat.

61 2769 80 2792 -_
106 2755 205 2792 δραι
217 2757 289 2792 urbs
310 2756 425 2792 Arcana
440 2756 519 2789 epist.
535 2756 580 2788 1⁵2,
598 2755 723 2792 oppidum
743 2755 885 2792 Arvernum

71 2790 120 2820 lib.
138 2790 170 2820 si
195 2791 292 2826 epist.
307 2790 394 2818 ultio.
418 2796 443 2817 et
460 2792 504 2817 lib.
527 2799 573 2824 vn,
597 2792 674 2824 epist.
700 2790 726 2817 5.
743 2791 787 2826 Sic
803 2791 882 2818 etiam

71 2825 230 2864 Gregoriui
245 2825 354 2864 Tyron.
371 2826 457 2852 urbem
478 2826 644 2864 Aruernicant
662 2831 749 2852 vocat.
765 2825 880 2853 Jortizin-

68 2860 234 2891 dash-bam
253 2860 433 2893 Martialem,
447 2866 474 2888 et
487 2862 611 2889 civitatem
626 2863 774 2894 Arvernam,
787 2869 882 2888 omnes

68 2905 130 2926 etim
149 2898 288 2927 adiecto.
314 2899 461 2926 Arvernam
483 2898 615 2931 absolute,
633 2902 662 2925 ut
677 2898 799 2928 Ruinam.
820 2905 884 2928 quo-

940 2096 1023 2129 sonis,
1040 2096 1094 2131 62
1106 2095 1148 2123 vel
1162 2093 1318 2129 expetendis
1334 2093 1471 2129 aequaliter
1482 2094 1523 2122 vel
1536 2095 1671 2129 cavendis,
1685 2096 1730 2131 ju-

939 2144 1002 2171 dicii
1016 2144 1148 2177 parilitate
1161 2142 1332 2170 certavimus.
1348 2141 1459 2176 Propter
1472 2149 1531 2177 qua;
1545 2141 1645 2175 omnia,
1658 2149 1730 2177 prce-

941 2194 982 2217 ter
996 2189 1189 2217 conscientiam
1205 2196 1264 2224 quae
1280 2188 1391 2215 interius
1409 2188 1455 2215 tibi
1472 2188 1549 2223 longe
1561 2189 1731 2223 praestantior

940 2235 1167 2270 eminentiorque,
1193 2234 1307 2261 multum
1324 2234 1474 2261 voluntates
1499 2239 1604 2261 nostras
1622 2235 1731 2269 copula.

941 2287 1016 2310 verat
1040 2282 1212 2309 decursarum
1235 2281 1386 2308 forinsecus
1411 2281 1546 2308 actionum
1573 2282 1731 2311 similitudo.

940 2328 991 2356 Sed
1008 2328 1079 2363 quod
1092 2326 1228 2354 fatettdum
1239 2330 1291 2360 est,
1307 2326 1352 2353 diu
1364 2328 1462 2354 erectis
1476 2327 1618 2362 utriusque
1631 2330 1729 2356 amoris

942 2374 1084 2406 machinis,
1105 2375 1163 2409 ipse
1175 2373 1292 2401 culmina
1307 2374 1425 2408 pretiosa
1445 2374 1569 2409 posuisti,
1590 2374 1731 2402 ectlesiam

941 2419 954 2438 b
970 2418 1083 2447 Arverni
1098 2418 1265 2453 municipioli
1279 2439 1287 2451 ,
1302 2419 1343 2446 cui
1359 2421 1517 2454 praepositus
1533 2420 1583 2447 etsi
1599 2420 1732 2447 immerito

942 2466 1045 2499 videor,
1061 2471 1257 2500 peropportuna
1272 2465 1410 2493 oblatione
1432 2458 1620 2500 locupletando
1633 2475 1640 2493 :
1655 2466 1731 2501 cujus

943 2514 1106 2549 possessioni
1121 2514 1266 2548 plurimum
1281 2513 1415 2541 contulisti
1435 2513 1627 2542 Cuticiacensis
1638 2513 1731 2550 praedii

939 2615 1019 2641 modo
1035 2622 1104 2642 nunc
1124 2621 1138 2641 a
1159 2613 1318 2648 quibusdam
1346 2613 1469 2648 usurpari
1484 2615 1578 2649 coepit,
1597 2620 1729 2649 veterum,

939 2651 1045 2684 opinor,
1061 2657 1139 2677 nemo
1154 2649 1232 2681 dixit,
1247 2649 1294 2684 sed
1316 2650 1450 2676 Arvernos
1466 2651 1567 2684 inti-gro
1582 2651 1668 2684 gentis
1683 2658 1730 2676 νο-

938 2683 1044 2718 cabulo,
1060 2691 1087 2711 ut
1104 2685 1230 2716 Parisios,
1254 2683 1434 2717 Petrocorios,
1458 2683 1564 2717 Remos,
1586 2683 1730 2719 postquam

940 2728 1002 2747 usus
1019 2720 1140 2754 invaluit,
1156 2725 1185 2746 ut
1202 2719 1325 2754 princeps
1341 2721 1469 2754 cujusque
1484 2719 1570 2753 populi
1591 2724 1618 2745 et
1632 2720 1730 2747 civita-

942 2757 975 2782 tis
994 2755 1119 2790 oppidum
1144 2755 1280 2782 commuui
1302 2754 1360 2788 ejus
1384 2757 1491 2781 nomine
1507 2759 1666 2790 ornaretur.
1695 2757 1730 2785 lla

940 2789 1018 2818 enim
1030 2791 1140 2825 Plinius,
1166 2790 1347 2825 Marcellinus,
1363 2791 1492 2825 Urosms,
1506 2789 1641 2822 Paulinus,
1657 2790 1729 2818 Non;

934 2826 967 2853 tia
981 2823 1138 2853 Occidentis
1152 2829 1180 2852 et
1194 2823 1239 2852 alii
1257 2826 1439 2852 Arvernorum
1454 2824 1558 2856 urbem,
1574 2831 1654 2859 quam
1668 2826 1730 2853 Cla-

934 2869 992 2888 runt
1018 2862 1134 2889 Montem
1160 2861 1289 2895 dicimus,
1307 2864 1440 2887 Arvernos
1465 2859 1612 2894 appellant.
1634 2861 1726 2890 Arvcr

937 2905 997 2924 ll'Jlll
1016 2904 1160 2931 ιιυιιίιυαιυ.
