3910 6172
283 366 371 421 597
1475 373 1952 435 EPISTOLARUM
1994 380 2123 437 LIB.
2166 385 2253 440 Ill.

3420 408 3522 463 £98

280 474 379 544 quis
409 488 422 528 :
454 479 501 527 et
541 470 761 526 initiatae
798 487 893 542 per
939 479 993 527 te
1030 471 1336 547 ubicunque
1364 482 1571 550 gratiae,
1605 484 1822 555 longum
1855 492 1906 552 Α
1933 493 2122 547 strium
2171 496 2470 555 madef-cta
2521 502 2810 561 sudoribus
2852 507 3017 563 fulcra
3066 514 3398 585 resupinant,
3431 520 3518 573 ali

280 563 354 585 .:I.:
400 578 449 585 ..-
471 562 766 585 IL:I--.....--..
811 577 965 585 -..,...-
1013 563 1343 585 t___.l__-_-.-
1430 580 1441 585 -
1640 574 1652 585 ι
1719 577 1729 585 .
1961 584 1965 585 ,

278 563 356 618 libi
399 562 767 617 redhibeantur
808 577 969 632 quam
1012 563 1375 636 fundamenta,
1429 580 1535 627 tam
1568 574 1826 633 culmina.

275 653 407 709 Vale.

742 746 850 818 65
883 746 1214 807 EPISTULA
1244 753 1334 808 Ill.

560 833 810 891 Sidonius
841 848 867 874 λ
894 838 1104 896 Ecdicio
1139 860 1235 899 suo
1264 846 1502 902 salutem.

329 928 376 983 Si
402 929 629 997 quando,
662 946 799 985 nunc
838 934 1068 991 maxime
1099 937 1357 994 Arvernis
1393 942 1529 998 meis
1550 944 1830 1002 desidera-

271 1024 348 1084 ris,
374 1020 555 1089 quibus
572 1020 787 1078 dilectio
813 1025 888 1079 tui
919 1027 1153 1083 immane
1179 1030 1504 1101 dominatur,
1530 1044 1585 1091 et
1613 1039 1828 1107 quidem

270 1114 629 1183 multiplicibus
666 1130 732 1171 ex
779 1121 981 1176 causis.
1033 1123 1271 1180 Primum
1318 1128 1459 1197 quod
1498 1145 1733 1187 summas
1775 1134 1827 1189 in

269 1206 436 1259 aﬂ'ecltt
480 1215 658 1274 partes
698 1208 820 1277 jure
860 1212 962 1266 sibi
1009 1228 1157 1282 usuri
1179 1225 1234 1269 at
1281 1226 1423 1273 terra
1467 1236 1586 1290 quae
1622 1226 1825 1293 genuit.

269 1298 380 1351 Dein
402 1299 537 1367 quod
569 1302 769 1356 sweulo
795 1312 884 1357 tuo
908 1306 1054 1359 solus
1087 1306 1256 1364 ferme
1280 1314 1584 1368 mortalium
1622 1330 1702 1382 es,
1736 1320 1825 1387 qui

266 1389 428 1457 patrire
454 1404 559 1443 non
604 1393 779 1446 minus
810 1394 1065 1451 desiderii
1106 1402 1425 1465 nasciturus,
1461 1420 1617 1475 quam
1648 1408 1824 1476 gaudii

267 1490 399 1535 natus
420 1480 630 1536 feceris.
664 1483 779 1537 Asti
789 1485 1039 1553 putantur
1060 1494 1281 1545 assertis
1301 1496 1527 1549 materni
1553 1498 1824 1567 quondam

266 1573 508 1642 puerperii
559 1584 821 1643 tempora,
872 1594 993 1647 qum
1038 1581 1350 1649 profitiente
1390 1598 1655 1659 conceptu
1696 1606 1823 1647 con-

265 1662 584 1718 cordantibus
614 1664 813 1720 civium
855 1671 995 1722 votis
1034 1675 1472 1734 numerabantur.
1503 1679 1701 1736 Omitto
1731 1684 1821 1738 illa

264 1752 542 1807 rom'munta
575 1756 812 1824 quidem,
846 1758 940 1813 sed
974 1776 1091 1830 qua:
1128 1779 1233 1819 non
1263 1768 1554 1825 mediocria
1584 1776 1821 1831 caritatis

1939 584 2006 639 de
2027 600 2262 642 concavo
2290 588 2382 642 tibi
2414 592 2639 647 cassidis
2669 596 2878 652 exituro
2910 598 3166 656 ﬂexilium
3201 604 3515 663 laminarum

1937 676 2145 732 vincula
2185 680 2508 749 diffibulant,
2552 685 2642 740 alii
2674 689 3011 757 explicandis
3052 711 3331 752 ocrearum
3372 704 3521 756 nexi-

1936 766 2035 823 bus
2081 769 2444 841 implicantur,
2490 777 2580 831 alii
2622 776 2994 839 hebetatorum
3033 787 3182 842 caede
3221 790 3517 859 gladiorum

1937 863 2105 919 latera
2135 864 2349 921 dentata
2402 882 2805 939 pernumerant,
2850 876 2939 930 alii
2968 880 3146 933 cresim
3179 892 3337 951 atque
3381 902 3516 953 pun-

1935 955 2062 1010 ctim
2094 958 2445 1015 foraminatos
2469 960 2704 1017 circulos
2736 965 3019 1024 loricarum
3052 970 3233 1041 digitis
3259 973 3519 1033 livescen-

1935 1045 2075 1103 tibus
2104 1050 2419 1106 metiuntnr.
2454 1053 2549 1109 Hic
2577 1054 2702 1111 licet
2724 1058 2877 1113 multi
2909 1063 3274 1132 conplexibus
3306 1076 3515 1124 tuorum

1934 1140 2288 1207 tripudiantes
2315 1145 2420 1215 67
2471 1146 2927 1216 adhmrescerent,
2975 1154 3027 1207 in
3061 1164 3112 1210 te
3144 1158 3407 1213 maximus
3439 1172 3517 1214 ta-

1932 1244 2053 1283 men
2106 1232 2304 1287 laetitia:
2346 1236 2621 1304 pepularis
2671 1237 2901 1309 impetus
2947 1248 3375 1314 congerebatur:
3406 1260 3516 1306 tan-

1930 1322 2161 1393 demque
2190 1325 2240 1379 in
2267 1327 2474 1381 turbam
2509 1329 2765 1385 inermem
2799 1334 3013 1403 quidem
3045 1353 3290 1405 veneras,
3320 1342 3413 1395 sed
3443 1342 3511 1397 de

1929 1430 2030 1484 qua
2074 1426 2125 1471 te
2156 1433 2255 1473 nec
2299 1429 2536 1476 armatus
2566 1424 2840 1480 evolveres
2867 1445 2879 1479 :
2916 1427 3230 1499 ferebasque
3261 1435 3511 1489 nimirum

1929 1508 2202 1577 eleganter
2244 1511 2471 1581 ineptias
2512 1516 2898 1584 gratulantum;
2944 1530 2999 1575 et
3045 1522 3170 1576 dum
3213 1527 3509 1583 irruentntu

1930 1601 2255 1656 tumultuoso
2290 1601 2538 1672 diriperis
2568 1608 2847 1676 amplexu,
2878 1625 2945 1664 eo
2975 1612 3300 1670 conditionis
3329 1632 3509 1674 acces-

1926 1704 2096 1755 seras,
2131 1693 2403 1760 piissimus
2437 1698 2631 1765 publici
2660 1703 2858 1756 amoris
2879 1703 3166 1773 interpres,
3199 1717 3255 1762 nt
3289 1725 3509 1767 necesse

1925 1793 2073 1838 esset
2102 1784 2176 1839 illi
2210 1786 2512 1844 uberiorem
2546 1793 2746 1847 referre
2777 1806 2827 1849 te
2849 1800 3097 1866 gratiam,
3133 1802 3220 1867 qui
3254 1802 3345 1856 tibi
3380 1803 3508 1858 libe-

2585 1845 2596 1847 -
2637 1845 2648 1847 τ
2693 1845 2741 1847 γ-
2803 1845 2824 1849 -
2849 1845 3097 1866 ,γη-η-.
3134 1845 3220 1867 ην.
3255 1845 3345 1856 ...,.
3380 1845 3483 1858 ...,.,

263 1845 584 1901 “malum”
629 1858 773 1915 δυυίν
802 1850 955 1908 istius
985 1854 1076 1909 libi
1108 1866 1341 1927 τθριειίιε
1371 1863 1588 1931 cespitis
1614 1866 1814 1935 glebas.
1851 1874 1897 1933 B
1925 1879 2120 1932 rioretn
2154 1880 2367 1936 fecisset
2409 1884 2681 1953 injuriam.
2717 1886 2895 1943 Taceo
2927 1891 3182 1963 deinceps
3221 1896 3508 1966 collegisse

265 1936 507 1966 Damon-nn
562 1939 699 1966 ,...,ιινι
746 1941 858 1966 ιη..-
904 1945 1130 1966 .._:_.._-‘_
1183 1964 1233 1966 _,
1331 1953 1342 1962 -
1461 1953 1473 1965 ο
1731 1957 1756 1966 -

262 1936 509 1993 l‘ra-tereo
559 1939 701 2009 quod
744 1941 860 1997 ltmc
904 1945 1134 2012 primttm
1176 1953 1417 2018 gramina
1460 1953 1693 2023 incessu,
1724 1957 1823 2012 ﬂu-

260 2028 383 2082 mina
412 2039 619 2097 natatu,
666 2041 861 2087 venatu
903 2050 1121 2093 nemora
1164 2038 1389 2110 fregisti.
1437 2045 1636 2101 Omitto
1680 2049 1821 2118 quod

260 2119 330 2173 hic
355 2121 580 2188 primum
611 2119 703 2177 tibi
730 2123 856 2193 pila,
881 2141 1100 2196 pyrgus,
1123 2132 1398 2203 accipiter,
1423 2138 1596 2202 cinis,
1630 2153 1818 2206 equus,

258 2226 392 2265 arcus
425 2212 553 2267 ludo
584 2213 756 2270 fuere.
783 2216 933 2272 Mitto
956 2220 1075 2275 istic
1106 2222 1175 2276 ob
1196 2226 1419 2291 gratiam
1454 2232 1692 2295 pueritiae
1718 2241 1821 2287 tua:

258 2303 466 2372 undique
495 2305 739 2374 gentium
772 2308 1097 2367 conﬂuxisse
1130 2315 1302 2369 studia
1336 2316 1656 2387 litterarum,
1692 2330 1819 2377 tuae—

257 2410 344 2463 que
368 2410 612 2465 persona:
638 2398 905 2466 quondam
937 2401 1197 2470 debitum,
1230 2408 1368 2475 quod
1404 2412 1822 2470 sermonisCel-

257 2486 329 2538 tici
342 2501 614 2555 squamam
630 2486 937 2557 depositura
958 2495 1227 2563 nobilitas,
1249 2512 1387 2553 nunc
1405 2502 1637 2555 oratorio
1655 2505 1815 2575 stylo,

256 2594 376 2631 nunc
398 2580 564 2633 etiam
591 2583 977 2638 eammnalibus
1009 2587 1181 2642 modis
1208 2590 1566 2648 imbuebatur.
1601 2596 1733 2651 Illud
1763 2598 1817 2653 in

257 2677 301 2723 te
323 2671 565 2725 allectum
596 2674 966 2744 principaliter
994 2679 1363 2737 universitatis
1386 2687 1648 2753 accendit,
1675 2690 1816 2759 quod

252 2774 367 2827 quos
390 2761 517 2816 olim
554 2764 774 2819 Latinos
804 2765 918 2821 ﬁeri
946 2784 1229 2839 exegeras,
1271 2773 1531 2831 barbaros
1563 2778 1817 2850 deinceps

250 2864 351 2904 esse
372 2855 612 2909 vetuisti.
646 2855 762 2910 Non
788 2859 928 2912 enim
956 2872 1133 2929 potest
1156 2880 1391 2933 unquam
1421 2868 1604 2924 tivicis
1637 2884 1818 2938 peczo-

250 2941 376 2997 ribus
399 2944 569 3013 elabi,
597 2962 755 3016 quem
781 2955 852 3013 te,
878 2962 1242 3023 quantumque
1267 2971 1437 3026 nuper
1460 2961 1635 3015 omnis
1656 2970 1808 3031 tetas,

247 3033 380 3097 ordo,
406 3049 576 3091 sexus
607 3052 638 3092 e
666 3038 937 3094 semirutis
967 3057 1238 3099 mutorum
1277 3047 1557 3118 aggeribus
1589 3054 1805 3123 conspi-

246 3123 505 3195 t‘abautur,
562 3140 685 3182 cum
726 3132 1019 3198 interiectis
1049 3138 1352 3204 :cquoribus
1410 3142 1464 3195 in
1523 3144 1808 3200 adversum

244 3219 633 3289 perambulatis,
660 3230 714 3276 et
745 3223 829 3278 vix
863 3222 888 3262 δ
932 3225 1297 3299 duodeviginti
1320 3233 1429 3305 66
1460 3236 1698 3306 equitum
1730 3254 1818 3294 so-

244 3307 446 3366 dalitate
487 3313 810 3381 comitatus,
860 3319 1063 3389 aliquot
1116 3324 1279 3378 millia
1327 3325 1653 3396 Gothorum;
1707 3347 1813 3387 non

243 3404 399 3459 minus
421 3405 510 3461 die
563 3422 724 3476 quam
756 3425 946 3480 campo
976 3412 1152 3468 medio
1181 3414 1343 3487 (quod
1373 3418 1591 3476 difficile
1620 3424 1688 3477 sit
1718 3439 1813 3494 po-

240 3497 432 3552 steritas
480 3499 781 3573 eteditura)
826 3505 1081 3560 transisti.
1126 3509 1205 3563 Ad
1238 3512 1471 3567 nominis
1510 3514 1585 3568 tui
1628 3532 1809 3573 rumo-

241 3598 339 3640 rem
379 3604 737 3663 personzeque
786 3607 1154 3666 conspectum,
1196 3604 1492 3660 exercitum
1546 3609 1808 3664 exercita-

240 3676 479 3738 tissimum
533 3696 722 3757 stupor
750 3689 928 3744 obruit
954 3707 968 3744 :
1003 3692 1072 3745 ita
1101 3703 1153 3748 ut
1192 3709 1302 3763 pra:
1327 3697 1681 3757 admiratione
1709 3719 1807 3758 ne-

238 3770 417 3827 scirent
444 3774 618 3831 duces
650 3779 817 3846 partis
858 3779 1109 3849 inimicm,
1138 3801 1295 3854 quam
1334 3803 1392 3845 se
1412 3790 1587 3859 multi,
1620 3808 1810 3864 quam-

235 3874 323 3928 que
348 3872 397 3919 te
424 3868 589 3935 pauci
631 3871 1036 3931 comitarentur.
1072 3878 1343 3935 Subducta
1383 3891 1467 3937 est
1506 3893 1613 3940 tota
1640 3888 1808 3956 proti-

235 3968 321 4008 nus
357 3960 501 4015 acies
545 3962 600 4016 in
649 3966 995 4034 supercilium
1038 3971 1194 4027 collis
1228 3973 1441 4045 abrupti
1474 3995 1486 4030 :
1518 3994 1641 4049 qua:
1684 3995 1805 4037 cum

232 4048 364 4113 prius
403 4052 678 4123 applicata
723 4065 870 4112 esset
898 4063 1302 4131 oppugnationi,
1354 4075 1405 4123 te
1431 4048 1549 4124 viso
1585 4086 1691 4127 non
1726 4082 1807 4129 est

231 4132 473 4207 explicata
528 4150 867 4215 congressui.
935 4151 1140 4209 Interea
1198 4166 1251 4210 tu
1307 4160 1462 4214 caesis
1506 4162 1805 4234 quibusque

228 4232 448 4300 optimis,
481 4252 645 4307 quos,
677 4241 998 4298 novissimos
1044 4248 1243 4316 agmini
1288 4265 1393 4306 non
1437 4253 1669 4324 ignavia,
1708 4259 1803 4315 sed

227 4324 430 4380 audacia
484 4328 715 4396 fecerat,
767 4333 927 4388 nullis
966 4344 1176 4392 tuorum
1227 4345 1521 4401 certamine
1563 4362 1629 4403 ex
1656 4358 1803 4405 tanto

225 4410 554 4484 desideratis,
600 4422 745 4476 solus
777 4424 993 4493 planitie
1035 4445 1193 4499 quam
1237 4438 1600 4502 patentissima
1633 4443 1801 4509 potie-

226 4503 358 4570 bare,
389 4524 515 4566 cum
546 4513 641 4568 tibi
686 4531 790 4571 non
824 4518 978 4573 daret
1010 4530 1086 4576 tot
1116 4539 1288 4595 pugna
1321 4529 1516 4596 socios,
1553 4503 1685 4602 quot
1711 4549 1802 4589 so-

226 4596 289 4652 let
332 4616 522 4659 mensa
555 4607 833 4663 convivas.

226 4689 414 4758 reduci,
438 4695 568 4762 quid
595 4696 689 4751 tibi
712 4699 922 4755 obviam
950 4709 1272 4771 processerit
1293 4710 1616 4781 ofﬁciorum,
1646 4716 1796 4786 plau-

221 4794 383 4847 suum,
414 4786 666 4855 ﬂetuum,
696 4792 1034 4862 gaudioxum,
1076 4800 1245 4869 magis
1290 4811 1496 4859 tentant
1522 4818 1644 4861 Vota
1673 4824 1796 4866 con-

220 4870 389 4941 jicere,
423 4892 587 4948 quam
620 4883 782 4937 verba
809 4900 1073 4942 reserare.
1100 4888 1375 4958 Siquidem
1418 4910 1644 4954 cernere
1677 4911 1794 4957 erat

219 4965 414 5022 refertis
440 4973 810 5038 capacissimae
843 4976 1033 5033 domus
1075 4983 1246 5051 atriis,
1291 4984 1435 5041 illam
1466 4987 1637 5057 ipsam
1671 4992 1790 5047 feli.

218 5053 475 5115 cissimam
520 5063 700 5133 stipati
750 5069 952 5124 reditus
998 5073 1070 5126 tui
1117 5079 1423 5136 ovationem
1459 5053 1643 5139 :idum
1695 5087 1785 5143 alii

216 5152 403 5206 osculis
434 5157 709 5223 pulverem
736 5170 882 5215 tuum
912 5166 1146 5232 rapiunt,
1174 5171 1264 5224 alii
1293 5176 1550 5245 sanguine
1574 5194 1637 5235 ac
1659 5195 1786 5250 spu-

215 5238 306 5293 mis
336 5241 558 5314 pinguia
604 5248 783 5318 lupata
826 5255 1141 5328 suscipiunt,
1183 5261 1275 5315 alii
1324 5238 1575 5325 sellarum
1621 5238 1786 5343 eque-

276 5373 794 5474 Ξριγεξξιῗζὲἶίιξ
816 5385 953 5474 imp.
993 5388 1124 5460 filio,
1156 5401 1212 5447 ut
1251 5395 1448 5474 dictum
1477 5411 1560 5457 est
1587 5403 1684 5460 lib.
1718 5422 1776 5474 tt,

214 5446 358 5539 Epist.
388 5446 439 5499 1.
470 5448 522 5539 Ls
550 5465 727 5539 comes
772 5446 1147 5539 bocjcmpore
1166 5446 1783 5539 ’mag‘igiéiiiu'é

212 5510 584 5614 Arvernoruml
595 5524 781 5578 urbem
813 5541 849 5614 ξ
879 5510 1071 5614 Gothis
1097 5510 1370 5614 obsessam

211 5586 775 5686 adversus
810 5596 1014 5655 Gothos
1053 5586 1780 5686 turitiéi'g'ésiéis'ifﬁii'aﬂ

210 5651 425 5708 Sidonio
450 5659 754 5719 laudantur.

274 5721 504 5817 ξένιιὲ
520 5730 840 5817 Gregorium
864 5737 1068 5817 Turon.
1111 5743 1296 5817 decent
1342 5760 1545 5809 tantum
1589 5773 1780 5817 nume-

212 5802 411 5852 rantur.
446 5796 544 5855 Sic
569 5796 703 5862 enim
735 5806 803 5865 de
828 5809 927 5866 bac
955 5796 1069 5878 ipsa
1099 5796 1553 5895 editiJiuiﬁ'iJgi

1930 1977 1982 2024 te
2006 1972 2228 2039 privatis
2259 1974 2462 2029 vitilus
2502 1976 2699 2043 publici
2729 1982 2999 2036 exercitus
3040 1987 3297 2057 speciem,
3332 1992 3509 2056 parvis

1926 2062 2265 2118 extrinsecus
2296 2065 2555 2134 majorum
2598 2071 2790 2139 opibus
2828 2072 3088 2141 adjutum,
3133 2085 3188 2131 tt
3228 2077 3508 2136 inferiores

1928 2152 2160 2207 hostium
2189 2166 2311 2210 ante
2337 2155 2613 2214 discursus
2648 2162 2919 2232 castigatis
2946 2169 3253 2223 coercuisse
3284 2173 3509 2240 papula~

1927 2247 2089 2300 tibus.
2131 2247 2307 2303 Taceo
2365 2261 2417 2306 te
2456 2252 2662 2322 aliquot
2701 2261 3112 2324 superventibus
3148 2280 3348 2322 cuneos
3395 2284 3507 2321 nta-

1927 2345 2102 2392 classe
2131 2341 2409 2409 turmales,
2443 2359 2472 2397 e
2501 2360 2728 2401 numero
2757 2356 2967 2405 tuorum
2999 2353 3085 2407 vix
3110 2355 3245 2411 binis
3273 2358 3507 2414 ternisve

1930 2438 2049 2499 po-t
2074 2433 2314 2500 prmlium
2348 2434 2668 2492 desideratis
2696 2456 2709 2491 :
2734 2449 2787 2494 et
2819 2430 3021 2498 ta'ntnm
3067 2447 3387 2503 calamitatis
3414 2450 3507 2504 ad-

1922 2534 2090 2574 versae
2116 2523 2277 2589 partis
2302 2525 2588 2594 inopinatis
2612 2532 2996 2588 certaminibus
3028 2535 3307 2598 indictum.
3335 2548 3390 2592 ut
3415 2554 3508 2594 oc-

1920 2611 2100 2667 culere
2128 2628 2391 2669 cirsornm
2433 2621 2871 2677 numerositatem
2916 2627 3145 2681 consilio
3175 2627 3505 2688 deformiore

1921 2703 2331 2760 meditarentur.
2365 2707 2643 2777 Siquidem
2675 2727 2809 2781 quos
2850 2713 3059 2770 humari
3094 2734 3198 2773 nox
3235 2722 3504 2779 succincta

1924 2796 2294 2865 prohibuerat,
2324 2800 2677 2858 decervicatis
2718 2805 2920 2876 liqut-re
2960 2811 3351 2871 cadaveribus:
3386 2826 3505 2872 tan-

1920 2905 2077 2957 quam
2113 2892 2338 2949 minoris
2383 2895 2561 2952 indicii
2596 2897 2756 2967 foret,
2798 2892 2965 2971 quam‘
2988 2906 3127 2961 villis
3155 2911 3369 2977 agnosci
3396 2912 3505 2965 cri-

1922 2981 2117 3048 nitum,
2150 2983 2422 3040 dimisisse
2454 2994 2777 3045 truncatum.
2813 2994 2914 3059 Qui
2959 3005 3234 3067 postquam
3262 2999 3379 3053 luce
3420 3016 3501 3056 re-

1923 3076 2121 3138 voluta,
2166 3075 2547 3135 intellexerunt
2579 3080 2775 3138 furtum
2811 3087 2980 3141 ruina:
3005 3104 3118 3143 suae
3156 3092 3360 3146 crudeli
3390 3082 3503 3147 vili~

1921 3173 2030 3219 tate
2062 3166 2331 3235 patuisse;
2364 3178 2475 3224 tum
2507 3171 2720 3228 demum
2754 3176 2930 3243 palam
2962 3177 3153 3234 officiis
3182 3184 3501 3252 exsequiali-

1844 3242 1889 3305 C
1932 3256 2027 3309 lius
2058 3258 2479 3326 occupabantur,
2524 3278 2629 3319 non
2680 3268 2850 3337 magis
2877 3269 3083 3325 cladem
3130 3271 3316 3328 fraude
3344 3290 3501 3344 quam

1917 3345 2159 3403 fraudem
2196 3347 2537 3407 festinatione
2568 3354 2804 3412 celantes
2835 3374 2849 3412 :
2882 3359 2960 3414 sic
2999 3370 3195 3428 tamen,
3226 3364 3366 3432 quod
3404 3379 3501 3420 nec

1916 3454 2040 3494 ossa
2085 3444 2415 3499 tumultuarii
2452 3448 2673 3516 ceSpitis
2713 3450 2854 3505 mole
2900 3455 3276 3509 tumulabant:
3305 3457 3497 3526 quibus

1916 3543 2017 3585 nec
2046 3531 2206 3586 elutis
2234 3534 2579 3603 vertimenta,
2623 3553 2723 3593 nec
2762 3542 2970 3597 vestitis
3013 3546 3256 3614 sepulcra
3296 3549 3500 3603 tribue-

1914 3620 2061 3684 bant,
2090 3622 2233 3692 jnste
2285 3625 2362 3680 sic
2408 3629 2633 3684 mortuis
2663 3631 2787 3687 talia
2819 3633 2962 3704 justa
3008 3638 3300 3694 solventes.
3337 3641 3495 3697 Jace—

1921 3712 2055 3768 bant
2103 3728 2330 3785 corpora
2372 3720 2608 3789 undique
2650 3722 2889 3780 locorum
2937 3728 3194 3797 plaustris
3238 3747 3498 3791 convecta

1918 3806 2223 3861 rorantibus
2254 3825 2267 3862 :
2295 3824 2416 3879 quae
2454 3814 2703 3882 quoniam
2738 3820 3002 3886 perculsis
3031 3823 3140 3893 68
3182 3825 3496 3882 indesinen-

1920 3902 2001 3950 ter
2026 3896 2387 3967 incumberes,
2418 3904 2610 3973 raptim
2641 3912 2916 3965 suecensis
2938 3915 3186 3969 conclusa
3209 3917 3496 3974 domiciliis

1914 3988 2206 4045 culminum
2251 3995 2711 4059 superlabentium
2761 4005 3030 4073 rogalibus
3066 4007 3375 4079 fragmentis
3417 4010 3494 4065 fu-

1912 4080 2256 4136 nerabantur.
2290 4082 2397 4139 Sed
2426 4088 2554 4155 quid
2599 4106 2698 4159 ego
2731 4091 2830 4146 ista
2864 4094 2979 4149 haec
3003 4095 3150 4164 justo
3193 4100 3490 4167 plusculum

1906 4172 2124 4241 garrio?
2149 4172 2241 4242 qui
2284 4174 2523 4231 laborum
2558 4187 2770 4234 tuorum
2807 4198 2916 4237 non
2942 4200 3008 4238 ex
3057 4199 3179 4241 asse
3209 4187 3489 4243 historiam

1909 4271 2120 4330 texere,
2151 4264 2247 4320 sed
2279 4281 2375 4336 pro
2413 4280 2563 4338 parte
2593 4278 2908 4327 memoriam
2946 4273 3123 4330 facere
3150 4281 3487 4349 praesumpsi,

1904 4372 2010 4425 quo
2033 4358 2205 4427 magis
2235 4359 2488 4417 crederes
2519 4364 2658 4419 votis
2687 4376 2932 4434 tuorum;
2957 4383 3182 4438 quorum
3218 4380 3490 4440 exspecta«

1904 4452 2042 4506 tioni
2070 4457 2387 4523 aegrescenti
2419 4460 2564 4514 nulla
2594 4462 2878 4525 salubrius
2921 4466 3199 4536 ociusque,
3232 4484 3387 4539 quant
3416 4472 3490 4529 tui

1902 4544 2171 4601 adventus
2201 4550 2440 4604 remedia
2481 4554 2913 4613 medicabuntur.
2963 4558 3128 4629 Igitur
3157 4563 3202 4616 si
3229 4563 3357 4633 quid
3390 4579 3491 4620 no-

2966 4610 3119 4629 v---
3158 4610 3202 4616 _-
3232 4610 3357 4633 νη
3390 4610 3457 4620 ..-

884 4610 1151 4682 “inciam
1191 4632 1287 4685 P8P
1331 4619 1499 4675 οιὶιιῐη
1530 4622 1581 4676 in
1613 4625 1794 4682 urbem
1826 4610 1880 4671 D
1905 4642 2147 4693 stratium
2185 4645 2488 4710 precatibus
2530 4648 2848 4717 acquiescis,
2893 4660 3130 4710 actutum
3178 4657 3231 4712 in
3265 4660 3489 4726 patriam

1905 4731 2142 4799 receptui
2173 4747 2373 4789 canere
2415 4737 2631 4805 festina,
2672 4748 2728 4794 et
2756 4742 3125 4801 assiduitatem
3171 4756 3312 4803 tuam
3348 4751 3488 4820 peri-

1903 4822 2103 4876 culosa:
2137 4833 2158 4862 ο
2195 4839 2381 4893 regum
2422 4828 2775 4887 familiaritati
2824 4835 2970 4892 celer
3010 4841 3220 4907 exime;
3255 4858 3484 4909 quorum

1902 4914 2344 4971 consuetudinem
2395 4922 2824 4990 Spectatissimus
2877 4928 3101 5000 quisque
3148 4931 3485 4993 flammarum

1902 5013 2108 5060 natura:
2132 5007 2270 5064 bene
2292 5022 2597 5083 comparat,
2625 5031 2743 5086 quae
2772 5020 2909 5075 sicut
2945 5024 3215 5091 paululum
3239 5041 3269 5081 a
3304 5042 3365 5084 se
3394 5045 3482 5084 re-

1900 5105 2042 5151 mota
2084 5098 2410 5173 illuminant,
2452 5104 2528 5162 ita
2569 5109 2701 5165 satis
2731 5112 2835 5168 sibi
2878 5114 3091 5173 admota
3136 5119 3477 5176 comburunt.

1897 5186 2047 5245 Vale.

1892 5416 2076 5508 liba-rt,
2110 5434 2228 5489 cap.
2256 5421 2354 5477 εις
2374 5423 2533 5508 Quem
2553 5425 3004 5508 βαιὴ-ἰωῇηιὶνιλιξΔ
3017 5435 3292 5490 velocitatis
3312 5438 3473 5508 fuisse

1892 5488 2043 5568 multi
2071 5488 2491 5568 commemorant.
2540 5498 2680 5553 Nam
2706 5505 2929 5568 quadam
2959 5505 3063 5557 vice
3093 5488 3473 5566 multitudinem

1890 5554 2180 5644 Cat/torum
2204 5578 2321 5644 cum
2346 5565 2521 5621 decem
2545 5570 2664 5644 viris
2688 5554 3267 5644 fugasse

1966 5639 1988 5667 ο
2014 5631 2490 5715 Burgundionum,
2530 5631 2722 5709 quibus
2748 5631 3028 5715 "familiaris
3055 5657 3173 5701 erat
3203 5631 3466 5709 Ecdicius.

1888 5696 2087 5780 itaque
2121 5696 2178 5780 in
2221 5696 2580 5780 Burgtmd'iam
2623 5720 2839 5780 postea,
2891 5696 3023 5771 urbe
3053 5696 3465 5780 caiiiﬁ'u'étiiii

1887 5772 2137 5863 secessit};
2164 5774 2218 5828 in
2244 5772 2720 5863 ea.que_habita'vit,
2752 5772 3128 5863 ut'osuzndunt
3148 5772 3273 5863 qua:
3289 5772 3464 5852 alii-'5

1889 5850 2067 5900 narrat
2098 5841 2385 5916 Gregorius
2413 5847 2534 5906 loco
2565 5841 2725 5920 supra
2756 5852 2972 5925 scripto.
