3910 6172
425 403 524 460 899

796 598 1045 656 Sidonius
1078 593 1240 650 Felici
1266 610 1361 649 suo
1388 591 1630 648 salutem.

498 710 524 736 Α
557 695 783 754 Gozolas
830 693 1046 747 natione
1094 689 1338 752 Iudaeus,
1393 686 1560 742 cliens
1608 680 1859 738 culminis
1893 678 2006 743 tui,

432 791 579 859 cujus
603 786 735 842 mihi
764 798 976 855 quoque
1002 790 1146 837 esset
1178 792 1403 847 persona
1442 774 1628 841 cordi,
1658 773 1700 827 si
1734 788 1838 827 non
1870 778 2014 825 esset

432 890 577 937 secta
608 875 908 948 despectui,
937 872 1111 928 defert
1138 871 1340 926 litteras
1370 882 1544 932 meas,
1581 880 1713 935 quas
1739 861 2016 933 granditer

434 974 625 1029 anxius
667 969 911 1027 exaravi.
942 965 1207 1036 Oppidum
1254 961 1519 1031 siquidem
1559 966 1831 1022 nostrum,
1864 951 2017 1023 quasi

435 1064 722 1136 quemdam
747 1063 829 1118 sui
862 1059 1045 1115 limitis
1068 1056 1294 1127 Oppositi
1314 1053 1542 1121 obicem,
1574 1046 2018 1105 circumfusarum

440 1160 594 1213 nobis
634 1157 868 1227 gentium
904 1167 1055 1208 arma
1084 1149 1397 1205 terrilicant.
1430 1145 1520 1201 Sic
1559 1142 1873 1199 aemulorum
1919 1136 2019 1193 sibi

443 1252 494 1304 in
527 1249 703 1303 medio
731 1247 884 1317 positi
917 1243 1235 1314 populorum
1262 1235 1621 1308 lacrymabilis
1666 1232 1843 1303 prteda
1868 1271 1882 1296 ,
1932 1242 2020 1282 su-

445 1343 614 1411 specti
642 1335 1135 1408 Burgundionibus,
1171 1329 1400 1402 proximi
1453 1327 1673 1386 Gothis.
1708 1337 1807 1379 nec
1852 1321 2023 1389 impu-

443 1444 698 1502 gnantum
737 1433 814 1487 ira
834 1477 849 1501 ,
879 1444 979 1485 nec
1002 1427 1031 1466 δ
1066 1431 1491 1497 propugnantum
1524 1431 1772 1475 caremus
1803 1413 2023 1470 invidia.

446 1528 554 1581 Sed
584 1524 780 1580 isthinc
805 1523 956 1577 alias.
988 1520 1196 1574 Interea
1218 1517 1264 1571 si
1291 1515 1368 1569 vel
1394 1526 1555 1583 penes
1582 1524 1677 1565 vos
1708 1517 1853 1563 recta
1877 1512 2025 1568 sunt,

449 1635 585 1675 nene
606 1628 707 1673 est.
738 1617 919 1685 Neque
944 1613 1085 1668 enim
1109 1607 1413 1679 hujusmodi
1447 1613 1665 1676 pectore
1685 1602 1794 1673 69
1818 1612 2024 1662 sumus,

449 1724 509 1770 ut
556 1712 681 1768 licet
729 1708 929 1779 apertis
955 1706 1053 1777 ipsi
1086 1705 1289 1775 poenis,
1346 1708 1566 1770 propter
1604 1695 1889 1752 criminum
1940 1706 2033 1745 oc-

448 1806 625 1870 culta,
657 1802 977 1873 plectamur;
1009 1814 1116 1854 non
1149 1798 1230 1867 agi
1263 1807 1551 1866 prospere,
1602 1789 1687 1844 vel
1735 1787 2033 1853 ubicunque

1699 380 1941 440 SiDONlI
1978 375 2432 435 APOLLINARIS

977 503 1309 562 EPISTOLA
1360 501 1447 557 IV.
2034 493 2088 553 Α

3545 382 3635 445 500

2674 491 3006 550 EPISTOLA
3042 491 3125 546 VI.

2411 586 2657 643 Sidonius
2685 583 2713 622 ιι
2746 585 3001 653 Eutropio
3032 599 3123 638 suo
3153 584 3377 638 salutem.

2186 680 2242 736 Si
2276 682 2472 734 veteris
2512 677 2847 741 commilitii,
2898 676 2943 731 si
2989 675 3237 743 deinceps
3278 674 3521 731 innovata:
3559 692 3637 748 per

2118 774 2236 830 dies
2260 774 2448 843 gratia:
2484 773 2620 827 bene
2660 770 3143 841 imprreseatiarum
3176 768 3301 824 ﬁdes
3327 780 3485 826 vestra
3510 772 3643 827 renti-

2118 869 2361 932 niscitur,
2399 864 2638 933 profecto
2670 863 2966 933 intelligitis
3012 872 3069 916 ut
3106 876 3199 917 vos
3229 861 3292 917 ad
3343 861 3641 931 dignitatum,

2119 963 2198 1018 sic
2253 975 2352 1017 nos
2396 960 2461 1015 ad
2511 958 2902 1014 desideriorum
2962 955 3193 1011 culmina
3250 954 3532 1011 ascendere.
3582 956 3647 1010 Ita

2122 1071 2353 1126 namque
2380 1054 2610 1110 fascibus
2640 1051 2831 1108 vestris
2858 1061 3131 1119 gratamur
3157 1063 3357 1107 omnes.
3378 1057 3431 1101 ut
3447 1055 3647 1103 erectam

2124 1163 2220 1218 per
2246 1148 2366 1201 illos
2397 1160 2502 1201 non
2556 1144 2725 1215 magis
2756 1150 2986 1197 vestram
3029 1140 3243 1194 domum
3274 1152 3420 1206 quam
3448 1146 3650 1192 nostrain

2125 1238 2413 1293 amicitiam
2464 1249 2801 1290 censeamus.
2857 1231 3034 1285 Testis
3081 1237 3165 1282 est
3192 1227 3277 1281 ille
3307 1236 3562 1294 tractatus,
3608 1228 3651 1283 in

2126 1343 2233 1399 quo
2260 1326 2645 1382 exhortationis
2700 1339 2834 1379 mea:
2885 1336 2990 1375 non
3042 1319 3314 1374 minimum
3362 1318 3654 1375 incitamenta

2127 1421 2407 1477 valuerunt
2441 1436 2453 1472 :
2482 1416 2675 1487 quibus
2706 1415 2791 1467 vix
2819 1412 3067 1483 potuistis
3094 1408 3300 1474 adduci,
3337 1417 3390 1462 ut
3413 1407 3651 1477 praelectu-

2131 1529 2244 1569 ram
2299 1507 2649 1580 philosophim
2689 1503 3023 1575 jungeretis,
3072 1516 3192 1555 cum
3236 1511 3327 1553 vos
3366 1498 3657 1554 consectanei

2132 1604 2296 1660 vestri
2326 1601 2514 1657 Plotini
2546 1596 2887 1667 dogmatibus
2916 1594 3260 1655 inhaerentes,
3292 1588 3357 1643 ad
3381 1587 3658 1658 profundum

2135 1693 2522 1763 intempestiva:
2556 1689 2753 1760 quietis
2797 1687 2968 1741 otium
3022 1683 3410 1738 Platonicorum
3453 1680 3660 1749 palaestra

2137 1788 2403 1858 rapuisset
2435 1803 2449 1840 :
2483 1783 2633 1854 cujus
2658 1780 2957 1849 disciplinae
2982 1787 3108 1832 tunc
3130 1776 3244 1831 fore
3268 1774 3458 1830 astruxi
3479 1774 3663 1828 liberam

451 1899 700 1954 velimus.
726 1895 855 1950 Nam
876 1901 1079 1949 certum
1104 1898 1206 1956 est,
1236 1904 1343 1943 non
1373 1887 1551 1940 minus
1571 1882 1844 1944 vitiorum,
1871 1892 2029 1947 quam
2065 1868 2112 1928 B
2143 1878 2534 1951 professionem
2561 1917 2576 1943 ,
2606 1890 2726 1929 cum
2762 1873 2833 1927 nil
2864 1871 3078 1925 ramalia;
3108 1868 3393 1923 debuisset,
3425 1867 3570 1920 pom
3593 1880 3666 1916 au.

453 1988 687 2044 hostium
715 2001 834 2041 esse
862 1983 1171 2052 captivum,
1219 1978 1307 2047 qui
1356 1991 1459 2030 non
1505 1974 1672 2030 etiam
1714 1972 1855 2025 inter
1897 1967 2033 2023 mala

455 2090 698 2147 tempora
730 2077 869 2133 bona
902 2082 1024 2129 vota
1044 2070 1360 2127 servaverit.
1386 2068 1534 2123 Vale.

1029 2160 1364 2219 EPISTOLA
1406 2159 1466 2213 V.

807 2256 1055 2315 Sidonius
1081 2252 1309 2324 Hypatio
1337 2266 1430 2305 suo
1458 2249 1694 2301 salutem.

535 2355 590 2411 Si
622 2353 701 2408 vir
731 2349 1061 2422 Spectabilis,
1094 2356 1412 2411 morumque
1435 2348 1735 2395 vestrorum
1764 2341 2041 2403 suspector

462 2444 861 2509 admiratorque
905 2436 1165 2493 Donidius
1214 2434 1381 2489 solam
1424 2430 1687 2485 rationem
1734 2423 2043 2479 domeSticze

465 2534 710 2593 utilitatis
743 2531 1050 2589 habuisset,
1100 2527 1231 2581 satis
1262 2523 1580 2590 abundeque
1610 2518 1882 2572 sufficeret
1913 2516 2046 2567 ﬁdes

463 2642 642 2683 veSIra
667 2622 964 2680 commodis
986 2621 1118 2682 suis,
1150 2618 1249 2672 etsi
1282 2615 1457 2670 nullus
1480 2616 1804 2667 intercessor
1828 2606 2047 2663 accede-

464 2729 570 2775 ret.
608 2714 714 2772 Sed
741 2726 923 2768 amore
953 2725 1074 2765 meo
1100 2709 1293 2764 ductus
1320 2715 1431 2771 est,
1465 2715 1525 2759 ut
1549 2700 1691 2773 quod
1722 2701 1837 2767 ipse
1865 2714 1963 2769 per
1989 2712 2050 2753 se

465 2812 871 2880 impetraverat,
904 2817 991 2857 me
1020 2802 1219 2861 faceret
1250 2797 1542 2867 postulare.
1577 2792 1760 2862 Itaque
1788 2805 1928 2844 nunc
1951 2788 2049 2841 ho-

467 2902 587 2958 nori
618 2907 799 2954 vestro
831 2896 918 2950 hic
944 2906 1158 2963 quoque
1187 2890 1431 2945 cumulus
1461 2885 1745 2949 accrescit,
1774 2881 1915 2952 quod
1947 2880 2053 2934 duo

469 2993 735 3049 efﬁcimur
761 2987 1054 3052 debitores,
1084 2997 1203 3037 cum
1230 2991 1404 3034 tamen
1444 2993 1581 3032 unus
1609 2991 1639 3031 e
1669 2975 1823 3028 nobis
1848 2972 2053 3027 beneﬁ-

456 3087 614 3140 cium
644 3088 1025 3149 consequatur.
1058 3086 1079 3114 ο
1109 3072 1515 3128 Eborolacensis
1542 3068 1724 3138 praedii
1747 3068 1907 3120 etiam
1931 3073 2054 3118 ante

456 3175 739 3231 barbaros
780 3170 1072 3225 desolatam
1117 3164 1457 3223 medietatem
1478 3202 1493 3227 ,
1525 3177 1643 3230 qua:
1671 3160 1861 3213 domus
1890 3158 2056 3227 patri-

474 3266 573 3320 cite
613 3264 734 3332 jura
783 3258 943 3315 modo
989 3255 1241 3326 respicit,
1292 3252 1544 3318 suffragio
1599 3260 1780 3304 vestro
1814 3249 1919 3317 juri
1959 3263 2056 3301 suo

476 3363 625 3425 optat
648 3350 882 3422 adjungi.
924 3347 1105 3417 Neque
1126 3345 1191 3400 ad
1215 3344 1353 3399 hanc
1374 3338 1812 3396 nundinationem
1840 3338 2057 3392 stimqu

480 3445 821 3517 cupiditatis,
869 3442 965 3498 sed
1009 3448 1251 3510 respectu
1283 3438 1439 3491 avita:
1470 3433 1855 3489 recordationis
1884 3430 2055 3486 addu-

482 3541 641 3595 citur.
690 3536 962 3607 Siquidem
996 3533 1143 3588 fundi
1184 3530 1349 3601 ipsius
1397 3527 1673 3597 integritas
1706 3525 1917 3581 familize
1947 3538 2058 3578 sua:

481 3633 797 3695 dominium,
848 3642 1015 3697 usque
1061 3626 1113 3679 in
1143 3625 1344 3679 obitum
1370 3620 1540 3675 vitrici
1572 3634 1742 3688 nuper
1766 3618 1869 3673 vita
1898 3616 2058 3673 dece-

480 3726 679 3791 dentis,
712 3721 938 3791 aspexit.
973 3718 1121 3774 Nunc
1167 3727 1345 3772 autem
1396 3715 1477 3769 vir
1528 3714 1690 3768 alieni
1741 3728 1847 3767 non
1901 3725 2061 3781 appe-

481 3830 622 3883 tens,
656 3817 736 3870 sui
765 3829 957 3884 parcus
979 3856 992 3879 ,
1027 3808 1380 3880 possessionis
1411 3807 1642 3876 antiqua:
1672 3820 1701 3860 a
1732 3819 1791 3860 se
1818 3805 2062 3859 alienata:

482 3924 592 3963 non
660 3917 767 3959 tam
829 3903 1027 3957 damno
1097 3901 1307 3970 angitur
1351 3913 1511 3968 quam
1569 3898 1774 3967 pudore
1828 3912 1843 3950 :
1903 3910 2061 3965 quam

485 4010 546 4055 ut
596 3996 860 4053 redimere
889 4002 1134 4059 conetur,
1166 4006 1270 4045 non
1299 3992 1539 4044 avaritiae
1571 3990 1731 4055 vitio,
1770 3989 1862 4044 sed
1913 4004 2065 4043 vere-

488 4091 698 4149 cundia:
749 4094 1067 4143 necessuate
1111 4085 1470 4151 compellitur.
1532 4082 1794 4135 Tribuere
1848 4080 2067 4149 dignare

486 4201 535 4240 vi
561 4184 630 4238 tis
654 4182 763 4253 70
792 4180 930 4244 suis,
970 4177 1216 4246 precibus
1256 4175 1424 4239 meis,
1474 4172 1712 4227 moribus
1744 4171 1882 4235 tuis,
1914 4179 1972 4224 ut
2001 4168 2068 4224 ad

487 4273 809 4331 soliditatem
868 4268 1008 4324 ruris
1064 4268 1217 4323 istius
1266 4276 1318 4320 te
1359 4265 1729 4335 patrocinante
1759 4264 2065 4333 perveniat,

492 4370 577 4425 cui
608 4383 718 4423 rem
747 4372 1051 4436 parentum,
1081 4361 1288 4427 sibique
1317 4372 1421 4411 non
1450 4356 1622 4410 solum
1652 4365 1853 4422 notam,
1885 4371 2069 4411 verum

494 4461 658 4515 etiam
691 4459 828 4511 inter
859 4453 1103 4509 lactentis
1146 4449 1384 4506 infantiae
1429 4447 1729 4503 rudimenta
1776 4457 2069 4517 reptatam,

496 4551 637 4603 sicut
659 4547 927 4615 recepisse
949 4557 1135 4613 parum
1167 4540 1518 4607 fructuosum,
1543 4541 1619 4593 sic
1644 4553 1748 4592 non
1778 4539 2077 4594 emeruisse

2139 1981 2244 2029 tem
2274 1968 2494 2026 desidia:
2524 1967 2747 2021 vicinior
2775 1965 3062 2035 putabatur
3092 1970 3430 2030 contemptus
3453 1959 3531 2013 ille
3557 1957 3668 2012 mili-

2140 2063 2248 2128 tiae,
2279 2062 2343 2116 ad
2373 2076 2531 2131 quam
2558 2058 2801 2128 iactitant
2846 2058 2950 2127 71
2996 2053 3179 2119 lividi,
3212 2054 3456 2108 bonarum
3482 2050 3669 2118 partium

2140 2155 2283 2208 viros
2334 2167 2437 2205 non
2487 2164 2645 2220 posse
2696 2148 2873 2216 potius
2926 2160 3083 2214 quam
3150 2144 3290 2197 nolle
3338 2139 3669 2197 conscendere.

2144 2246 2306 2315 Igitur
2337 2242 2479 2313 quod
2514 2242 2633 2295 loco
2667 2240 2902 2309 primore
2949 2236 3065 2290 ﬁeri
3105 2249 3207 2305 par
3234 2241 3333 2298 est,
3367 2232 3549 2300 agimus
3571 2244 3671 2301 gra-

2146 2340 2245 2393 tias
2276 2336 2471 2391 uberes
2513 2332 2761 2399 Cbristo,
2792 2330 2882 2400 qui
2911 2337 3110 2383 statum
3146 2325 3466 2381 celsitudinis
3492 2333 3605 2386 tute,
3630 2330 3675 2375 ut

2148 2431 2407 2485 hactenus
2436 2437 2719 2495 parentum
2754 2422 3035 2477 nobilitate
3082 2418 3397 2484 decorabat,
3439 2416 3503 2470 ita
3544 2414 3674 2468 etiam

2149 2536 2292 2577 nunc
2322 2521 2599 2574 titulorum
2646 2515 2914 2584 parilitate
2965 2511 3188 2581 fastigat
3220 2528 3234 2565 :
3266 2508 3414 2565 simul
3443 2517 3490 2562 et
3511 2509 3677 2560 animo-

2148 2632 2266 2671 rum
2296 2613 2494 2685 spebus
2524 2610 2718 2667 ercctis
2746 2609 2823 2663 fas
2854 2615 2936 2662 est
2962 2606 3030 2660 de
3070 2615 3273 2659 cmtero
3302 2616 3503 2674 sperare
3527 2599 3677 2654 melio-

2149 2724 2230 2764 ra.
2260 2707 2419 2762 Certe
2448 2704 2639 2758 creber
2684 2698 3090 2772 provincialium
3150 2711 3326 2751 sermo
3368 2702 3472 2759 est,
3518 2706 3678 2745 annum

2151 2802 2349 2856 bonum
2376 2796 2443 2852 de
2474 2793 2684 2863 magnis
2706 2836 2719 2859 ,
2753 2807 2860 2846 non
2895 2799 3000 2843 tam
3039 2788 3303 2842 fructibus
3331 2800 3472 2853 quam
3492 2790 3681 2853 potesta-

2157 2893 2305 2947 tibus
2352 2886 2747 2943 aestimandum.
2779 2883 2893 2949 Qua
2923 2881 2991 2935 de
3020 2896 3079 2935 re
3108 2889 3349 2935 vestrum
3378 2885 3480 2941 est,
3510 2873 3682 2928 domine

2154 2986 2345 3053 major,
2390 2977 2849 3049 exspectationem
2900 2981 3145 3028 nostram
3198 2966 3584 3036 competentibus
3623 2963 3684 3015 di-

2158 3074 2538 3147 spositionibus
2593 3069 2884 3126 munerari.
2928 3067 3060 3121 Nam
3111 3079 3324 3120 memor
3368 3058 3564 3129 originis
3605 3064 3686 3108 tua:

2160 3166 2421 3224 nobilium
2474 3164 2575 3219 sibi
2627 3160 2895 3232 persuasit
2944 3157 3271 3213 universitas
3316 3172 3328 3206 :
3368 3148 3573 3222 quandiu
3609 3158 3686 3198 nos

2085 3230 2131 3293 C
2162 3257 2344 3316 Sabini
2370 3255 2567 3310 familia
2592 3230 2810 3318 rexerit,
2836 3247 3111 3306 Sabiniani
3144 3246 3391 3302 familiam
3415 3257 3509 3297 non
3534 3239 3689 3293 timen-

2160 3352 2303 3407 dam.
2338 3347 2485 3402 Vale.

2711 3431 3043 3490 EPISTOLA
3088 3430 3205 3486 VII.

2536 3528 2782 3586 Sidonius
2813 3524 2980 3580 Felici
3006 3538 3100 3577 suo
3133 3521 3370 3576 salutem.

2234 3629 2474 3696 Longum
2520 3637 2549 3676 a
2593 3618 2787 3676 litteris
2826 3614 3164 3686 temperatis.
3200 3611 3361 3682 Igitur
3387 3603 3575 3673 utrique
3614 3610 3690 3653 no-

2164 3735 2334 3778 strum
2387 3731 2506 3773 mos
2547 3728 2677 3771 suus
2721 3704 2945 3783 agitur:
2992 3721 3092 3778 ego
3152 3704 3366 3777 garrio,
3394 3712 3480 3755 vos
3521 3689 3687 3750 tacetis.

2166 3813 2318 3871 Unde
2346 3812 2529 3874 etiam,
2564 3807 2645 3862 vir
2674 3806 2739 3859 ad
2770 3802 2974 3872 reliqua
3007 3799 3133 3855 ﬁdei
3181 3797 3356 3853 ofﬁcia
3380 3787 3597 3859 insignis,
3624 3795 3696 3852 ge-

2169 3922 2268 3961 nus
2300 3919 2422 3959 reor
2464 3916 2585 3957 esse
2627 3896 2872 3961 virtutis,
2918 3876 3069 3948 tanto
3098 3899 3156 3946 te
3183 3888 3293 3945 otio
3322 3901 3424 3941 non
3452 3893 3590 3950 posse
3615 3874 3697 3927 Ias-

2168 4001 2296 4055 sari.
2330 3994 2570 4065 Ecquid?
2627 4002 2969 4061 nunquamne
2998 3994 3253 4055 respectu
3281 3977 3549 4037 movebere
3580 3964 3701 4065 fami:

2171 4055 2714 4155 liaritatis'antiqute,
2756 4055 2824 4135 ⁷ιιι
2877 4078 3095 4133 tandem
3146 4091 3179 4131 a
3225 4068 3508 4132 continuati
3542 4055 3703 4119 silentii

2171 4182 2446 4255 proposito
2476 4178 2667 4249 pedem
2698 4172 2942 4230 referas?
2990 4180 3084 4226 aut
3136 4168 3340 4234 nescis,
3381 4163 3498 4236 quia
3532 4150 3705 4254 garrulo

2172 4288 2278 4329 non
2305 4268 2629 4339 respondere
2653 4262 2954 4319 convicium
2973 4260 3090 4315 est?
3117 4259 3201 4315 Tu
3222 4258 3434 4322 retices,
3454 4249 3532 4307 vel
3551 4242 3709 4302 biblio-

2174 4334 2453 4420 thecarum
2497 4357 2727 4420 medius,
2759 4352 2845 4409 vel
2875 4360 3153 4421 togarum;
3209 4358 3264 4406 et
3311 4362 3342 4401 a
3385 4358 3467 4400 me
3513 4334 3708 4395 ofﬁciunt

2175 4452 2478 4528 paupertini
2502 4448 2767 4504 sermonis
2790 4452 3093 4513 exspectas,
3122 4442 3212 4497 cui
3238 4433 3519 4498 scribendi,
3543 4429 3583 4485 si
3601 4426 3710 4480 bene

2179 4519 2473 4620 perspicis,
2507 4541 2675 4611 magis
2704 4549 2786 4595 est
2829 4537 3057 4592 facilitas
3102 4548 3265 4605 quam
3314 4529 3545 4611 facultas.
3586 4519 3712 4576 Certe

498 4639 660 4695 nimis
691 4637 904 4691 videtur
937 4635 1207 4705 ignavum.
1240 4632 1351 4701 Ego
1382 4645 1510 4685 vero
1541 4639 1744 4684 tantum
1775 4631 2077 4701 obstringar
2105 4607 2155 4669 Ῑ)
2180 4607 2265 4697 ζει
2306 4607 2487 4695 λιτρωέ
2535 4607 2719 4690 ηοξιθι·
2768 4629 3047 4685 materiam
3099 4638 3193 4682 tuo
3245 4608 3383 4695 stylo
3409 4620 3508 4689 72
3553 4613 3714 4669 faciat-

499 4726 741 4793 iudultis,
770 4740 832 4779 ac
858 4726 902 4779 si
932 4739 1063 4779 mete
1101 4722 1347 4794 proﬁciat
1374 4722 1713 4792 peculiariter
1740 4723 2073 4791 proprietati,

499 4818 754 4891 quidquid
787 4830 937 4871 meus
970 4824 1128 4870 :etate
1160 4814 1341 4880 frater,
1374 4815 1712 4885 professione
1756 4816 1929 4884 Iilius,
1964 4818 2079 4873 loco

501 4914 656 4977 civis,
689 4909 791 4965 ﬁde
819 4906 1042 4975 amicus,
1075 4906 1361 4975 acceperit.
1399 4905 1547 4963 Vale.

578 5080 602 5107 ι
633 5069 736 5123 Per
756 5081 911 5135 quem
958 5064 1116 5119 Felici
1144 5062 1317 5139 eidem
1344 5064 1531 5139 scribit
1557 5067 1651 5121 lib.
1680 5083 1751 5132 tv,
1781 5070 2007 5139 epistola
2030 5072 2082 5128 5.

503 5139 866 5199 Narbonensis
890 5151 1016 5203 ergo
1043 5136 1209 5207 pati-ia
1237 5136 1352 5201 Iuit,
1380 5145 1437 5207 ut
1469 5137 1690 5207 Magnus
1712 5136 1886 5194 Felix.

576 5211 601 5249 δ
635 5208 1066 5275 Burgundionum
1100 5206 1249 5269 item,
1273 5209 1360 5272 qui
1387 5206 1749 5262 Romanorum
1775 5212 1824 5264 in
1850 5211 1953 5266 fide
1976 5221 2089 5267 ste-

506 5290 683 5337 terant
708 5286 830 5350 post
853 5290 1036 5347 pacem
1067 5277 1314 5350 abnAet‘io
1339 5277 1472 5350 duce
1492 5277 1693 5337 datam.
1726 5281 1905 5350 Itaque
1932 5283 2088 5337 Actia

504 5345 791 5419 adfuerant
818 5345 883 5419 in,
911 5361 1081 5419 pugna
1125 5345 1498 5419 Catalaunica;
1552 5362 1604 5403 ct
1650 5345 1832 5419 nuper'
1849 5353 1949 5407 sub
1980 5354 2092 5407 Αη-

509 5423 715 5477 ttieniio
745 5417 1075 5486 Riothimnm
1108 5431 1287 5482 regem
1320 5418 1627 5486 reipublicae
1674 5417 2015 5486 foederatum,
2058 5440 2086 5475 ει

511 5494 700 5547 Gothis
748 5492 862 5545 acie
909 5485 1082 5541 fusum
1114 5463 2087 5557 iugaittiitq't‘IEEiE'EpéEBI'THE";

512 5563 672 5616 etiam
718 5560 855 5615 bello
906 5558 1164 5613 Arvernis
1193 5556 1389 5610 auxilio
1435 5558 1597 5613 fuisse
1628 5556 1833 5617 'niirum
1862 5580 1967 5618 non
1998 5565 2086 5617 sit.

514 5632 801 5712 Ijropterea
828 5631 1054 5712 EE‘III‘iCUS
1076 5628 1317 5712 gentibus
1346 5628 1411 5681 ad
1442 5628 1757 5686 Rhodanum
1791 5650 1961 5698 usque
1992 5651 2088 5700 po-

513 5703 822 5824 :‘ilt‘psl,u
847 5700 1256 5821 lIzurguudioues
1285 5714 1496 5769 quoque
1524 5705 1688 5755 armis
1718 5707 1975 5774 appetiit,
2010 5712 2092 5759 te-

741 5788 751 5821 i
831 5790 838 5813 ι
898 5808 915 5824 ,
1511 5812 1515 5817 .
1566 5804 1568 5807 τ

517 5781 602 5834 ste
625 5781 915 5824 Jortianite.

496 5812 546 5905 ,ν
594 5852 618 5881 ο
662 5836 939 5896 Ebrolium
970 5838 1129 5896 hodie
1174 5840 1482 5907 oppidulum
1511 5812 1878 5901 Ἀτγεηιοιύιιι
1910 5846 1976 5902 ad
2007 5845 2092 5901 Si-

2184 4740 2563 4797 mementoque
2592 4716 2855 4779 viatorum
2885 4734 3074 4775 manus
3103 4729 3330 4787 gravare
3375 4707 3591 4771 chartis,
3616 4711 3719 4769 qua-

2186 4834 2339 4880 tenus
2367 4820 2659 4875 amicorum
2688 4829 2815 4869 cura
2849 4813 3119 4868 relevetur
3148 4828 3163 4863 :
3198 4817 3253 4863 et
3282 4805 3513 4860 indicare
3544 4794 3717 4853 festina.

2128 4909 2137 4921 ’
2183 4921 2228 4975 si
2261 4931 2421 4991 quam
2454 4911 2653 4984 praevio
2683 4908 2813 4978 Deo,
2858 4915 2881 4944 θ
2924 4913 3163 4976 quaestor
3204 4899 3506 4957 Licinianus
3531 4885 3721 4959 trepida-

2191 5071 2399 5129 caulam
2449 5066 2698 5126 fluvium,
2743 5066 2956 5116 vetusto
3007 5054 3471 5129 Benedictinorum
3518 5036 3725 5129 emnobio

2434 5117 2567 5192 [TI-inc
2585 5117 2852 5189 oriundus
2892 5138 3007 5184 erat
3034 5125 3294 5198 Donidius
3316 5166 3329 5183 .
3364 5133 3483 5198 tunc
3508 5117 3724 5198 clericus,

2192 5186 2454 5268 etin-cola
2506 5186 2973 5261 urbisnArvernre.
3019 5195 3445 5268 ldeoSidouius
3491 5186 3728 5259 episcopus

2194 5266 2311 5338 loco
2340 5281 2507 5334 civem
2528 5319 2542 5342 ,
2574 5273 2906 5343 professione
2931 5269 3095 5343 ﬁlium
3129 5266 3279 5319 dicit.

2268 5328 2309 5389 Ξῖ
2326 5328 2656 5404 vagasita.
2697 5354 2752 5399 et
2779 5338 3158 5411 pliilusnphia;_
3176 5333 3369 5390 studiis
3386 5328 3569 5411 dedito
3582 5328 3731 5411 .11th

2199 5393 2455 5492 prmtec'm
2480 5393 3073 5492 armariuﬁétliawin-
3119 5407 3270 5492 lia“?
3314 5404 3452 5458 enim
3478 5393 3731 5492 912935333;

2201 5464 2703 5561 bitemvgra'tulatur'.
2734 5464 2946 5552 E'thuia
2974 5479 3222 5561 eumdem
3253 5476 3425 5561 ips-um
3444 5468 3505 5561 ad
3528 5464 3729 5561 ηιίιξξξξξξ

2201 5539 2869 5633 iiiiii'in'i'ﬁ'éi‘honores
2921 5539 3287 5633 capessendos
3332 5539 3730 5633 hortatusna'nte‘t:

2199 5600 2490 5689 iii'é'r'iﬁiii'.
2522 5600 2869 5697 .“.'e;§isil"c','
2896 5600 3016 5689 eius
3032 5600 3395 5697 hic—epistola
3424 5604 3666 5665 meminit.
3691 5600 3733 5650 ει

2199 5701 2587 5761 exhortationis
2614 5692 2893 5752 tractatum
2924 5692 3179 5762 appellat.
3463 5751 3476 5762 ε
3525 5746 3559 5762 η
3582 5742 3633 5762 Αἰ

2274 5785 2297 5811 ε
2339 5775 2509 5840 Quem
2556 5786 2583 5823 a
2625 5746 3102 5840 nepillehAUéliSl-O
3134 5762 3368 5827 legatum
3415 5751 3484 5832 ad_

2201 5815 2384 5908 regem
2414 5815 2574 5908 supra
2601 5815 3037 5897 monuimus—.W‘Ex
3068 5831 3167 5889 hac
3187 5815 3375 5884 autem
3405 5815 3610 5888 epistola
3646 5816 3735 5864 ιυω
