3910 6172
235 396 322 448 {illi
1451 391 1792 443 tsPlSTULAI

1900 392 1924 442 ιι
1967 393 2094 443 LIB.
2139 395 2223 443 Ill.

3369 401 3472 457 50:!

233 501 347 554 tieni
392 509 582 550 moture
619 496 834 568 januam
864 495 1170 551 securitatis
1210 497 1500 563 aperuerit.
1552 498 1784 552 Persona
1817 501 1861 559 Α
1895 508 2102 553 constat
2148 497 2506 564 inconciliari,
2536 500 2579 553 si
2613 500 2894 567 iO'lell‘;
2928 517 3176 572 peccare,
3204 503 3249 559 si
3282 513 3472 561 taceat.

232 588 472 657 siquidem
499 595 609 654 est,
640 595 700 640 ttt
738 586 1057 656 perhibent,
1107 601 1300 657 magna
1353 589 1786 657 exspectatione,

232 680 385 748 major
425 678 658 731 adventu
688 718 702 741 ,
732 677 905 731 relatu
934 677 1212 744 sublimis,
1260 680 1594 747 inspectione
1622 681 1791 737 subli-

233 773 371 831 lnior.
404 777 456 825 et
480 769 548 823 ob
579 769 756 824 omnia
804 769 1075 824 felicitatis
1116 780 1429 840 naturaeque
1456 771 1593 825 dona
1638 788 1794 827 mon-

232 863 464 918 s'r.tbilis.
488 863 709 915 Summa
735 876 983 928 censura,
1017 877 1113 931 par
1140 864 1366 917 comitas
1384 907 1398 932 ,
1429 872 1484 918 et
1512 863 1792 931 prudentia

234 956 449 1021 fidesque
476 952 645 1007 misso
677 953 1016 1023 mittentique
1038 955 1383 1008 conveniens.
1415 953 1551 1008 Nihil
1580 954 1794 1009 all'ecta-

236 1058 327 1097 Iu:tt
345 1044 775 1112 simulatumque,
799 1044 1126 1113 ponderique
1144 1059 1450 1098 sermonum
1470 1060 1595 1099 vera
1618 1047 1795 1115 potius

235 1138 474 1192 severitas
522 1152 683 1203 quam
730 1137 1033 1191 severitatis
1082 1136 1336 1201 imitatio;
1366 1146 1418 1190 et
1460 1150 1564 1190 non
1597 1145 1654 1191 ut
1681 1136 1794 1205 plu-

238 1229 372 1295 rimi,
418 1229 506 1298 qui
554 1243 677 1283 cum
726 1228 930 1282 credita
960 1226 1267 1282 diffidenter
1313 1228 1580 1297 allegant,
1609 1226 1797 1283 volunt

239 1322 385 1377 videri
422 1320 593 1389 egisse
622 1334 682 1375 se
710 1321 937 1373 cautius.
990 1319 1099 1375 Sed
1146 1335 1317 1389 neque
1350 1336 1416 1374 ex
1458 1319 1669 1375 illorum
1693 1362 1706 1385 ,
1740 1328 1798 1375 ut

244 1417 417 1481 ferunt,
449 1430 710 1480 numero,
755 1413 845 1484 qui
880 1424 1088 1468 secreta
1118 1414 1460 1484 dirigentium
1493 1416 1794 1485 principum

250 1508 575 1570 venditantes,
606 1506 849 1559 ambiunt
876 1520 907 1559 a
937 1504 1181 1560 barbaris
1205 1505 1341 1561 bene
1365 1508 1447 1576 agi
1471 1522 1592 1560 cum
1623 1508 1797 1576 legato

245 1600 393 1658 nolitis
415 1614 569 1668 quam
603 1613 725 1652 eum
760 1597 1046 1666 legatione.
1091 1597 1242 1653 [lunc
1273 1599 1426 1653 nobis
1454 1614 1664 1655 morum
1696 1599 1797 1654 viri

241 1702 456 1746 tenorem
484 1690 752 1745 secundus
774 1706 957 1746 rumor
982 1691 1203 1747 invexit.
1222 1690 1465 1746 Mandate
1487 1691 1796 1762 perniciter,

241 1785 280 1838 si
328 1799 445 1835 vero
490 1783 629 1836 dicta
682 1783 1079 1853 conquadrant;
1120 1792 1177 1836 ut
1210 1783 1468 1852 tantisper
1494 1798 1524 1837 a
1554 1783 1796 1853 pervigili

244 1878 447 1932 statione
495 1878 788 1946 respirent,
840 1892 973 1947 quos
1003 1892 1033 1931 a
1064 1876 1356 1930 muralibus
1399 1876 1639 1931 excubiis
1687 1893 1794 1932 non
1826 1868 1874 1928 Β

242 1969 343 2024 dies
386 1967 664 2036 ninguidus
685 2007 699 2031 ,
733 1981 838 2021 non
881 1982 988 2020 nox
1019 1966 1195 2021 illunis
1223 1976 1276 2022 et
1304 1967 1513 2022 turbida
1559 1968 1797 2036 receptui

241 2074 408 2114 canere
453 2060 776 2128 persuadent
812 2077 827 2113 :
859 2059 979 2128 quia
1023 2059 1124 2114 etsi
1162 2060 1422 2115 barbarus
1470 2060 1523 2114 in
1572 2060 1797 2115 hiberna

242 2154 492 2219 concedat,
525 2168 679 2221 mage
706 2152 961 2212 differunt
990 2169 1150 2223 quam
1182 2155 1487 2223 relinquunt
1511 2155 1678 2210 semel
1710 2171 1796 2208 ra-

241 2246 443 2299 dicatam
490 2246 651 2301 corda
684 2244 1046 2299 formidinem.
1090 2245 1310 2315 Palpate
1350 2261 1450 2300 nos
1493 2248 1795 2315 prosperis,

241 2339 344 2403 quia
375 2346 545 2390 nostra
579 2351 685 2391 non
715 2345 819 2391 tam
849 2336 1031 2405 procul
1062 2344 1144 2392 est
1172 2352 1201 2391 a
1237 2336 1387 2392 vobis
1413 2353 1604 2404 causa,
1638 2354 1795 2409 quam

242 2429 413 2499 patria.
439 2428 590 2484 Vale.

683 2520 788 2591 73
831 2519 1158 2575 EPISTULA
1201 2520 1336 2574 Vlll.

463 2671 468 2687 ι
516 2612 765 2669 Sidonius
798 2622 823 2649 ἰ
857 2612 1107 2667 Eucherio
1136 2630 1231 2668 suo
1260 2614 1495 2668 salutem.

302 2704 526 2760 Veneror
556 2703 824 2774 antiques,
852 2720 959 2759 non
992 2714 1166 2759 tamen
1210 2705 1282 2758 ita
1312 2715 1370 2760 ut
1399 2708 1489 2775 qui
1533 2722 1799 2776 tequtevo-

238 2810 337 2849 rum
370 2810 609 2851 meorum
632 2795 860 2850 virtutes
888 2803 980 2849 aut
1018 2796 1206 2849 merita
1251 2805 1586 2866 postponam.
1618 2796 1799 2867 Neque

238 2888 275 2938 si
317 2885 547 2941 Romana
597 2886 896 2956 respublica
947 2886 1001 2940 in
1044 2895 1286 2942 extrema
1317 2886 1432 2941 hmc
1462 2888 1795 2945 miseriarum

237 2978 457 3044 deﬂuxit,
487 2991 545 3034 ut
572 2980 842 3034 studiosos
863 2980 943 3034 sui
967 2995 1238 3050 nunquam
1264 2992 1665 3050 remuneretur,
1692 3001 1795 3040 non

238 3072 414 3127 idcirco
475 3074 665 3129 Brutis
718 3072 1126 3144 Torquatosque
1184 3091 1289 3129 non
1339 3078 1553 3145 pariunt
1601 3078 1795 3131 smcula

236 3178 359 3217 mea.
389 3164 648 3230 Quorsum
690 3165 788 3218 ista
839 3164 993 3218 haec?
1034 3164 1227 3234 inquis.
1275 3166 1349 3220 De
1395 3176 1448 3221 te
1476 3167 1540 3221 ad
1588 3179 1638 3221 te
1668 3169 1792 3221 mihi

1896 592 2001 648 Sed
2024 603 2080 648 et
2107 593 2206 661 ipsi
2233 596 2496 647 sarcinam
2531 596 2691 649 veStri
2721 596 2937 664 pudoris
2960 597 3294 667 inspicimus,
3322 597 3471 664 cujus

1896 686 2011 741 luce
2039 700 2253 755 semper
2277 686 2597 741 verecundia
2624 687 2713 741 fuit
2737 727 2752 753 ,
2784 697 2841 741 ut
2868 704 2964 757 pro
2994 690 3166 758 culpis
3190 688 3474 744 erubesce-

1895 779 2026 832 retis
2050 779 2262 833 alienis.
2293 777 2519 833 Gerulus
2540 779 2909 849 epistolarunt,
2934 781 3168 852 humilis,
3192 784 3476 843 obscurus.

1897 868 2342 938 despicabilisque
2371 871 2532 924 etiam
2577 885 2744 939 usque
2781 872 2846 925 ad
2877 871 3131 926 damnum
3176 872 3476 927 innocentis

1897 958 2144 1028 ignavim,
2173 959 2435 1029 mancipia
2468 976 2561 1015 sua
2583 1002 2598 1026 ,
2646 961 2918 1017 Britannis
2963 963 3101 1017 clam
3138 963 3477 1018 sollicitanti-

1897 1050 2016 1115 bus,
2045 1052 2272 1106 abducta
2302 1052 2567 1120 deplorat.
2596 1053 2864 1108 lncertutn
2889 1054 3016 1108 mihi
3042 1063 3124 1110 est
3142 1069 3210 1109 an
3240 1056 3309 1110 sit
3328 1063 3479 1121 certa

1895 1143 2177 1198 causatio:
2208 1144 2301 1199 sed
2351 1144 2398 1197 si
2451 1144 2591 1199 inter
2636 1159 2816 1199 coram
2863 1145 3069 1214 positos
3107 1146 3478 1217 arquatiimiter

1896 1232 2104 1302 objecta
2135 1234 2466 1305 diseingitis,
2519 1236 2751 1290 arbitror
2780 1237 2921 1291 hunc
2951 1238 3276 1294 laboriosum
3318 1253 3478 1309 posse

1897 1326 2155 1395 probare,
2203 1326 2345 1393 quod
2379 1326 2564 1396 objicit
2596 1343 2610 1380 :
2638 1327 2683 1381 si
2715 1335 2892 1383 tamen
2922 1330 3062 1383 inter
3091 1338 3341 1399 argutos,
3386 1346 3477 1385 ar-

1897 1427 2099 1481 matos,
2131 1418 2487 1470 tumultuosos
2507 1457 2521 1481 ,
2555 1417 2783 1482 virtute,
2835 1434 3058 1473 numero
3080 1461 3094 1485 ,
3125 1419 3473 1475 contubernia

1897 1514 2274 1574 contumaces,
2324 1508 2618 1577 poteritex
2651 1523 2805 1578 atque
2834 1520 2887 1563 et
2926 1510 3066 1564 bono
3109 1510 3286 1577 solus,
3337 1511 3480 1581 iner-

1896 1596 2000 1650 mis
2026 1638 2041 1660 ,
2068 1596 2310 1666 abiectus
2329 1638 2345 1665 ,
2379 1598 2643 1665 rusticus,
2680 1601 3021 1671 peregrinus,
3055 1616 3256 1672 pauper
3283 1601 3477 1660 audiri.

1899 1688 2050 1743 Vale.

2460 1785 2789 1842 EPISTOLA
2829 1786 2897 1840 Χ.

2235 1877 2483 1931 Sidonius
2512 1878 2756 1932 Tetradio
2784 1895 2875 1933 suo
2908 1879 3141 1933 salutem.

1971 1964 2262 2021 Plurimum
2295 1969 2467 2023 laudis
2502 1969 2731 2038 juvenes
2776 1969 2946 2024 nostri
2979 1970 3216 2023 moribus
3244 1970 3354 2023 suis
3379 1983 3478 2039 ap-

1901 2058 2130 2128 plicant,
2181 2060 2391 2129 quoties
2418 2061 2484 2116 de
2513 2063 2847 2132 negotiorum
2894 2062 3100 2116 meritis
3150 2058 3481 2130 ambigentes

1902 2152 1966 2204 ad
2014 2154 2308 2220 peritorum
2351 2153 2573 2208 consilia
2620 2153 2909 2207 decurrunt
2954 2170 2966 2204 :
3013 2152 3166 2205 sit-uti
3214 2166 3354 2204 nunc
3401 2150 3481 2203 vir

1901 2242 2232 2299 clarissimus
2277 2244 2624 2309 Theodorus,
2668 2245 2813 2297 domi
2841 2244 3054 2311 quidem
3109 2242 3335 2308 nobilis,
3386 2241 3481 2297 sed

1901 2334 2314 2391 modestissime:
2366 2336 2791 2391 conversationis
2844 2336 3096 2405 Opinione
3146 2336 3480 2405 generosior,

1899 2428 1990 2497 qui
2022 2443 2116 2493 per
2146 2428 2353 2482 litteras
2382 2442 2527 2481 meas
2558 2427 2625 2481 ad
2656 2438 2770 2481 tuas
2791 2426 3027 2493 litteras,
3073 2426 3123 2479 id
3160 2434 3244 2481 est
3272 2425 3337 2478 ad
3365 2440 3481 2480 tne-

1901 2520 2235 2574 racissimum
2258 2521 2499 2575 scientiae
2521 2522 2718 2575 fontem
2741 2565 2755 2583 ,
2787 2520 3041 2575 laudabili
3069 2518 3323 2573 aviditate
3353 2533 3479 2586 pro-

1900 2608 2179 2675 ficiscitur,
2210 2625 2317 2663 non
2349 2610 2510 2664 modo
2550 2620 2863 2679 reperturus
2914 2610 3020 2671 illic
3065 2610 3177 2677 ipse
3203 2608 3346 2678 quod
3395 2608 3480 2662 di-

1899 2710 2033 2763 seat,
2056 2701 2151 2755 sed
2180 2711 2234 2757 et
2255 2700 2477 2757 forsitan
2502 2702 2768 2756 relaturus
2805 2702 2931 2755 inde
2973 2700 3115 2770 quod
3145 2701 3353 2754 doceat.
3384 2699 3480 2753 (lui

1898 2802 2083 2846 contra
2115 2801 2358 2861 potentes
2408 2792 2794 2869 factiososque,
2846 2792 2891 2845 si
2934 2801 3110 2847 vestra
3151 2792 3256 2862 75
3289 2790 3479 2859 peritia

1899 2883 2230 2938 abundanter
2256 2900 2360 2938 non
2389 2884 2763 2952 epitularetur,
2792 2883 3071 2954 prudentia
3096 2884 3338 2939 consulta
3366 2880 3479 2936 suf-

1900 2976 2101 3031 liceret.
2136 2977 2507 3045 Respondete,
2540 2978 2915 3040 obsecramus,
2970 2976 3072 3030 nisi
3118 2976 3268 3029 vobis
3299 2985 3477 3029 tamen

1900 3068 2178 3139 utriusque
2202 3080 2445 3124 neStrum
2474 3070 2634 3124 sociae
2662 3084 2852 3139 preces
2894 3071 3044 3124 oneri
3085 3068 3362 3123 fasudiove
3391 3082 3476 3123 re-

1898 3162 2247 3230 putabuntur,
2289 3162 2488 3232 judicio
2529 3176 2663 3232 suo,
2708 3162 3016 3217 testimonio
3066 3176 3222 3227 meo;
3270 3168 3323 3215 et
3350 3160 3477 3214 sub-

234 3271 396 3309 sermo
423 3264 536 3322 cst,
580 3256 661 3310 \ir
700 3256 1105 3323 efﬁcacissime,
1139 3257 1221 3312 cui
1267 3258 1425 3313 debet
1457 3260 1754 3329 respublica
1777 3305 1791 3329 ,
1823 3234 1869 3297 Ο
1899 3254 2147 3309 stantiam
2174 3268 2496 3329 causamque
2523 3255 2775 3327 supplicis
2805 3255 3152 3311 fluctuantem
3184 3254 3477 3313 medicabi-

235 3346 363 3413 quod
393 3347 709 3418 supradictis
730 3348 963 3403 solutum
994 3349 1172 3404 laudat
1195 3351 1435 3406 historia.
1461 3352 1796 3424 Quapropter

234 3441 388 3508 ignari
414 3457 590 3496 rerum
617 3442 898 3497 temeraria
928 3442 1125 3511 judicia
1156 3444 1517 3513 suspendant,
1548 3462 1646 3502 nec
1677 3464 1796 3517 per-

232 3540 466 3585 sererent
486 3532 615 3587 satis
644 3541 736 3587 aut
759 3533 1030 3603 suspicere
1058 3536 1383 3603 prreteritos,
1410 3546 1500 3591 aut
1518 3538 1795 3607 deSpiccre

232 3636 508 3690 prazseutes
548 3645 562 3683 :
596 3628 1026 3698 quandoquidem
1069 3626 1225 3683 facile
1261 3628 1543 3695 clarescit,
1581 3645 1795 3701 rempu-

229 3712 409 3772 blicam
440 3718 468 3757 δ
500 3721 699 3775 morari
746 3719 1042 3785 beneficia,
1092 3735 1188 3775 vos
1233 3722 1448 3776 mereri.
1482 3720 1793 3794 Quanquam

232 3807 517 3866 mirandum
546 3813 824 3883 granditer
866 3828 975 3868 non
1022 3812 1123 3880 sit,
1173 3813 1389 3869 natione
1434 3814 1792 3872 feneratorum

230 3919 333 3957 non
362 3905 529 3959 solum
575 3904 863 3961 inciviliter
893 3904 1162 3960 Romanas
1188 3906 1327 3961 vires
1352 3906 1755 3963 administrante
1775 3949 1792 3977 ,

225 4011 402 4051 rerum
446 3996 606 4052 etiam
659 3996 1134 4053 fundamentaliter
1160 4006 1418 4066 eruente,
1452 4001 1496 4054 si
1536 4000 1794 4055 nobilium

223 4088 446 4141 virorum
499 4088 953 4157 militariumque,
984 4098 1039 4144 et
1067 4104 1225 4159 supra
1270 4089 1355 4146 vel
1383 4105 1531 4160 spem
1563 4102 1791 4163 nostrae,

221 4178 301 4231 vel
330 4179 633 4245 opinionem
666 4182 834 4248 partis
854 4180 1096 4235 adversae
1116 4180 1523 4251 bellicosorum,
1550 4198 1655 4239 non
1687 4194 1793 4240 tam

220 4267 481 4323 defuerint
510 4268 646 4324 facta
676 4285 835 4340 quam
864 4271 1107 4339 praimia.
1142 4270 1288 4327 Vale.

768 4363 1097 4420 EPISTULA
1141 4364 1231 4420 IX.

502 4454 752 4510 Sidonius
785 4464 807 4494 ο
839 4455 1111 4511 Riothamo
1140 4473 1233 4511 suo
1253 4458 1489 4512 salutem.

283 4542 539 4599 Servatur
584 4547 752 4601 nostri
806 4547 1138 4603 consuetudo
1189 4552 1502 4616 sermonis;
1560 4566 1790 4623 namque

1897 3352 1961 3407 lis
1988 3355 2229 3423 reSponsi
2260 3352 2572 3409 salubritate
2604 3351 2800 3406 fulcite.
2834 3350 2985 3405 Vale.

2490 3440 2821 3498 EPISTOLA
2860 3442 2952 3497 XI.

2181 3536 2428 3591 Sidonius
2458 3532 2484 3571 ἀ
2518 3533 2788 3601 Simplicio
2818 3550 2912 3587 suo
2942 3534 3177 3589 salutent.

1915 3663 1933 3673 ο
1968 3627 2084 3683 Etsi
2130 3627 2453 3682 desiderium
2491 3635 2732 3680 nostrum
2776 3625 3097 3681 sinisteritas
3132 3634 3276 3679 tanta
3303 3625 3474 3680 comi-

1897 3730 2058 3785 tatur,
2094 3720 2341 3776 utetiam
2390 3734 2534 3774 nunc.
2582 3718 2782 3774 nostris
2826 3718 3116 3775 invidearis
3157 3719 3473 3775 obtutibus:

1898 3829 2005 3867 non
2031 3812 2232 3869 idcirco
2261 3813 2306 3868 is
2331 3826 2411 3877 es,
2439 3813 2673 3867 virorum
2702 3813 2921 3882 optime,
2956 3813 3023 3868 de
3050 3813 3205 3883 cujus
3234 3826 3334 3867 nos
3362 3826 3478 3867 mo-

1896 3903 2044 3958 ribus
2070 3903 2268 3958 lateant
2300 3903 2447 3958 celsa
2492 3913 2812 3959 memoratu.
2855 3905 2930 3959 Ita
2969 3905 3146 3959 cuncti
3178 3912 3475 3967 nostrates,

1897 3996 2167 4067 iidemque
2196 4005 2486 4053 summates
2517 3997 2639 4063 viri,
2674 4000 2995 4068 optimarum
3029 4007 3079 4053 te
3105 3997 3475 4053 exactissima-

1897 4102 2124 4156 rumque
2181 4087 2410 4157 partium
2468 4089 2970 4158 praestantissimum
3035 4087 3478 4157 patremfamilias

1896 4192 2136 4233 consono
2169 4178 2441 4249 praeconio
2488 4188 2904 4250 prosequuntur.
2965 4181 3296 4248 Astipulatur
3353 4178 3478 4233 huic

1845 4271 1852 4278 ’
1896 4272 1965 4327 de
1996 4281 2048 4327 te
2087 4273 2366 4328 sententiae
2395 4272 2689 4339 bonorum,
2720 4273 2807 4327 vel
2836 4272 2915 4328 sic
2940 4271 3142 4327 electus
3172 4286 3355 4341 gener,
3387 4271 3477 4325 vel

1896 4367 2086 4422 educta
2114 4368 2193 4421 sic
2223 4367 2329 4421 ﬁlia
2365 4384 2379 4422 :
2411 4368 2464 4421 in
2492 4380 2721 4437 quorum
2765 4366 2952 4434 copula
2994 4373 3099 4419 tam
3131 4364 3340 4419 felicem
3383 4363 3478 4418 tibi

1897 4459 2319 4514 controversiam
2350 4468 2471 4513 vota
2510 4467 2863 4528 pepererunt,
2907 4464 2967 4511 ut
2994 4455 3265 4525 ambigas,
3294 4462 3477 4508 utrum

1894 4550 2116 4618 judicio,
2144 4565 2208 4603 an
2240 4549 2578 4604 institutione
2621 4547 2977 4617 superaveris.
3010 4544 3114 4601 Sed
3145 4553 3323 4601 tamen
3352 4543 3478 4599 hinc

214 4636 500 4693 miscemus
529 4652 649 4692 cum
697 4637 1019 4693 salutatione
1063 4642 1454 4709 querimoniam
1490 4659 1504 4697 :
1539 4658 1644 4699 non
1672 4659 1789 4700 om-
1816 4612 1870 4672 Β
1895 4643 1980 4698 vel
2009 4641 2240 4696 Inarime
2263 4647 2514 4709 parentes
2542 4639 2702 4693 ambo
2726 4637 3065 4693 venerabiles
3098 4647 3215 4692 este
3253 4635 3428 4690 securi
3460 4652 3473 4688 :

210 4724 337 4780 nino
368 4727 489 4782 huic
519 4727 594 4782 rei
623 4728 922 4794 studentes,
950 4737 1011 4783 ut
1033 4729 1203 4801 stylus
1233 4740 1414 4785 noster
1437 4732 1543 4804 74
1568 4734 1636 4788 sit
1664 4735 1787 4790 offi-

205 4816 384 4871 ciosus
418 4819 468 4871 in
505 4818 694 4885 titulis,
726 4833 885 4888 asper
914 4819 965 4873 in
992 4820 1228 4890 paginis;
1270 4821 1366 4878 sed
1391 4823 1530 4893 quod
1561 4839 1621 4879 ea
1645 4841 1787 4880 seut-

204 4923 301 4976 per
320 4911 595 4981 eveniunt,
617 4911 684 4967 de
711 4910 903 4981 quibus
923 4911 1027 4968 loci
1053 4912 1159 4967 mei
1187 4921 1277 4967 aut
1294 4913 1496 4969 ordinis
1516 4914 1786 4972 hominem

203 5046 419 5117 venisse
448 5047 645 5117 liquet,
688 5061 807 5102 cum
839 5047 997 5102 Gothi
1029 5048 1096 5103 ab
1123 5048 1400 5105 obsidione
1429 5052 1789 5107 Arvernorum

202 5115 253 5167 in
288 5115 521 5171 hiberna
543 5120 959 5173 concessissent.
984 5119 1057 5173 De
1080 5118 1357 5176 Liciniano
1379 5124 1571 5177 iterum
1594 5125 1794 5180 scribet

200 5185 308 5258 lih._
329 5202 388 5250 v,
420 5189 640 5251 epistola
671 5191 733 5242 16
765 5193 829 5241 ad
864 5189 1231 5258 Papianillam.

265 5256 385 5328 ω
412 5267 440 5295 ⁸
478 5258 661 5312 Virum
710 5256 973 5313 illustrem
1013 5271 1169 5313 vocat
1206 5261 1259 5314 in
1299 5264 1558 5318 concione
1589 5264 1788 5319 Bituri-

197 5332 348 5381 censi
377 5367 397 5389 .
428 5340 734 5383 senatorem
768 5329 1060 5396 Gregorius
1088 5330 1292 5384 Turon.
1321 5332 1470 5387 tlunc
1496 5335 1639 5388 enim
1670 5350 1792 5391 esse

195 5399 437 5466 conjicio
462 5399 781 5453 Eucherium
803 5411 1133 5462 senatorem,
1159 5415 1314 5469 quem
1338 5417 1367 5457 a
1390 5403 1630 5458 Victorio
1654 5406 1790 5462 duce

195 5472 342 5523 lictis
386 5469 670 5542 calumniis
701 5485 1015 5541 oppressum
1038 5511 1053 5537 ,
1097 5482 1448 5542 necatumque
1474 5486 1658 5530 narrat
1690 5476 1784 5532 lib.

190 5554 249 5604 ll,
282 5553 416 5608 cap.
444 5539 536 5595 20.

262 5610 291 5649 ι’
326 5609 387 5663 1η
412 5610 624 5681 aliquot
651 5624 806 5680 mss.,
837 5613 1113 5667 moderari.

263 5692 290 5721 ο
327 5679 612 5735 Britonutn
642 5684 773 5751 regi,
794 5679 861 5738 ut
886 5683 1078 5753 opinor
1103 5702 1114 5735 ;
1145 5700 1300 5751 quem
1330 5684 1556 5741 Euricus
1578 5685 1783 5742 Anthe-

186 5752 300 5805 mio
323 5766 456 5807 cum
488 5753 555 5826 ἰᾷ
578 5753 812 5826 millibus
839 5752 1110 5826 suppetias
1131 5753 1401 5826 ferentem
1435 5754 1487 5809 in
1521 5771 1655 5826 pago
1694 5757 1781 5811 Bi-

190 5825 407 5889 turico,
435 5831 491 5876 ut
510 5821 808 5881 Joruandes
839 5826 890 5880 in
912 5821 1077 5881 rebus
1114 5825 1314 5884 Geticis
1342 5821 1534 5887 refert.
1564 5821 1776 5886 collatis

1897 4733 2097 4789 idcirco
2140 4741 2365 4787 caeteros
2409 4729 2652 4797 vincitis,
2696 4728 2839 4799 quod
2870 4744 2963 4783 vos
2996 4729 3089 4783 tilii
3129 4729 3475 4783 transierunt.

1896 4824 2060 4895 Igitur
2088 4824 2227 4879 dona
2250 4822 2404 4878 venia
2450 4822 2655 4876 litteras
2697 4822 2930 4893 primas;
2977 4836 3110 4891 quas
3149 4830 3209 4876 ut
3248 4821 3476 4876 necdum

1896 4917 2110 4972 mittere
2139 4914 2343 4971 desidia
2373 4913 2580 4979 fuerat,
2615 4914 2687 4969 ita
2718 4928 2911 4971 vereor
2935 4928 3001 4969 ne
3028 4914 3097 4969 sit
3119 4912 3329 4968 misisse
3348 4927 3476 4982 gara

1894 5054 2064 5124 signis
2113 5052 2431 5124 profligavit.
2479 5053 2588 5109 Nec
2636 5067 2765 5108 vero
2804 5052 2994 5124 mirum
3035 5060 3337 5124 e<tgregem
3369 5067 3474 5107 non

1899 5122 2157 5192 appellari
2185 5123 2561 5184 Biotliamum,
2609 5125 2752 5192 sive,
2808 5132 2865 5177 ut
2913 5122 3214 5178 Jornandes
3258 5125 3473 5187 scribit,

1897 5194 2249 5260 Riothimum,
2275 5210 2396 5248 cum
2420 5209 2518 5248 nec
2546 5194 2900 5249 Gunduicium
2944 5193 3156 5249 Hilarus
3188 5210 3342 5263 papa,
3376 5207 3477 5247 nec

1896 5263 2255 5333 Chilpericum
2287 5264 2542 5320 Sidonius
2580 5278 2735 5333 reges
2766 5272 2992 5332 vocent;
3035 5280 3259 5335 quorum
3294 5274 3471 5317 tamen

1897 5344 2121 5405 uterque
2143 5350 2236 5390 rex
2269 5335 2364 5390 fuit
2390 5336 2846 5405 Burgundionum.

1969 5401 2104 5476 drllli
2154 5405 2253 5473 ipsi
2286 5401 2543 5470 fortasse,
2583 5409 2673 5476 qui
2707 5408 2889 5475 paucis
2922 5413 3039 5472 post
3070 5402 3230 5476 annis;
3250 5401 3476 5476 Sidonio

1898 5475 2213 5544 designanle
2243 5491 2454 5532 creatus
2496 5485 2578 5530 est
2601 5472 2889 5547 episcopus
2919 5472 3282 5547 Biturieensis.
3316 5472 3477 5547 Juvat

1895 5542 2260 5615 conjecturam
2292 5548 2431 5617 quod
2475 5548 2543 5602 de
2577 5542 2832 5614 Simplicii
2862 5545 3019 5617 hujus
3050 5543 3187 5617 filiis
3212 5544 3287 5597 ait
3320 5562 3333 5597 :
3369 5542 3475 5598 Vos

1890 5612 2009 5686 ﬁlii'
2034 5612 2344 5672 transierunt
2374 5635 2392 5673 .'
2418 5619 2485 5674 de
2526 5612 2785 5685 Simplicii
2827 5612 3065 5686 episcopi
3096 5612 3225 5686 (iliis
3263 5617 3314 5669 in
3347 5630 3478 5670 con-

1889 5682 2077 5755 cione,
2127 5688 2321 5761 Quibus
2353 5682 2681 5761 comparatus
2718 5682 2875 5755 pater
2899 5682 3095 5756 felicior
3134 5684 3255 5747 inde
3300 5686 3476 5758 incipit

1888 5773 1996 5813 esse
2024 5758 2161 5828 quod
2190 5760 2430 5819 vincitur.
