3910 6172
466 324 573 384 505

1724 318 1964 374 SlDONIl
2006 318 2454 375 APOLLINABIS
3582 332 3663 397 Sili

462 445 666 505 rulitas.
699 441 915 498 Carebit
939 454 1071 495 sane
1100 446 1343 497 nostrum
1375 449 1528 492 nmvo
1556 433 1898 501 loquacitatis
1927 432 2045 489 offi-
2073 436 2123 496 Α
2148 434 2355 505 geries,
2412 447 2570 503 quam
2603 431 2847 503 laivigata
2878 432 3070 504 pagina
3115 441 3271 506 tegat.
3298 435 3397 507 Ego
3422 445 3655 503 venerabili

462 537 631 600 cium,
658 532 702 588 si
729 532 973 600 exemplo
998 524 1331 585 recursantis
1354 526 1607 597 alloquii,
1656 525 2043 595 impudentiam

461 624 665 694 pagina:
686 622 964 692 pra-sentis
994 618 1311 675 absolveris.
1338 616 1486 672 Vale.

933 714 1041 783 73
1082 708 1411 767 EPiSl‘ULA
1453 707 1565 763 xu.

773 805 1022 862 Sidonius
1048 812 1073 840 λ
1105 801 1341 858 Secundo
1368 817 1463 855 suo
1492 802 1730 855 salutem.

526 897 624 953 Avi
653 897 778 962 mei,
805 895 989 965 proavi
1013 895 1087 949 tui
1118 894 1379 947 tumulum
1403 891 1677 959 hesterno,
1701 890 1836 961 proh
1858 890 2036 947 dolor!

452 988 543 1046 tfie
592 1004 781 1044 manus
827 988 1049 1059 profana
1101 1000 1234 1056 pene
1286 993 1638 1040 temeraverat
1687 1000 1702 1037 :
1752 982 1846 1039 sed
1898 983 2040 1038 Deus

454 1082 647 1146 adfuit,
665 1096 729 1136 ne
752 1083 901 1135 nefas
930 1088 1136 1134 tantum
1162 1084 1582 1147 perpetraretur.
1599 1074 1835 1145 Campus
1857 1087 2036 1129 autem

455 1176 569 1244 ipse
609 1174 810 1227 dudum
855 1173 1085 1227 refertus
1128 1178 1234 1223 tam
1288 1168 1617 1222 bustualibus
1660 1166 1851 1221 favillis
1876 1158 2057 1236 quam'

453 1262 827 1329 cadaveribus,
852 1263 1053 1317 nullam
1075 1259 1280 1331 jamdiu
1305 1258 1551 1314 scrobem
1578 1257 1902 1328 recipiebat!
1929 1257 2035 1312 Sed

457 1366 633 1409 tamen
665 1354 847 1418 lellus,
882 1352 1114 1407 humatis
1143 1366 1261 1421 qum
1291 1350 1688 1420 superducitur,
1722 1348 1953 1404 redierat
1982 1349 2037 1403 in

451 1447 736 1517 pristinam
786 1448 1017 1503 distenta
1066 1444 1376 1515 planitiem,
1429 1442 1668 1513 pondere
1710 1442 1909 1508 nivali,
1940 1456 2035 1496 seu

450 1541 706 1595 diuturno
738 1539 985 1593 imbrium
1016 1538 1162 1591 fluxu
1190 1535 1489 1591 sidentibus
1514 1534 1739 1590 acervis.
1768 1534 1897 1600 Qua:
1937 1533 2038 1587 fuit

452 1649 608 1689 eausn
645 1644 701 1687 ut
731 1634 906 1688 locum
938 1633 1228 1698 auderent,
1274 1640 1526 1700 tanquam
1559 1637 1869 1691 vacantem,
1917 1640 2035 1681 cor-

451 1740 641 1794 porum
672 1724 839 1793 bajuli
861 1724 1050 1778 rastris
1074 1722 1384 1777 funebribus
1412 1721 1656 1790 impiare.
1688 1719 1823 1787 Quid
1849 1717 2033 1787 plura?

450 1816 564 1870 Jam
622 1818 771 1885 niger
814 1829 1005 1884 cespes
1048 1829 1110 1869 ex
1157 1813 1341 1879 viridi;
1383 1814 1490 1882 jam
1549 1827 1707 1882 supra
1758 1812 2031 1881 antiquum
2065 1818 2113 1878 Β

448 1907 755 1975 sepulcrum
778 1906 947 1975 gleba:
974 1914 1241 1970 recentes,
1277 1919 1397 1958 cum
1431 1902 1568 1957 forte
1590 1915 1819 1971 pergens
1846 1903 2033 1957 urbem

449 1999 517 2053 ad
561 1998 897 2064 Arvernam,
940 1996 1210 2066 publicum
1259 1994 1436 2049 scelus
1474 2009 1506 2048 e
1544 1994 1833 2063 supercilio
1874 1992 2033 2049 vieini

450 2090 605 2143 collis
641 2092 854 2157 aspexi;
908 2102 1100 2157 meque
1133 2101 1270 2155 equa
1306 2084 1477 2139 effuso
1533 2094 1637 2138 tam
1686 2100 1781 2155 per
1827 2095 2033 2154 arquata

450 2198 607 2254 quam
662 2197 755 2249 per
781 2181 1007 2250 abrupta
1056 2178 1389 2249 proripiens,
1426 2186 1479 2232 et
1515 2191 1681 2230 mora:
1709 2176 1914 2246 exigua:
1954 2176 2034 2231 sic

449 2286 663 2342 quoque
710 2272 1032 2340 impatiens,
1078 2280 1365 2337 antequam
1413 2271 1781 2335 pervenirem,
1828 2266 2033 2321 facinus

450 2366 625 2421 audax
655 2365 854 2435 praevio
880 2363 1114 2419 clamore
1160 2361 1485 2429 compescui.
1525 2359 1658 2413 Dum
1699 2359 1943 2413 dubitant
1978 2358 2031 2413 in

451 2458 675 2514 crimine
720 2456 940 2526 reperti,
972 2455 1338 2511 dilaberentur
1366 2470 1431 2508 an
1463 2462 1689 2516 starent,
1722 2452 2027 2521 superveni.

449 2549 722 2607 Confiteor
750 2563 1023 2613 errorem;
1067 2546 1327 2616 supplicia
1357 2555 1635 2616 captorum
1676 2545 1895 2601 differre
1926 2562 2031 2602 non

448 2639 598 2709 potui
659 2656 673 2694 :
721 2639 817 2695 sed
854 2654 1013 2709 supra
1068 2638 1237 2708 ipsum
1290 2638 1437 2693 senis
1481 2638 1646 2691 nostri
1700 2640 2029 2708 opertorium

449 2733 582 2788 torsi
626 2732 893 2798 latrones,
920 2741 1178 2801 quantum
1203 2730 1455 2785 sufficere
1486 2730 1653 2799 possit
1683 2732 2031 2801 superStitum

448 2838 591 2878 curae
614 2864 629 2886 .
661 2832 991 2877 mortuorum
1038 2821 1335 2877 securitati.
1367 2820 1633 2876 Caeterum
1665 2831 1850 2878 nostro
1891 2822 2031 2892 quod

448 2914 717 2975 sacerdoti
739 2916 813 2970 nil
839 2915 1140 2979 reservavi;
1166 2929 1299 2968 meae
1326 2926 1524 2980 causa},
1547 2928 1765 2984 sua-que
1788 2928 2031 2981 perennia:

448 3007 708 3079 praescius
732 3052 745 3077 ,
791 3008 844 3062 in
882 3022 1167 3062 commune
1196 3007 1472 3073 consului;
1517 3023 1586 3062 ne
1615 3008 1697 3062 vel
1733 3009 1847 3062 haec
1885 3009 2032 3078 justo

448 3101 767 3156 clementius
789 3099 1171 3165 vindicaretur,
1195 3100 1278 3153 vel
1302 3099 1392 3153 illa
1416 3100 1564 3168 justo
1589 3101 1836 3155 severius
1862 3101 2032 3156 vindi-

448 3200 617 3248 caret.
668 3192 772 3263 ’17
818 3191 914 3247 Cui
957 3205 1078 3246 cum
1128 3198 1306 3246 tamen
1337 3198 1504 3245 totum
1535 3192 1781 3248 ordinem
1812 3196 1887 3249 rei
1913 3233 1929 3260 ,
1975 3205 2031 3251 ut
2057 3199 2103 3260 C

448 3281 784 3339 satisfaciens
826 3297 890 3336 ex
936 3281 1129 3337 itinere
1176 3281 1546 3349 mandassem;
1591 3283 1673 3337 vir
1711 3294 1929 3339 sanctus
1976 3297 2030 3341 et

447 3380 622 3450 justus
644 3372 934 3429 iracundia:
956 3388 1090 3429 mea:
1112 3373 1258 3429 dedit
1282 3373 1530 3443 gloriam,
1558 3390 1679 3431 cum
1701 3377 1775 3432 nil
1800 3378 2028 3448 amplius

449 3482 551 3536 ego
574 3467 782 3521 veniam
812 3467 1138 3536 postularem
1157 3508 1173 3531 ,
1206 3467 1560 3536 pronuntians
1587 3484 1739 3525 more
1766 3472 2027 3541 majorum

447 3571 569 3613 reos
595 3566 757 3612 tanta:
788 3558 1104 3613 temeritatis
1123 3557 1244 3628 jure
1268 3572 1437 3613 caesos
1461 3559 1651 3615 videri.
1680 3562 1785 3617 Sed
1809 3578 1876 3619 ne
1902 3564 2027 3633 quid

445 3647 499 3705 in
533 3662 804 3717 pomerum
849 3650 1064 3706 casibus
1093 3651 1286 3717 liceat,
1317 3667 1451 3723 quos
1474 3653 1546 3707 ab
1573 3656 1822 3726 exemplo
1859 3658 2028 3715 vitare

443 3739 701 3796 debemus
720 3781 734 3805 ,
759 3756 793 3810 p
815 3756 920 3796 isco
946 3750 1004 3796 ut
1027 3751 1287 3811 actutum,
1320 3759 1406 3799 me
1430 3759 1642 3815 quoque
1670 3747 1910 3814 absente,
1942 3757 2028 3805 tua

444 3845 593 3901 cura,
621 3834 714 3889 sed
739 3849 858 3889 meo
883 3842 1097 3904 sumptu
1121 3844 1367 3905 resurgat
1387 3837 1439 3891 in
1471 3838 1664 3894 molem
1688 3854 1873 3910 sparsa
1896 3856 2029 3898 con-

517 4023 542 4086 !
571 4013 773 4086 Fratris
806 4013 915 4068 filio
935 4030 962 4086 A:
988 4013 1053 4069 ad
1085 4029 1241 4081 quem
1277 4015 1439 4086 mittit
1478 4017 1800 4086 Apollinaris
1823 4020 1905 4074 avi
1934 4021 2017 4076 sui

436 4085 792 4160 epitaphium,
808 4084 946 4160 quod
962 4093 1120 4160 nocte
1142 4083 1387 4160 proxima
1406 4083 1667 4160 navarat;
1694 4090 2018 4160 mandatque

443 4168 499 4232 ut
525 4157 576 4211 in
602 4170 871 4210 marmore
905 4155 1126 4232 incisum
1165 4158 1282 4232 ejus
1310 4157 1514 4210 tumulo
1541 4157 1778 4232 imponat
1815 4180 1829 4215 :
1857 4155 2019 4232 aldue

442 4225 556 4281 hate
583 4241 645 4282 se
687 4241 899 4300 quoque
921 4226 1144 4300 absente
1166 4267 1178 4287 ,
1197 4296 1208 4300 _
1226 4226 1278 4300 id
1310 4237 1392 4280 est
1420 4229 1807 4300 ante_reditum
1830 4225 1982 4286 suum
2000 4274 2015 4300 ,

441 4305 500 4350 nt
542 4306 695 4352 curet
733 4297 995 4351 hortatur.
1040 4295 1171 4349 Cum
1196 4296 1354 4364 igitur
1384 4298 1449 4349 ad
1492 4297 1677 4352 urbem
1721 4295 2014 4358 Arvernam

440 4382 667 4435 pergens
705 4383 768 4421 ex
803 4368 995 4423 itinere
1029 4365 1141 4419 hree
1170 4367 1402 4429 scribat,
1447 4383 1781 4437 consequens
1812 4382 1893 4427 est
1939 4384 2018 4427 tu-

442 4438 641 4525 pntlum
667 4439 988 4525 Apollinaris
1015 4437 1096 4491 avi
1126 4451 1229 4492 non
1261 4440 1622 4525 Arvernorum
1650 4440 1764 4522 urbi
1784 4443 2013 4525 vicinptn
2047 4464 2095 4525 ι)

442 4506 605 4582 fuisse
630 4548 645 4568 ,
701 4506 794 4582 sed
828 4508 1147 4582 Lugdune;
1184 4507 1323 4582 unde
1369 4508 1643 4582 digressus
1685 4511 1738 4564 in
1786 4514 2016 4582 sepulcri

441 4575 727 4631 violatores
772 4578 887 4644 ipso
913 4575 1143 4634 'itineris
1190 4578 1342 4634 initio
1390 4575 1668 4635 inciderat.
1712 4582 1825 4637 Non
1852 4575 2013 4639 "enim

442 4648 625 4724 procul
654 4647 912 4724 Lugdune
942 4650 1175 4724 abfuisse
1208 4651 1468 4724 tumulum
1507 4652 1631 4705 hinc
1662 4661 1839 4720 patet,
1868 4657 2011 4724 quod

440 4731 565 4772 eum
594 4718 660 4772 de
692 4719 931 4772 multatis
961 4722 1067 4790 reis
1096 4721 1161 4774 ad
1193 4722 1501 4788 episcopum
1532 4718 1840 4790 retulisset,
1872 4718 2017 4781 illico

439 4790 831 4865 respousumin
854 4788 1178 4865 ipsojtinere
1200 4792 1425 4865 accepit.
1461 4793 1804 4848 Sacerdotem
1827 4788 2016 4865 itaque

438 4874 592 4934 suum
622 4860 851 4934 appellat
884 4860 1188 4934 Patientem
1218 4862 1528 4934 episcopum
1577 4860 2013 4934 Lugdunensem,

437 4940 491 4984 et
508 4930 872 5004 _in_cpitapltio
902 4930 1221 5004 Apollinaris
1248 4933 1468 4998 patriam
1499 4930 1835 5004 Lugdunum.

508 4997 908 5071 bgLapidicidzn.
932 5000 1066 5055 Cod.
1090 5002 1156 5054 de
1178 4997 1416 5057 excusat.
1442 4997 1652 5059 artiffl.
1684 5022 1698 5059 ι
1728 5024 1743 5061 :
1774 5008 2016 5071 Quadra-

437 5070 577 5134 tarit',
624 5086 749 5140 quos
780 5069 961 5145 Grmce
1003 5071 1246 5145 vocabulo
1285 5073 1574 5145 λςθοθήκτας
1603 5069 1867 5145 appellent
1912 5095 1930 5131 :
1970 5089 2015 5133 et

437 5156 679 5216 saxorum
728 5143 1079 5216 quadratarii,
1102 5142 1462 5216 Cassiodorus
1511 5146 1562 5199 in
1614 5142 1873 5216 psalmos.
1912 5151 2014 5205 Ars

434 5211 773 5281 quadrataria
805 5212 1195 5290 in_Ag_otte_SS.
1229 5211 1651 5290 coronatorum}
1694 5228 1749 5273 et
1788 5219 1841 5272 in
1875 5220 2010 5290 frag;

433 5292 617 5357 mento
638 5282 832 5357 vetusti
857 5282 1261 5357 lapidisRotnze
1292 5286 1343 5357 in
1367 5285 1487 5357 anle
1508 5286 1563 5342 S.
1599 5288 1831 5357 llagnes.

508 5365 529 5392 ο
565 5353 640 5408 De
690 5354 1005 5423 pitefectura
1042 5352 1491 5430 Apollinarishavi
1516 5397 1531 5419 ,
1578 5368 1629 5412 et
1668 5352 1734 5414 de
1775 5363 2013 5430 tyrannis

432 5438 567 5491 quos
601 5439 666 5477 eo
694 5422 935 5492 tempore
977 5439 1131 5489 passa
1162 5432 1245 5477 est
1269 5422 1471 5494 Gallia,
1509 5422 1918 5485 dicendum-lib.
1958 5446 2011 5497 v,

433 5495 653 5548 euistola
681 5495 732 5548 9.
758 5495 822 5548 ad
852 5494 1179 5548 Auuiliuum.

505 5508 653 5546 lSlOIa
681 5508 732 5548 υ.
758 5508 822 5548 θα
852 5508 1179 5548 Λαιιιιιιιιιῐη.

433 5504 653 5561 epistola
681 5504 732 5559 9,
758 5504 822 5548 ad
852 5504 1179 5563 Aquilinnm.

503 5560 541 5643 ά.
559 5562 611 5616 ln
641 5566 925 5633 baptismo,
944 5566 1328 5643 quemprimus
1345 5567 1599 5643 e_familia
1619 5584 1712 5643 sua
1733 5572 1969 5643 suscepit
1993 5592 2007 5631 :

432 5630 761 5711 undehpatet
786 5630 939 5711 error
963 5630 1396 5711 'Beati‘llhenani
1417 5678 1429 5701 ,
1459 5643 1544 5708 qui
1576 5641 1797 5698 Sidonio
1829 5630 2014 5699 no'SIro

434 5701 649 5779 tribuit,
683 5705 821 5779 quod
850 5706 1095 5779 ejusavo
1137 5707 1452 5763 debebatur.
1477 5701 1618 5765 'llne
1657 5723 1834 5767 autem
1888 5714 2013 5768 facit

437 5776 714 5842 antiquum
742 5776 887 5831 urbis
916 5778 1239 5847 epigramma
1259 5820 1273 5847 ,
1305 5780 1446 5850 quod
1476 5782 1696 5853 reliquis
1740 5799 1771 5839 e
1820 5784 2008 5841 biblio~

2151 527 2450 583 Gaudentio
2480 525 2665 595 reliqui
2698 527 2925 595 pretium
2961 526 3164 594 lapidis,
3198 528 3454 597 operisque
3478 548 3645 591 mercc-

2148 620 2293 674 dem.
2341 617 2570 674 Carmen
2614 618 2716 674 hoc
2772 634 2903 673 sane
2949 619 3086 687 quod
3133 632 3485 690 consequetur,
3527 638 3649 682 norte

2148 711 2387 781 proxima
2435 711 2568 777 feci,
2596 727 2703 766 non
2733 710 3056 780 expolitum,
3087 711 3264 777 credo,
3294 714 3420 782 quod
3447 716 3531 769 vite
3568 735 3650 773 non

2147 819 2335 873 parum
2367 802 2604 857 intentus
2651 820 2665 857 :
2700 802 2838 872 quod
2866 812 3021 873 peto,
3070 814 3124 856 ut
3153 803 3331 857 tabula.
3370 808 3653 874 quantulum-

2145 912 2355 967 cunque
2376 907 2481 965 est,
2511 896 2761 952 celeriter
2782 895 3016 951 indatur.
3041 895 3145 951 Sed
3168 895 3279 949 vide
3309 906 3360 950 ut
3387 898 3548 953 vitium
3573 916 3655 957 non

2146 989 2303 1044 faciat
2341 989 2396 1043 in
2424 1004 2696 1043 marmore
2727 988 3011 1057 lapidicida
3048 1005 3060 1041 :
3110 988 3243 1057 quod
3276 987 3455 1042 factum
3489 992 3582 1045 sive
3606 994 3657 1045 ab

2143 1080 2402 1136 industria
2428 1120 2445 1146 ,
2496 1096 2591 1136 seu
2648 1095 2746 1150 per
2774 1079 3034 1135 incuriam
3056 1121 3071 1142 ,
3129 1080 3253 1133 mihi
3284 1080 3435 1148 magis
3468 1096 3600 1150 quam
3637 1082 3657 1119 ῒν

2144 1171 2511 1241 quadratario,
2544 1171 2738 1226 lividus
2771 1170 2939 1225 lector
2965 1169 3216 1224 ascribat.
3252 1171 3353 1240 Ego
3380 1186 3509 1236 vero,
3536 1173 3572 1224 si
3593 1172 3659 1239 pio

2141 1262 2317 1318 studio
2349 1273 2536 1332 rogata
2565 1264 2866 1328 curaveris,
2897 1262 2975 1317 sic
3005 1277 3157 1330 agam
3188 1263 3375 1331 gratias
3394 1306 3407 1329 ,
3438 1264 3566 1331 quasi
3604 1263 3659 1318 nil

2142 1354 2236 1409 tibi
2265 1370 2479 1425 quoque
2509 1354 2682 1409 laudis
2712 1364 2803 1408 aut
2828 1354 3014 1423 gloriae
3044 1354 3296 1418 accedat,
3342 1369 3482 1422 quem
3511 1364 3663 1422 patruo

2141 1456 2251 1513 tuo,
2296 1447 2347 1502 id
2377 1457 2459 1502 est
2486 1462 2571 1501 me
2608 1455 2833 1512 remoto,
2867 1445 3040 1500 solida
3077 1445 3348 1514 prmscntis
3376 1444 3516 1499 officii
3542 1445 3650 1499 solli

2138 1539 2319 1594 citudo
2342 1537 2633 1593 mansisset
2665 1553 2761 1607 pro
2796 1537 2966 1608 gradu
2992 1537 3233 1593 seminis.
3266 1536 3408 1592 Vale.

2260 1671 2439 1736 Serum
2466 1680 2572 1733 post
2592 1678 2808 1736 patruos,
2834 1680 3127 1735 patremque
3158 1684 3350 1721 carmen

2260 1733 2402 1796 Haud
2426 1735 2652 1795 indignus
2675 1748 2763 1783 avo
2784 1733 2935 1796 nepos
2951 1736 3104 1784 dicavi
3132 1748 3145 1783 :

2262 1795 2337 1859 Ne
2362 1795 2461 1843 fors
2485 1803 2705 1857 tempore
2730 1795 2965 1858 postumo,
2993 1799 3171 1859 viator,

2264 1858 2502 1920 ignorans
2518 1859 2846 1907 reverentiam
2872 1858 3074 1920 sepulti,

2259 1918 2515 1981 Tellurem
2539 1930 2733 1969 tereres
2751 1918 3103 1981 inaggeratam.

2263 1984 2285 2012 ο
2314 1980 2583 2029 Praefectus
2603 1982 2734 2042 jacet
2752 1980 3171 2042 hic’Apollinaris,

2262 2044 2378 2093 P05t
2402 2041 2623 2103 prtetoria
2650 2050 2783 2091 recta
2801 2041 3079 2101 Galliarum,

2261 2105 2514 2156 erentis
2539 2107 2707 2166 patriae
2724 2106 2835 2153 sinu
2854 2113 3103 2166 receptus.

2246 2169 2356 2287 g8
2383 2175 2793 2235 Consultissimns,
2831 2176 2933 2226 utili
2961 2178 3238 2239 simusque,

2305 2245 2423 2287 uris.
2450 2240 2661 2287 militia-3.
2704 2238 2897 2287 forique
2922 2239 3076 2286 cultor
3096 2276 3113 2287 .

2305 2238 2423 2301 iris,
2450 2240 2661 2300 militiae,
2704 2238 2897 2300 forique
2922 2239 3076 2301 cultor
3096 2276 3113 2300 ,

2260 2301 2597 2364 Exemploque
2617 2301 2727 2349 aliis
2752 2300 3043 2364 periculoso,

2260 2362 2411 2415 Liber
2425 2362 2893 2412 Snb‘dominantibus
2917 2363 3154 2423 tyrannis.

2261 2426 2379 2477 Hinc
2400 2424 2487 2473 sed
2510 2429 2712 2474 maxima
2738 2424 2946 2484 dignitas
2964 2426 3235 2484 probatur:

2260 2487 2394 2545 Quod
2419 2487 2629 2535 frontem
2652 2498 2822 2546 cruce,
2850 2486 2875 2522 «ὶ
2900 2485 3125 2533 membra
3153 2484 3287 2534 fonte
3309 2493 3530 2545 purgans,

2261 2549 2454 2599 Primus
2469 2549 2533 2597 de
2554 2559 2757 2596 numero
2782 2555 2967 2609 patrum
2987 2560 3192 2595 suorum

2261 2611 2423 2660 Sacris
2445 2610 2700 2669 sacrilegis
2725 2610 3037 2658 renuntiavit.

2261 2671 2366 2734 Hoc
2392 2674 2595 2734 primum
2622 2677 2698 2718 est
2719 2672 2890 2732 decus,
2921 2671 3024 2719 haec
3044 2670 3271 2731 superba
3295 2669 3465 2727 virtus,

2255 2733 2357 2796 Spe
2382 2733 2685 2796 praecedere,
2719 2745 2841 2796 quos
2866 2735 3050 2781 honore
3071 2734 3279 2793 jungas.

2259 2794 2451 2860 Quique
2476 2796 2551 2843 hic
2572 2803 2678 2860 sunt
2705 2794 2855 2843 titulis
2875 2806 3021 2860 pares
3042 2800 3301 2856 parentes,

2258 2857 2360 2907 Hos
2383 2856 2479 2906 illic
2502 2857 2688 2906 meritis
2703 2856 3045 2919 supervenire.

2136 2978 2265 3033 Novi
2288 2980 2503 3050 quidem
2532 2980 2766 3037 auctoris
2789 2982 2955 3035 nostri
2982 2996 3090 3035 non
3118 2977 3447 3049 respondere
3470 2974 3684 3030 doctr'ua

2135 3072 2399 3141 epitaphii
2436 3074 2780 3144 qualitatem;
2812 3074 2905 3127 sed
2947 3072 3126 3126 anima
3162 3072 3334 3142 perita
3375 3067 3586 3123 musicas
3610 3077 3691 3117 non

2136 3163 2332 3218 refutat
2362 3164 2599 3219 inferias.
2632 3164 2755 3220 Tibi
2798 3181 3009 3234 quoque
3040 3179 3153 3219 non
3213 3164 3368 3217 decet
3417 3159 3605 3214 tardum
3629 3155 3690 3209 vi

2134 3253 2290 3322 deri,
2322 3255 2461 3326 quod
2510 3257 2680 3311 lueres
2730 3259 2916 3311 tertius
2944 3265 3291 3326 quartusque
3337 3251 3697 3321 dependimus:

2135 3361 2255 3400 cum
2288 3355 2366 3400 tot
2395 3361 2657 3401 annorum
2689 3363 2820 3418 gyro
2844 3346 3029 3402 voluto
3074 3361 3337 3417 magnum
3371 3340 3696 3398 Alexandrum

2136 3447 2446 3507 parentasse
2488 3439 2733 3495 manibus
2784 3438 3042 3502 Achillis,
3092 3448 3153 3492 et
3208 3437 3411 3492 Julium
3465 3433 3699 3487 Caesarem

2134 3528 2373 3597 Ilectori,
2403 3540 2600 3596 utsuo,
2631 3531 2773 3601 justa
2807 3529 3141 3600 perSolvisse
3173 3528 3543 3584 didicerimus.
3573 3522 3700 3578 Vale.

2669 3644 2994 3700 EPISTULA
3036 3643 3181 3698 Xlll.

2420 3734 2670 3792 Sidonius
2702 3746 2725 3774 ε
2756 3736 3047 3806 Apollinari
3078 3752 3177 3791 suo
3209 3734 3451 3789 salutem.

2211 3849 2380 3906 Unice
2430 3850 2630 3921 probo,
2685 3850 2924 3920 gaudeo,
2974 3849 3226 3905 admiror
3284 3847 3434 3920 quod
3478 3838 3708 3900 castitatis

2124 4028 2547 4155 [fagina
2579 4032 2806 4103 vulgatis
2833 4032 2958 4089 addi
2991 4033 3122 4089 licet
3150 4051 3221 4089 ex
3253 4033 3448 4089 codice
3469 4031 3526 4086 S.
3552 4028 3708 4085 Maria:

2123 4187 2228 4260 41
2272 4191 2354 4244 Ad
2383 4192 2649 4246 ecclesiam
2684 4193 2745 4248 S.
2779 4192 3041 4247 Laurentii
3067 4195 3121 4248 in
3170 4195 3446 4263 Damaso,
3476 4208 3587 4265 qua:
3626 4189 3714 4243 alio

2468 4264 2671 4317 nomine
2713 4266 3000 4335 appellatur
3028 4267 3083 4318 in
3112 4265 3375 4321 Prasino.

2740 4377 2819 4431 Ad
2842 4376 3082 4434 Famem.

2243 4466 2343 4533 Iste
2365 4467 2576 4533 salutare
2601 4468 2706 4519 fons
2728 4472 2945 4519 continet
2972 4471 3168 4533 inclitus
3190 4472 3377 4533 undas,

2311 4528 2367 4579 Et
2390 4531 2518 4580 solet
2542 4531 2797 4580 humanam
2823 4533 3078 4590 purificare
3101 4532 3270 4583 luem.

2247 4591 2413 4656 munia
2439 4596 2610 4643 sacrati
2630 4606 2739 4655 qute
2761 4595 2858 4643 sint
2875 4595 2946 4642 vis
2962 4596 3091 4644 seire
3117 4596 3348 4656 liquoris
3369 4596 3396 4646 τ

2310 4652 2437 4703 Dant
2473 4652 2798 4715 regnatricem
2818 4657 3012 4703 ﬂumina
3031 4652 3206 4705 sancta
3231 4657 3407 4705 fidem.

2246 4714 2408 4779 Ablue
2432 4714 2564 4765 fonte
2589 4729 2726 4765 sacro
2745 4719 2929 4765 veteris
2954 4720 3187 4779 contagia
3216 4720 3364 4777 vitae,

2309 4777 2349 4826 Ο
2376 4779 2572 4842 nimium
2596 4779 2735 4835 felix,
2757 4780 2866 4828 \ive
2892 4787 3092 4828 renatus
3106 4777 3255 4842 aqua
3278 4780 3288 4828 l

2241 4836 2387 4905 Hunc
2402 4839 2585 4905 fontem
2603 4842 2882 4905 quicunque
2909 4843 3050 4901 petit,
3076 4836 3301 4905 terrena
3326 4841 3583 4905 relinquit,

2306 4901 2507 4962 Subjicit
2529 4908 2576 4953 et
2601 4901 2814 4965 pedibus
2827 4915 2951 4951 caeca
2976 4904 3289 4955 ministeria.

2193 5012 2215 5041 ε
2242 5004 2465 5069 Quidam
2506 5006 2719 5061 codices
2751 5007 3028 5061 ascribunt
3058 5006 3196 5061 filio.
3243 5008 3438 5062 Patris
3471 5008 3611 5063 enim
3655 5008 3729 5053 est

2120 5074 2184 5126 ad
2220 5075 2384 5130 filium
2414 5079 2725 5143 partcuesis,
2753 5086 2808 5131 et
2836 5077 3215 5143 Apollinarem
3249 5080 3479 5136 Sidonii
3505 5077 3615 5132 filio
3645 5090 3733 5128 no-

2118 5161 2239 5217 men
2272 5146 2452 5214 luisse,
2479 5149 2628 5202 docet
2660 5156 2768 5202 tum
2800 5149 2956 5216 epist.
2988 5148 3044 5211 9,
3074 5147 3170 5201 lib.
3194 5165 3253 5215 ν,
3290 5162 3412 5205 tum
3445 5151 3497 5217 1,
3534 5150 3622 5202 lib.
3656 5158 3731 5217 tt;

2116 5225 2172 5270 et
2204 5216 2447 5273 Ruricius
2485 5219 2576 5273 lib.
2619 5234 2687 5280 ιι,
2715 5215 2873 5285 epist.
2902 5216 2992 5273 25.
3035 5219 3391 5284 Apollinaris
3444 5215 3623 5273 autem
3656 5215 3731 5267 hic

2118 5286 2348 5360 videtur,
2379 5287 2930 5360 quemliediolaniS.
2960 5288 3201 5343 Victoris
3228 5306 3345 5360 ope
3382 5290 3631 5347 custodia
3660 5300 3738 5360 so—

2117 5358 2284 5430 lutum
2314 5356 2491 5430 narrat
2530 5358 2815 5430 Gregorius-
2856 5359 3059 5413 Turnn.
3105 5374 3119 5412 t
3178 5356 3388 5417 Mirae.
3434 5363 3530 5417 45.
3568 5356 3735 5411 Voela-

2116 5428 2270 5482 densi
2318 5429 2444 5484 dein
2477 5428 2661 5498 prtelio
2699 5445 2821 5484 cum
2852 5430 3107 5483 Arvernis
3162 5431 3514 5489 interfuisse
3565 5431 3659 5485 lib.
3705 5437 3737 5498 tt

2118 5498 2426 5571 liistor._57,
2462 5496 2568 5555 non
2602 5510 2777 5554 tamen
2807 5498 3145 5571 occubuisse,
3185 5504 3347 5571 quod
3386 5504 3461 5559 de
3493 5520 3595 5558 suo
3636 5496 3740 5567 qui-

2116 5569 2237 5622 dam
2266 5569 2484 5626 addunt.
2517 5571 2647 5644 Nam
2680 5570 2927 5627 eumdem
2972 5580 3159 5644 postea
3200 5569 3260 5625 in
3294 5574 3610 5644 episcopali
3642 5572 3739 5622 Ar-

2116 5653 2404 5711 vernorum
2434 5643 2683 5697 cathedra
2712 5653 3002 5704 mortuum,
3037 5641 3184 5695 idem
3223 5644 3399 5711 alibi,
3433 5641 3742 5702 nt'eenseo,

2117 5710 2270 5765 testis
2298 5721 2381 5765 est
2410 5712 2720 5782 Gregorius.
2751 5712 3079 5780 Apollinaris
3129 5726 3321 5779 porro
3356 5732 3432 5770 ex
3474 5714 3743 5770 Plaeidina

2072 5796 2285 5863 “uxore
2311 5781 2453 5840 filius
2498 5781 2762 5840 Arcadius
2805 5800 2821 5838 :
2854 5782 2921 5840 de
2950 5796 3057 5853 quo
3086 5784 3305 5841 scribit
3330 5786 3489 5843 idem
3524 5787 3622 5841 lih.
3665 5796 3741 5844 nl.
