  <div class='ocr_page' id='page_1' title='image "/cluster/home/n/w/nwhite01/storage/ocr_20150623/58/hvd.32044073505109/258.png"; bbox 0 0 3910 6172; ppageno 0'>
   <div class='ocr_carea' id='block_1_1' title="bbox 203 342 2210 415">
    <p class='ocr_par' dir='ltr' id='par_1_1' title="bbox 203 342 2210 415">
     <span class='ocr_line' id='line_1_1' title="bbox 203 342 2210 415; baseline 0.007 -25"><span class='ocrx_word' id='word_1_1' title='bbox 203 354 287 415; x_wconf 71' lang='lat'><strong>505</strong></span> <span class='ocrx_word' id='word_1_2' title='bbox 1425 342 1904 401; x_wconf 70' lang='lat' dir='ltr'><strong>EPISTOLARUM</strong></span> <span class='ocrx_word' id='word_1_3' title='bbox 1948 347 2075 403; x_wconf 83' lang='lat' dir='ltr'><strong>LIB.</strong></span> <span class='ocrx_word' id='word_1_4' title='bbox 2122 349 2210 404; x_wconf 82' lang='lat' dir='ltr'><strong>ill.</strong></span> 
     </span>
    </p>
   </div>
   <div class='ocr_carea' id='block_1_2' title="bbox 3348 353 3452 412">
    <p class='ocr_par' dir='ltr' id='par_1_2' title="bbox 3348 353 3452 412">
     <span class='ocr_line' id='line_1_2' title="bbox 3348 353 3452 412; baseline 0.029 -3"><span class='ocrx_word' id='word_1_5' title='bbox 3348 353 3452 412; x_wconf 77' lang='lat'><strong>506</strong></span> 
     </span>
    </p>
   </div>
   <div class='ocr_carea' id='block_1_3' title="bbox 204 460 3447 537">
    <p class='ocr_par' dir='ltr' id='par_1_3' title="bbox 204 460 3447 537">
     <span class='ocr_line' id='line_1_3' title="bbox 204 460 3447 537; baseline -0.003 -5"><span class='ocrx_word' id='word_1_6' title='bbox 204 475 374 532; x_wconf 71' lang='lat' dir='ltr'><strong>affectu</strong></span> <span class='ocrx_word' id='word_1_7' title='bbox 412 464 760 523; x_wconf 89' lang='lat' dir='ltr'><strong>contubernia</strong></span> <span class='ocrx_word' id='word_1_8' title='bbox 807 461 945 534; x_wconf 84' lang='lat' dir='ltr'><strong>fugis</strong></span> <span class='ocrx_word' id='word_1_9' title='bbox 985 460 1413 532; x_wconf 85' lang='lat' dir='ltr'><strong>impudicorum;</strong></span> <span class='ocrx_word' id='word_1_10' title='bbox 1460 460 1755 526; x_wconf 62' lang='lat' dir='ltr'><strong>prmsertitn</strong></span> <span class='ocrx_word' id='word_1_11' title='bbox 1785 463 1836 521; x_wconf 79' lang='grc' dir='ltr'>Α</span> <span class='ocrx_word' id='word_1_12' title='bbox 1866 464 2105 521; x_wconf 81' lang='lat' dir='ltr'><strong>verrucis</strong></span> <span class='ocrx_word' id='word_1_13' title='bbox 2174 480 2269 535; x_wconf 86' lang='lat' dir='ltr'><strong>per</strong></span> <span class='ocrx_word' id='word_1_14' title='bbox 2324 467 2622 537; x_wconf 87' lang='lat' dir='ltr'><strong>marg&#39;nem</strong></span> <span class='ocrx_word' id='word_1_15' title='bbox 2674 481 2897 522; x_wconf 89' lang='lat' dir='ltr'><strong>curvum</strong></span> <span class='ocrx_word' id='word_1_16' title='bbox 2955 466 3447 536; x_wconf 71' lang='lat' dir='ltr'><strong>protuberantibus.</strong></span> 
     </span>
    </p>
   </div>
   <div class='ocr_carea' id='block_1_4' title="bbox 204 553 1766 641">
    <p class='ocr_par' dir='ltr' id='par_1_4' title="bbox 204 553 1766 641">
     <span class='ocr_line' id='line_1_4' title="bbox 204 553 1766 641; baseline -0.01 -18"><span class='ocrx_word' id='word_1_17' title='bbox 204 567 374 641; x_wconf 80' lang='lat' dir='ltr'><strong>quibus</strong></span> <span class='ocrx_word' id='word_1_18' title='bbox 421 561 549 616; x_wconf 83' lang='lat' dir='ltr'><strong>nihil</strong></span> <span class='ocrx_word' id='word_1_19' title='bbox 592 560 741 629; x_wconf 91' lang='lat' dir='ltr'><strong>pensi</strong></span> <span class='ocrx_word' id='word_1_20' title='bbox 771 598 786 622; x_wconf 91' lang='lat'><strong>,</strong></span> <span class='ocrx_word' id='word_1_21' title='bbox 826 556 957 611; x_wconf 91' lang='lat' dir='ltr'><strong>nihil</strong></span> <span class='ocrx_word' id='word_1_22' title='bbox 989 555 1156 611; x_wconf 91' lang='lat' dir='ltr'><strong>sancti</strong></span> <span class='ocrx_word' id='word_1_23' title='bbox 1186 562 1269 611; x_wconf 59' lang='lat' dir='ltr'><strong>est</strong></span> <span class='ocrx_word' id='word_1_24' title='bbox 1292 594 1307 620; x_wconf 91' lang='lat'><strong>,</strong></span> <span class='ocrx_word' id='word_1_25' title='bbox 1341 554 1393 608; x_wconf 92' lang='lat' dir='ltr'><strong>in</strong></span> <span class='ocrx_word' id='word_1_26' title='bbox 1440 553 1766 625; x_wconf 91' lang='lat' dir='ltr'><strong>appetendis</strong></span> 
     </span>
    </p>
   </div>
   <div class='ocr_carea' id='block_1_5' title="bbox 206 645 1766 732">
    <p class='ocr_par' dir='ltr' id='par_1_5' title="bbox 206 645 1766 732">
     <span class='ocr_line' id='line_1_5' title="bbox 206 645 1766 732; baseline -0.011 -17"><span class='ocrx_word' id='word_1_27' title='bbox 206 655 586 732; x_wconf 76' lang='lat' dir='ltr'><strong>garriendisque</strong></span> <span class='ocrx_word' id='word_1_28' title='bbox 632 648 1053 720; x_wconf 90' lang='lat' dir='ltr'><strong>turpitudinibus</strong></span> <span class='ocrx_word' id='word_1_29' title='bbox 1101 664 1113 699; x_wconf 89' lang='lat'><strong>:</strong></span> <span class='ocrx_word' id='word_1_30' title='bbox 1152 646 1350 715; x_wconf 89' lang='lat' dir='ltr'><strong>quique</strong></span> <span class='ocrx_word' id='word_1_31' title='bbox 1395 645 1535 713; x_wconf 90' lang='lat' dir='ltr'><strong>quod</strong></span> <span class='ocrx_word' id='word_1_32' title='bbox 1586 645 1766 699; x_wconf 84' lang='lat' dir='ltr'><strong>verbis</strong></span> 
     </span>
    </p>
   </div>
   <div class='ocr_carea' id='block_1_6' title="bbox 208 740 1769 811">
    <p class='ocr_par' dir='ltr' id='par_1_6' title="bbox 208 740 1769 811">
     <span class='ocr_line' id='line_1_6' title="bbox 208 740 1769 811; baseline -0.01 -2"><span class='ocrx_word' id='word_1_33' title='bbox 208 748 559 809; x_wconf 77' lang='lat' dir='ltr'><strong>inverecundis</strong></span> <span class='ocrx_word' id='word_1_34' title='bbox 606 745 814 799; x_wconf 89' lang='lat' dir='ltr'><strong>aurium</strong></span> <span class='ocrx_word' id='word_1_35' title='bbox 849 740 1179 811; x_wconf 90' lang='lat' dir='ltr'><strong>publicarum</strong></span> <span class='ocrx_word' id='word_1_36' title='bbox 1211 740 1565 794; x_wconf 74' lang='lat' dir='ltr'><strong>reverentiam</strong></span> <span class='ocrx_word' id='word_1_37' title='bbox 1607 740 1769 794; x_wconf 90' lang='lat' dir='ltr'><strong>ince-</strong></span> 
     </span>
    </p>
   </div>
   <div class='ocr_carea' id='block_1_7' title="bbox 209 829 1766 913">
    <p class='ocr_par' dir='ltr' id='par_1_7' title="bbox 209 829 1766 913">
     <span class='ocr_line' id='line_1_7' title="bbox 209 829 1766 913; baseline -0.013 -10"><span class='ocrx_word' id='word_1_38' title='bbox 209 855 357 910; x_wconf 73' lang='lat' dir='ltr'><strong>sxant,</strong></span> <span class='ocrx_word' id='word_1_39' title='bbox 403 840 678 913; x_wconf 88' lang='lat' dir='ltr'><strong>granditer</strong></span> <span class='ocrx_word' id='word_1_40' title='bbox 724 836 826 890; x_wconf 83' lang='lat' dir='ltr'><strong>sibi</strong></span> <span class='ocrx_word' id='word_1_41' title='bbox 871 834 1122 889; x_wconf 82' lang='lat' dir='ltr'><strong>videntur</strong></span> <span class='ocrx_word' id='word_1_42' title='bbox 1152 831 1433 887; x_wconf 87' lang='lat' dir='ltr'><strong>facetiari:</strong></span> <span class='ocrx_word' id='word_1_43' title='bbox 1481 832 1589 902; x_wconf 79' lang='lat'><strong>79</strong></span> <span class='ocrx_word' id='word_1_44' title='bbox 1614 829 1766 898; x_wconf 74' lang='lat' dir='ltr'><strong>cujus</strong></span> 
     </span>
    </p>
   </div>
   <div class='ocr_carea' id='block_1_8' title="bbox 212 923 1767 1001">
    <p class='ocr_par' dir='ltr' id='par_1_8' title="bbox 212 923 1767 1001">
     <span class='ocr_line' id='line_1_8' title="bbox 212 923 1767 1001; baseline -0.012 -7"><span class='ocrx_word' id='word_1_45' title='bbox 212 937 404 995; x_wconf 76' lang='lat' dir='ltr'><strong>vilitatis</strong></span> <span class='ocrx_word' id='word_1_46' title='bbox 436 948 557 989; x_wconf 90' lang='lat' dir='ltr'><strong>esse</strong></span> <span class='ocrx_word' id='word_1_47' title='bbox 600 929 916 1001; x_wconf 79' lang='lat' dir='ltr'><strong>signiferum</strong></span> <span class='ocrx_word' id='word_1_48' title='bbox 962 926 1288 995; x_wconf 88' lang='lat' dir='ltr'><strong>gnatltonem</strong></span> <span class='ocrx_word' id='word_1_49' title='bbox 1334 923 1520 993; x_wconf 67' lang='lat' dir='ltr'><strong>patria:</strong></span> <span class='ocrx_word' id='word_1_50' title='bbox 1569 930 1767 975; x_wconf 74' lang='lat' dir='ltr'><strong>nostra:</strong></span> 
     </span>
    </p>
   </div>
   <div class='ocr_carea' id='block_1_9' title="bbox 212 1014 1772 1090">
    <p class='ocr_par' dir='ltr' id='par_1_9' title="bbox 212 1014 1772 1090">
     <span class='ocr_line' id='line_1_9' title="bbox 212 1014 1772 1090; baseline -0.013 -2"><span class='ocrx_word' id='word_1_51' title='bbox 212 1034 279 1090; x_wconf 78' lang='lat' dir='ltr'><strong>vel</strong></span> <span class='ocrx_word' id='word_1_52' title='bbox 323 1028 607 1084; x_wconf 79' lang='lat' dir='ltr'><strong>maximum</strong></span> <span class='ocrx_word' id='word_1_53' title='bbox 655 1021 914 1090; x_wconf 84' lang='lat' dir='ltr'><strong>intellige.</strong></span> <span class='ocrx_word' id='word_1_54' title='bbox 972 1018 1065 1073; x_wconf 87' lang='lat' dir='ltr'><strong>Est</strong></span> <span class='ocrx_word' id='word_1_55' title='bbox 1128 1017 1270 1071; x_wconf 89' lang='lat' dir='ltr'><strong>enim</strong></span> <span class='ocrx_word' id='word_1_56' title='bbox 1332 1015 1418 1069; x_wconf 91' lang='lat' dir='ltr'><strong>ltic</strong></span> <span class='ocrx_word' id='word_1_57' title='bbox 1464 1028 1657 1084; x_wconf 81' lang='lat' dir='ltr'><strong>gurges</strong></span> <span class='ocrx_word' id='word_1_58' title='bbox 1703 1014 1772 1068; x_wconf 86' lang='lat' dir='ltr'><strong>de</strong></span> 
     </span>
    </p>
   </div>
   <div class='ocr_carea' id='block_1_10' title="bbox 212 1106 1768 1180">
    <p class='ocr_par' dir='ltr' id='par_1_10' title="bbox 212 1106 1768 1180">
     <span class='ocr_line' id='line_1_10' title="bbox 212 1106 1768 1180; baseline -0.015 0"><span class='ocrx_word' id='word_1_59' title='bbox 212 1121 457 1180; x_wconf 87' lang='lat' dir='ltr'><strong>sutoribus</strong></span> <span class='ocrx_word' id='word_1_60' title='bbox 488 1115 786 1170; x_wconf 89' lang='lat' dir='ltr'><strong>fabularum</strong></span> <span class='ocrx_word' id='word_1_61' title='bbox 805 1151 820 1176; x_wconf 93' lang='lat'><strong>,</strong></span> <span class='ocrx_word' id='word_1_62' title='bbox 848 1110 916 1164; x_wconf 92' lang='lat' dir='ltr'><strong>de</strong></span> <span class='ocrx_word' id='word_1_63' title='bbox 950 1106 1424 1163; x_wconf 88' lang='lat' dir='ltr'><strong>concinnatoribus</strong></span> <span class='ocrx_word' id='word_1_64' title='bbox 1448 1106 1730 1160; x_wconf 88' lang='lat' dir='ltr'><strong>criminum</strong></span> <span class='ocrx_word' id='word_1_65' title='bbox 1754 1143 1768 1167; x_wconf 94' lang='lat'><strong>,</strong></span> 
     </span>
    </p>
   </div>
   <div class='ocr_carea' id='block_1_11' title="bbox 210 1197 1772 1274">
    <p class='ocr_par' dir='ltr' id='par_1_11' title="bbox 210 1197 1772 1274">
     <span class='ocr_line' id='line_1_11' title="bbox 210 1197 1772 1274; baseline -0.014 -2"><span class='ocrx_word' id='word_1_66' title='bbox 210 1219 271 1272; x_wconf 87' lang='lat' dir='ltr'><strong>de</strong></span> <span class='ocrx_word' id='word_1_67' title='bbox 315 1213 647 1269; x_wconf 76' lang='lat' dir='ltr'><strong>sinistrarum</strong></span> <span class='ocrx_word' id='word_1_68' title='bbox 700 1204 1011 1274; x_wconf 85' lang='lat' dir='ltr'><strong>opinionum</strong></span> <span class='ocrx_word' id='word_1_69' title='bbox 1066 1197 1519 1269; x_wconf 81' lang='lat' dir='ltr'><strong>duphcatoribus;</strong></span> <span class='ocrx_word' id='word_1_70' title='bbox 1580 1197 1772 1264; x_wconf 74' lang='lat' dir='ltr'><strong>loquax</strong></span> 
     </span>
    </p>
   </div>
   <div class='ocr_carea' id='block_1_12' title="bbox 214 1294 1773 1382">
    <p class='ocr_par' dir='ltr' id='par_1_12' title="bbox 214 1294 1773 1382">
     <span class='ocr_line' id='line_1_12' title="bbox 214 1294 1773 1382; baseline -0.016 -14"><span class='ocrx_word' id='word_1_71' title='bbox 214 1314 334 1382; x_wconf 88' lang='lat' dir='ltr'><strong>ipse,</strong></span> <span class='ocrx_word' id='word_1_72' title='bbox 372 1322 470 1363; x_wconf 90' lang='lat' dir='ltr'><strong>nec</strong></span> <span class='ocrx_word' id='word_1_73' title='bbox 507 1304 683 1366; x_wconf 81' lang='lat' dir='ltr'><strong>dicax,</strong></span> <span class='ocrx_word' id='word_1_74' title='bbox 720 1298 1102 1366; x_wconf 89' lang='lat' dir='ltr'><strong>ridiculusque,</strong></span> <span class='ocrx_word' id='word_1_75' title='bbox 1141 1310 1238 1349; x_wconf 90' lang='lat' dir='ltr'><strong>nec</strong></span> <span class='ocrx_word' id='word_1_76' title='bbox 1269 1294 1446 1357; x_wconf 67' lang='lat' dir='ltr'><strong>laatus,</strong></span> <span class='ocrx_word' id='word_1_77' title='bbox 1490 1306 1773 1360; x_wconf 82' lang='lat' dir='ltr'><strong>arrogans-</strong></span> 
     </span>
    </p>
   </div>
   <div class='ocr_carea' id='block_1_13' title="bbox 214 1385 1770 1475">
    <p class='ocr_par' dir='ltr' id='par_1_13' title="bbox 214 1385 1770 1475">
     <span class='ocr_line' id='line_1_13' title="bbox 214 1385 1770 1475; baseline -0.012 -20"><span class='ocrx_word' id='word_1_78' title='bbox 214 1420 334 1475; x_wconf 83' lang='lat' dir='ltr'><strong>que,</strong></span> <span class='ocrx_word' id='word_1_79' title='bbox 390 1414 485 1454; x_wconf 83' lang='lat' dir='ltr'><strong>nec</strong></span> <span class='ocrx_word' id='word_1_80' title='bbox 542 1403 829 1457; x_wconf 82' lang='lat' dir='ltr'><strong>constans,</strong></span> <span class='ocrx_word' id='word_1_81' title='bbox 870 1392 1220 1459; x_wconf 64' lang='lat' dir='ltr'><strong>curiosusque</strong></span> <span class='ocrx_word' id='word_1_82' title='bbox 1247 1429 1261 1453; x_wconf 91' lang='lat'><strong>,</strong></span> <span class='ocrx_word' id='word_1_83' title='bbox 1310 1402 1410 1441; x_wconf 89' lang='lat' dir='ltr'><strong>nec</strong></span> <span class='ocrx_word' id='word_1_84' title='bbox 1454 1385 1770 1455; x_wconf 81' lang='lat' dir='ltr'><strong>perspicax.</strong></span> 
     </span>
    </p>
   </div>
   <div class='ocr_carea' id='block_1_14' title="bbox 214 1479 1770 1565">
    <p class='ocr_par' dir='ltr' id='par_1_14' title="bbox 214 1479 1770 1565">
     <span class='ocr_line' id='line_1_14' title="bbox 214 1479 1770 1565; baseline -0.013 -15"><span class='ocrx_word' id='word_1_85' title='bbox 214 1508 352 1565; x_wconf 83' lang='lat' dir='ltr'><strong>atque</strong></span> <span class='ocrx_word' id='word_1_86' title='bbox 397 1490 710 1546; x_wconf 88' lang='lat' dir='ltr'><strong>indecenter</strong></span> <span class='ocrx_word' id='word_1_87' title='bbox 747 1484 997 1539; x_wconf 83' lang='lat' dir='ltr'><strong>affectate</strong></span> <span class='ocrx_word' id='word_1_88' title='bbox 1044 1482 1228 1550; x_wconf 87' lang='lat' dir='ltr'><strong>lepore</strong></span> <span class='ocrx_word' id='word_1_89' title='bbox 1256 1521 1270 1543; x_wconf 93' lang='lat'><strong>,</strong></span> <span class='ocrx_word' id='word_1_90' title='bbox 1316 1481 1438 1549; x_wconf 87' lang='lat' dir='ltr'><strong>plus</strong></span> <span class='ocrx_word' id='word_1_91' title='bbox 1480 1479 1714 1532; x_wconf 72' lang='lat' dir='ltr'><strong>rusﬁcus</strong></span> <span class='ocrx_word' id='word_1_92' title='bbox 1756 1493 1770 1529; x_wconf 88' lang='lat'><strong>:</strong></span> 
     </span>
    </p>
   </div>
   <div class='ocr_carea' id='block_1_15' title="bbox 218 1568 1771 1655">
    <p class='ocr_par' dir='ltr' id='par_1_15' title="bbox 218 1568 1771 1655">
     <span class='ocr_line' id='line_1_15' title="bbox 218 1568 1771 1655; baseline -0.015 -12"><span class='ocrx_word' id='word_1_93' title='bbox 218 1600 431 1655; x_wconf 86' lang='lat' dir='ltr'><strong>tempora</strong></span> <span class='ocrx_word' id='word_1_94' title='bbox 461 1578 747 1651; x_wconf 69' lang='lat' dir='ltr'><strong>prtesentia</strong></span> <span class='ocrx_word' id='word_1_95' title='bbox 779 1576 988 1639; x_wconf 91' lang='lat' dir='ltr'><strong>colens,</strong></span> <span class='ocrx_word' id='word_1_96' title='bbox 1020 1572 1287 1643; x_wconf 68' lang='lat' dir='ltr'><strong>praeterita</strong></span> <span class='ocrx_word' id='word_1_97' title='bbox 1319 1583 1566 1639; x_wconf 86' lang='lat' dir='ltr'><strong>carpens,</strong></span> <span class='ocrx_word' id='word_1_98' title='bbox 1598 1568 1771 1621; x_wconf 85' lang='lat' dir='ltr'><strong>futura</strong></span> 
     </span>
    </p>
   </div>
   <div class='ocr_carea' id='block_1_16' title="bbox 218 1662 1773 1735">
    <p class='ocr_par' dir='ltr' id='par_1_16' title="bbox 218 1662 1773 1735">
     <span class='ocr_line' id='line_1_16' title="bbox 218 1662 1773 1735; baseline -0.015 -1"><span class='ocrx_word' id='word_1_99' title='bbox 218 1678 484 1734; x_wconf 83' lang='lat' dir='ltr'><strong>fastidiens.</strong></span> <span class='ocrx_word' id='word_1_100' title='bbox 528 1669 782 1726; x_wconf 81' lang='lat' dir='ltr'><strong>Beneﬁcii</strong></span> <span class='ocrx_word' id='word_1_101' title='bbox 809 1709 824 1733; x_wconf 92' lang='lat'><strong>,</strong></span> <span class='ocrx_word' id='word_1_102' title='bbox 872 1666 917 1720; x_wconf 88' lang='lat' dir='ltr'><strong>si</strong></span> <span class='ocrx_word' id='word_1_103' title='bbox 950 1674 1230 1735; x_wconf 73' lang='lat' dir='ltr'><strong>rogaturus</strong></span> <span class='ocrx_word' id='word_1_104' title='bbox 1268 1672 1389 1729; x_wconf 90' lang='lat' dir='ltr'><strong>est,</strong></span> <span class='ocrx_word' id='word_1_105' title='bbox 1435 1662 1773 1728; x_wconf 90' lang='lat' dir='ltr'><strong>importunus</strong></span> 
     </span>
    </p>
   </div>
   <div class='ocr_carea' id='block_1_17' title="bbox 218 1752 1775 1841">
    <p class='ocr_par' dir='ltr' id='par_1_17' title="bbox 218 1752 1775 1841">
     <span class='ocr_line' id='line_1_17' title="bbox 218 1752 1775 1841; baseline -0.014 -15"><span class='ocrx_word' id='word_1_106' title='bbox 218 1768 427 1841; x_wconf 81' lang='lat' dir='ltr'><strong>petendi,</strong></span> <span class='ocrx_word' id='word_1_107' title='bbox 453 1766 743 1835; x_wconf 59' lang='lat' dir='ltr'><strong>derogator</strong></span> <span class='ocrx_word' id='word_1_108' title='bbox 768 1760 966 1830; x_wconf 87' lang='lat' dir='ltr'><strong>negati,</strong></span> <span class='ocrx_word' id='word_1_109' title='bbox 998 1756 1279 1811; x_wconf 69' lang='lat' dir='ltr'><strong>aemulator</strong></span> <span class='ocrx_word' id='word_1_110' title='bbox 1301 1752 1527 1821; x_wconf 81' lang='lat' dir='ltr'><strong>accepti,</strong></span> <span class='ocrx_word' id='word_1_111' title='bbox 1550 1752 1775 1806; x_wconf 90' lang='lat' dir='ltr'><strong>callidus</strong></span> 
     </span>
    </p>
   </div>
   <div class='ocr_carea' id='block_1_18' title="bbox 1872 555 3449 628">
    <p class='ocr_par' dir='ltr' id='par_1_18' title="bbox 1872 555 3449 628">
     <span class='ocr_line' id='line_1_18' title="bbox 1872 555 3449 628; baseline 0.001 -17"><span class='ocrx_word' id='word_1_112' title='bbox 1872 555 2056 612; x_wconf 88' lang='lat' dir='ltr'><strong>Portat</strong></span> <span class='ocrx_word' id='word_1_113' title='bbox 2083 565 2138 611; x_wconf 94' lang='lat' dir='ltr'><strong>et</strong></span> <span class='ocrx_word' id='word_1_114' title='bbox 2162 571 2371 622; x_wconf 89' lang='lat' dir='ltr'><strong>nasum,</strong></span> <span class='ocrx_word' id='word_1_115' title='bbox 2402 556 2491 627; x_wconf 91' lang='lat' dir='ltr'><strong>qui</strong></span> <span class='ocrx_word' id='word_1_116' title='bbox 2516 572 2638 612; x_wconf 90' lang='lat' dir='ltr'><strong>cum</strong></span> <span class='ocrx_word' id='word_1_117' title='bbox 2668 560 2739 611; x_wconf 89' lang='lat' dir='ltr'><strong>sit</strong></span> <span class='ocrx_word' id='word_1_118' title='bbox 2769 558 2975 628; x_wconf 90' lang='lat' dir='ltr'><strong>amplus</strong></span> <span class='ocrx_word' id='word_1_119' title='bbox 2997 558 3048 611; x_wconf 93' lang='lat' dir='ltr'><strong>in</strong></span> <span class='ocrx_word' id='word_1_120' title='bbox 3079 557 3449 625; x_wconf 83' lang='lat' dir='ltr'><strong>foraminibus,</strong></span> 
     </span>
    </p>
   </div>
   <div class='ocr_carea' id='block_1_19' title="bbox 1871 650 3453 721">
    <p class='ocr_par' dir='ltr' id='par_1_19' title="bbox 1871 650 3453 721">
     <span class='ocr_line' id='line_1_19' title="bbox 1871 650 3453 721; baseline -0.001 -14"><span class='ocrx_word' id='word_1_121' title='bbox 1871 659 1921 707; x_wconf 88' lang='lat' dir='ltr'><strong>et</strong></span> <span class='ocrx_word' id='word_1_122' title='bbox 1956 651 2173 705; x_wconf 88' lang='lat' dir='ltr'><strong>strictus</strong></span> <span class='ocrx_word' id='word_1_123' title='bbox 2214 651 2266 705; x_wconf 93' lang='lat' dir='ltr'><strong>in</strong></span> <span class='ocrx_word' id='word_1_124' title='bbox 2297 650 2469 719; x_wconf 80' lang='lat' dir='ltr'><strong>spina,</strong></span> <span class='ocrx_word' id='word_1_125' title='bbox 2504 650 2585 706; x_wconf 91' lang='lat' dir='ltr'><strong>sic</strong></span> <span class='ocrx_word' id='word_1_126' title='bbox 2632 652 2860 720; x_wconf 85' lang='lat' dir='ltr'><strong>patescit</strong></span> <span class='ocrx_word' id='word_1_127' title='bbox 2892 651 3101 707; x_wconf 54' lang='lat' dir='ltr'><strong>horrori</strong></span> <span class='ocrx_word' id='word_1_128' title='bbox 3126 692 3141 716; x_wconf 93' lang='lat'><strong>,</strong></span> <span class='ocrx_word' id='word_1_129' title='bbox 3170 651 3315 721; x_wconf 88' lang='lat' dir='ltr'><strong>quod</strong></span> <span class='ocrx_word' id='word_1_130' title='bbox 3355 665 3453 706; x_wconf 85' lang='lat' dir='ltr'><strong>an-</strong></span> 
     </span>
    </p>
   </div>
   <div class='ocr_carea' id='block_1_20' title="bbox 1871 739 3449 813">
    <p class='ocr_par' dir='ltr' id='par_1_20' title="bbox 1871 739 3449 813">
     <span class='ocr_line' id='line_1_20' title="bbox 1871 739 3449 813; baseline 0.003 -21"><span class='ocrx_word' id='word_1_131' title='bbox 1871 750 2116 809; x_wconf 89' lang='lat' dir='ltr'><strong>gustatur</strong></span> <span class='ocrx_word' id='word_1_132' title='bbox 2150 739 2391 797; x_wconf 80' lang='lat' dir='ltr'><strong>olfactui.</strong></span> <span class='ocrx_word' id='word_1_133' title='bbox 2432 741 2723 798; x_wconf 71' lang='lat' dir='ltr'><strong>Prtetendit</strong></span> <span class='ocrx_word' id='word_1_134' title='bbox 2764 757 2826 798; x_wconf 91' lang='lat' dir='ltr'><strong>os</strong></span> <span class='ocrx_word' id='word_1_135' title='bbox 2868 744 3030 799; x_wconf 91' lang='lat' dir='ltr'><strong>etiam</strong></span> <span class='ocrx_word' id='word_1_136' title='bbox 3070 742 3232 799; x_wconf 91' lang='lat' dir='ltr'><strong>labris</strong></span> <span class='ocrx_word' id='word_1_137' title='bbox 3278 744 3449 813; x_wconf 79' lang='lat' dir='ltr'><strong>plum-</strong></span> 
     </span>
    </p>
   </div>
   <div class='ocr_carea' id='block_1_21' title="bbox 1875 832 3450 904">
    <p class='ocr_par' dir='ltr' id='par_1_21' title="bbox 1875 832 3450 904">
     <span class='ocr_line' id='line_1_21' title="bbox 1875 832 3450 904; baseline 0.003 -18"><span class='ocrx_word' id='word_1_138' title='bbox 1875 833 2057 900; x_wconf 89' lang='lat' dir='ltr'><strong>beum,</strong></span> <span class='ocrx_word' id='word_1_139' title='bbox 2090 833 2227 887; x_wconf 89' lang='lat' dir='ltr'><strong>rictu</strong></span> <span class='ocrx_word' id='word_1_140' title='bbox 2259 832 2488 889; x_wconf 79' lang='lat' dir='ltr'><strong>ferinum</strong></span> <span class='ocrx_word' id='word_1_141' title='bbox 2506 877 2521 900; x_wconf 92' lang='lat'><strong>,</strong></span> <span class='ocrx_word' id='word_1_142' title='bbox 2547 834 2773 904; x_wconf 74' lang='lat' dir='ltr'><strong>gingivis</strong></span> <span class='ocrx_word' id='word_1_143' title='bbox 2802 835 3140 904; x_wconf 91' lang='lat' dir='ltr'><strong>purulentum</strong></span> <span class='ocrx_word' id='word_1_144' title='bbox 3160 878 3176 901; x_wconf 90' lang='lat'><strong>,</strong></span> <span class='ocrx_word' id='word_1_145' title='bbox 3202 834 3450 891; x_wconf 83' lang='lat' dir='ltr'><strong>dentibus</strong></span> 
     </span>
    </p>
   </div>
   <div class='ocr_carea' id='block_1_22' title="bbox 1874 924 3455 997">
    <p class='ocr_par' dir='ltr' id='par_1_22' title="bbox 1874 924 3455 997">
     <span class='ocr_line' id='line_1_22' title="bbox 1874 924 3455 997; baseline 0.003 -19"><span class='ocrx_word' id='word_1_146' title='bbox 1874 925 2137 989; x_wconf 79' lang='lat' dir='ltr'><strong>buxeum;</strong></span> <span class='ocrx_word' id='word_1_147' title='bbox 2186 924 2327 994; x_wconf 92' lang='lat' dir='ltr'><strong>quod</strong></span> <span class='ocrx_word' id='word_1_148' title='bbox 2362 935 2579 994; x_wconf 82' lang='lat' dir='ltr'><strong>spurcat</strong></span> <span class='ocrx_word' id='word_1_149' title='bbox 2607 927 2914 997; x_wconf 89' lang='lat' dir='ltr'><strong>frequenter</strong></span> <span class='ocrx_word' id='word_1_150' title='bbox 2940 926 3221 984; x_wconf 78' lang='lat' dir='ltr'><strong>exhalatus</strong></span> <span class='ocrx_word' id='word_1_151' title='bbox 3250 942 3281 982; x_wconf 94' lang='lat' dir='ltr'><strong>e</strong></span> <span class='ocrx_word' id='word_1_152' title='bbox 3322 941 3455 983; x_wconf 89' lang='lat' dir='ltr'><strong>con-</strong></span> 
     </span>
    </p>
   </div>
   <div class='ocr_carea' id='block_1_23' title="bbox 1874 1016 3454 1089">
    <p class='ocr_par' dir='ltr' id='par_1_23' title="bbox 1874 1016 3454 1089">
     <span class='ocr_line' id='line_1_23' title="bbox 1874 1016 3454 1089; baseline 0.006 -20"><span class='ocrx_word' id='word_1_153' title='bbox 1874 1030 2006 1069; x_wconf 84' lang='lat' dir='ltr'><strong>cavo</strong></span> <span class='ocrx_word' id='word_1_154' title='bbox 2037 1016 2320 1071; x_wconf 86' lang='lat' dir='ltr'><strong>molarium</strong></span> <span class='ocrx_word' id='word_1_155' title='bbox 2350 1019 2897 1085; x_wconf 84' lang='lat' dir='ltr'><strong>computrescentium</strong></span> <span class='ocrx_word' id='word_1_156' title='bbox 2941 1019 3260 1087; x_wconf 83' lang='lat' dir='ltr'><strong>mephiticus</strong></span> <span class='ocrx_word' id='word_1_157' title='bbox 3296 1022 3454 1089; x_wconf 92' lang='lat' dir='ltr'><strong>odor,</strong></span> 
     </span>
    </p>
   </div>
   <div class='ocr_carea' id='block_1_24' title="bbox 1874 1108 3457 1182">
    <p class='ocr_par' dir='ltr' id='par_1_24' title="bbox 1874 1108 3457 1182">
     <span class='ocr_line' id='line_1_24' title="bbox 1874 1108 3457 1182; baseline 0.006 -20"><span class='ocrx_word' id='word_1_158' title='bbox 1874 1122 2032 1176; x_wconf 84' lang='lat' dir='ltr'><strong>quem</strong></span> <span class='ocrx_word' id='word_1_159' title='bbox 2088 1108 2491 1178; x_wconf 65' lang='lat' dir='ltr'><strong>supercumulat</strong></span> <span class='ocrx_word' id='word_1_160' title='bbox 2531 1110 2802 1166; x_wconf 80' lang='lat' dir='ltr'><strong>esculenta</strong></span> <span class='ocrx_word' id='word_1_161' title='bbox 2846 1114 3075 1169; x_wconf 89' lang='lat' dir='ltr'><strong>ructatio</strong></span> <span class='ocrx_word' id='word_1_162' title='bbox 3113 1113 3181 1169; x_wconf 86' lang='lat' dir='ltr'><strong>de</strong></span> <span class='ocrx_word' id='word_1_163' title='bbox 3227 1114 3457 1182; x_wconf 83' lang='lat' dir='ltr'><strong>dapibus</strong></span> 
     </span>
    </p>
   </div>
   <div class='ocr_carea' id='block_1_25' title="bbox 1876 1200 3454 1262">
    <p class='ocr_par' dir='ltr' id='par_1_25' title="bbox 1876 1200 3454 1262">
     <span class='ocr_line' id='line_1_25' title="bbox 1876 1200 3454 1262; baseline 0.006 -9"><span class='ocrx_word' id='word_1_164' title='bbox 1876 1200 2144 1256; x_wconf 87' lang='lat' dir='ltr'><strong>hesternis</strong></span> <span class='ocrx_word' id='word_1_165' title='bbox 2196 1210 2251 1257; x_wconf 91' lang='lat' dir='ltr'><strong>et</strong></span> <span class='ocrx_word' id='word_1_166' title='bbox 2277 1201 2683 1258; x_wconf 76' lang='lat' dir='ltr'><strong>redundantiam</strong></span> <span class='ocrx_word' id='word_1_167' title='bbox 2732 1204 2940 1258; x_wconf 90' lang='lat' dir='ltr'><strong>sentina</strong></span> <span class='ocrx_word' id='word_1_168' title='bbox 2983 1220 3280 1261; x_wconf 75' lang='lat' dir='ltr'><strong>ccenarum.</strong></span> <span class='ocrx_word' id='word_1_169' title='bbox 3328 1208 3454 1262; x_wconf 86' lang='lat' dir='ltr'><strong>Pro-</strong></span> 
     </span>
    </p>
   </div>
   <div class='ocr_carea' id='block_1_26' title="bbox 1880 1293 3455 1368">
    <p class='ocr_par' dir='ltr' id='par_1_26' title="bbox 1880 1293 3455 1368">
     <span class='ocr_line' id='line_1_26' title="bbox 1880 1293 3455 1368; baseline 0.005 -22"><span class='ocrx_word' id='word_1_170' title='bbox 1880 1294 1975 1346; x_wconf 88' lang='lat' dir='ltr'><strong>mit</strong></span> <span class='ocrx_word' id='word_1_171' title='bbox 2000 1301 2052 1347; x_wconf 90' lang='lat' dir='ltr'><strong>et</strong></span> <span class='ocrx_word' id='word_1_172' title='bbox 2079 1293 2306 1349; x_wconf 90' lang='lat' dir='ltr'><strong>frontem</strong></span> <span class='ocrx_word' id='word_1_173' title='bbox 2330 1333 2345 1358; x_wconf 92' lang='lat'><strong>,</strong></span> <span class='ocrx_word' id='word_1_174' title='bbox 2377 1309 2498 1363; x_wconf 69' lang='lat' dir='ltr'><strong>quae</strong></span> <span class='ocrx_word' id='word_1_175' title='bbox 2540 1294 2835 1350; x_wconf 66' lang='lat' dir='ltr'><strong>foedissimo</strong></span> <span class='ocrx_word' id='word_1_176' title='bbox 2864 1306 3016 1365; x_wconf 86' lang='lat' dir='ltr'><strong>gestu</strong></span> <span class='ocrx_word' id='word_1_177' title='bbox 3042 1307 3216 1353; x_wconf 91' lang='lat' dir='ltr'><strong>cutem</strong></span> <span class='ocrx_word' id='word_1_178' title='bbox 3250 1299 3412 1368; x_wconf 90' lang='lat' dir='ltr'><strong>plicat</strong></span> <span class='ocrx_word' id='word_1_179' title='bbox 3439 1343 3455 1366; x_wconf 92' lang='lat'><strong>,</strong></span> 
     </span>
    </p>
   </div>
   <div class='ocr_carea' id='block_1_27' title="bbox 1876 1385 3451 1457">
    <p class='ocr_par' dir='ltr' id='par_1_27' title="bbox 1876 1385 3451 1457">
     <span class='ocr_line' id='line_1_27' title="bbox 1876 1385 3451 1457; baseline 0.005 -20"><span class='ocrx_word' id='word_1_180' title='bbox 1876 1385 2164 1453; x_wconf 80' lang='lat' dir='ltr'><strong>supercilia</strong></span> <span class='ocrx_word' id='word_1_181' title='bbox 2209 1385 2487 1440; x_wconf 87' lang='lat' dir='ltr'><strong>distendit.</strong></span> <span class='ocrx_word' id='word_1_182' title='bbox 2518 1385 2694 1440; x_wconf 73' lang='lat' dir='ltr'><strong>Nutt-it</strong></span> <span class='ocrx_word' id='word_1_183' title='bbox 2722 1395 2777 1441; x_wconf 92' lang='lat' dir='ltr'><strong>et</strong></span> <span class='ocrx_word' id='word_1_184' title='bbox 2807 1388 3049 1451; x_wconf 86' lang='lat' dir='ltr'><strong>barbam,</strong></span> <span class='ocrx_word' id='word_1_185' title='bbox 3078 1404 3200 1456; x_wconf 77' lang='lat' dir='ltr'><strong>qua:</strong></span> <span class='ocrx_word' id='word_1_186' title='bbox 3224 1390 3334 1457; x_wconf 90' lang='lat' dir='ltr'><strong>jam</strong></span> <span class='ocrx_word' id='word_1_187' title='bbox 3374 1406 3451 1445; x_wconf 85' lang='lat' dir='ltr'><strong>se-</strong></span> 
     </span>
    </p>
   </div>
   <div class='ocr_carea' id='block_1_28' title="bbox 1880 1480 3454 1557">
    <p class='ocr_par' dir='ltr' id='par_1_28' title="bbox 1880 1480 3454 1557">
     <span class='ocr_line' id='line_1_28' title="bbox 1880 1480 3454 1557; baseline 0.006 -25"><span class='ocrx_word' id='word_1_188' title='bbox 1880 1487 2096 1534; x_wconf 90' lang='lat' dir='ltr'><strong>nectute</strong></span> <span class='ocrx_word' id='word_1_189' title='bbox 2121 1494 2414 1534; x_wconf 86' lang='lat' dir='ltr'><strong>canescens</strong></span> <span class='ocrx_word' id='word_1_190' title='bbox 2436 1518 2455 1546; x_wconf 88' lang='lat'><strong>,</strong></span> <span class='ocrx_word' id='word_1_191' title='bbox 2487 1480 2546 1534; x_wconf 86' lang='lat' dir='ltr'><strong>fit</strong></span> <span class='ocrx_word' id='word_1_192' title='bbox 2576 1488 2753 1537; x_wconf 87' lang='lat' dir='ltr'><strong>tamen</strong></span> <span class='ocrx_word' id='word_1_193' title='bbox 2796 1482 2984 1537; x_wconf 88' lang='lat' dir='ltr'><strong>morbo</strong></span> <span class='ocrx_word' id='word_1_194' title='bbox 3014 1483 3164 1549; x_wconf 81' lang='lat' dir='ltr'><strong>nigra</strong></span> <span class='ocrx_word' id='word_1_195' title='bbox 3216 1485 3454 1557; x_wconf 59' lang='lat' dir='ltr'><strong>Syllana.</strong></span> 
     </span>
    </p>
   </div>
   <div class='ocr_carea' id='block_1_29' title="bbox 1875 1572 3459 1645">
    <p class='ocr_par' dir='ltr' id='par_1_29' title="bbox 1875 1572 3459 1645">
     <span class='ocr_line' id='line_1_29' title="bbox 1875 1572 3459 1645; baseline 0.004 -21"><span class='ocrx_word' id='word_1_196' title='bbox 1875 1573 1981 1642; x_wconf 68' lang='lat'><strong>81</strong></span> <span class='ocrx_word' id='word_1_197' title='bbox 2011 1572 2142 1627; x_wconf 87' lang='lat' dir='ltr'><strong>Tota</strong></span> <span class='ocrx_word' id='word_1_198' title='bbox 2171 1572 2403 1644; x_wconf 57' lang='lat' dir='ltr'><strong>denique</strong></span> <span class='ocrx_word' id='word_1_199' title='bbox 2430 1580 2514 1628; x_wconf 89' lang='lat' dir='ltr'><strong>est</strong></span> <span class='ocrx_word' id='word_1_200' title='bbox 2533 1574 2732 1629; x_wconf 89' lang='lat' dir='ltr'><strong>misero</strong></span> <span class='ocrx_word' id='word_1_201' title='bbox 2764 1574 2925 1630; x_wconf 89' lang='lat' dir='ltr'><strong>facies</strong></span> <span class='ocrx_word' id='word_1_202' title='bbox 2954 1576 3027 1630; x_wconf 90' lang='lat' dir='ltr'><strong>ita</strong></span> <span class='ocrx_word' id='word_1_203' title='bbox 3050 1577 3267 1645; x_wconf 83' lang='lat' dir='ltr'><strong>pallida,</strong></span> <span class='ocrx_word' id='word_1_204' title='bbox 3296 1579 3459 1639; x_wconf 85' lang='lat' dir='ltr'><strong>veluti</strong></span> 
     </span>
    </p>
   </div>
   <div class='ocr_carea' id='block_1_30' title="bbox 1881 1665 3460 1731">
    <p class='ocr_par' dir='ltr' id='par_1_30' title="bbox 1881 1665 3460 1731">
     <span class='ocr_line' id='line_1_30' title="bbox 1881 1665 3460 1731; baseline 0.004 -14"><span class='ocrx_word' id='word_1_205' title='bbox 1881 1679 1975 1731; x_wconf 88' lang='lat' dir='ltr'><strong>per</strong></span> <span class='ocrx_word' id='word_1_206' title='bbox 2005 1670 2164 1718; x_wconf 90' lang='lat' dir='ltr'><strong>horas</strong></span> <span class='ocrx_word' id='word_1_207' title='bbox 2190 1665 2395 1719; x_wconf 89' lang='lat' dir='ltr'><strong>umbris</strong></span> <span class='ocrx_word' id='word_1_208' title='bbox 2424 1666 2758 1720; x_wconf 67' lang='lat' dir='ltr'><strong>maestificata</strong></span> <span class='ocrx_word' id='word_1_209' title='bbox 2784 1666 3089 1724; x_wconf 85' lang='lat' dir='ltr'><strong>larvalibus.</strong></span> <span class='ocrx_word' id='word_1_210' title='bbox 3121 1669 3297 1724; x_wconf 87' lang='lat' dir='ltr'><strong>Taceo</strong></span> <span class='ocrx_word' id='word_1_211' title='bbox 3336 1670 3460 1724; x_wconf 85' lang='lat' dir='ltr'><strong>reli-</strong></span> 
     </span>
    </p>
   </div>
   <div class='ocr_carea' id='block_1_31' title="bbox 1879 1758 3459 1830">
    <p class='ocr_par' dir='ltr' id='par_1_31' title="bbox 1879 1758 3459 1830">
     <span class='ocr_line' id='line_1_31' title="bbox 1879 1758 3459 1830; baseline 0.004 -22"><span class='ocrx_word' id='word_1_212' title='bbox 1879 1772 2040 1825; x_wconf 90' lang='lat' dir='ltr'><strong>quam</strong></span> <span class='ocrx_word' id='word_1_213' title='bbox 2070 1758 2151 1812; x_wconf 89' lang='lat' dir='ltr'><strong>sui</strong></span> <span class='ocrx_word' id='word_1_214' title='bbox 2184 1758 2401 1824; x_wconf 91' lang='lat' dir='ltr'><strong>molem,</strong></span> <span class='ocrx_word' id='word_1_215' title='bbox 2433 1760 2663 1813; x_wconf 84' lang='lat' dir='ltr'><strong>vinctam</strong></span> <span class='ocrx_word' id='word_1_216' title='bbox 2692 1759 2943 1830; x_wconf 78' lang='lat' dir='ltr'><strong>podagra,</strong></span> <span class='ocrx_word' id='word_1_217' title='bbox 2972 1760 3293 1830; x_wconf 79' lang='lat' dir='ltr'><strong>pinguedine</strong></span> <span class='ocrx_word' id='word_1_218' title='bbox 3314 1762 3459 1817; x_wconf 91' lang='lat' dir='ltr'><strong>solu-</strong></span> 
     </span>
    </p>
   </div>
   <div class='ocr_carea' id='block_1_32' title="bbox 218 1839 3459 1926">
    <p class='ocr_par' dir='ltr' id='par_1_32' title="bbox 218 1839 3459 1926">
     <span class='ocr_line' id='line_1_32' title="bbox 218 1839 3459 1926; baseline -0.001 -13"><span class='ocrx_word' id='word_1_219' title='bbox 218 1839 515 1918; x_wconf 76' lang='lat' dir='ltr'><strong>ri:lorm;indi</strong></span> <span class='ocrx_word' id='word_1_220' title='bbox 538 1898 554 1923; x_wconf 94' lang='lat'><strong>,</strong></span> <span class='ocrx_word' id='word_1_221' title='bbox 581 1854 837 1925; x_wconf 87' lang='lat' dir='ltr'><strong>querulus</strong></span> <span class='ocrx_word' id='word_1_222' title='bbox 869 1849 1087 1920; x_wconf 53' lang='lat' dir='ltr'><strong>flagitati</strong></span> <span class='ocrx_word' id='word_1_223' title='bbox 1106 1888 1122 1913; x_wconf 92' lang='lat'><strong>,</strong></span> <span class='ocrx_word' id='word_1_224' title='bbox 1152 1846 1399 1918; x_wconf 78' lang='lat' dir='ltr'><strong>garrulus</strong></span> <span class='ocrx_word' id='word_1_225' title='bbox 1426 1846 1687 1909; x_wconf 90' lang='lat' dir='ltr'><strong>restituti;</strong></span> <span class='ocrx_word' id='word_1_226' title='bbox 1720 1853 1771 1896; x_wconf 88' lang='lat' dir='ltr'><strong>at</strong></span> <span class='ocrx_word' id='word_1_227' title='bbox 1809 1839 1850 1897; x_wconf 83' lang='grc' dir='ltr'><strong>Β</strong></span> <span class='ocrx_word' id='word_1_228' title='bbox 1880 1859 2009 1905; x_wconf 88' lang='lat' dir='ltr'><strong>tam.</strong></span> <span class='ocrx_word' id='word_1_229' title='bbox 2033 1850 2211 1906; x_wconf 86' lang='lat' dir='ltr'><strong>Taceo</strong></span> <span class='ocrx_word' id='word_1_230' title='bbox 2238 1852 2522 1906; x_wconf 87' lang='lat' dir='ltr'><strong>cerebrum</strong></span> <span class='ocrx_word' id='word_1_231' title='bbox 2547 1852 2734 1907; x_wconf 89' lang='lat' dir='ltr'><strong>crebra</strong></span> <span class='ocrx_word' id='word_1_232' title='bbox 2758 1854 2933 1909; x_wconf 89' lang='lat' dir='ltr'><strong>vihiee</strong></span> <span class='ocrx_word' id='word_1_233' title='bbox 2954 1865 3286 1923; x_wconf 88' lang='lat' dir='ltr'><strong>peraratum;</strong></span> <span class='ocrx_word' id='word_1_234' title='bbox 3317 1857 3459 1926; x_wconf 86' lang='lat' dir='ltr'><strong>quod</strong></span> 
     </span>
    </p>
   </div>
   <div class='ocr_carea' id='block_1_33' title="bbox 217 1936 1771 2022">
    <p class='ocr_par' dir='ltr' id='par_1_33' title="bbox 217 1936 1771 2022">
     <span class='ocr_line' id='line_1_33' title="bbox 217 1936 1771 2022; baseline -0.013 -13"><span class='ocrx_word' id='word_1_235' title='bbox 217 1957 253 2009; x_wconf 83' lang='lat' dir='ltr'><strong>si</strong></span> <span class='ocrx_word' id='word_1_236' title='bbox 281 1952 566 2022; x_wconf 80' lang='lat' dir='ltr'><strong>rogandus,</strong></span> <span class='ocrx_word' id='word_1_237' title='bbox 610 1946 893 2003; x_wconf 85' lang='lat' dir='ltr'><strong>simulator</strong></span> <span class='ocrx_word' id='word_1_238' title='bbox 929 1941 1132 2013; x_wconf 81' lang='lat' dir='ltr'><strong>parati,</strong></span> <span class='ocrx_word' id='word_1_239' title='bbox 1174 1939 1539 1995; x_wconf 88' lang='lat' dir='ltr'><strong>dissimulator</strong></span> <span class='ocrx_word' id='word_1_240' title='bbox 1588 1936 1771 2006; x_wconf 87' lang='lat' dir='ltr'><strong>petiti,</strong></span> 
     </span>
    </p>
   </div>
   <div class='ocr_carea' id='block_1_34' title="bbox 216 2031 1775 2112">
    <p class='ocr_par' dir='ltr' id='par_1_34' title="bbox 216 2031 1775 2112">
     <span class='ocr_line' id='line_1_34' title="bbox 216 2031 1775 2112; baseline -0.01 -14"><span class='ocrx_word' id='word_1_241' title='bbox 216 2045 436 2100; x_wconf 87' lang='lat' dir='ltr'><strong>venditor</strong></span> <span class='ocrx_word' id='word_1_242' title='bbox 490 2039 753 2112; x_wconf 60' lang='lat' dir='ltr'><strong>prtestiti,</strong></span> <span class='ocrx_word' id='word_1_243' title='bbox 811 2036 1111 2106; x_wconf 80' lang='lat' dir='ltr'><strong>publicator</strong></span> <span class='ocrx_word' id='word_1_244' title='bbox 1148 2031 1379 2096; x_wconf 88' lang='lat' dir='ltr'><strong>occulti,</strong></span> <span class='ocrx_word' id='word_1_245' title='bbox 1421 2032 1775 2085; x_wconf 82' lang='lat' dir='ltr'><strong>calumniator</strong></span> 
     </span>
    </p>
   </div>
   <div class='ocr_carea' id='block_1_35' title="bbox 216 2126 1776 2206">
    <p class='ocr_par' dir='ltr' id='par_1_35' title="bbox 216 2126 1776 2206">
     <span class='ocr_line' id='line_1_35' title="bbox 216 2126 1776 2206; baseline -0.012 -11"><span class='ocrx_word' id='word_1_246' title='bbox 216 2140 400 2206; x_wconf 80' lang='lat' dir='ltr'><strong>morati,</strong></span> <span class='ocrx_word' id='word_1_247' title='bbox 434 2136 699 2190; x_wconf 86' lang='lat' dir='ltr'><strong>inficiator</strong></span> <span class='ocrx_word' id='word_1_248' title='bbox 734 2131 892 2186; x_wconf 91' lang='lat' dir='ltr'><strong>soluti</strong></span> <span class='ocrx_word' id='word_1_249' title='bbox 926 2148 938 2182; x_wconf 91' lang='lat'>:</span> <span class='ocrx_word' id='word_1_250' title='bbox 978 2144 1104 2182; x_wconf 91' lang='lat' dir='ltr'><strong>osor</strong></span> <span class='ocrx_word' id='word_1_251' title='bbox 1129 2126 1456 2196; x_wconf 79' lang='lat' dir='ltr'><strong>jejuniorunt</strong></span> <span class='ocrx_word' id='word_1_252' title='bbox 1483 2165 1499 2187; x_wconf 88' lang='lat'><strong>,</strong></span> <span class='ocrx_word' id='word_1_253' title='bbox 1543 2131 1776 2179; x_wconf 70' lang='lat' dir='ltr'><strong>sectator</strong></span> 
     </span>
    </p>
   </div>
   <div class='ocr_carea' id='block_1_36' title="bbox 216 2216 1771 2301">
    <p class='ocr_par' dir='ltr' id='par_1_36' title="bbox 216 2216 1771 2301">
     <span class='ocr_line' id='line_1_36' title="bbox 216 2216 1771 2301; baseline -0.013 -14"><span class='ocrx_word' id='word_1_254' title='bbox 216 2232 492 2301; x_wconf 84' lang='lat' dir='ltr'><strong>cpularnm;</strong></span> <span class='ocrx_word' id='word_1_255' title='bbox 518 2225 843 2281; x_wconf 86' lang='lat' dir='ltr'><strong>laudabilem</strong></span> <span class='ocrx_word' id='word_1_256' title='bbox 868 2221 1147 2292; x_wconf 88' lang='lat' dir='ltr'><strong>proferens</strong></span> <span class='ocrx_word' id='word_1_257' title='bbox 1169 2235 1272 2273; x_wconf 94' lang='lat' dir='ltr'><strong>non</strong></span> <span class='ocrx_word' id='word_1_258' title='bbox 1292 2219 1357 2273; x_wconf 91' lang='lat' dir='ltr'><strong>de</strong></span> <span class='ocrx_word' id='word_1_259' title='bbox 1379 2218 1515 2272; x_wconf 85' lang='lat' dir='ltr'><strong>bene</strong></span> <span class='ocrx_word' id='word_1_260' title='bbox 1536 2216 1771 2279; x_wconf 84' lang='lat' dir='ltr'><strong>vivente,</strong></span> 
     </span>
    </p>
   </div>
   <div class='ocr_carea' id='block_1_37' title="bbox 212 2309 1773 2387">
    <p class='ocr_par' dir='ltr' id='par_1_37' title="bbox 212 2309 1773 2387">
     <span class='ocr_line' id='line_1_37' title="bbox 212 2309 1773 2387; baseline -0.012 -8"><span class='ocrx_word' id='word_1_261' title='bbox 212 2324 292 2379; x_wconf 81' lang='lat' dir='ltr'><strong>sed</strong></span> <span class='ocrx_word' id='word_1_262' title='bbox 315 2323 376 2377; x_wconf 85' lang='lat' dir='ltr'><strong>de</strong></span> <span class='ocrx_word' id='word_1_263' title='bbox 420 2322 555 2375; x_wconf 89' lang='lat' dir='ltr'><strong>bene</strong></span> <span class='ocrx_word' id='word_1_264' title='bbox 602 2332 715 2387; x_wconf 65' lang='lat' dir='ltr'><strong>past</strong></span> <span class='ocrx_word' id='word_1_265' title='bbox 734 2328 857 2371; x_wconf 82' lang='lat' dir='ltr'><strong>ente</strong></span> <span class='ocrx_word' id='word_1_266' title='bbox 884 2314 1230 2368; x_wconf 67' lang='lat' dir='ltr'><strong>sententiam.</strong></span> <span class='ocrx_word' id='word_1_267' title='bbox 1260 2310 1408 2364; x_wconf 84' lang='lat' dir='ltr'><strong>Inter</strong></span> <span class='ocrx_word' id='word_1_268' title='bbox 1438 2309 1555 2363; x_wconf 64' lang='lat' dir='ltr'><strong>hinc</strong></span> <span class='ocrx_word' id='word_1_269' title='bbox 1595 2316 1773 2373; x_wconf 82' lang='lat' dir='ltr'><strong>tamen</strong></span> 
     </span>
    </p>
   </div>
   <div class='ocr_carea' id='block_1_38' title="bbox 210 2400 1775 2483">
    <p class='ocr_par' dir='ltr' id='par_1_38' title="bbox 210 2400 1775 2483">
     <span class='ocr_line' id='line_1_38' title="bbox 210 2400 1775 2483; baseline -0.009 -14"><span class='ocrx_word' id='word_1_270' title='bbox 210 2415 312 2483; x_wconf 88' lang='lat' dir='ltr'><strong>ipse</strong></span> <span class='ocrx_word' id='word_1_271' title='bbox 341 2411 703 2475; x_wconf 81' lang='lat' dir='ltr'><strong>avarissimus,</strong></span> <span class='ocrx_word' id='word_1_272' title='bbox 736 2421 1001 2477; x_wconf 84' lang='lat' dir='ltr'><strong>quemque</strong></span> <span class='ocrx_word' id='word_1_273' title='bbox 1026 2418 1130 2459; x_wconf 89' lang='lat' dir='ltr'><strong>non</strong></span> <span class='ocrx_word' id='word_1_274' title='bbox 1164 2405 1332 2473; x_wconf 88' lang='lat' dir='ltr'><strong>pascit</strong></span> <span class='ocrx_word' id='word_1_275' title='bbox 1362 2412 1467 2455; x_wconf 92' lang='lat' dir='ltr'><strong>tam</strong></span> <span class='ocrx_word' id='word_1_276' title='bbox 1498 2400 1649 2471; x_wconf 91' lang='lat' dir='ltr'><strong>panis</strong></span> <span class='ocrx_word' id='word_1_277' title='bbox 1680 2400 1775 2455; x_wconf 89' lang='lat' dir='ltr'><strong>bo-</strong></span> 
     </span>
    </p>
   </div>
   <div class='ocr_carea' id='block_1_39' title="bbox 211 2490 1771 2575">
    <p class='ocr_par' dir='ltr' id='par_1_39' title="bbox 211 2490 1771 2575">
     <span class='ocr_line' id='line_1_39' title="bbox 211 2490 1771 2575; baseline -0.012 -13"><span class='ocrx_word' id='word_1_278' title='bbox 211 2522 298 2562; x_wconf 89' lang='lat' dir='ltr'><strong>nus</strong></span> <span class='ocrx_word' id='word_1_279' title='bbox 319 2520 468 2575; x_wconf 86' lang='lat' dir='ltr'><strong>quam</strong></span> <span class='ocrx_word' id='word_1_280' title='bbox 500 2503 656 2572; x_wconf 88' lang='lat' dir='ltr'><strong>panis</strong></span> <span class='ocrx_word' id='word_1_281' title='bbox 680 2501 888 2555; x_wconf 90' lang='lat' dir='ltr'><strong>alienus</strong></span> <span class='ocrx_word' id='word_1_282' title='bbox 920 2514 933 2551; x_wconf 92' lang='lat'><strong>:</strong></span> <span class='ocrx_word' id='word_1_283' title='bbox 957 2496 1062 2551; x_wconf 87' lang='lat' dir='ltr'><strong>hoc</strong></span> <span class='ocrx_word' id='word_1_284' title='bbox 1088 2495 1263 2550; x_wconf 90' lang='lat' dir='ltr'><strong>solum</strong></span> <span class='ocrx_word' id='word_1_285' title='bbox 1289 2493 1579 2549; x_wconf 86' lang='lat' dir='ltr'><strong>comedens</strong></span> <span class='ocrx_word' id='word_1_286' title='bbox 1605 2490 1771 2555; x_wconf 89' lang='lat' dir='ltr'><strong>domi,</strong></span> 
     </span>
    </p>
   </div>
   <div class='ocr_carea' id='block_1_40' title="bbox 209 2583 1775 2667">
    <p class='ocr_par' dir='ltr' id='par_1_40' title="bbox 209 2583 1775 2667">
     <span class='ocr_line' id='line_1_40' title="bbox 209 2583 1775 2667; baseline -0.01 -15"><span class='ocrx_word' id='word_1_287' title='bbox 209 2597 380 2667; x_wconf 82' lang='lat' dir='ltr'><strong>siquid</strong></span> <span class='ocrx_word' id='word_1_288' title='bbox 428 2611 457 2651; x_wconf 91' lang='lat' dir='ltr'><strong>e</strong></span> <span class='ocrx_word' id='word_1_289' title='bbox 497 2595 668 2659; x_wconf 88' lang='lat' dir='ltr'><strong>raptis</strong></span> <span class='ocrx_word' id='word_1_290' title='bbox 713 2592 852 2644; x_wconf 91' lang='lat' dir='ltr'><strong>inter</strong></span> <span class='ocrx_word' id='word_1_291' title='bbox 880 2590 1155 2657; x_wconf 75' lang='lat' dir='ltr'><strong>alaparum</strong></span> <span class='ocrx_word' id='word_1_292' title='bbox 1200 2584 1465 2656; x_wconf 79' lang='lat' dir='ltr'><strong>procellas</strong></span> <span class='ocrx_word' id='word_1_293' title='bbox 1516 2583 1775 2653; x_wconf 84' lang='lat' dir='ltr'><strong>praemisit</strong></span> 
     </span>
    </p>
   </div>
   <div class='ocr_carea' id='block_1_41' title="bbox 207 2676 1769 2748">
    <p class='ocr_par' dir='ltr' id='par_1_41' title="bbox 207 2676 1769 2748">
     <span class='ocr_line' id='line_1_41' title="bbox 207 2676 1769 2748; baseline -0.01 -4"><span class='ocrx_word' id='word_1_294' title='bbox 207 2688 443 2744; x_wconf 77' lang='lat' dir='ltr'><strong>obsoniis.</strong></span> <span class='ocrx_word' id='word_1_295' title='bbox 472 2685 577 2740; x_wconf 90' lang='lat' dir='ltr'><strong>Sed</strong></span> <span class='ocrx_word' id='word_1_296' title='bbox 612 2698 711 2738; x_wconf 90' lang='lat' dir='ltr'><strong>nec</strong></span> <span class='ocrx_word' id='word_1_297' title='bbox 742 2690 825 2736; x_wconf 88' lang='lat' dir='ltr'><strong>est</strong></span> <span class='ocrx_word' id='word_1_298' title='bbox 854 2695 984 2735; x_wconf 89' lang='lat' dir='ltr'><strong>sane</strong></span> <span class='ocrx_word' id='word_1_299' title='bbox 1010 2676 1369 2748; x_wconf 76' lang='lat' dir='ltr'><strong>[medicabilis</strong></span> <span class='ocrx_word' id='word_1_300' title='bbox 1397 2676 1495 2731; x_wconf 90' lang='lat' dir='ltr'><strong>viri</strong></span> <span class='ocrx_word' id='word_1_301' title='bbox 1528 2676 1578 2729; x_wconf 90' lang='lat' dir='ltr'><strong>iu</strong></span> <span class='ocrx_word' id='word_1_302' title='bbox 1603 2684 1769 2729; x_wconf 86' lang='lat' dir='ltr'><strong>totum</strong></span> 
     </span>
    </p>
   </div>
   <div class='ocr_carea' id='block_1_42' title="bbox 207 2767 1770 2846">
    <p class='ocr_par' dir='ltr' id='par_1_42' title="bbox 207 2767 1770 2846">
     <span class='ocr_line' id='line_1_42' title="bbox 207 2767 1770 2846; baseline -0.009 -10"><span class='ocrx_word' id='word_1_303' title='bbox 207 2780 390 2836; x_wconf 83' lang='lat' dir='ltr'><strong>silenda</strong></span> <span class='ocrx_word' id='word_1_304' title='bbox 423 2776 726 2846; x_wconf 70' lang='lat' dir='ltr'><strong>frugalitas;</strong></span> <span class='ocrx_word' id='word_1_305' title='bbox 747 2774 958 2842; x_wconf 88' lang='lat' dir='ltr'><strong>jejunat</strong></span> <span class='ocrx_word' id='word_1_306' title='bbox 979 2771 1227 2841; x_wconf 88' lang='lat' dir='ltr'><strong>quotiens</strong></span> <span class='ocrx_word' id='word_1_307' title='bbox 1258 2785 1363 2824; x_wconf 91' lang='lat' dir='ltr'><strong>non</strong></span> <span class='ocrx_word' id='word_1_308' title='bbox 1385 2777 1637 2832; x_wconf 85' lang='lat' dir='ltr'><strong>vocatur;</strong></span> <span class='ocrx_word' id='word_1_309' title='bbox 1674 2767 1770 2823; x_wconf 89' lang='lat' dir='ltr'><strong>sed</strong></span> 
     </span>
    </p>
   </div>
   <div class='ocr_carea' id='block_1_43' title="bbox 205 2861 1768 2941">
    <p class='ocr_par' dir='ltr' id='par_1_43' title="bbox 205 2861 1768 2941">
     <span class='ocr_line' id='line_1_43' title="bbox 205 2861 1768 2941; baseline -0.01 -13"><span class='ocrx_word' id='word_1_310' title='bbox 205 2872 273 2927; x_wconf 82' lang='lat' dir='ltr'><strong>sic</strong></span> <span class='ocrx_word' id='word_1_311' title='bbox 298 2885 501 2941; x_wconf 87' lang='lat' dir='ltr'><strong>quoque</strong></span> <span class='ocrx_word' id='word_1_312' title='bbox 528 2868 741 2923; x_wconf 84' lang='lat' dir='ltr'><strong>levitate</strong></span> <span class='ocrx_word' id='word_1_313' title='bbox 785 2863 1096 2934; x_wconf 84' lang='lat' dir='ltr'><strong>parasitica,</strong></span> <span class='ocrx_word' id='word_1_314' title='bbox 1125 2861 1170 2916; x_wconf 66' lang='lat' dir='ltr'><strong>si</strong></span> <span class='ocrx_word' id='word_1_315' title='bbox 1202 2862 1458 2916; x_wconf 89' lang='lat' dir='ltr'><strong>invitetur</strong></span> <span class='ocrx_word' id='word_1_316' title='bbox 1482 2874 1768 2926; x_wconf 76' lang='lat' dir='ltr'><strong>excusans,</strong></span> 
     </span>
    </p>
   </div>
   <div class='ocr_carea' id='block_1_44' title="bbox 203 2952 1769 3029">
    <p class='ocr_par' dir='ltr' id='par_1_44' title="bbox 203 2952 1769 3029">
     <span class='ocr_line' id='line_1_44' title="bbox 203 2952 1769 3029; baseline -0.008 -10"><span class='ocrx_word' id='word_1_317' title='bbox 203 2965 243 3019; x_wconf 81' lang='lat' dir='ltr'><strong>si</strong></span> <span class='ocrx_word' id='word_1_318' title='bbox 279 2965 463 3019; x_wconf 79' lang='lat' dir='ltr'><strong>vitetur</strong></span> <span class='ocrx_word' id='word_1_319' title='bbox 510 2960 832 3029; x_wconf 79' lang='lat' dir='ltr'><strong>explorans,</strong></span> <span class='ocrx_word' id='word_1_320' title='bbox 872 2956 917 3011; x_wconf 89' lang='lat' dir='ltr'><strong>si</strong></span> <span class='ocrx_word' id='word_1_321' title='bbox 958 2953 1278 3010; x_wconf 78' lang='lat' dir='ltr'><strong>excludatur</strong></span> <span class='ocrx_word' id='word_1_322' title='bbox 1316 2952 1681 3023; x_wconf 82' lang='lat' dir='ltr'><strong>exprobrans,</strong></span> <span class='ocrx_word' id='word_1_323' title='bbox 1724 2953 1769 3007; x_wconf 90' lang='lat' dir='ltr'><strong>si</strong></span> 
     </span>
    </p>
   </div>
   <div class='ocr_carea' id='block_1_45' title="bbox 203 3044 1767 3116">
    <p class='ocr_par' dir='ltr' id='par_1_45' title="bbox 203 3044 1767 3116">
     <span class='ocr_line' id='line_1_45' title="bbox 203 3044 1767 3116; baseline -0.006 -7"><span class='ocrx_word' id='word_1_324' title='bbox 203 3056 495 3110; x_wconf 85' lang='lat' dir='ltr'><strong>admittatur</strong></span> <span class='ocrx_word' id='word_1_325' title='bbox 519 3052 818 3116; x_wconf 75' lang='lat' dir='ltr'><strong>exsultans,</strong></span> <span class='ocrx_word' id='word_1_326' title='bbox 852 3049 897 3103; x_wconf 91' lang='lat' dir='ltr'><strong>si</strong></span> <span class='ocrx_word' id='word_1_327' title='bbox 926 3047 1243 3103; x_wconf 88' lang='lat' dir='ltr'><strong>verberetur</strong></span> <span class='ocrx_word' id='word_1_328' title='bbox 1268 3057 1605 3115; x_wconf 81' lang='lat' dir='ltr'><strong>exSpectans.</strong></span> <span class='ocrx_word' id='word_1_329' title='bbox 1636 3044 1767 3100; x_wconf 91' lang='lat' dir='ltr'><strong>Cum</strong></span> 
     </span>
    </p>
   </div>
   <div class='ocr_carea' id='block_1_46' title="bbox 202 3140 1767 3212">
    <p class='ocr_par' dir='ltr' id='par_1_46' title="bbox 202 3140 1767 3212">
     <span class='ocr_line' id='line_1_46' title="bbox 202 3140 1767 3212; baseline -0.006 -9"><span class='ocrx_word' id='word_1_330' title='bbox 202 3147 531 3212; x_wconf 87' lang='lat' dir='ltr'><strong>discubuerit,</strong></span> <span class='ocrx_word' id='word_1_331' title='bbox 566 3143 734 3199; x_wconf 86' lang='lat' dir='ltr'><strong>fertur</strong></span> <span class='ocrx_word' id='word_1_332' title='bbox 762 3150 1026 3208; x_wconf 91' lang='lat' dir='ltr'><strong>actutum,</strong></span> <span class='ocrx_word' id='word_1_333' title='bbox 1055 3140 1100 3194; x_wconf 93' lang='lat' dir='ltr'><strong>si</strong></span> <span class='ocrx_word' id='word_1_334' title='bbox 1124 3140 1274 3195; x_wconf 91' lang='lat' dir='ltr'><strong>tarde</strong></span> <span class='ocrx_word' id='word_1_335' title='bbox 1302 3140 1566 3205; x_wconf 81' lang='lat' dir='ltr'><strong>comedat,</strong></span> <span class='ocrx_word' id='word_1_336' title='bbox 1599 3140 1651 3195; x_wconf 92' lang='lat' dir='ltr'><strong>in</strong></span> <span class='ocrx_word' id='word_1_337' title='bbox 1680 3154 1767 3195; x_wconf 88' lang='lat' dir='ltr'><strong>ra-</strong></span> 
     </span>
    </p>
   </div>
   <div class='ocr_carea' id='block_1_47' title="bbox 205 3231 1765 3310">
    <p class='ocr_par' dir='ltr' id='par_1_47' title="bbox 205 3231 1765 3310">
     <span class='ocr_line' id='line_1_47' title="bbox 205 3231 1765 3310; baseline -0.006 -16"><span class='ocrx_word' id='word_1_338' title='bbox 205 3240 367 3310; x_wconf 86' lang='lat' dir='ltr'><strong>pinas;</strong></span> <span class='ocrx_word' id='word_1_339' title='bbox 410 3238 453 3293; x_wconf 89' lang='lat' dir='ltr'><strong>si</strong></span> <span class='ocrx_word' id='word_1_340' title='bbox 489 3237 598 3291; x_wconf 89' lang='lat' dir='ltr'><strong>cito</strong></span> <span class='ocrx_word' id='word_1_341' title='bbox 638 3242 932 3302; x_wconf 85' lang='lat' dir='ltr'><strong>saturetur,</strong></span> <span class='ocrx_word' id='word_1_342' title='bbox 974 3231 1026 3286; x_wconf 91' lang='lat' dir='ltr'><strong>in</strong></span> <span class='ocrx_word' id='word_1_343' title='bbox 1075 3232 1371 3304; x_wconf 82' lang='lat' dir='ltr'><strong>lacrytnas;</strong></span> <span class='ocrx_word' id='word_1_344' title='bbox 1408 3231 1450 3285; x_wconf 90' lang='lat' dir='ltr'><strong>si</strong></span> <span class='ocrx_word' id='word_1_345' title='bbox 1490 3232 1669 3297; x_wconf 89' lang='lat' dir='ltr'><strong>sitiat,</strong></span> <span class='ocrx_word' id='word_1_346' title='bbox 1711 3232 1765 3285; x_wconf 92' lang='lat' dir='ltr'><strong>in</strong></span> 
     </span>
    </p>
   </div>
   <div class='ocr_carea' id='block_1_48' title="bbox 204 3323 1764 3401">
    <p class='ocr_par' dir='ltr' id='par_1_48' title="bbox 204 3323 1764 3401">
     <span class='ocr_line' id='line_1_48' title="bbox 204 3323 1764 3401; baseline -0.006 -15"><span class='ocrx_word' id='word_1_347' title='bbox 204 3330 462 3401; x_wconf 78' lang='lat' dir='ltr'><strong>querelas;</strong></span> <span class='ocrx_word' id='word_1_348' title='bbox 514 3332 558 3384; x_wconf 90' lang='lat' dir='ltr'><strong>si</strong></span> <span class='ocrx_word' id='word_1_349' title='bbox 610 3328 942 3393; x_wconf 89' lang='lat' dir='ltr'><strong>inebrietur,</strong></span> <span class='ocrx_word' id='word_1_350' title='bbox 994 3325 1045 3379; x_wconf 95' lang='lat' dir='ltr'><strong>in</strong></span> <span class='ocrx_word' id='word_1_351' title='bbox 1076 3325 1342 3389; x_wconf 85' lang='lat' dir='ltr'><strong>vomicas;</strong></span> <span class='ocrx_word' id='word_1_352' title='bbox 1385 3323 1431 3378; x_wconf 91' lang='lat' dir='ltr'><strong>si</strong></span> <span class='ocrx_word' id='word_1_353' title='bbox 1461 3323 1681 3393; x_wconf 80' lang='lat' dir='ltr'><strong>fatiget,</strong></span> <span class='ocrx_word' id='word_1_354' title='bbox 1712 3323 1764 3377; x_wconf 91' lang='lat' dir='ltr'><strong>in</strong></span> 
     </span>
    </p>
   </div>
   <div class='ocr_carea' id='block_1_49' title="bbox 205 3413 1767 3487">
    <p class='ocr_par' dir='ltr' id='par_1_49' title="bbox 205 3413 1767 3487">
     <span class='ocr_line' id='line_1_49' title="bbox 205 3413 1767 3487; baseline -0.006 -11"><span class='ocrx_word' id='word_1_355' title='bbox 205 3421 563 3486; x_wconf 80' lang='lat' dir='ltr'><strong>contumelias,</strong></span> <span class='ocrx_word' id='word_1_356' title='bbox 615 3417 660 3472; x_wconf 88' lang='lat' dir='ltr'><strong>si</strong></span> <span class='ocrx_word' id='word_1_357' title='bbox 688 3416 957 3487; x_wconf 83' lang='lat' dir='ltr'><strong>fatigetur,</strong></span> <span class='ocrx_word' id='word_1_358' title='bbox 1006 3415 1057 3469; x_wconf 94' lang='lat' dir='ltr'><strong>in</strong></span> <span class='ocrx_word' id='word_1_359' title='bbox 1087 3413 1250 3469; x_wconf 90' lang='lat' dir='ltr'><strong>furias</strong></span> <span class='ocrx_word' id='word_1_360' title='bbox 1283 3428 1296 3468; x_wconf 90' lang='lat'><strong>:</strong></span> <span class='ocrx_word' id='word_1_361' title='bbox 1331 3414 1621 3468; x_wconf 72' lang='lat' dir='ltr'><strong>fetuleutim</strong></span> <span class='ocrx_word' id='word_1_362' title='bbox 1651 3428 1767 3467; x_wconf 89' lang='lat' dir='ltr'><strong>om-</strong></span> 
     </span>
    </p>
   </div>
   <div class='ocr_carea' id='block_1_50' title="bbox 203 3505 1767 3582">
    <p class='ocr_par' dir='ltr' id='par_1_50' title="bbox 203 3505 1767 3582">
     <span class='ocr_line' id='line_1_50' title="bbox 203 3505 1767 3582; baseline -0.008 -13"><span class='ocrx_word' id='word_1_363' title='bbox 203 3517 317 3569; x_wconf 88' lang='lat' dir='ltr'><strong>nino</strong></span> <span class='ocrx_word' id='word_1_364' title='bbox 343 3529 433 3582; x_wconf 87' lang='lat' dir='ltr'><strong>par</strong></span> <span class='ocrx_word' id='word_1_365' title='bbox 459 3511 701 3577; x_wconf 83' lang='lat' dir='ltr'><strong>cloacali,</strong></span> <span class='ocrx_word' id='word_1_366' title='bbox 752 3525 871 3579; x_wconf 70' lang='lat' dir='ltr'><strong>quae</strong></span> <span class='ocrx_word' id='word_1_367' title='bbox 900 3524 1007 3578; x_wconf 92' lang='lat' dir='ltr'><strong>quo</strong></span> <span class='ocrx_word' id='word_1_368' title='bbox 1036 3508 1155 3577; x_wconf 88' lang='lat' dir='ltr'><strong>plus</strong></span> <span class='ocrx_word' id='word_1_369' title='bbox 1198 3515 1487 3572; x_wconf 90' lang='lat' dir='ltr'><strong>commota,</strong></span> <span class='ocrx_word' id='word_1_370' title='bbox 1518 3505 1634 3574; x_wconf 84' lang='lat' dir='ltr'><strong>plus</strong></span> <span class='ocrx_word' id='word_1_371' title='bbox 1654 3506 1767 3575; x_wconf 80' lang='lat'><strong>80</strong></span> 
     </span>
    </p>
   </div>
   <div class='ocr_carea' id='block_1_51' title="bbox 200 3596 1760 3670">
    <p class='ocr_par' dir='ltr' id='par_1_51' title="bbox 200 3596 1760 3670">
     <span class='ocr_line' id='line_1_51' title="bbox 200 3596 1760 3670; baseline -0.007 -10"><span class='ocrx_word' id='word_1_372' title='bbox 200 3606 348 3662; x_wconf 84' lang='lat' dir='ltr'><strong>fetida</strong></span> <span class='ocrx_word' id='word_1_373' title='bbox 374 3615 472 3660; x_wconf 90' lang='lat' dir='ltr'><strong>est.</strong></span> <span class='ocrx_word' id='word_1_374' title='bbox 508 3603 582 3657; x_wconf 94' lang='lat' dir='ltr'><strong>Ita</strong></span> <span class='ocrx_word' id='word_1_375' title='bbox 625 3603 812 3657; x_wconf 83' lang='lat' dir='ltr'><strong>vivens</strong></span> <span class='ocrx_word' id='word_1_376' title='bbox 840 3599 1019 3670; x_wconf 88' lang='lat' dir='ltr'><strong>paucis</strong></span> <span class='ocrx_word' id='word_1_377' title='bbox 1054 3598 1348 3667; x_wconf 79' lang='lat' dir='ltr'><strong>voluptati,</strong></span> <span class='ocrx_word' id='word_1_378' title='bbox 1375 3596 1535 3651; x_wconf 91' lang='lat' dir='ltr'><strong>nullis</strong></span> <span class='ocrx_word' id='word_1_379' title='bbox 1558 3596 1760 3664; x_wconf 90' lang='lat' dir='ltr'><strong>amori,</strong></span> 
     </span>
    </p>
   </div>
   <div class='ocr_carea' id='block_1_52' title="bbox 196 3687 1767 3759">
    <p class='ocr_par' dir='ltr' id='par_1_52' title="bbox 196 3687 1767 3759">
     <span class='ocr_line' id='line_1_52' title="bbox 196 3687 1767 3759; baseline -0.004 -9"><span class='ocrx_word' id='word_1_380' title='bbox 196 3697 430 3751; x_wconf 80' lang='lat' dir='ltr'><strong>omnibus</strong></span> <span class='ocrx_word' id='word_1_381' title='bbox 469 3696 602 3751; x_wconf 80' lang='lat' dir='ltr'><strong>risui</strong></span> <span class='ocrx_word' id='word_1_382' title='bbox 634 3703 716 3749; x_wconf 85' lang='lat' dir='ltr'><strong>est</strong></span> <span class='ocrx_word' id='word_1_383' title='bbox 746 3709 760 3745; x_wconf 89' lang='lat'><strong>:</strong></span> <span class='ocrx_word' id='word_1_384' title='bbox 796 3693 1093 3747; x_wconf 88' lang='lat' dir='ltr'><strong>vesicarum</strong></span> <span class='ocrx_word' id='word_1_385' title='bbox 1120 3698 1324 3759; x_wconf 87' lang='lat' dir='ltr'><strong>ruptor,</strong></span> <span class='ocrx_word' id='word_1_386' title='bbox 1352 3688 1657 3759; x_wconf 88' lang='lat' dir='ltr'><strong>fractorque</strong></span> <span class='ocrx_word' id='word_1_387' title='bbox 1691 3687 1767 3743; x_wconf 86' lang='lat' dir='ltr'><strong>fe-</strong></span> 
     </span>
    </p>
   </div>
   <div class='ocr_carea' id='block_1_53' title="bbox 195 3782 1766 3856">
    <p class='ocr_par' dir='ltr' id='par_1_53' title="bbox 195 3782 1766 3856">
     <span class='ocr_line' id='line_1_53' title="bbox 195 3782 1766 3856; baseline -0.006 -10"><span class='ocrx_word' id='word_1_388' title='bbox 195 3793 450 3856; x_wconf 83' lang='lat' dir='ltr'><strong>rularum;</strong></span> <span class='ocrx_word' id='word_1_389' title='bbox 485 3788 699 3845; x_wconf 88' lang='lat' dir='ltr'><strong>bibendi</strong></span> <span class='ocrx_word' id='word_1_390' title='bbox 728 3786 938 3850; x_wconf 75' lang='lat' dir='ltr'><strong>avidus,</strong></span> <span class='ocrx_word' id='word_1_391' title='bbox 966 3785 1173 3839; x_wconf 86' lang='lat' dir='ltr'><strong>avidior</strong></span> <span class='ocrx_word' id='word_1_392' title='bbox 1197 3783 1543 3851; x_wconf 87' lang='lat' dir='ltr'><strong>detrahendi,</strong></span> <span class='ocrx_word' id='word_1_393' title='bbox 1575 3782 1766 3837; x_wconf 87' lang='lat' dir='ltr'><strong>rabido</strong></span> 
     </span>
    </p>
   </div>
   <div class='ocr_carea' id='block_1_54' title="bbox 193 3876 1766 3952">
    <p class='ocr_par' dir='ltr' id='par_1_54' title="bbox 193 3876 1766 3952">
     <span class='ocr_line' id='line_1_54' title="bbox 193 3876 1766 3952; baseline -0.004 -15"><span class='ocrx_word' id='word_1_394' title='bbox 193 3884 381 3952; x_wconf 84' lang='lat' dir='ltr'><strong>pariter</strong></span> <span class='ocrx_word' id='word_1_395' title='bbox 410 3897 505 3937; x_wconf 91' lang='lat' dir='ltr'><strong>ore</strong></span> <span class='ocrx_word' id='word_1_396' title='bbox 528 3882 738 3950; x_wconf 64' lang='lat' dir='ltr'><strong>spirans</strong></span> <span class='ocrx_word' id='word_1_397' title='bbox 766 3893 1001 3943; x_wconf 83' lang='lat' dir='ltr'><strong>etenum,</strong></span> <span class='ocrx_word' id='word_1_398' title='bbox 1024 3890 1277 3945; x_wconf 76' lang='lat' dir='ltr'><strong>Spumans</strong></span> <span class='ocrx_word' id='word_1_399' title='bbox 1296 3876 1477 3930; x_wconf 90' lang='lat' dir='ltr'><strong>vinum</strong></span> <span class='ocrx_word' id='word_1_400' title='bbox 1498 3916 1514 3941; x_wconf 93' lang='lat'><strong>,</strong></span> <span class='ocrx_word' id='word_1_401' title='bbox 1542 3876 1766 3945; x_wconf 87' lang='lat' dir='ltr'><strong>loquens</strong></span> 
     </span>
    </p>
   </div>
   <div class='ocr_carea' id='block_1_55' title="bbox 190 3966 1763 4040">
    <p class='ocr_par' dir='ltr' id='par_1_55' title="bbox 190 3966 1763 4040">
     <span class='ocr_line' id='line_1_55' title="bbox 190 3966 1763 4040; baseline -0.005 -11"><span class='ocrx_word' id='word_1_402' title='bbox 190 3988 478 4040; x_wconf 75' lang='lat' dir='ltr'><strong>Venenum,</strong></span> <span class='ocrx_word' id='word_1_403' title='bbox 532 3972 657 4026; x_wconf 89' lang='lat' dir='ltr'><strong>facit</strong></span> <span class='ocrx_word' id='word_1_404' title='bbox 711 3968 906 4039; x_wconf 80' lang='lat' dir='ltr'><strong>ambigi</strong></span> <span class='ocrx_word' id='word_1_405' title='bbox 958 3967 1223 4038; x_wconf 86' lang='lat' dir='ltr'><strong>puditior,</strong></span> <span class='ocrx_word' id='word_1_406' title='bbox 1280 3966 1654 4032; x_wconf 90' lang='lat' dir='ltr'><strong>temulentior,</strong></span> <span class='ocrx_word' id='word_1_407' title='bbox 1696 3982 1763 4021; x_wconf 90' lang='lat' dir='ltr'><strong>an</strong></span> 
     </span>
    </p>
   </div>
   <div class='ocr_carea' id='block_1_56' title="bbox 187 4059 1763 4130">
    <p class='ocr_par' dir='ltr' id='par_1_56' title="bbox 187 4059 1763 4130">
     <span class='ocr_line' id='line_1_56' title="bbox 187 4059 1763 4130; baseline -0.006 -6"><span class='ocrx_word' id='word_1_408' title='bbox 187 4068 534 4124; x_wconf 84' lang='lat' dir='ltr'><strong>facinorosior</strong></span> <span class='ocrx_word' id='word_1_409' title='bbox 586 4064 944 4120; x_wconf 77' lang='lat' dir='ltr'><strong>existimetur.</strong></span> <span class='ocrx_word' id='word_1_410' title='bbox 998 4061 1104 4117; x_wconf 87' lang='lat' dir='ltr'><strong>Sed</strong></span> <span class='ocrx_word' id='word_1_411' title='bbox 1154 4060 1311 4129; x_wconf 87' lang='lat' dir='ltr'><strong>dicis,</strong></span> <span class='ocrx_word' id='word_1_412' title='bbox 1353 4060 1519 4114; x_wconf 90' lang='lat' dir='ltr'><strong>animi</strong></span> <span class='ocrx_word' id='word_1_413' title='bbox 1566 4059 1763 4130; x_wconf 89' lang='lat' dir='ltr'><strong>probra</strong></span> 
     </span>
    </p>
   </div>
   <div class='ocr_carea' id='block_1_57' title="bbox 187 4156 1765 4228">
    <p class='ocr_par' dir='ltr' id='par_1_57' title="bbox 187 4156 1765 4228">
     <span class='ocr_line' id='line_1_57' title="bbox 187 4156 1765 4228; baseline -0.002 -14"><span class='ocrx_word' id='word_1_414' title='bbox 187 4164 332 4217; x_wconf 81' lang='lat' dir='ltr'><strong>vultu</strong></span> <span class='ocrx_word' id='word_1_415' title='bbox 361 4164 587 4224; x_wconf 87' lang='lat' dir='ltr'><strong>colorat,</strong></span> <span class='ocrx_word' id='word_1_416' title='bbox 620 4169 675 4214; x_wconf 91' lang='lat' dir='ltr'><strong>et</strong></span> <span class='ocrx_word' id='word_1_417' title='bbox 710 4158 1029 4228; x_wconf 89' lang='lat' dir='ltr'><strong>deprecatur</strong></span> <span class='ocrx_word' id='word_1_418' title='bbox 1058 4156 1286 4226; x_wconf 85' lang='lat' dir='ltr'><strong>ineptias</strong></span> <span class='ocrx_word' id='word_1_419' title='bbox 1315 4157 1510 4210; x_wconf 89' lang='lat' dir='ltr'><strong>mentis</strong></span> <span class='ocrx_word' id='word_1_420' title='bbox 1538 4156 1765 4226; x_wconf 89' lang='lat' dir='ltr'><strong>qualitas</strong></span> 
     </span>
    </p>
   </div>
   <div class='ocr_carea' id='block_1_58' title="bbox 183 4246 1761 4323">
    <p class='ocr_par' dir='ltr' id='par_1_58' title="bbox 183 4246 1761 4323">
     <span class='ocr_line' id='line_1_58' title="bbox 183 4246 1761 4323; baseline -0.005 -15"><span class='ocrx_word' id='word_1_421' title='bbox 183 4254 441 4323; x_wconf 87' lang='lat' dir='ltr'><strong>corporis.</strong></span> <span class='ocrx_word' id='word_1_422' title='bbox 480 4253 715 4321; x_wconf 86' lang='lat' dir='ltr'><strong>Elegans</strong></span> <span class='ocrx_word' id='word_1_423' title='bbox 758 4248 1007 4304; x_wconf 88' lang='lat' dir='ltr'><strong>videlicet</strong></span> <span class='ocrx_word' id='word_1_424' title='bbox 1055 4246 1216 4302; x_wconf 87' lang='lat' dir='ltr'><strong>homo</strong></span> <span class='ocrx_word' id='word_1_425' title='bbox 1262 4256 1761 4317; x_wconf 84' lang='lat' dir='ltr'><strong>pervenustusque,</strong></span> 
     </span>
    </p>
   </div>
   <div class='ocr_carea' id='block_1_59' title="bbox 182 4340 1762 4415">
    <p class='ocr_par' dir='ltr' id='par_1_59' title="bbox 182 4340 1762 4415">
     <span class='ocr_line' id='line_1_59' title="bbox 182 4340 1762 4415; baseline -0.004 -15"><span class='ocrx_word' id='word_1_426' title='bbox 182 4347 437 4415; x_wconf 83' lang='lat' dir='ltr'><strong>cujusque</strong></span> <span class='ocrx_word' id='word_1_427' title='bbox 486 4345 558 4398; x_wconf 89' lang='lat' dir='ltr'><strong>sit</strong></span> <span class='ocrx_word' id='word_1_428' title='bbox 603 4341 911 4412; x_wconf 83' lang='lat' dir='ltr'><strong>Spectabilis</strong></span> <span class='ocrx_word' id='word_1_429' title='bbox 963 4353 1189 4409; x_wconf 90' lang='lat' dir='ltr'><strong>persona</strong></span> <span class='ocrx_word' id='word_1_430' title='bbox 1232 4342 1550 4395; x_wconf 89' lang='lat' dir='ltr'><strong>visentibus.</strong></span> <span class='ocrx_word' id='word_1_431' title='bbox 1607 4340 1762 4395; x_wconf 84' lang='lat' dir='ltr'><strong>Enim</strong></span> 
     </span>
    </p>
   </div>
   <div class='ocr_carea' id='block_1_60' title="bbox 179 4431 1764 4503">
    <p class='ocr_par' dir='ltr' id='par_1_60' title="bbox 179 4431 1764 4503">
     <span class='ocr_line' id='line_1_60' title="bbox 179 4431 1764 4503; baseline -0.002 -13"><span class='ocrx_word' id='word_1_432' title='bbox 179 4453 308 4492; x_wconf 83' lang='lat' dir='ltr'><strong>vero</strong></span> <span class='ocrx_word' id='word_1_433' title='bbox 338 4439 423 4492; x_wconf 90' lang='lat' dir='ltr'><strong>illa</strong></span> <span class='ocrx_word' id='word_1_434' title='bbox 451 4436 721 4491; x_wconf 88' lang='lat' dir='ltr'><strong>sordidior</strong></span> <span class='ocrx_word' id='word_1_435' title='bbox 742 4444 902 4503; x_wconf 87' lang='lat' dir='ltr'><strong>atque</strong></span> <span class='ocrx_word' id='word_1_436' title='bbox 932 4431 1226 4486; x_wconf 88' lang='lat' dir='ltr'><strong>deformior</strong></span> <span class='ocrx_word' id='word_1_437' title='bbox 1261 4440 1345 4485; x_wconf 91' lang='lat' dir='ltr'><strong>est</strong></span> <span class='ocrx_word' id='word_1_438' title='bbox 1371 4431 1633 4486; x_wconf 91' lang='lat' dir='ltr'><strong>cadavere</strong></span> <span class='ocrx_word' id='word_1_439' title='bbox 1674 4446 1764 4487; x_wconf 85' lang='lat' dir='ltr'><strong>ro-</strong></span> 
     </span>
    </p>
   </div>
   <div class='ocr_carea' id='block_1_61' title="bbox 178 4523 1761 4599">
    <p class='ocr_par' dir='ltr' id='par_1_61' title="bbox 178 4523 1761 4599">
     <span class='ocr_line' id='line_1_61' title="bbox 178 4523 1761 4599; baseline -0.001 -17"><span class='ocrx_word' id='word_1_440' title='bbox 178 4532 303 4598; x_wconf 84' lang='lat' dir='ltr'><strong>gali,</strong></span> <span class='ocrx_word' id='word_1_441' title='bbox 330 4528 469 4599; x_wconf 84' lang='lat' dir='ltr'><strong>quod</strong></span> <span class='ocrx_word' id='word_1_442' title='bbox 505 4524 713 4583; x_wconf 86' lang='lat' dir='ltr'><strong>iacibus</strong></span> <span class='ocrx_word' id='word_1_443' title='bbox 742 4525 973 4579; x_wconf 89' lang='lat' dir='ltr'><strong>admotis</strong></span> <span class='ocrx_word' id='word_1_444' title='bbox 1002 4523 1498 4589; x_wconf 89' lang='lat' dir='ltr'><strong>semicombustum,</strong></span> <span class='ocrx_word' id='word_1_445' title='bbox 1528 4538 1761 4594; x_wconf 79' lang='lat' dir='ltr'><strong>moxque</strong></span> 
     </span>
    </p>
   </div>
   <div class='ocr_carea' id='block_1_62' title="bbox 176 4614 1755 4688">
    <p class='ocr_par' dir='ltr' id='par_1_62' title="bbox 176 4614 1755 4688">
     <span class='ocr_line' id='line_1_62' title="bbox 176 4614 1755 4688; baseline -0.003 -12"><span class='ocrx_word' id='word_1_446' title='bbox 176 4622 388 4677; x_wconf 87' lang='lat' dir='ltr'><strong>sidente</strong></span> <span class='ocrx_word' id='word_1_447' title='bbox 410 4632 554 4676; x_wconf 90' lang='lat' dir='ltr'><strong>strue</strong></span> <span class='ocrx_word' id='word_1_448' title='bbox 586 4618 806 4674; x_wconf 84' lang='lat' dir='ltr'><strong>tortiutn</strong></span> <span class='ocrx_word' id='word_1_449' title='bbox 837 4616 1144 4670; x_wconf 80' lang='lat' dir='ltr'><strong>devolutum</strong></span> <span class='ocrx_word' id='word_1_450' title='bbox 1173 4657 1187 4680; x_wconf 90' lang='lat'><strong>,</strong></span> <span class='ocrx_word' id='word_1_451' title='bbox 1217 4614 1444 4671; x_wconf 87' lang='lat' dir='ltr'><strong>reddere</strong></span> <span class='ocrx_word' id='word_1_452' title='bbox 1476 4632 1619 4688; x_wconf 64' lang='lat' dir='ltr'><strong>pyrae</strong></span> <span class='ocrx_word' id='word_1_453' title='bbox 1645 4617 1755 4686; x_wconf 86' lang='lat' dir='ltr'><strong>jam</strong></span> 
     </span>
    </p>
   </div>
   <div class='ocr_carea' id='block_1_63' title="bbox 174 4706 1757 4783">
    <p class='ocr_par' dir='ltr' id='par_1_63' title="bbox 174 4706 1757 4783">
     <span class='ocr_line' id='line_1_63' title="bbox 174 4706 1757 4783; baseline -0.002 -15"><span class='ocrx_word' id='word_1_454' title='bbox 174 4714 486 4769; x_wconf 71' lang='lat' dir='ltr'><strong>fastidiosus</strong></span> <span class='ocrx_word' id='word_1_455' title='bbox 527 4711 813 4783; x_wconf 90' lang='lat' dir='ltr'><strong>pollinctor</strong></span> <span class='ocrx_word' id='word_1_456' title='bbox 842 4707 1113 4762; x_wconf 84' lang='lat' dir='ltr'><strong>exhorret.</strong></span> <span class='ocrx_word' id='word_1_457' title='bbox 1142 4706 1343 4763; x_wconf 65' lang='lat' dir='ltr'><strong>Praeter</strong></span> <span class='ocrx_word' id='word_1_458' title='bbox 1374 4709 1486 4763; x_wconf 68' lang='lat' dir='ltr'><strong>haec</strong></span> <span class='ocrx_word' id='word_1_459' title='bbox 1508 4749 1523 4775; x_wconf 89' lang='lat'><strong>,</strong></span> <span class='ocrx_word' id='word_1_460' title='bbox 1558 4708 1757 4765; x_wconf 88' lang='lat' dir='ltr'><strong>lumina</strong></span> 
     </span>
    </p>
   </div>
   <div class='ocr_carea' id='block_1_64' title="bbox 168 4799 1755 4876">
    <p class='ocr_par' dir='ltr' id='par_1_64' title="bbox 168 4799 1755 4876">
     <span class='ocr_line' id='line_1_64' title="bbox 168 4799 1755 4876; baseline -0.003 -15"><span class='ocrx_word' id='word_1_461' title='bbox 168 4808 306 4876; x_wconf 89' lang='lat' dir='ltr'><strong>gerit</strong></span> <span class='ocrx_word' id='word_1_462' title='bbox 339 4806 479 4860; x_wconf 90' lang='lat' dir='ltr'><strong>idem</strong></span> <span class='ocrx_word' id='word_1_463' title='bbox 509 4804 711 4858; x_wconf 91' lang='lat' dir='ltr'><strong>lumine</strong></span> <span class='ocrx_word' id='word_1_464' title='bbox 738 4799 996 4866; x_wconf 81' lang='lat' dir='ltr'><strong>carentia;</strong></span> <span class='ocrx_word' id='word_1_465' title='bbox 1021 4817 1138 4870; x_wconf 68' lang='lat' dir='ltr'><strong>qua:</strong></span> <span class='ocrx_word' id='word_1_466' title='bbox 1163 4801 1362 4873; x_wconf 69' lang='lat' dir='ltr'><strong>Stygiae</strong></span> <span class='ocrx_word' id='word_1_467' title='bbox 1385 4802 1501 4857; x_wconf 91' lang='lat' dir='ltr'><strong>vice</strong></span> <span class='ocrx_word' id='word_1_468' title='bbox 1528 4803 1755 4871; x_wconf 91' lang='lat' dir='ltr'><strong>paludis,</strong></span> 
     </span>
    </p>
   </div>
   <div class='ocr_carea' id='block_1_65' title="bbox 169 4892 1764 4965">
    <p class='ocr_par' dir='ltr' id='par_1_65' title="bbox 169 4892 1764 4965">
     <span class='ocr_line' id='line_1_65' title="bbox 169 4892 1764 4965; baseline -0.001 -16"><span class='ocrx_word' id='word_1_469' title='bbox 169 4897 396 4951; x_wconf 81' lang='lat' dir='ltr'><strong>tolvunt</strong></span> <span class='ocrx_word' id='word_1_470' title='bbox 420 4897 689 4965; x_wconf 87' lang='lat' dir='ltr'><strong>lacrymas</strong></span> <span class='ocrx_word' id='word_1_471' title='bbox 720 4907 813 4961; x_wconf 87' lang='lat' dir='ltr'><strong>per</strong></span> <span class='ocrx_word' id='word_1_472' title='bbox 845 4892 1112 4946; x_wconf 89' lang='lat' dir='ltr'><strong>tenebras.</strong></span> <span class='ocrx_word' id='word_1_473' title='bbox 1136 4892 1287 4947; x_wconf 89' lang='lat' dir='ltr'><strong>Gerit</strong></span> <span class='ocrx_word' id='word_1_474' title='bbox 1311 4903 1364 4947; x_wconf 89' lang='lat' dir='ltr'><strong>et</strong></span> <span class='ocrx_word' id='word_1_475' title='bbox 1389 4908 1547 4947; x_wconf 89' lang='lat' dir='ltr'><strong>aures</strong></span> <span class='ocrx_word' id='word_1_476' title='bbox 1572 4894 1764 4949; x_wconf 87' lang='lat' dir='ltr'><strong>imma-</strong></span> 
     </span>
    </p>
   </div>
   <div class='ocr_carea' id='block_1_66' title="bbox 165 4981 1760 5056">
    <p class='ocr_par' dir='ltr' id='par_1_66' title="bbox 165 4981 1760 5056">
     <span class='ocr_line' id='line_1_66' title="bbox 165 4981 1760 5056; baseline -0.007 -15"><span class='ocrx_word' id='word_1_477' title='bbox 165 4992 333 5043; x_wconf 69' lang='lat' dir='ltr'><strong>nitate</strong></span> <span class='ocrx_word' id='word_1_478' title='bbox 376 4986 651 5049; x_wconf 86' lang='lat' dir='ltr'><strong>barrinas;</strong></span> <span class='ocrx_word' id='word_1_479' title='bbox 686 4998 910 5052; x_wconf 91' lang='lat' dir='ltr'><strong>quarum</strong></span> <span class='ocrx_word' id='word_1_480' title='bbox 943 4981 1173 5036; x_wconf 69' lang='lat' dir='ltr'><strong>fistulam</strong></span> <span class='ocrx_word' id='word_1_481' title='bbox 1219 4983 1444 5038; x_wconf 92' lang='lat' dir='ltr'><strong>biforem</strong></span> <span class='ocrx_word' id='word_1_482' title='bbox 1488 4987 1642 5056; x_wconf 81' lang='lat' dir='ltr'><strong>pellis</strong></span> <span class='ocrx_word' id='word_1_483' title='bbox 1674 4988 1760 5042; x_wconf 83' lang='grc' dir='ltr'><strong>υι-</strong></span> 
     </span>
    </p>
   </div>
   <div class='ocr_carea' id='block_1_67' title="bbox 162 5074 1762 5141">
    <p class='ocr_par' dir='ltr' id='par_1_67' title="bbox 162 5074 1762 5141">
     <span class='ocr_line' id='line_1_67' title="bbox 162 5074 1762 5141; baseline 0.002 -5"><span class='ocrx_word' id='word_1_484' title='bbox 162 5095 355 5136; x_wconf 86' lang='lat' dir='ltr'><strong>cerosa</strong></span> <span class='ocrx_word' id='word_1_485' title='bbox 403 5076 788 5141; x_wconf 82' lang='lat' dir='ltr'><strong>circumvenit,</strong></span> <span class='ocrx_word' id='word_1_486' title='bbox 826 5075 1002 5129; x_wconf 78' lang='lat' dir='ltr'><strong>saxeis</strong></span> <span class='ocrx_word' id='word_1_487' title='bbox 1033 5074 1187 5129; x_wconf 89' lang='lat' dir='ltr'><strong>nodis</strong></span> <span class='ocrx_word' id='word_1_488' title='bbox 1216 5082 1271 5130; x_wconf 91' lang='lat' dir='ltr'><strong>et</strong></span> <span class='ocrx_word' id='word_1_489' title='bbox 1321 5077 1506 5133; x_wconf 87' lang='lat' dir='ltr'><strong>tofosis</strong></span> <span class='ocrx_word' id='word_1_490' title='bbox 1536 5078 1762 5139; x_wconf 89' lang='lat' dir='ltr'><strong>humore</strong></span> 
     </span>
    </p>
   </div>
   <div class='ocr_carea' id='block_1_68' title="bbox 159 5230 1755 5310">
    <p class='ocr_par' dir='ltr' id='par_1_68' title="bbox 159 5230 1755 5310">
     <span class='ocr_line' id='line_1_68' title="bbox 159 5230 1755 5310; baseline 0.006 -23"><span class='ocrx_word' id='word_1_491' title='bbox 159 5259 313 5310; x_wconf 65' lang='grc' dir='ltr'><strong>εηῃῃ,</strong></span> <span class='ocrx_word' id='word_1_492' title='bbox 349 5240 411 5301; x_wconf 84' lang='lat'><strong>9,</strong></span> <span class='ocrx_word' id='word_1_493' title='bbox 441 5237 527 5300; x_wconf 68' lang='grc' dir='ltr'><strong>η,</strong></span> <span class='ocrx_word' id='word_1_494' title='bbox 562 5235 649 5310; x_wconf 74' lang='grc'><strong>18.</strong></span> <span class='ocrx_word' id='word_1_495' title='bbox 684 5231 897 5310; x_wconf 69' lang='lat' dir='ltr'><strong>Arcadii</strong></span> <span class='ocrx_word' id='word_1_496' title='bbox 928 5231 1039 5310; x_wconf 79' lang='lat' dir='ltr'><strong>filia</strong></span> <span class='ocrx_word' id='word_1_497' title='bbox 1066 5230 1332 5310; x_wconf 75' lang='lat' dir='ltr'><strong>Placidina</strong></span> <span class='ocrx_word' id='word_1_498' title='bbox 1352 5275 1366 5300; x_wconf 95' lang='lat'><strong>,</strong></span> <span class='ocrx_word' id='word_1_499' title='bbox 1411 5252 1547 5293; x_wconf 84' lang='lat' dir='ltr'><strong>uxor</strong></span> <span class='ocrx_word' id='word_1_500' title='bbox 1575 5254 1755 5308; x_wconf 90' lang='lat' dir='ltr'><strong>quon-</strong></span> 
     </span>
    </p>
   </div>
   <div class='ocr_carea' id='block_1_69' title="bbox 160 5302 1750 5379">
    <p class='ocr_par' dir='ltr' id='par_1_69' title="bbox 160 5302 1750 5379">
     <span class='ocr_line' id='line_1_69' title="bbox 160 5302 1750 5379; baseline -0.003 -10"><span class='ocrx_word' id='word_1_501' title='bbox 160 5302 278 5369; x_wconf 74' lang='lat' dir='ltr'><strong>dam</strong></span> <span class='ocrx_word' id='word_1_502' title='bbox 325 5310 541 5366; x_wconf 86' lang='lat' dir='ltr'><strong>Leontii</strong></span> <span class='ocrx_word' id='word_1_503' title='bbox 587 5307 813 5379; x_wconf 80' lang='lat' dir='ltr'><strong>junioris</strong></span> <span class='ocrx_word' id='word_1_504' title='bbox 864 5302 1319 5379; x_wconf 50' lang='lat' dir='ltr'><strong>Burdigalensium</strong></span> <span class='ocrx_word' id='word_1_505' title='bbox 1365 5302 1622 5379; x_wconf 83' lang='lat' dir='ltr'><strong>episcopi.</strong></span> <span class='ocrx_word' id='word_1_506' title='bbox 1671 5314 1750 5367; x_wconf 80' lang='lat' dir='ltr'><strong>Ex</strong></span> 
     </span>
    </p>
   </div>
   <div class='ocr_carea' id='block_1_70' title="bbox 158 5372 1753 5453">
    <p class='ocr_par' dir='ltr' id='par_1_70' title="bbox 158 5372 1753 5453">
     <span class='ocr_line' id='line_1_70' title="bbox 158 5372 1753 5453; baseline 0 -15"><span class='ocrx_word' id='word_1_507' title='bbox 158 5389 359 5453; x_wconf 86' lang='lat' dir='ltr'><strong>quibus</strong></span> <span class='ocrx_word' id='word_1_508' title='bbox 426 5372 602 5434; x_wconf 72' lang='lat' dir='ltr'><strong>luceni</strong></span> <span class='ocrx_word' id='word_1_509' title='bbox 639 5376 866 5453; x_wconf 77' lang='lat' dir='ltr'><strong>accipiet</strong></span> <span class='ocrx_word' id='word_1_510' title='bbox 922 5372 1275 5453; x_wconf 57' lang='lat' dir='ltr'><strong>Fortunatus,</strong></span> <span class='ocrx_word' id='word_1_511' title='bbox 1329 5372 1417 5444; x_wconf 84' lang='lat' dir='ltr'><strong>qui</strong></span> <span class='ocrx_word' id='word_1_512' title='bbox 1465 5372 1753 5438; x_wconf 72' lang='lat' dir='ltr'><strong>Placidinte</strong></span> 
     </span>
    </p>
   </div>
   <div class='ocr_carea' id='block_1_71' title="bbox 156 5443 1752 5522">
    <p class='ocr_par' dir='ltr' id='par_1_71' title="bbox 156 5443 1752 5522">
     <span class='ocr_line' id='line_1_71' title="bbox 156 5443 1752 5522; baseline 0.003 -17"><span class='ocrx_word' id='word_1_513' title='bbox 156 5443 319 5522; x_wconf 77' lang='lat' dir='ltr'><strong>tinjus</strong></span> <span class='ocrx_word' id='word_1_514' title='bbox 374 5452 641 5509; x_wconf 55' lang='lat' dir='ltr'><strong>originem</strong></span> <span class='ocrx_word' id='word_1_515' title='bbox 676 5448 838 5502; x_wconf 88' lang='lat' dir='ltr'><strong>refert</strong></span> <span class='ocrx_word' id='word_1_516' title='bbox 873 5446 937 5498; x_wconf 92' lang='lat' dir='ltr'><strong>ad</strong></span> <span class='ocrx_word' id='word_1_517' title='bbox 969 5443 1182 5497; x_wconf 85' lang='lat' dir='ltr'><strong>Avitum</strong></span> <span class='ocrx_word' id='word_1_518' title='bbox 1228 5448 1548 5520; x_wconf 83' lang='lat' dir='ltr'><strong>Augustum,</strong></span> <span class='ocrx_word' id='word_1_519' title='bbox 1578 5453 1672 5509; x_wconf 92' lang='lat' dir='ltr'><strong>lib.</strong></span> <span class='ocrx_word' id='word_1_520' title='bbox 1706 5470 1752 5521; x_wconf 84' lang='grc' dir='ltr'><strong>ι,</strong></span> 
     </span>
    </p>
   </div>
   <div class='ocr_carea' id='block_1_72' title="bbox 150 5522 545 5581">
    <p class='ocr_par' dir='ltr' id='par_1_72' title="bbox 150 5522 545 5581">
     <span class='ocr_line' id='line_1_72' title="bbox 150 5522 545 5581; baseline -0.003 -3"><span class='ocrx_word' id='word_1_521' title='bbox 150 5531 403 5581; x_wconf 84' lang='lat' dir='ltr'><strong>carmine</strong></span> <span class='ocrx_word' id='word_1_522' title='bbox 440 5522 503 5576; x_wconf 72' lang='lat' dir='ltr'><strong>ﬂ</strong></span> <span class='ocrx_word' id='word_1_523' title='bbox 532 5541 545 5577; x_wconf 88' lang='lat'><strong>:</strong></span> 
     </span>
    </p>
   </div>
   <div class='ocr_carea' id='block_1_73' title="bbox 275 5633 1487 5701">
    <p class='ocr_par' dir='ltr' id='par_1_73' title="bbox 275 5633 1487 5701">
     <span class='ocr_line' id='line_1_73' title="bbox 275 5633 1487 5701; baseline 0 -15"><span class='ocrx_word' id='word_1_524' title='bbox 275 5639 453 5701; x_wconf 80' lang='lat' dir='ltr'><strong>Cogor</strong></span> <span class='ocrx_word' id='word_1_525' title='bbox 474 5649 637 5701; x_wconf 73' lang='lat' dir='ltr'><strong>amore</strong></span> <span class='ocrx_word' id='word_1_526' title='bbox 662 5635 807 5685; x_wconf 88' lang='lat' dir='ltr'><strong>etiam</strong></span> <span class='ocrx_word' id='word_1_527' title='bbox 836 5633 1088 5701; x_wconf 68' lang='lat' dir='ltr'><strong>Placidinte</strong></span> <span class='ocrx_word' id='word_1_528' title='bbox 1108 5646 1255 5701; x_wconf 82' lang='lat' dir='ltr'><strong>pauca</strong></span> <span class='ocrx_word' id='word_1_529' title='bbox 1273 5634 1487 5695; x_wconf 86' lang='lat' dir='ltr'><strong>referre.</strong></span> 
     </span>
    </p>
   </div>
   <div class='ocr_carea' id='block_1_74' title="bbox 348 5697 1552 5759">
    <p class='ocr_par' dir='ltr' id='par_1_74' title="bbox 348 5697 1552 5759">
     <span class='ocr_line' id='line_1_74' title="bbox 348 5697 1552 5759; baseline 0.001 -12"><span class='ocrx_word' id='word_1_530' title='bbox 348 5697 481 5759; x_wconf 62' lang='lat' dir='ltr'><strong>Quae</strong></span> <span class='ocrx_word' id='word_1_531' title='bbox 504 5699 591 5746; x_wconf 88' lang='lat' dir='ltr'><strong>tibi</strong></span> <span class='ocrx_word' id='word_1_532' title='bbox 613 5706 725 5759; x_wconf 87' lang='lat' dir='ltr'><strong>tunc</strong></span> <span class='ocrx_word' id='word_1_533' title='bbox 745 5697 975 5757; x_wconf 78' lang='lat' dir='ltr'><strong>conjunx,</strong></span> <span class='ocrx_word' id='word_1_534' title='bbox 1004 5702 1081 5745; x_wconf 84' lang='lat' dir='ltr'><strong>est</strong></span> <span class='ocrx_word' id='word_1_535' title='bbox 1103 5698 1243 5745; x_wconf 87' lang='lat' dir='ltr'><strong>modo</strong></span> <span class='ocrx_word' id='word_1_536' title='bbox 1266 5711 1373 5745; x_wconf 88' lang='lat' dir='ltr'><strong>cara</strong></span> <span class='ocrx_word' id='word_1_537' title='bbox 1397 5711 1552 5747; x_wconf 82' lang='lat' dir='ltr'><strong>soror.</strong></span> 
     </span>
    </p>
   </div>
   <div class='ocr_carea' id='block_1_75' title="bbox 276 5758 1537 5823">
    <p class='ocr_par' dir='ltr' id='par_1_75' title="bbox 276 5758 1537 5823">
     <span class='ocr_line' id='line_1_75' title="bbox 276 5758 1537 5823; baseline 0 -14"><span class='ocrx_word' id='word_1_538' title='bbox 276 5758 488 5819; x_wconf 82' lang='lat' dir='ltr'><strong>Lumen</strong></span> <span class='ocrx_word' id='word_1_539' title='bbox 512 5760 571 5808; x_wconf 82' lang='lat' dir='ltr'><strong>ab</strong></span> <span class='ocrx_word' id='word_1_540' title='bbox 596 5758 800 5823; x_wconf 77' lang='lat' dir='ltr'><strong>Arcadio</strong></span> <span class='ocrx_word' id='word_1_541' title='bbox 825 5758 1030 5806; x_wconf 76' lang='lat' dir='ltr'><strong>veniens</strong></span> <span class='ocrx_word' id='word_1_542' title='bbox 1051 5760 1276 5818; x_wconf 77' lang='lat' dir='ltr'><strong>genitore</strong></span> <span class='ocrx_word' id='word_1_543' title='bbox 1299 5759 1537 5823; x_wconf 81' lang='lat' dir='ltr'><strong>refulget,</strong></span> 
     </span>
    </p>
   </div>
   <div class='ocr_carea' id='block_1_76' title="bbox 344 5821 1578 5888">
    <p class='ocr_par' dir='ltr' id='par_1_76' title="bbox 344 5821 1578 5888">
     <span class='ocr_line' id='line_1_76' title="bbox 344 5821 1578 5888; baseline 0 -15"><span class='ocrx_word' id='word_1_544' title='bbox 344 5832 469 5888; x_wconf 76' lang='lat' dir='ltr'><strong>Quo</strong></span> <span class='ocrx_word' id='word_1_545' title='bbox 484 5829 648 5872; x_wconf 81' lang='lat' dir='ltr'><strong>manet</strong></span> <span class='ocrx_word' id='word_1_546' title='bbox 672 5821 945 5883; x_wconf 72' lang='lat' dir='ltr'><strong>Augustum</strong></span> <span class='ocrx_word' id='word_1_547' title='bbox 977 5833 1204 5883; x_wconf 81' lang='lat' dir='ltr'><strong>germen,</strong></span> <span class='ocrx_word' id='word_1_548' title='bbox 1233 5822 1391 5885; x_wconf 82' lang='lat' dir='ltr'><strong>Avite,</strong></span> <span class='ocrx_word' id='word_1_549' title='bbox 1422 5821 1578 5873; x_wconf 85' lang='lat' dir='ltr'><strong>tuum.</strong></span> 
     </span>
    </p>
   </div>
   <div class='ocr_carea' id='block_1_77' title="bbox 1879 1944 3457 2016">
    <p class='ocr_par' dir='ltr' id='par_1_77' title="bbox 1879 1944 3457 2016">
     <span class='ocr_line' id='line_1_77' title="bbox 1879 1944 3457 2016; baseline 0.004 -20"><span class='ocrx_word' id='word_1_550' title='bbox 1879 1960 2063 2012; x_wconf 86' lang='lat' dir='ltr'><strong>parum</strong></span> <span class='ocrx_word' id='word_1_551' title='bbox 2089 1944 2316 2014; x_wconf 90' lang='lat' dir='ltr'><strong>amplius</strong></span> <span class='ocrx_word' id='word_1_552' title='bbox 2339 1945 2444 2015; x_wconf 84' lang='lat' dir='ltr'><strong>tegi</strong></span> <span class='ocrx_word' id='word_1_553' title='bbox 2468 1955 2679 2000; x_wconf 86' lang='lat' dir='ltr'><strong>constat</strong></span> <span class='ocrx_word' id='word_1_554' title='bbox 2695 1948 2902 2016; x_wconf 81' lang='lat' dir='ltr'><strong>capillis</strong></span> <span class='ocrx_word' id='word_1_555' title='bbox 2921 1964 3076 2015; x_wconf 88' lang='lat' dir='ltr'><strong>quam</strong></span> <span class='ocrx_word' id='word_1_556' title='bbox 3101 1948 3457 2004; x_wconf 84' lang='lat' dir='ltr'><strong>cicatricibus.</strong></span> 
     </span>
    </p>
   </div>
   <div class='ocr_carea' id='block_1_78' title="bbox 1877 2037 3463 2111">
    <p class='ocr_par' dir='ltr' id='par_1_78' title="bbox 1877 2037 3463 2111">
     <span class='ocr_line' id='line_1_78' title="bbox 1877 2037 3463 2111; baseline 0.003 -19"><span class='ocrx_word' id='word_1_557' title='bbox 1877 2037 2054 2093; x_wconf 67' lang='lat' dir='ltr'><strong>Taceo</strong></span> <span class='ocrx_word' id='word_1_558' title='bbox 2077 2052 2185 2106; x_wconf 78' lang='lat' dir='ltr'><strong>pra:</strong></span> <span class='ocrx_word' id='word_1_559' title='bbox 2206 2037 2469 2093; x_wconf 87' lang='lat' dir='ltr'><strong>brevitate</strong></span> <span class='ocrx_word' id='word_1_560' title='bbox 2493 2038 2741 2105; x_wconf 87' lang='lat' dir='ltr'><strong>cervicis,</strong></span> <span class='ocrx_word' id='word_1_561' title='bbox 2768 2041 2980 2108; x_wconf 91' lang='lat' dir='ltr'><strong>occipiti</strong></span> <span class='ocrx_word' id='word_1_562' title='bbox 3002 2042 3250 2109; x_wconf 90' lang='lat' dir='ltr'><strong>supinato</strong></span> <span class='ocrx_word' id='word_1_563' title='bbox 3272 2056 3463 2111; x_wconf 80' lang='lat' dir='ltr'><strong>scapu-</strong></span> 
     </span>
    </p>
   </div>
   <div class='ocr_carea' id='block_1_79' title="bbox 1879 2128 3462 2200">
    <p class='ocr_par' dir='ltr' id='par_1_79' title="bbox 1879 2128 3462 2200">
     <span class='ocr_line' id='line_1_79' title="bbox 1879 2128 3462 2200; baseline 0.004 -18"><span class='ocrx_word' id='word_1_564' title='bbox 1879 2129 2049 2183; x_wconf 89' lang='lat' dir='ltr'><strong>larum</strong></span> <span class='ocrx_word' id='word_1_565' title='bbox 2100 2128 2380 2184; x_wconf 62' lang='lat' dir='ltr'><strong>adhaerere</strong></span> <span class='ocrx_word' id='word_1_566' title='bbox 2409 2130 2666 2185; x_wconf 89' lang='lat' dir='ltr'><strong>confinia.</strong></span> <span class='ocrx_word' id='word_1_567' title='bbox 2692 2131 2870 2185; x_wconf 89' lang='lat' dir='ltr'><strong>Taceo</strong></span> <span class='ocrx_word' id='word_1_568' title='bbox 2895 2132 3036 2200; x_wconf 89' lang='lat' dir='ltr'><strong>quod</strong></span> <span class='ocrx_word' id='word_1_569' title='bbox 3065 2131 3265 2186; x_wconf 80' lang='lat' dir='ltr'><strong>decidit</strong></span> <span class='ocrx_word' id='word_1_570' title='bbox 3291 2133 3462 2188; x_wconf 85' lang='lat' dir='ltr'><strong>honor</strong></span> 
     </span>
    </p>
   </div>
   <div class='ocr_carea' id='block_1_80' title="bbox 1878 2223 3460 2290">
    <p class='ocr_par' dir='ltr' id='par_1_80' title="bbox 1878 2223 3460 2290">
     <span class='ocr_line' id='line_1_80' title="bbox 1878 2223 3460 2290; baseline 0.002 -12"><span class='ocrx_word' id='word_1_571' title='bbox 1878 2224 2115 2278; x_wconf 86' lang='lat' dir='ltr'><strong>humeris</strong></span> <span class='ocrx_word' id='word_1_572' title='bbox 2138 2265 2152 2289; x_wconf 90' lang='lat'><strong>,</strong></span> <span class='ocrx_word' id='word_1_573' title='bbox 2188 2224 2351 2279; x_wconf 91' lang='lat' dir='ltr'><strong>decor</strong></span> <span class='ocrx_word' id='word_1_574' title='bbox 2386 2223 2644 2290; x_wconf 85' lang='lat' dir='ltr'><strong>brachiis,</strong></span> <span class='ocrx_word' id='word_1_575' title='bbox 2676 2224 2841 2279; x_wconf 90' lang='lat' dir='ltr'><strong>robur</strong></span> <span class='ocrx_word' id='word_1_576' title='bbox 2872 2224 3108 2280; x_wconf 89' lang='lat' dir='ltr'><strong>lacertis.</strong></span> <span class='ocrx_word' id='word_1_577' title='bbox 3134 2225 3311 2282; x_wconf 87' lang='lat' dir='ltr'><strong>Taceo</strong></span> <span class='ocrx_word' id='word_1_578' title='bbox 3340 2227 3460 2282; x_wconf 91' lang='lat' dir='ltr'><strong>chi-</strong></span> 
     </span>
    </p>
   </div>
   <div class='ocr_carea' id='block_1_81' title="bbox 1876 2316 3460 2386">
    <p class='ocr_par' dir='ltr' id='par_1_81' title="bbox 1876 2316 3460 2386">
     <span class='ocr_line' id='line_1_81' title="bbox 1876 2316 3460 2386; baseline 0.001 -14"><span class='ocrx_word' id='word_1_579' title='bbox 1876 2317 2117 2386; x_wconf 79' lang='lat' dir='ltr'><strong>ragticas</strong></span> <span class='ocrx_word' id='word_1_580' title='bbox 2167 2329 2356 2369; x_wconf 90' lang='lat' dir='ltr'><strong>manus</strong></span> <span class='ocrx_word' id='word_1_581' title='bbox 2399 2316 2575 2369; x_wconf 90' lang='lat' dir='ltr'><strong>unctis</strong></span> <span class='ocrx_word' id='word_1_582' title='bbox 2619 2317 3067 2384; x_wconf 88' lang='lat' dir='ltr'><strong>cataplasmatum</strong></span> <span class='ocrx_word' id='word_1_583' title='bbox 3093 2319 3319 2385; x_wconf 88' lang='lat' dir='ltr'><strong>pannis,</strong></span> <span class='ocrx_word' id='word_1_584' title='bbox 3345 2327 3460 2373; x_wconf 85' lang='lat' dir='ltr'><strong>tan-</strong></span> 
     </span>
    </p>
   </div>
   <div class='ocr_carea' id='block_1_82' title="bbox 1875 2408 3461 2480">
    <p class='ocr_par' dir='ltr' id='par_1_82' title="bbox 1875 2408 3461 2480">
     <span class='ocr_line' id='line_1_82' title="bbox 1875 2408 3461 2480; baseline 0.005 -20"><span class='ocrx_word' id='word_1_585' title='bbox 1875 2424 2035 2478; x_wconf 88' lang='lat' dir='ltr'><strong>quam</strong></span> <span class='ocrx_word' id='word_1_586' title='bbox 2063 2409 2316 2462; x_wconf 85' lang='lat' dir='ltr'><strong>caestibus</strong></span> <span class='ocrx_word' id='word_1_587' title='bbox 2348 2408 2638 2463; x_wconf 90' lang='lat' dir='ltr'><strong>involutas.</strong></span> <span class='ocrx_word' id='word_1_588' title='bbox 2671 2409 2848 2465; x_wconf 90' lang='lat' dir='ltr'><strong>Taceo</strong></span> <span class='ocrx_word' id='word_1_589' title='bbox 2878 2411 3021 2480; x_wconf 89' lang='lat' dir='ltr'><strong>quod</strong></span> <span class='ocrx_word' id='word_1_590' title='bbox 3042 2412 3245 2465; x_wconf 89' lang='lat' dir='ltr'><strong>alarum</strong></span> <span class='ocrx_word' id='word_1_591' title='bbox 3270 2428 3461 2480; x_wconf 88' lang='lat' dir='ltr'><strong>specu-</strong></span> 
     </span>
    </p>
   </div>
   <div class='ocr_carea' id='block_1_83' title="bbox 1876 2498 3456 2573">
    <p class='ocr_par' dir='ltr' id='par_1_83' title="bbox 1876 2498 3456 2573">
     <span class='ocr_line' id='line_1_83' title="bbox 1876 2498 3456 2573; baseline 0.005 -22"><span class='ocrx_word' id='word_1_592' title='bbox 1876 2498 1974 2552; x_wconf 92' lang='lat' dir='ltr'><strong>bus</strong></span> <span class='ocrx_word' id='word_1_593' title='bbox 1989 2500 2213 2554; x_wconf 89' lang='lat' dir='ltr'><strong>hircosis</strong></span> <span class='ocrx_word' id='word_1_594' title='bbox 2225 2512 2385 2570; x_wconf 90' lang='lat' dir='ltr'><strong>atquc</strong></span> <span class='ocrx_word' id='word_1_595' title='bbox 2399 2501 2768 2556; x_wconf 88' lang='lat' dir='ltr'><strong>acescentibus</strong></span> <span class='ocrx_word' id='word_1_596' title='bbox 2794 2503 2960 2556; x_wconf 90' lang='lat' dir='ltr'><strong>latera</strong></span> <span class='ocrx_word' id='word_1_597' title='bbox 2983 2505 3189 2573; x_wconf 91' lang='lat' dir='ltr'><strong>captiva</strong></span> <span class='ocrx_word' id='word_1_598' title='bbox 3206 2504 3456 2570; x_wconf 89' lang='lat' dir='ltr'><strong>vallatus,</strong></span> 
     </span>
    </p>
   </div>
   <div class='ocr_carea' id='block_1_84' title="bbox 1874 2584 3457 2664">
    <p class='ocr_par' dir='ltr' id='par_1_84' title="bbox 1874 2584 3457 2664">
     <span class='ocr_line' id='line_1_84' title="bbox 1874 2584 3457 2664; baseline 0.003 -18"><span class='ocrx_word' id='word_1_599' title='bbox 1874 2606 2036 2646; x_wconf 88' lang='lat' dir='ltr'><strong>nares</strong></span> <span class='ocrx_word' id='word_1_600' title='bbox 2062 2592 2569 2647; x_wconf 82' lang='lat' dir='ltr'><strong>circumsedentiunt</strong></span> <span class='ocrx_word' id='word_1_601' title='bbox 2601 2594 2854 2649; x_wconf 89' lang='lat' dir='ltr'><strong>ventilata</strong></span> <span class='ocrx_word' id='word_1_602' title='bbox 2885 2595 3116 2662; x_wconf 90' lang='lat' dir='ltr'><strong>duplicis</strong></span> <span class='ocrx_word' id='word_1_603' title='bbox 3148 2584 3457 2664; x_wconf 75' lang='lat' dir='ltr'><strong>Ampsancti</strong></span> 
     </span>
    </p>
   </div>
   <div class='ocr_carea' id='block_1_85' title="bbox 1874 2683 3457 2756">
    <p class='ocr_par' dir='ltr' id='par_1_85' title="bbox 1874 2683 3457 2756">
     <span class='ocr_line' id='line_1_85' title="bbox 1874 2683 3457 2756; baseline 0.004 -19"><span class='ocrx_word' id='word_1_604' title='bbox 1874 2690 2024 2752; x_wconf 52' lang='lat' dir='ltr'><strong>peste</strong></span> <span class='ocrx_word' id='word_1_605' title='bbox 2056 2683 2305 2739; x_wconf 89' lang='lat' dir='ltr'><strong>funestat.</strong></span> <span class='ocrx_word' id='word_1_606' title='bbox 2347 2684 2522 2738; x_wconf 89' lang='lat' dir='ltr'><strong>Taceo</strong></span> <span class='ocrx_word' id='word_1_607' title='bbox 2548 2685 2741 2739; x_wconf 90' lang='lat' dir='ltr'><strong>fractas</strong></span> <span class='ocrx_word' id='word_1_608' title='bbox 2784 2685 3023 2755; x_wconf 90' lang='lat' dir='ltr'><strong>pondere</strong></span> <span class='ocrx_word' id='word_1_609' title='bbox 3051 2687 3252 2742; x_wconf 72' lang='lat' dir='ltr'><strong>arvina:</strong></span> <span class='ocrx_word' id='word_1_610' title='bbox 3278 2689 3457 2756; x_wconf 85' lang='lat' dir='ltr'><strong>jacere</strong></span> 
     </span>
    </p>
   </div>
   <div class='ocr_carea' id='block_1_86' title="bbox 1873 2771 3457 2848">
    <p class='ocr_par' dir='ltr' id='par_1_86' title="bbox 1873 2771 3457 2848">
     <span class='ocr_line' id='line_1_86' title="bbox 1873 2771 3457 2848; baseline 0.004 -18"><span class='ocrx_word' id='word_1_611' title='bbox 1873 2792 2166 2841; x_wconf 86' lang='lat' dir='ltr'><strong>mammas,</strong></span> <span class='ocrx_word' id='word_1_612' title='bbox 2201 2791 2443 2847; x_wconf 84' lang='lat' dir='ltr'><strong>quasque</strong></span> <span class='ocrx_word' id='word_1_613' title='bbox 2471 2771 2672 2833; x_wconf 76' lang='lat' dir='ltr'><strong>ftedum</strong></span> <span class='ocrx_word' id='word_1_614' title='bbox 2697 2786 2842 2833; x_wconf 89' lang='lat' dir='ltr'><strong>esset</strong></span> <span class='ocrx_word' id='word_1_615' title='bbox 2873 2779 2926 2834; x_wconf 90' lang='lat' dir='ltr'><strong>in</strong></span> <span class='ocrx_word' id='word_1_616' title='bbox 2955 2790 3174 2848; x_wconf 79' lang='lat' dir='ltr'><strong>pectore</strong></span> <span class='ocrx_word' id='word_1_617' title='bbox 3211 2781 3350 2836; x_wconf 89' lang='lat' dir='ltr'><strong>virili</strong></span> <span class='ocrx_word' id='word_1_618' title='bbox 3372 2782 3457 2837; x_wconf 90' lang='lat' dir='ltr'><strong>vel</strong></span> 
     </span>
    </p>
   </div>
   <div class='ocr_carea' id='block_1_87' title="bbox 1873 2868 3456 2937">
    <p class='ocr_par' dir='ltr' id='par_1_87' title="bbox 1873 2868 3456 2937">
     <span class='ocr_line' id='line_1_87' title="bbox 1873 2868 3456 2937; baseline 0.003 -16"><span class='ocrx_word' id='word_1_619' title='bbox 1873 2870 2212 2937; x_wconf 88' lang='lat' dir='ltr'><strong>prominere,</strong></span> <span class='ocrx_word' id='word_1_620' title='bbox 2246 2868 2343 2922; x_wconf 89' lang='lat' dir='ltr'><strong>has</strong></span> <span class='ocrx_word' id='word_1_621' title='bbox 2383 2879 2440 2923; x_wconf 92' lang='lat' dir='ltr'><strong>ut</strong></span> <span class='ocrx_word' id='word_1_622' title='bbox 2468 2869 2634 2925; x_wconf 90' lang='lat' dir='ltr'><strong>ubera</strong></span> <span class='ocrx_word' id='word_1_623' title='bbox 2684 2877 2923 2925; x_wconf 82' lang='lat' dir='ltr'><strong>materna</strong></span> <span class='ocrx_word' id='word_1_624' title='bbox 2954 2872 3232 2928; x_wconf 89' lang='lat' dir='ltr'><strong>cecidisse.</strong></span> <span class='ocrx_word' id='word_1_625' title='bbox 3279 2875 3456 2929; x_wconf 88' lang='lat' dir='ltr'><strong>Tacen</strong></span> 
     </span>
    </p>
   </div>
   <div class='ocr_carea' id='block_1_88' title="bbox 1873 2958 3451 3033">
    <p class='ocr_par' dir='ltr' id='par_1_88' title="bbox 1873 2958 3451 3033">
     <span class='ocr_line' id='line_1_88' title="bbox 1873 2958 3451 3033; baseline 0.004 -22"><span class='ocrx_word' id='word_1_626' title='bbox 1873 2960 2079 3014; x_wconf 88' lang='lat' dir='ltr'><strong>ventris</strong></span> <span class='ocrx_word' id='word_1_627' title='bbox 2110 2958 2290 3014; x_wconf 74' lang='lat' dir='ltr'><strong>inﬂexi</strong></span> <span class='ocrx_word' id='word_1_628' title='bbox 2339 2959 2599 3028; x_wconf 88' lang='lat' dir='ltr'><strong>pendulos</strong></span> <span class='ocrx_word' id='word_1_629' title='bbox 2643 2974 2823 3016; x_wconf 82' lang='lat' dir='ltr'><strong>casses</strong></span> <span class='ocrx_word' id='word_1_630' title='bbox 2856 2962 3082 3029; x_wconf 87' lang='lat' dir='ltr'><strong>partium</strong></span> <span class='ocrx_word' id='word_1_631' title='bbox 3106 2963 3414 3033; x_wconf 86' lang='lat' dir='ltr'><strong>genitalium</strong></span> <span class='ocrx_word' id='word_1_632' title='bbox 3436 3009 3451 3031; x_wconf 87' lang='lat'><strong>,</strong></span> 
     </span>
    </p>
   </div>
   <div class='ocr_carea' id='block_1_89' title="bbox 1870 3052 3454 3124">
    <p class='ocr_par' dir='ltr' id='par_1_89' title="bbox 1870 3052 3454 3124">
     <span class='ocr_line' id='line_1_89' title="bbox 1870 3052 3454 3124; baseline 0.005 -20"><span class='ocrx_word' id='word_1_633' title='bbox 1870 3053 1993 3122; x_wconf 88' lang='lat' dir='ltr'><strong>quia</strong></span> <span class='ocrx_word' id='word_1_634' title='bbox 2026 3052 2291 3107; x_wconf 89' lang='lat' dir='ltr'><strong>debilibus</strong></span> <span class='ocrx_word' id='word_1_635' title='bbox 2319 3052 2612 3121; x_wconf 58' lang='lat' dir='ltr'><strong>pudendie,</strong></span> <span class='ocrx_word' id='word_1_636' title='bbox 2645 3054 2889 3122; x_wconf 90' lang='lat' dir='ltr'><strong>turpibus</strong></span> <span class='ocrx_word' id='word_1_637' title='bbox 2918 3055 3064 3122; x_wconf 83' lang='lat' dir='ltr'><strong>rugis</strong></span> <span class='ocrx_word' id='word_1_638' title='bbox 3086 3055 3290 3124; x_wconf 89' lang='lat' dir='ltr'><strong>turpius</strong></span> <span class='ocrx_word' id='word_1_639' title='bbox 3321 3071 3454 3124; x_wconf 71' lang='lat' dir='ltr'><strong>prae-</strong></span> 
     </span>
    </p>
   </div>
   <div class='ocr_carea' id='block_1_90' title="bbox 1870 3144 3453 3217">
    <p class='ocr_par' dir='ltr' id='par_1_90' title="bbox 1870 3144 3453 3217">
     <span class='ocr_line' id='line_1_90' title="bbox 1870 3144 3453 3217; baseline 0.002 -18"><span class='ocrx_word' id='word_1_640' title='bbox 1870 3144 1998 3200; x_wconf 80' lang='lat' dir='ltr'><strong>bere.</strong></span> <span class='ocrx_word' id='word_1_641' title='bbox 2019 3146 2283 3200; x_wconf 90' lang='lat' dir='ltr'><strong>velamen.</strong></span> <span class='ocrx_word' id='word_1_642' title='bbox 2307 3144 2421 3199; x_wconf 81' lang='lat' dir='ltr'><strong>Jam</strong></span> <span class='ocrx_word' id='word_1_643' title='bbox 2446 3146 2573 3216; x_wconf 85' lang='lat' dir='ltr'><strong>quid</strong></span> <span class='ocrx_word' id='word_1_644' title='bbox 2603 3146 2690 3200; x_wconf 91' lang='lat' dir='ltr'><strong>hic</strong></span> <span class='ocrx_word' id='word_1_645' title='bbox 2712 3155 2940 3217; x_wconf 79' lang='lat' dir='ltr'><strong>tergum,</strong></span> <span class='ocrx_word' id='word_1_646' title='bbox 2970 3146 3285 3216; x_wconf 78' lang='lat' dir='ltr'><strong>spinamque</strong></span> <span class='ocrx_word' id='word_1_647' title='bbox 3308 3164 3453 3202; x_wconf 61' lang='lat' dir='ltr'><strong>como</strong></span> 
     </span>
    </p>
   </div>
   <div class='ocr_carea' id='block_1_91' title="bbox 1795 3203 3453 3305">
    <p class='ocr_par' dir='ltr' id='par_1_91' title="bbox 1795 3203 3453 3305">
     <span class='ocr_line' id='line_1_91' title="bbox 1795 3203 3453 3305; baseline 0.004 -15"><span class='ocrx_word' id='word_1_648' title='bbox 1795 3203 1840 3266; x_wconf 64' lang='grc' dir='ltr'><strong>Ο</strong></span> <span class='ocrx_word' id='word_1_649' title='bbox 1872 3236 2203 3290; x_wconf 86' lang='lat' dir='ltr'><strong>memorem?</strong></span> <span class='ocrx_word' id='word_1_650' title='bbox 2246 3236 2312 3291; x_wconf 90' lang='lat' dir='ltr'><strong>de</strong></span> <span class='ocrx_word' id='word_1_651' title='bbox 2344 3237 2498 3305; x_wconf 83' lang='lat' dir='ltr'><strong>cujus</strong></span> <span class='ocrx_word' id='word_1_652' title='bbox 2540 3236 2667 3291; x_wconf 90' lang='lat' dir='ltr'><strong>licet</strong></span> <span class='ocrx_word' id='word_1_653' title='bbox 2707 3237 3133 3292; x_wconf 88' lang='lat' dir='ltr'><strong>internodiorum</strong></span> <span class='ocrx_word' id='word_1_654' title='bbox 3182 3238 3453 3295; x_wconf 84' lang='lat' dir='ltr'><strong>fomitibus</strong></span> 
     </span>
    </p>
   </div>
   <div class='ocr_carea' id='block_1_92' title="bbox 1870 3331 3448 3399">
    <p class='ocr_par' dir='ltr' id='par_1_92' title="bbox 1870 3331 3448 3399">
     <span class='ocr_line' id='line_1_92' title="bbox 1870 3331 3448 3399; baseline 0.003 -17"><span class='ocrx_word' id='word_1_655' title='bbox 1870 3343 2161 3397; x_wconf 88' lang='lat' dir='ltr'><strong>erumpens</strong></span> <span class='ocrx_word' id='word_1_656' title='bbox 2185 3344 2364 3383; x_wconf 87' lang='lat' dir='ltr'><strong>arcam</strong></span> <span class='ocrx_word' id='word_1_657' title='bbox 2398 3331 2633 3399; x_wconf 88' lang='lat' dir='ltr'><strong>pectoris</strong></span> <span class='ocrx_word' id='word_1_658' title='bbox 2659 3337 2806 3385; x_wconf 83' lang='lat' dir='ltr'><strong>texat</strong></span> <span class='ocrx_word' id='word_1_659' title='bbox 2835 3339 3122 3386; x_wconf 87' lang='lat' dir='ltr'><strong>curvatura</strong></span> <span class='ocrx_word' id='word_1_660' title='bbox 3149 3342 3448 3393; x_wconf 67' lang='lat' dir='ltr'><strong>comarum;</strong></span> 
     </span>
    </p>
   </div>
   <div class='ocr_carea' id='block_1_93' title="bbox 1869 3420 3450 3495">
    <p class='ocr_par' dir='ltr' id='par_1_93' title="bbox 1869 3420 3450 3495">
     <span class='ocr_line' id='line_1_93' title="bbox 1869 3420 3450 3495; baseline 0.004 -22"><span class='ocrx_word' id='word_1_661' title='bbox 1869 3427 1978 3474; x_wconf 87' lang='lat' dir='ltr'><strong>tota</strong></span> <span class='ocrx_word' id='word_1_662' title='bbox 2029 3421 2377 3475; x_wconf 88' lang='lat' dir='ltr'><strong>nihilominus</strong></span> <span class='ocrx_word' id='word_1_663' title='bbox 2417 3420 2532 3475; x_wconf 62' lang='lat' dir='ltr'><strong>haec</strong></span> <span class='ocrx_word' id='word_1_664' title='bbox 2573 3422 2778 3477; x_wconf 86' lang='lat' dir='ltr'><strong>ossium</strong></span> <span class='ocrx_word' id='word_1_665' title='bbox 2814 3436 3025 3476; x_wconf 88' lang='lat' dir='ltr'><strong>ramosa</strong></span> <span class='ocrx_word' id='word_1_666' title='bbox 3056 3438 3314 3495; x_wconf 80' lang='lat' dir='ltr'><strong>compago</strong></span> <span class='ocrx_word' id='word_1_667' title='bbox 3350 3427 3450 3479; x_wconf 89' lang='lat' dir='ltr'><strong>sub</strong></span> 
     </span>
    </p>
   </div>
   <div class='ocr_carea' id='block_1_94' title="bbox 1867 3515 3449 3585">
    <p class='ocr_par' dir='ltr' id='par_1_94' title="bbox 1867 3515 3449 3585">
     <span class='ocr_line' id='line_1_94' title="bbox 1867 3515 3449 3585; baseline 0.003 -18"><span class='ocrx_word' id='word_1_668' title='bbox 1867 3530 1975 3567; x_wconf 90' lang='lat' dir='ltr'><strong>ttno</strong></span> <span class='ocrx_word' id='word_1_669' title='bbox 1999 3515 2141 3569; x_wconf 87' lang='lat' dir='ltr'><strong>velut</strong></span> <span class='ocrx_word' id='word_1_670' title='bbox 2169 3516 2497 3569; x_wconf 73' lang='lat' dir='ltr'><strong>exundantis</strong></span> <span class='ocrx_word' id='word_1_671' title='bbox 2526 3516 2827 3570; x_wconf 90' lang='lat' dir='ltr'><strong>abdominis</strong></span> <span class='ocrx_word' id='word_1_672' title='bbox 2858 3517 3046 3585; x_wconf 84' lang='lat' dir='ltr'><strong>pelago</strong></span> <span class='ocrx_word' id='word_1_673' title='bbox 3076 3517 3223 3573; x_wconf 90' lang='lat' dir='ltr'><strong>latet.</strong></span> <span class='ocrx_word' id='word_1_674' title='bbox 3273 3518 3449 3573; x_wconf 91' lang='lat' dir='ltr'><strong>Taceo</strong></span> 
     </span>
    </p>
   </div>
   <div class='ocr_carea' id='block_1_95' title="bbox 1868 3605 3449 3676">
    <p class='ocr_par' dir='ltr' id='par_1_95' title="bbox 1868 3605 3449 3676">
     <span class='ocr_line' id='line_1_95' title="bbox 1868 3605 3449 3676; baseline 0.004 -18"><span class='ocrx_word' id='word_1_675' title='bbox 1868 3605 2168 3659; x_wconf 87' lang='lat' dir='ltr'><strong>lumborum</strong></span> <span class='ocrx_word' id='word_1_676' title='bbox 2219 3605 2605 3673; x_wconf 89' lang='lat' dir='ltr'><strong>corpulentiam</strong></span> <span class='ocrx_word' id='word_1_677' title='bbox 2625 3646 2641 3671; x_wconf 91' lang='lat'><strong>,</strong></span> <span class='ocrx_word' id='word_1_678' title='bbox 2673 3606 3000 3676; x_wconf 85' lang='lat' dir='ltr'><strong>clininmqne</strong></span> <span class='ocrx_word' id='word_1_679' title='bbox 3026 3648 3041 3673; x_wconf 93' lang='lat'><strong>,</strong></span> <span class='ocrx_word' id='word_1_680' title='bbox 3067 3610 3151 3662; x_wconf 88' lang='lat' dir='ltr'><strong>cui</strong></span> <span class='ocrx_word' id='word_1_681' title='bbox 3194 3609 3449 3664; x_wconf 78' lang='lat' dir='ltr'><strong>crassitu-</strong></span> 
     </span>
    </p>
   </div>
   <div class='ocr_carea' id='block_1_96' title="bbox 1867 3696 3447 3765">
    <p class='ocr_par' dir='ltr' id='par_1_96' title="bbox 1867 3696 3447 3765">
     <span class='ocr_line' id='line_1_96' title="bbox 1867 3696 3447 3765; baseline 0.001 -14"><span class='ocrx_word' id='word_1_682' title='bbox 1867 3697 1977 3752; x_wconf 90' lang='lat' dir='ltr'><strong>dini</strong></span> <span class='ocrx_word' id='word_1_683' title='bbox 2030 3706 2336 3765; x_wconf 87' lang='lat' dir='ltr'><strong>comparata</strong></span> <span class='ocrx_word' id='word_1_684' title='bbox 2379 3706 2629 3751; x_wconf 88' lang='lat' dir='ltr'><strong>censetur</strong></span> <span class='ocrx_word' id='word_1_685' title='bbox 2653 3696 2805 3751; x_wconf 89' lang='lat' dir='ltr'><strong>alvus</strong></span> <span class='ocrx_word' id='word_1_686' title='bbox 2834 3697 3009 3752; x_wconf 78' lang='lat' dir='ltr'><strong>exilis.</strong></span> <span class='ocrx_word' id='word_1_687' title='bbox 3055 3698 3230 3754; x_wconf 81' lang='lat' dir='ltr'><strong>Taceo</strong></span> <span class='ocrx_word' id='word_1_688' title='bbox 3275 3699 3447 3754; x_wconf 89' lang='lat' dir='ltr'><strong>femur</strong></span> 
     </span>
    </p>
   </div>
   <div class='ocr_carea' id='block_1_97' title="bbox 1866 3787 3443 3860">
    <p class='ocr_par' dir='ltr' id='par_1_97' title="bbox 1866 3787 3443 3860">
     <span class='ocr_line' id='line_1_97' title="bbox 1866 3787 3443 3860; baseline 0.001 -17"><span class='ocrx_word' id='word_1_689' title='bbox 1866 3788 2072 3843; x_wconf 88' lang='lat' dir='ltr'><strong>aridum</strong></span> <span class='ocrx_word' id='word_1_690' title='bbox 2105 3797 2158 3843; x_wconf 92' lang='lat' dir='ltr'><strong>et</strong></span> <span class='ocrx_word' id='word_1_691' title='bbox 2188 3787 2418 3856; x_wconf 90' lang='lat' dir='ltr'><strong>pandum</strong></span> <span class='ocrx_word' id='word_1_692' title='bbox 2442 3829 2455 3853; x_wconf 95' lang='lat'><strong>,</strong></span> <span class='ocrx_word' id='word_1_693' title='bbox 2490 3803 2661 3858; x_wconf 87' lang='lat' dir='ltr'><strong>genua</strong></span> <span class='ocrx_word' id='word_1_694' title='bbox 2694 3798 2837 3843; x_wconf 86' lang='lat' dir='ltr'><strong>vasta</strong></span> <span class='ocrx_word' id='word_1_695' title='bbox 2858 3831 2873 3855; x_wconf 95' lang='lat'><strong>,</strong></span> <span class='ocrx_word' id='word_1_696' title='bbox 2903 3792 3133 3860; x_wconf 90' lang='lat' dir='ltr'><strong>p0plites</strong></span> <span class='ocrx_word' id='word_1_697' title='bbox 3159 3792 3443 3860; x_wconf 66' lang='lat' dir='ltr'><strong>delicatos,</strong></span> 
     </span>
    </p>
   </div>
   <div class='ocr_carea' id='block_1_98' title="bbox 1866 3878 3449 3954">
    <p class='ocr_par' dir='ltr' id='par_1_98' title="bbox 1866 3878 3449 3954">
     <span class='ocr_line' id='line_1_98' title="bbox 1866 3878 3449 3954; baseline 0.004 -20"><span class='ocrx_word' id='word_1_698' title='bbox 1866 3893 2021 3934; x_wconf 91' lang='lat' dir='ltr'><strong>crura</strong></span> <span class='ocrx_word' id='word_1_699' title='bbox 2073 3892 2267 3933; x_wconf 89' lang='lat' dir='ltr'><strong>cornea</strong></span> <span class='ocrx_word' id='word_1_700' title='bbox 2288 3920 2303 3944; x_wconf 94' lang='lat'><strong>,</strong></span> <span class='ocrx_word' id='word_1_701' title='bbox 2327 3878 2528 3935; x_wconf 88' lang='lat' dir='ltr'><strong>vitreos</strong></span> <span class='ocrx_word' id='word_1_702' title='bbox 2561 3880 2695 3934; x_wconf 91' lang='lat' dir='ltr'><strong>talos</strong></span> <span class='ocrx_word' id='word_1_703' title='bbox 2725 3926 2738 3948; x_wconf 88' lang='lat'><strong>,</strong></span> <span class='ocrx_word' id='word_1_704' title='bbox 2787 3896 2983 3950; x_wconf 87' lang='lat' dir='ltr'><strong>parvos</strong></span> <span class='ocrx_word' id='word_1_705' title='bbox 3013 3882 3208 3952; x_wconf 79' lang='lat' dir='ltr'><strong>digitos</strong></span> <span class='ocrx_word' id='word_1_706' title='bbox 3233 3924 3247 3947; x_wconf 86' lang='lat'><strong>,</strong></span> <span class='ocrx_word' id='word_1_707' title='bbox 3285 3885 3449 3954; x_wconf 87' lang='lat' dir='ltr'><strong>pedes</strong></span> 
     </span>
    </p>
   </div>
   <div class='ocr_carea' id='block_1_99' title="bbox 1865 3971 3443 4043">
    <p class='ocr_par' dir='ltr' id='par_1_99' title="bbox 1865 3971 3443 4043">
     <span class='ocr_line' id='line_1_99' title="bbox 1865 3971 3443 4043; baseline 0.002 -16"><span class='ocrx_word' id='word_1_708' title='bbox 1865 3972 2118 4042; x_wconf 83' lang='lat' dir='ltr'><strong>grandes.</strong></span> <span class='ocrx_word' id='word_1_709' title='bbox 2164 3971 2405 4041; x_wconf 90' lang='lat' dir='ltr'><strong>Cumque</strong></span> <span class='ocrx_word' id='word_1_710' title='bbox 2436 3971 2676 4027; x_wconf 91' lang='lat' dir='ltr'><strong>distortis</strong></span> <span class='ocrx_word' id='word_1_711' title='bbox 2714 3973 2930 4027; x_wconf 92' lang='lat' dir='ltr'><strong>horreat</strong></span> <span class='ocrx_word' id='word_1_712' title='bbox 2975 3974 3043 4028; x_wconf 90' lang='lat' dir='ltr'><strong>ita</strong></span> <span class='ocrx_word' id='word_1_713' title='bbox 3088 3975 3443 4043; x_wconf 81' lang='lat' dir='ltr'><strong>liniamentis,</strong></span> 
     </span>
    </p>
   </div>
   <div class='ocr_carea' id='block_1_100' title="bbox 1866 4065 3450 4137">
    <p class='ocr_par' dir='ltr' id='par_1_100' title="bbox 1866 4065 3450 4137">
     <span class='ocr_line' id='line_1_100' title="bbox 1866 4065 3450 4137; baseline 0.001 -15"><span class='ocrx_word' id='word_1_714' title='bbox 1866 4081 1960 4137; x_wconf 87' lang='lat' dir='ltr'><strong>per</strong></span> <span class='ocrx_word' id='word_1_715' title='bbox 1987 4081 2106 4136; x_wconf 62' lang='lat' dir='ltr'><strong>quae</strong></span> <span class='ocrx_word' id='word_1_716' title='bbox 2138 4065 2484 4135; x_wconf 85' lang='lat' dir='ltr'><strong>multiplicem</strong></span> <span class='ocrx_word' id='word_1_717' title='bbox 2526 4066 2883 4135; x_wconf 82' lang='lat' dir='ltr'><strong>pestilentiam</strong></span> <span class='ocrx_word' id='word_1_718' title='bbox 2914 4068 3201 4136; x_wconf 77' lang='lat' dir='ltr'><strong>exsanguis</strong></span> <span class='ocrx_word' id='word_1_719' title='bbox 3229 4069 3450 4123; x_wconf 80' lang='lat' dir='ltr'><strong>semivi-</strong></span> 
     </span>
    </p>
   </div>
   <div class='ocr_carea' id='block_1_101' title="bbox 1865 4157 3445 4230">
    <p class='ocr_par' dir='ltr' id='par_1_101' title="bbox 1865 4157 3445 4230">
     <span class='ocr_line' id='line_1_101' title="bbox 1865 4157 3445 4230; baseline 0.001 -16"><span class='ocrx_word' id='word_1_720' title='bbox 1865 4175 2090 4230; x_wconf 89' lang='lat' dir='ltr'><strong>vusque,</strong></span> <span class='ocrx_word' id='word_1_721' title='bbox 2125 4174 2223 4214; x_wconf 91' lang='lat' dir='ltr'><strong>nec</strong></span> <span class='ocrx_word' id='word_1_722' title='bbox 2253 4167 2495 4228; x_wconf 81' lang='lat' dir='ltr'><strong>pertatus</strong></span> <span class='ocrx_word' id='word_1_723' title='bbox 2522 4157 2748 4220; x_wconf 87' lang='lat' dir='ltr'><strong>sentiat,</strong></span> <span class='ocrx_word' id='word_1_724' title='bbox 2797 4172 2894 4212; x_wconf 91' lang='lat' dir='ltr'><strong>nec</strong></span> <span class='ocrx_word' id='word_1_725' title='bbox 2922 4167 3250 4213; x_wconf 89' lang='lat' dir='ltr'><strong>sustentatus</strong></span> <span class='ocrx_word' id='word_1_726' title='bbox 3294 4160 3445 4216; x_wconf 83' lang='lat' dir='ltr'><strong>ince-</strong></span> 
     </span>
    </p>
   </div>
   <div class='ocr_carea' id='block_1_102' title="bbox 1865 4248 3445 4323">
    <p class='ocr_par' dir='ltr' id='par_1_102' title="bbox 1865 4248 3445 4323">
     <span class='ocr_line' id='line_1_102' title="bbox 1865 4248 3445 4323; baseline -0.003 -15"><span class='ocrx_word' id='word_1_727' title='bbox 1865 4252 1986 4316; x_wconf 90' lang='lat' dir='ltr'><strong>dat,</strong></span> <span class='ocrx_word' id='word_1_728' title='bbox 2016 4254 2125 4323; x_wconf 74' lang='lat'><strong>82</strong></span> <span class='ocrx_word' id='word_1_729' title='bbox 2155 4251 2338 4306; x_wconf 91' lang='lat' dir='ltr'><strong>verbis</strong></span> <span class='ocrx_word' id='word_1_730' title='bbox 2362 4258 2538 4303; x_wconf 90' lang='lat' dir='ltr'><strong>tamen</strong></span> <span class='ocrx_word' id='word_1_731' title='bbox 2567 4258 2649 4304; x_wconf 91' lang='lat' dir='ltr'><strong>est</strong></span> <span class='ocrx_word' id='word_1_732' title='bbox 2678 4248 2771 4303; x_wconf 91' lang='lat' dir='ltr'><strong>ille</strong></span> <span class='ocrx_word' id='word_1_733' title='bbox 2809 4264 2966 4318; x_wconf 88' lang='lat' dir='ltr'><strong>quam</strong></span> <span class='ocrx_word' id='word_1_734' title='bbox 3001 4249 3255 4304; x_wconf 87' lang='lat' dir='ltr'><strong>membris</strong></span> <span class='ocrx_word' id='word_1_735' title='bbox 3283 4265 3445 4305; x_wconf 82' lang='lat' dir='ltr'><strong>exse-</strong></span> 
     </span>
    </p>
   </div>
   <div class='ocr_carea' id='block_1_103' title="bbox 1864 4341 3449 4412">
    <p class='ocr_par' dir='ltr' id='par_1_103' title="bbox 1864 4341 3449 4412">
     <span class='ocr_line' id='line_1_103' title="bbox 1864 4341 3449 4412; baseline -0.001 -13"><span class='ocrx_word' id='word_1_736' title='bbox 1864 4343 2136 4399; x_wconf 87' lang='lat' dir='ltr'><strong>crabilior.</strong></span> <span class='ocrx_word' id='word_1_737' title='bbox 2170 4343 2302 4397; x_wconf 83' lang='lat' dir='ltr'><strong>Nam</strong></span> <span class='ocrx_word' id='word_1_738' title='bbox 2350 4356 2654 4412; x_wconf 90' lang='lat' dir='ltr'><strong>quanquam</strong></span> <span class='ocrx_word' id='word_1_739' title='bbox 2702 4341 2908 4408; x_wconf 81' lang='lat' dir='ltr'><strong>pruritu</strong></span> <span class='ocrx_word' id='word_1_740' title='bbox 2946 4341 3152 4395; x_wconf 87' lang='lat' dir='ltr'><strong>laborat</strong></span> <span class='ocrx_word' id='word_1_741' title='bbox 3181 4346 3449 4398; x_wconf 82' lang='lat' dir='ltr'><strong>serm0nis</strong></span> 
     </span>
    </p>
   </div>
   <div class='ocr_carea' id='block_1_104' title="bbox 1864 4434 3445 4504">
    <p class='ocr_par' dir='ltr' id='par_1_104' title="bbox 1864 4434 3445 4504">
     <span class='ocr_line' id='line_1_104' title="bbox 1864 4434 3445 4504; baseline -0.003 -12"><span class='ocrx_word' id='word_1_742' title='bbox 1864 4436 2167 4501; x_wconf 66' lang='lat' dir='ltr'><strong>inhonesti,</strong></span> <span class='ocrx_word' id='word_1_743' title='bbox 2199 4446 2308 4488; x_wconf 91' lang='lat' dir='ltr'><strong>tum</strong></span> <span class='ocrx_word' id='word_1_744' title='bbox 2351 4444 2699 4504; x_wconf 88' lang='lat' dir='ltr'><strong>patronorum</strong></span> <span class='ocrx_word' id='word_1_745' title='bbox 2742 4442 2827 4487; x_wconf 91' lang='lat' dir='ltr'><strong>est</strong></span> <span class='ocrx_word' id='word_1_746' title='bbox 2867 4434 3135 4502; x_wconf 75' lang='lat' dir='ltr'><strong>praecipue</strong></span> <span class='ocrx_word' id='word_1_747' title='bbox 3178 4435 3445 4489; x_wconf 86' lang='lat' dir='ltr'><strong>cavendus</strong></span> 
     </span>
    </p>
   </div>
   <div class='ocr_carea' id='block_1_105' title="bbox 1863 4525 3446 4596">
    <p class='ocr_par' dir='ltr' id='par_1_105' title="bbox 1863 4525 3446 4596">
     <span class='ocr_line' id='line_1_105' title="bbox 1863 4525 3446 4596; baseline 0 -13"><span class='ocrx_word' id='word_1_748' title='bbox 1863 4528 2105 4593; x_wconf 88' lang='lat' dir='ltr'><strong>arcanis;</strong></span> <span class='ocrx_word' id='word_1_749' title='bbox 2162 4541 2391 4596; x_wconf 89' lang='lat' dir='ltr'><strong>quorum</strong></span> <span class='ocrx_word' id='word_1_750' title='bbox 2418 4533 2500 4579; x_wconf 89' lang='lat' dir='ltr'><strong>est</strong></span> <span class='ocrx_word' id='word_1_751' title='bbox 2529 4525 2774 4578; x_wconf 87' lang='lat' dir='ltr'><strong>laudator</strong></span> <span class='ocrx_word' id='word_1_752' title='bbox 2803 4525 2853 4578; x_wconf 91' lang='lat' dir='ltr'><strong>in</strong></span> <span class='ocrx_word' id='word_1_753' title='bbox 2882 4525 3187 4595; x_wconf 86' lang='lat' dir='ltr'><strong>prosperis,</strong></span> <span class='ocrx_word' id='word_1_754' title='bbox 3236 4527 3446 4583; x_wconf 88' lang='lat' dir='ltr'><strong>delator</strong></span> 
     </span>
    </p>
   </div>
   <div class='ocr_carea' id='block_1_106' title="bbox 1867 4613 3444 4687">
    <p class='ocr_par' dir='ltr' id='par_1_106' title="bbox 1867 4613 3444 4687">
     <span class='ocr_line' id='line_1_106' title="bbox 1867 4613 3444 4687; baseline -0.001 -12"><span class='ocrx_word' id='word_1_755' title='bbox 1867 4622 1921 4675; x_wconf 92' lang='lat' dir='ltr'><strong>in</strong></span> <span class='ocrx_word' id='word_1_756' title='bbox 1967 4617 2193 4674; x_wconf 78' lang='lat' dir='ltr'><strong>dubiis;</strong></span> <span class='ocrx_word' id='word_1_757' title='bbox 2241 4623 2294 4669; x_wconf 91' lang='lat' dir='ltr'><strong>at</strong></span> <span class='ocrx_word' id='word_1_758' title='bbox 2321 4616 2363 4668; x_wconf 91' lang='lat' dir='ltr'><strong>si</strong></span> <span class='ocrx_word' id='word_1_759' title='bbox 2390 4614 2455 4668; x_wconf 89' lang='lat' dir='ltr'><strong>ad</strong></span> <span class='ocrx_word' id='word_1_760' title='bbox 2484 4615 2688 4669; x_wconf 89' lang='lat' dir='ltr'><strong>occulta</strong></span> <span class='ocrx_word' id='word_1_761' title='bbox 2738 4613 3077 4670; x_wconf 88' lang='lat' dir='ltr'><strong>familiarium</strong></span> <span class='ocrx_word' id='word_1_762' title='bbox 3126 4618 3444 4687; x_wconf 87' lang='lat' dir='ltr'><strong>publicanda</strong></span> 
     </span>
    </p>
   </div>
   <div class='ocr_carea' id='block_1_107' title="bbox 1868 4708 3445 4784">
    <p class='ocr_par' dir='ltr' id='par_1_107' title="bbox 1868 4708 3445 4784">
     <span class='ocr_line' id='line_1_107' title="bbox 1868 4708 3445 4784; baseline -0.002 -14"><span class='ocrx_word' id='word_1_763' title='bbox 1868 4713 2123 4784; x_wconf 88' lang='lat' dir='ltr'><strong>temporis</strong></span> <span class='ocrx_word' id='word_1_764' title='bbox 2152 4712 2290 4765; x_wconf 87' lang='lat' dir='ltr'><strong>ratio</strong></span> <span class='ocrx_word' id='word_1_765' title='bbox 2333 4708 2615 4776; x_wconf 87' lang='lat' dir='ltr'><strong>sollicitet,</strong></span> <span class='ocrx_word' id='word_1_766' title='bbox 2659 4722 2784 4762; x_wconf 83' lang='lat' dir='ltr'><strong>mox</strong></span> <span class='ocrx_word' id='word_1_767' title='bbox 2815 4723 2913 4779; x_wconf 91' lang='lat' dir='ltr'><strong>per</strong></span> <span class='ocrx_word' id='word_1_768' title='bbox 2943 4709 3086 4764; x_wconf 91' lang='lat' dir='ltr'><strong>hunc</strong></span> <span class='ocrx_word' id='word_1_769' title='bbox 3130 4710 3445 4778; x_wconf 79' lang='lat' dir='ltr'><strong>Sparacum</strong></span> 
     </span>
    </p>
   </div>
   <div class='ocr_carea' id='block_1_108' title="bbox 1866 4794 3445 4878">
    <p class='ocr_par' dir='ltr' id='par_1_108' title="bbox 1866 4794 3445 4878">
     <span class='ocr_line' id='line_1_108' title="bbox 1866 4794 3445 4878; baseline -0.001 -19"><span class='ocrx_word' id='word_1_770' title='bbox 1866 4794 2197 4878; x_wconf 63' lang='lat' dir='ltr'><strong>quascunque</strong></span> <span class='ocrx_word' id='word_1_771' title='bbox 2219 4809 2343 4856; x_wconf 91' lang='lat' dir='ltr'><strong>sunt</strong></span> <span class='ocrx_word' id='word_1_772' title='bbox 2376 4800 2553 4855; x_wconf 88' lang='lat' dir='ltr'><strong>clausa</strong></span> <span class='ocrx_word' id='word_1_773' title='bbox 2582 4799 2914 4865; x_wconf 78' lang='lat' dir='ltr'><strong>franguntur,</strong></span> <span class='ocrx_word' id='word_1_774' title='bbox 2938 4816 3166 4871; x_wconf 65' lang='lat' dir='ltr'><strong>quaeque</strong></span> <span class='ocrx_word' id='word_1_775' title='bbox 3200 4805 3445 4858; x_wconf 89' lang='lat' dir='ltr'><strong>obserata</strong></span> 
     </span>
    </p>
   </div>
   <div class='ocr_carea' id='block_1_109' title="bbox 1866 4889 3447 4962">
    <p class='ocr_par' dir='ltr' id='par_1_109' title="bbox 1866 4889 3447 4962">
     <span class='ocr_line' id='line_1_109' title="bbox 1866 4889 3447 4962; baseline -0.003 -9"><span class='ocrx_word' id='word_1_776' title='bbox 1866 4905 2173 4953; x_wconf 89' lang='lat' dir='ltr'><strong>reserantur</strong></span> <span class='ocrx_word' id='word_1_777' title='bbox 2206 4909 2220 4947; x_wconf 90' lang='lat'><strong>:</strong></span> <span class='ocrx_word' id='word_1_778' title='bbox 2254 4895 2322 4946; x_wconf 92' lang='lat' dir='ltr'><strong>ita</strong></span> <span class='ocrx_word' id='word_1_779' title='bbox 2353 4892 2495 4962; x_wconf 88' lang='lat' dir='ltr'><strong>quod</strong></span> <span class='ocrx_word' id='word_1_780' title='bbox 2525 4906 2656 4960; x_wconf 90' lang='lat' dir='ltr'><strong>quas</strong></span> <span class='ocrx_word' id='word_1_781' title='bbox 2685 4889 2965 4945; x_wconf 90' lang='lat' dir='ltr'><strong>domorum</strong></span> <span class='ocrx_word' id='word_1_782' title='bbox 2999 4893 3304 4959; x_wconf 87' lang='lat' dir='ltr'><strong>nequiverit</strong></span> <span class='ocrx_word' id='word_1_783' title='bbox 3330 4910 3447 4949; x_wconf 89' lang='lat' dir='ltr'><strong>ma-</strong></span> 
     </span>
    </p>
   </div>
   <div class='ocr_carea' id='block_1_110' title="bbox 1867 4982 3447 5055">
    <p class='ocr_par' dir='ltr' id='par_1_110' title="bbox 1867 4982 3447 5055">
     <span class='ocr_line' id='line_1_110' title="bbox 1867 4982 3447 5055; baseline -0.002 -11"><span class='ocrx_word' id='word_1_784' title='bbox 1867 4988 2040 5044; x_wconf 94' lang='lat' dir='ltr'><strong>chinis</strong></span> <span class='ocrx_word' id='word_1_785' title='bbox 2064 4994 2264 5055; x_wconf 85' lang='lat' dir='ltr'><strong>apertae</strong></span> <span class='ocrx_word' id='word_1_786' title='bbox 2290 4982 2581 5039; x_wconf 83' lang='lat' dir='ltr'><strong>simultatis</strong></span> <span class='ocrx_word' id='word_1_787' title='bbox 2609 4982 2888 5052; x_wconf 91' lang='lat' dir='ltr'><strong>impetere,</strong></span> <span class='ocrx_word' id='word_1_788' title='bbox 2920 4983 3179 5038; x_wconf 91' lang='lat' dir='ltr'><strong>cuniculis</strong></span> <span class='ocrx_word' id='word_1_789' title='bbox 3206 4984 3447 5041; x_wconf 87' lang='lat' dir='ltr'><strong>clandes-</strong></span> 
     </span>
    </p>
   </div>
   <div class='ocr_carea' id='block_1_111' title="bbox 1868 5074 3447 5151">
    <p class='ocr_par' dir='ltr' id='par_1_111' title="bbox 1868 5074 3447 5151">
     <span class='ocr_line' id='line_1_111' title="bbox 1868 5074 3447 5151; baseline -0.004 -12"><span class='ocrx_word' id='word_1_790' title='bbox 1868 5084 1994 5139; x_wconf 80' lang='lat' dir='ltr'><strong>tinzc</strong></span> <span class='ocrx_word' id='word_1_791' title='bbox 2032 5076 2351 5151; x_wconf 73' lang='lat' dir='ltr'><strong>proditionis</strong></span> <span class='ocrx_word' id='word_1_792' title='bbox 2393 5076 2686 5146; x_wconf 86' lang='lat' dir='ltr'><strong>impugnat.</strong></span> <span class='ocrx_word' id='word_1_793' title='bbox 2738 5075 2851 5130; x_wconf 90' lang='lat' dir='ltr'><strong>lloc</strong></span> <span class='ocrx_word' id='word_1_794' title='bbox 2897 5074 3160 5132; x_wconf 85' lang='lat' dir='ltr'><strong>fabricatu</strong></span> <span class='ocrx_word' id='word_1_795' title='bbox 3204 5076 3447 5133; x_wconf 83' lang='lat' dir='ltr'><strong>Daedalus</strong></span> 
     </span>
    </p>
   </div>
   <div class='ocr_carea' id='block_1_112' title="bbox 1982 5229 2983 5289">
    <p class='ocr_par' dir='ltr' id='par_1_112' title="bbox 1982 5229 2983 5289">
     <span class='ocr_line' id='line_1_112' title="bbox 1982 5229 2983 5289; baseline -0.008 -3"><span class='ocrx_word' id='word_1_796' title='bbox 1982 5233 2177 5289; x_wconf 76' lang='lat' dir='ltr'><strong>imperii</strong></span> <span class='ocrx_word' id='word_1_797' title='bbox 2201 5230 2351 5279; x_wconf 86' lang='lat' dir='ltr'><strong>fastus</strong></span> <span class='ocrx_word' id='word_1_798' title='bbox 2374 5236 2475 5279; x_wconf 91' lang='lat' dir='ltr'><strong>toto</strong></span> <span class='ocrx_word' id='word_1_799' title='bbox 2496 5230 2581 5289; x_wconf 85' lang='lat' dir='ltr'><strong>qui</strong></span> <span class='ocrx_word' id='word_1_800' title='bbox 2616 5229 2745 5277; x_wconf 81' lang='lat' dir='ltr'><strong>rexit</strong></span> <span class='ocrx_word' id='word_1_801' title='bbox 2767 5231 2814 5277; x_wconf 90' lang='lat' dir='ltr'><strong>in</strong></span> <span class='ocrx_word' id='word_1_802' title='bbox 2841 5229 2983 5289; x_wconf 87' lang='lat' dir='ltr'><strong>orbe,</strong></span> 
     </span>
    </p>
   </div>
   <div class='ocr_carea' id='block_1_113' title="bbox 2088 5290 3135 5356">
    <p class='ocr_par' dir='ltr' id='par_1_113' title="bbox 2088 5290 3135 5356">
     <span class='ocr_line' id='line_1_113' title="bbox 2088 5290 3135 5356; baseline -0.005 -12"><span class='ocrx_word' id='word_1_803' title='bbox 2088 5297 2198 5356; x_wconf 81' lang='lat' dir='ltr'><strong>ujus</strong></span> <span class='ocrx_word' id='word_1_804' title='bbox 2220 5290 2588 5356; x_wconf 76' lang='lat' dir='ltr'><strong>adhuepollens</strong></span> <span class='ocrx_word' id='word_1_805' title='bbox 2608 5290 2719 5356; x_wconf 80' lang='lat' dir='ltr'><strong>jura</strong></span> <span class='ocrx_word' id='word_1_806' title='bbox 2741 5299 2940 5340; x_wconf 89' lang='lat' dir='ltr'><strong>senatus</strong></span> <span class='ocrx_word' id='word_1_807' title='bbox 2968 5292 3135 5342; x_wconf 88' lang='lat' dir='ltr'><strong>habet.</strong></span> 
     </span>
    </p>
   </div>
   <div class='ocr_carea' id='block_1_114' title="bbox 1985 5351 3150 5416">
    <p class='ocr_par' dir='ltr' id='par_1_114' title="bbox 1985 5351 3150 5416">
     <span class='ocr_line' id='line_1_114' title="bbox 1985 5351 3150 5416; baseline -0.01 -7"><span class='ocrx_word' id='word_1_808' title='bbox 1985 5351 2196 5410; x_wconf 72' lang='lat' dir='ltr'><strong>Humani</strong></span> <span class='ocrx_word' id='word_1_809' title='bbox 2220 5351 2422 5416; x_wconf 81' lang='lat' dir='ltr'><strong>generis</strong></span> <span class='ocrx_word' id='word_1_810' title='bbox 2444 5353 2488 5400; x_wconf 91' lang='lat' dir='ltr'><strong>si</strong></span> <span class='ocrx_word' id='word_1_811' title='bbox 2505 5351 2710 5401; x_wconf 85' lang='lat' dir='ltr'><strong>culmina</strong></span> <span class='ocrx_word' id='word_1_812' title='bbox 2738 5356 2884 5415; x_wconf 89' lang='lat' dir='ltr'><strong>prima</strong></span> <span class='ocrx_word' id='word_1_813' title='bbox 2908 5358 3150 5415; x_wconf 74' lang='lat' dir='ltr'><strong>requiras,</strong></span> 
     </span>
    </p>
   </div>
   <div class='ocr_carea' id='block_1_115' title="bbox 2049 5415 3083 5476">
    <p class='ocr_par' dir='ltr' id='par_1_115' title="bbox 2049 5415 3083 5476">
     <span class='ocr_line' id='line_1_115' title="bbox 2049 5415 3083 5476; baseline -0.007 -7"><span class='ocrx_word' id='word_1_814' title='bbox 2049 5418 2254 5470; x_wconf 77' lang='lat' dir='ltr'><strong>Nomine</strong></span> <span class='ocrx_word' id='word_1_815' title='bbox 2273 5416 2494 5465; x_wconf 64' lang='lat' dir='ltr'><strong>Cesareo</strong></span> <span class='ocrx_word' id='word_1_816' title='bbox 2518 5415 2586 5463; x_wconf 89' lang='lat' dir='ltr'><strong>nil</strong></span> <span class='ocrx_word' id='word_1_817' title='bbox 2609 5428 2873 5476; x_wconf 76' lang='lat' dir='ltr'><strong>superesse</strong></span> <span class='ocrx_word' id='word_1_818' title='bbox 2902 5424 3083 5475; x_wconf 85' lang='lat' dir='ltr'><strong>potest.</strong></span> 
     </span>
    </p>
   </div>
   <div class='ocr_carea' id='block_1_116' title="bbox 1868 5510 3441 5596">
    <p class='ocr_par' dir='ltr' id='par_1_116' title="bbox 1868 5510 3441 5596">
     <span class='ocr_line' id='line_1_116' title="bbox 1868 5510 3441 5596; baseline -0.008 -13"><span class='ocrx_word' id='word_1_819' title='bbox 1868 5529 2006 5583; x_wconf 84' lang='lat' dir='ltr'><strong>Vere</strong></span> <span class='ocrx_word' id='word_1_820' title='bbox 2033 5522 2427 5596; x_wconf 41' lang='lat' dir='ltr'><strong>prorsusaNam</strong></span> <span class='ocrx_word' id='word_1_821' title='bbox 2458 5519 2704 5589; x_wconf 85' lang='lat' dir='ltr'><strong>abneptis</strong></span> <span class='ocrx_word' id='word_1_822' title='bbox 2734 5517 2841 5596; x_wconf 57' lang='lat' dir='ltr'><strong>fuit</strong></span> <span class='ocrx_word' id='word_1_823' title='bbox 2868 5515 3103 5595; x_wconf 70' lang='lat' dir='ltr'><strong>Avitiex</strong></span> <span class='ocrx_word' id='word_1_824' title='bbox 3126 5510 3441 5583; x_wconf 82' lang='lat' dir='ltr'><strong>Papianillia</strong></span> 
     </span>
    </p>
   </div>
   <div class='ocr_carea' id='block_1_117' title="bbox 1866 5585 3442 5660">
    <p class='ocr_par' dir='ltr' id='par_1_117' title="bbox 1866 5585 3442 5660">
     <span class='ocr_line' id='line_1_117' title="bbox 1866 5585 3442 5660; baseline -0.009 -5"><span class='ocrx_word' id='word_1_825' title='bbox 1866 5601 1972 5655; x_wconf 83' lang='lat' dir='ltr'><strong>filia</strong></span> <span class='ocrx_word' id='word_1_826' title='bbox 2012 5585 2065 5652; x_wconf 66' lang='lat' dir='ltr'><strong>et</strong></span> <span class='ocrx_word' id='word_1_827' title='bbox 2109 5593 2352 5651; x_wconf 88' lang='lat' dir='ltr'><strong>Sidonio.</strong></span> <span class='ocrx_word' id='word_1_828' title='bbox 2402 5593 2582 5660; x_wconf 90' lang='lat' dir='ltr'><strong>Itaque</strong></span> <span class='ocrx_word' id='word_1_829' title='bbox 2602 5585 2764 5660; x_wconf 57' lang='lat' dir='ltr'><strong>&#39;apud</strong></span> <span class='ocrx_word' id='word_1_830' title='bbox 2803 5585 3116 5660; x_wconf 80' lang='lat' dir='ltr'><strong>Gregorium</strong></span> <span class='ocrx_word' id='word_1_831' title='bbox 3153 5599 3442 5660; x_wconf 75' lang='lat' dir='ltr'><strong>corruptus</strong></span> 
     </span>
    </p>
   </div>
   <div class='ocr_carea' id='block_1_118' title="bbox 1866 5655 3437 5726">
    <p class='ocr_par' dir='ltr' id='par_1_118' title="bbox 1866 5655 3437 5726">
     <span class='ocr_line' id='line_1_118' title="bbox 1866 5655 3437 5726; baseline -0.01 0"><span class='ocrx_word' id='word_1_832' title='bbox 1866 5680 1949 5726; x_wconf 88' lang='lat' dir='ltr'><strong>est</strong></span> <span class='ocrx_word' id='word_1_833' title='bbox 1974 5669 2157 5723; x_wconf 86' lang='lat' dir='ltr'><strong>locust</strong></span> <span class='ocrx_word' id='word_1_834' title='bbox 2188 5665 2367 5720; x_wconf 78' lang='lat' dir='ltr'><strong>Mirac.</strong></span> <span class='ocrx_word' id='word_1_835' title='bbox 2404 5655 2509 5725; x_wconf 67' lang='grc'><strong>65,⁷</strong></span> <span class='ocrx_word' id='word_1_836' title='bbox 2529 5662 2580 5713; x_wconf 92' lang='lat' dir='ltr'><strong>in</strong></span> <span class='ocrx_word' id='word_1_837' title='bbox 2612 5655 2750 5712; x_wconf 85' lang='lat' dir='ltr'><strong>hunc</strong></span> <span class='ocrx_word' id='word_1_838' title='bbox 2801 5656 3015 5710; x_wconf 90' lang='lat' dir='ltr'><strong>modum</strong></span> <span class='ocrx_word' id='word_1_839' title='bbox 3040 5655 3400 5711; x_wconf 86' lang='lat' dir='ltr'><strong>restituendus</strong></span> <span class='ocrx_word' id='word_1_840' title='bbox 3420 5698 3437 5724; x_wconf 92' lang='lat'><strong>,</strong></span> 
     </span>
    </p>
   </div>
   <div class='ocr_carea' id='block_1_119' title="bbox 1868 5726 3434 5799">
    <p class='ocr_par' dir='ltr' id='par_1_119' title="bbox 1868 5726 3434 5799">
     <span class='ocr_line' id='line_1_119' title="bbox 1868 5726 3434 5799; baseline -0.01 -3"><span class='ocrx_word' id='word_1_841' title='bbox 1868 5741 2068 5795; x_wconf 85' lang='lat' dir='ltr'><strong>Alcima</strong></span> <span class='ocrx_word' id='word_1_842' title='bbox 2090 5751 2236 5791; x_wconf 84' lang='lat' dir='ltr'><strong>soror</strong></span> <span class='ocrx_word' id='word_1_843' title='bbox 2256 5742 2299 5787; x_wconf 80' lang='lat' dir='ltr'><strong>et</strong></span> <span class='ocrx_word' id='word_1_844' title='bbox 2330 5731 2605 5786; x_wconf 84' lang='lat' dir='ltr'><strong>Placidiua</strong></span> <span class='ocrx_word' id='word_1_845' title='bbox 2625 5729 2813 5799; x_wconf 74' lang='lat' dir='ltr'><strong>conjua:</strong></span> <span class='ocrx_word' id='word_1_846' title='bbox 2839 5726 3153 5799; x_wconf 66' lang='lat' dir='ltr'><strong>Apollinaris</strong></span> <span class='ocrx_word' id='word_1_847' title='bbox 3179 5726 3434 5799; x_wconf 73' lang='lat' dir='ltr'><strong>episcopi,</strong></span> 
     </span>
    </p>
   </div>
   <div class='ocr_carea' id='block_1_120' title="bbox 1867 5797 3268 5885">
    <p class='ocr_par' dir='ltr' id='par_1_120' title="bbox 1867 5797 3268 5885">
     <span class='ocr_line' id='line_1_120' title="bbox 1867 5797 3268 5885; baseline -0.014 -16"><span class='ocrx_word' id='word_1_848' title='bbox 1867 5810 2010 5885; x_wconf 83' lang='lat' dir='ltr'><strong>quod</strong></span> <span class='ocrx_word' id='word_1_849' title='bbox 2037 5806 2376 5882; x_wconf 86' lang='lat' dir='ltr'><strong>perspicuum</strong></span> <span class='ocrx_word' id='word_1_850' title='bbox 2406 5810 2488 5860; x_wconf 82' lang='lat' dir='ltr'><strong>est</strong></span> <span class='ocrx_word' id='word_1_851' title='bbox 2513 5816 2581 5858; x_wconf 73' lang='lat' dir='ltr'><strong>ex</strong></span> <span class='ocrx_word' id='word_1_852' title='bbox 2613 5797 2734 5856; x_wconf 79' lang='lat' dir='ltr'><strong>libr.</strong></span> <span class='ocrx_word' id='word_1_853' title='bbox 2765 5813 2845 5871; x_wconf 83' lang='lat' dir='ltr'><strong>tn,</strong></span> <span class='ocrx_word' id='word_1_854' title='bbox 2876 5812 2996 5870; x_wconf 87' lang='lat' dir='ltr'><strong>cap.</strong></span> <span class='ocrx_word' id='word_1_855' title='bbox 3028 5797 3062 5853; x_wconf 77' lang='lat'><strong>‘2</strong></span> <span class='ocrx_word' id='word_1_856' title='bbox 3101 5806 3155 5855; x_wconf 87' lang='lat' dir='ltr'><strong>et</strong></span> <span class='ocrx_word' id='word_1_857' title='bbox 3184 5797 3268 5852; x_wconf 74' lang='lat'><strong>12.</strong></span> 
     </span>
    </p>
   </div>
  </div>
