3910 6172
460 370 562 425 507

1721 366 1961 424 SIDONH
2002 369 2452 426 APOLLINARIS
3595 374 3680 431 Stis

460 496 640 539 noster
667 483 1013 542 amicitiarum
1044 484 1253 539 culmen
1282 482 1511 537 mditicat
1550 500 1561 533 :
1595 483 1686 551 qni
1709 483 1850 537 sicut
1875 482 2035 537 soda-
2064 490 2119 547 Α
2143 501 2307 553 nugas
2338 487 2453 541 sive
2496 484 2767 538 confectas
2798 497 2963 551 opere
3002 485 3265 553 prosario,
3313 498 3400 536 seu
3441 498 3674 551 poetarum

460 578 597 631 libus
629 577 768 630 velut
793 575 1034 630 Theseus
1064 575 1203 629 inter
1225 576 1459 630 secunda
1488 576 1745 639 sociatur;
1778 575 1855 629 sic
1876 576 1944 629 ab
1973 576 2039 631 iis

460 670 796 735 postmodum
847 668 994 722 velut
1036 667 1260 721 Proteus
1309 668 1445 720 inter
1485 666 1709 720 adversa
1756 666 2037 725 dilabitur.

460 759 621 828 Igitur
646 774 710 813 ex
732 768 858 813 voto
880 773 1000 812 meo
1030 758 1243 821 feceris,
1262 758 1305 810 si
1321 757 1501 811 talium
1520 757 1791 811 sodalitati
1818 772 1881 811 ne
1906 772 2039 811 con-

457 862 643 917 gressu
671 849 885 919 quidem
915 848 1147 919 primore
1169 849 1394 911 sociere,
1415 848 1646 902 maxime
1668 848 1880 902 illorum
1904 863 2037 917 quo-

458 956 576 994 rum
599 940 936 995 sermonibus
968 940 1261 1009 prostitutis
1283 955 1347 993 ac
1379 940 1727 994 theatralibus
1749 941 1919 994 nullas
1946 941 2038 993 ha-

460 1029 657 1095 benas,
684 1030 824 1086 nulla
866 1030 1144 1100 prmmittit
1173 1030 1424 1099 repagula
1456 1030 1644 1099 pudor.
1683 1030 1815 1085 Nam
1847 1033 2041 1101 quibus

462 1125 595 1177 citra
627 1123 921 1178 honestatis
962 1123 1187 1177 nitorem
1214 1122 1599 1191 jactitabundis
1627 1122 1866 1193 loquacis
1909 1123 2041 1179 faece

462 1215 769 1283 petulantia:
799 1214 976 1283 lingua
1013 1213 1267 1282 polluitur
1312 1211 1531 1267 infrenis
1555 1253 1571 1280 ,
1601 1213 1683 1267 his
1713 1215 2037 1268 conscientia

462 1322 675 1377 quoque
700 1306 1120 1361 sordidatissima
1141 1316 1242 1360 est.
1278 1306 1518 1376 Denique
1547 1306 1755 1361 facilius
1779 1307 2037 1377 obtingit,

462 1409 520 1453 ut
550 1399 811 1467 quispiam
841 1399 979 1454 seria
1010 1398 1233 1468 loquens
1270 1399 1413 1452 vivat
1436 1397 1701 1463 obscene,
1752 1413 1909 1469 quam
1953 1415 2041 1452 va-

461 1491 570 1545 leat
612 1491 852 1557 ostendi,
904 1491 993 1559 qui
1026 1490 1227 1558 pariter
1253 1489 1449 1546 existat
1475 1490 1750 1559 improbus
1777 1490 1953 1555 dictis,
1987 1499 2043 1545 et

461 1597 513 1653 pl
527 1582 664 1637 obus
693 1584 955 1639 moribus.
987 1582 1142 1638 Vale.

979 1673 1313 1729 EPISTOLA
1354 1674 1493 1728 XIV.

812 1764 1059 1821 Sidonius
1086 1764 1304 1820 Placido
1336 1783 1429 1820 suo
1449 1765 1684 1821 salutem.

2140 576 2281 645 stylo
2305 576 2685 641 cantilenosas,
2725 573 2841 641 plus
2868 573 3197 627 voluminum
3244 572 3463 628 lectione
3493 574 3678 645 dignere

2138 668 2517 736 repositorum.
2551 666 2769 720 Gaudeo
2804 666 2905 719 hoc
2932 666 3070 734 ipso,
3093 665 3232 733 quod
3260 668 3525 733 recognovi
3549 668 3678 723 char-

2141 759 2265 813 tulis
2286 759 2533 827 occupari
2569 757 2765 811 nostris
2794 758 2959 811 otium
2996 765 3165 811 tuutn.
3216 758 3322 811 Sed
3356 760 3511 826 probe
3550 760 3681 815 intel-

2140 851 2265 919 ligo,
2297 851 2435 922 quod
2463 850 2702 905 moribus
2734 849 2836 903 tuis
2868 849 3005 905 hanc
3035 850 3364 917 voluptatein
3395 865 3493 903 non
3532 852 3682 921 operis

2140 943 2360 999 effectus
2389 943 2622 1009 excudit,
2653 942 2744 996 sed
2782 942 3016 996 auctoris
3048 941 3288 995 affectus.
3333 939 3546 1010 Ideoque
3586 943 3683 1010 plus

2139 1032 2333 1101 debeo,
2366 1035 2490 1101 quia
2524 1032 2712 1102 gloria:
2742 1042 2992 1103 punctum
3026 1032 3167 1100 quod
3213 1032 3431 1086 dictioni
3470 1048 3681 1101 negares,

2140 1126 2232 1180 das
2261 1125 2527 1180 amicitiae.
2562 1124 2639 1179 De
2665 1123 2876 1179 ctcteris
2899 1139 3025 1178 vero
3050 1124 3209 1177 studii
3242 1124 3408 1177 nostri
3441 1124 3688 1193 derogato-

2140 1218 2309 1284 ribus,
2338 1219 2467 1287 quid
2497 1233 2561 1273 ex
2593 1231 2712 1271 asse
2740 1217 3103 1285 pronuntiem,
3144 1215 3378 1269 nondum
3413 1214 3687 1269 deliberavi.

2141 1309 2273 1363 Nam
2304 1309 2393 1378 qui
2426 1308 2656 1362 maxime
2693 1307 2792 1360 sibi
2824 1306 3012 1361 doctus
3042 1305 3273 1367 videtur,
3306 1304 3581 1360 dictionem
3618 1320 3690 1357 sa-

2143 1418 2266 1456 nam
2308 1410 2363 1455 ct
2398 1402 2641 1456 insanam
2684 1400 2855 1456 ferme
2899 1401 3135 1469 appetitu
3169 1400 3284 1468 pari
3328 1398 3558 1461 revolvit.
3598 1414 3688 1452 non

2142 1493 2377 1561 amplius
2416 1493 2803 1561 concupiscens
2830 1500 3006 1545 erecta
3046 1505 3163 1559 qua:
3202 1488 3404 1553 laudet,
3436 1503 3579 1558 quam
3612 1488 3689 1541 de-

2143 1594 2327 1654 specta
2356 1600 2477 1654 qua:
2499 1585 2691 1639 rideat.
2727 1586 2900 1653 Atque
2931 1584 2982 1636 in
3027 1582 3168 1636 hunc
3213 1581 3433 1636 modum
3479 1580 3688 1643 scientia,

2144 1693 2358 1748 pompa,
2390 1678 2685 1747 proprietas
2728 1676 2922 1745 lingua:
2958 1674 3160 1728 Latinae
3191 1672 3409 1742 judiciis
3437 1673 3689 1724 otiosorqu

2145 1770 2377 1823 maximo
2403 1769 2603 1835 spretui
2634 1776 2755 1821 est:
2788 1780 3013 1834 quorum
3049 1763 3355 1818 scurrilitati
3408 1762 3691 1831 negligentia

528 1858 842 1927 Quanquam
874 1872 923 1914 te
964 1869 1054 1914 tua
1100 1867 1243 1913 tenet
1282 1868 1308 1896 ει
1339 1861 1730 1928 GratianOpolis
1754 1900 1769 1925 ,
1802 1860 2040 1928 comperi
2074 1872 2117 1931 Β
2145 1874 2344 1919 comes,
2375 1861 2473 1913 hoc
2499 1857 2679 1913 volens
2704 1866 2905 1911 tantum
2931 1856 3109 1924 legere
3129 1853 3268 1922 quod
3290 1862 3495 1923 carpat,
3519 1854 3587 1906 sic
3605 1867 3693 1905 non

460 1958 636 2005 tamen
669 1951 959 2020 hospitium
983 1962 1219 2005 veterum
1246 1950 1351 2005 fido
1372 1951 1563 2009 relatu.
1595 1954 1701 2021 83
1728 1952 1868 2022 quod
1893 1968 2041 2008 meas

537 2132 561 2160 ⁸
592 2123 796 2179 Nomen
834 2122 1059 2178 inditum
1091 2138 1121 2176 a
1154 2122 1427 2177 Gratiano.
1464 2121 1627 2177 Vetus
1662 2122 1803 2176 enim
1834 2132 1886 2177 et
1927 2137 2051 2191 pro-

503 2194 636 2248 rintu
670 2195 770 2248 fuit
790 2194 1004 2249 Cularo.
1036 2193 1186 2248 Unde
1209 2194 1345 2246 muri
1366 2192 1755 2247 Cularoncuses
1782 2193 2049 2262 hodieque

480 2276 705 2334 eguntur
736 2265 787 2318 in
818 2266 1032 2334 antiqua
1074 2263 1418 2334 inscriptione
1441 2275 1629 2334 portae
1659 2264 1908 2334 civitatis.
1934 2264 2041 2318 No-

462 2332 695 2389 tuinatnr
724 2335 851 2389 item
884 2332 1163 2388 in’Tabula
1210 2333 1482 2388 ltineraria
1531 2333 1859 2401 Pt-utingeri,
1892 2343 1945 2388 et
1992 2336 2042 2387 in

462 2407 655 2459 Notitia
688 2405 918 2473 imperii,
960 2420 1079 2474 quae
1118 2404 1387 2458 tribunum
1419 2404 1660 2458 cohortis
1691 2406 1875 2472 primae
1920 2404 2043 2457 Fla-

464 2477 561 2529 via:
594 2478 858 2531 Cularone
896 2485 1179 2531 stationem
1209 2474 1463 2530 habuisse
1502 2474 1682 2529 docet.
1724 2475 1782 2528 lu
1814 2474 2041 2544 epistola

2150 1954 2313 2008 utitur
2338 1953 2553 2017 litteris,
2585 1950 2725 2020 quod
2752 1949 3007 2005 abutitur.
3033 1946 3185 2002 Vale.

2153 2124 2222 2179 50
2260 2124 2440 2178 I'lanci
2470 2123 2534 2177 ad
2565 2122 2903 2187 Ciceronem,
2938 2137 3058 2191 qua:
3084 2129 3166 2174 est
3197 2120 3269 2174 2'5
3306 2118 3433 2172 libri
3472 2134 3499 2170 ι
3528 2117 3594 2191 ad
3617 2115 3696 2191 Fa-

2152 2194 2545 2277 miliaresxhz
2575 2193 2855 2277 legendum
2890 2185 3001 2277 jam
3040 2192 3502 2277 olimnceusuimus
3526 2188 3572 2242 in
3596 2185 3697 2277 ultri-

2151 2264 2252 2318 tuis
2282 2256 2484 2331 verbis:
2497 2256 2759 2335 'Cularone
2798 2264 2852 2316 in
2880 2256 3071 2335 ﬁnibus
3109 2261 3468 2335 Allobrogum,
3497 2256 3697 2335 uon_Ct:f

2148 2351 2358 2405 earone,
2388 2346 2446 2389 ut
2472 2327 2644 2405 ’vnlgo
2680 2334 2765 2388 edi
2813 2327 2969 2405 solet.
3016 2332 3175 2386 Fines
3207 2327 3572 2405 Allobrogrnm
3594 2327 3698 2405 facit

2146 2399 2602 2475 Gratianopolim;
2622 2406 2743 2474 quia
2785 2404 2851 2458 ad
2881 2404 3075 2475 Isaram
3108 2403 3278 2475 positu
3309 2412 3419 2465 est,
3441 2416 3552 2471 qua:
3583 2399 3698 2452 Allo-

2146 2476 2337 2545 broges
2363 2474 2584 2542 claudit,
2609 2484 2927 2545 separatque
2955 2490 2984 2527 a
3010 2474 3302 2527 Vocontiis.

468 2617 3687 2648 Μ*

1431 2743 1891 2851 LIBER
1976 2736 2767 2871 QUARTUS.

874 2951 985 3023 ει
1021 2951 1350 3007 EPISTULA
1392 2948 1629 3005 ruma.

824 3089 1067 3145 Sidonius
1088 3096 1114 3124 ⁸
1144 3087 1315 3140 Probo
1343 3102 1437 3141 suo
1466 3083 1698 3139 salutem.

542 3224 703 3282 Soror
732 3220 860 3275 mihi
895 3234 1014 3289 qua:
1045 3234 1180 3273 uxor
1206 3217 1297 3272 tibi
1324 3234 1337 3269 :
1374 3216 1497 3270 hinc
1526 3215 1665 3270 inter
1707 3228 1805 3269 nos
1833 3227 2043 3268 summa

470 3328 524 3374 et
570 3314 875 3387 principalis
906 3310 1267 3376 necessitudo,
1308 3320 1363 3365 et
1410 3324 1472 3366 ea
1510 3309 1723 3379 quidem
1763 3309 2040 3380 patruelis,

470 3424 575 3463 non
618 3418 871 3478 germana
904 3402 1229 3470 fraternitas,
1262 3416 1379 3471 quae
1425 3400 1739 3470 plerumque
1775 3414 1833 3452 se
1864 3399 2047 3468 purius

470 3499 679 3566 fortius,
708 3498 970 3554 meracius
997 3506 1158 3551 amat.
1183 3494 1314 3549 Nam
1336 3492 1646 3548 facultatum
1676 3494 1815 3547 inter
1832 3506 2044 3563 germa-

2153 2948 2264 3003 Ium
2294 2957 2345 3003 te
2371 2946 2548 3002 facere
2570 2945 2711 3017 quod
2736 2959 2942 3015 posses,
2974 2952 3067 2999 sed
3099 2953 3151 3000 et
3174 2943 3466 3012 vellequod
3495 2942 3698 2996 laceres:

2150 3039 2378 3105 ideoque
2402 3048 2452 3094 te
2484 3039 2678 3093 bonum
2711 3052 2816 3091 non
2854 3037 3029 3093 minus
3052 3052 3209 3106 quam
3237 3038 3468 3101 peritum
3500 3050 3700 3103 pronun-

2150 3128 2306 3184 tiari?
2329 3128 2393 3182 Et
2413 3144 2543 3183 vere
2574 3129 2708 3182 intra
2735 3128 3063 3182 Eusebianos
3106 3128 3241 3182 lares
3275 3128 3462 3181 talium
3499 3137 3545 3181 te
3583 3139 3701 3194 qua:-

2150 3218 2271 3273 dam
2301 3228 2513 3273 moneta
2541 3230 2847 3288 susceperat
2868 3219 3289 3287 disciplinarum,
3318 3218 3475 3286 cujus
3503 3216 3704 3286 philoso-

2151 3310 2309 3381 phica
2332 3310 2523 3365 incude
2550 3310 2841 3365 formatus:
2873 3326 3016 3364 nunc
3038 3311 3207 3364 varias
3231 3309 3390 3364 nobis
3418 3322 3585 3363 rerum
3612 3319 3705 3360 scr-

2153 3418 2479 3473 monumque
2522 3404 2778 3467 rationes,
2820 3404 2934 3472 ipso
2958 3404 3116 3459 etiam
3155 3404 3244 3473 qui
3292 3402 3565 3467 docuerat,
3602 3412 3707 3469 pro-

2153 3494 2315 3551 hante
2346 3494 2612 3563 pandebas
2639 3513 2651 3547 :
2680 3510 2821 3549 nunc
2844 3504 2903 3549 ut
2927 3495 3075 3550 Plato
3101 3493 3398 3564 discipulus
3429 3494 3535 3564 jam
3568 3504 3708 3561 prope

471 3612 567 3651 nos
596 3596 742 3666 prius
774 3595 862 3649 lite
886 3594 1080 3663 sopita,
1107 3592 1218 3662 jam
1242 3590 1333 3661 qui
1364 3600 1656 3644 nascuntur
1676 3605 1741 3645 ex
1774 3588 2044 3653 fratribus,
2075 3572 2120 3635 (ἶ
2154 3588 2329 3659 potior
2350 3588 2451 3642 sub
2492 3588 2734 3657 Socrate,
2764 3588 2841 3643 sic
2865 3589 2974 3658 jam
3024 3597 3079 3641 tu
3117 3587 3216 3642 sub
3254 3588 3489 3643 Eusebio
3528 3595 3707 3647 nostro,

469 3687 601 3741 nihil
630 3686 852 3741 invicem
888 3689 1395 3739 controversantur:
1426 3689 1479 3736 et
1524 3680 1648 3734 hinc
1686 3694 1832 3749 smpe
1856 3680 2051 3734 caritas

470 3778 522 3831 in
553 3775 878 3845 patruelibus
905 3774 1096 3843 major,
1124 3772 1245 3841 quia
1270 3771 1479 3826 desistit
1511 3772 1619 3842 85
1647 3769 1890 3824 simultas
1912 3785 1939 3823 a
1964 3769 2050 3823 di-

470 3866 696 3932 visione,
728 3880 829 3918 ncc
853 3872 1029 3918 cessat
1061 3862 1281 3917 allectus
1319 3877 1349 3915 a
1379 3862 1603 3916 semine.
1642 3860 1920 3915 Secundus
1950 3874 2050 3915 no-

472 3958 554 4011 bis
582 3954 886 4010 animorum
912 3969 1079 4009 nexus
1103 3950 1411 4008 accessitde
1431 3951 1729 4007 studiorum
1758 3950 2047 4020 parilitate,

469 4047 591 4116 quia
613 4046 752 4100 idem
780 4046 1063 4113 sentimus,
1096 4044 1397 4113 culpamus,
1430 4043 1707 4098 laudamus
1744 4042 1795 4096 in
1836 4041 2049 4108 litteris,

469 4150 523 4192 et
545 4152 697 4208 atque
728 4135 883 4192 nobis
914 4135 1164 4206 quaelibet
1190 4134 1356 4190 dictio
1386 4134 1558 4203 placet
1590 4132 2048 4202 improbaturque.

469 4232 782 4297 Quanquam
814 4227 944 4281 mihi
969 4227 1127 4281 nimis
1157 4241 1350 4295 arrogo
1377 4239 1552 4278 meum
1578 4222 1837 4292 judicium
1868 4220 2053 4277 confe-

469 4338 596 4377 rens
626 4331 737 4377 tuo.
766 4320 897 4388 Quis
926 4319 1068 4374 enim
1114 4318 1371 4388 juvenum
1414 4316 1618 4370 nesciat
1648 4314 2050 4383 seniorumque,

471 4423 523 4467 te
562 4413 692 4467 mihi
738 4414 1050 4482 magistrum
1082 4408 1246 4464 fuisse
1276 4408 1572 4478 proprium,
1606 4422 1726 4462 cum
1751 4405 2054 4460 videremur

470 4505 673 4559 habere
723 4503 1097 4560 communem?
1136 4511 1191 4559 et
1230 4503 1276 4557 si
1328 4500 1455 4572 quid
1507 4501 1752 4555 heroicus
1801 4500 2049 4568 arduum,

469 4599 706 4652 comicus
735 4597 995 4667 lepidum,
1020 4597 1222 4669 lyricus
1245 4593 1657 4657 cantinelosum,
1678 4603 1857 4648 orator
1879 4603 2054 4646 matu-

472 4704 615 4754 rum,
659 4687 945 4743 historicus
985 4705 1191 4755 verum,
1243 4688 1491 4743 satiricus
1532 4686 1835 4755 figuratum,
1877 4699 2055 4755 gram-

472 4782 701 4835 maticus
746 4780 1013 4849 regulare,
1074 4781 1411 4851 panegyrista
1460 4778 1764 4849 plausibile,
1813 4777 2052 4846 sophista

472 4871 691 4936 serium,
736 4870 1130 4940 epigrammista
1175 4870 1451 4937 lascivum,
1491 4879 1880 4925 commentator
1917 4870 2052 4925 luci-

2154 3680 2293 3735 iuter
2318 3679 2694 3734 Aristotelicas
2721 3680 3019 3749 categorias
3048 3678 3239 3734 artifex
3269 3679 3580 3734 dialecticus
3608 3675 3709 3729 atti-

2153 3774 2419 3839 cissabas,
2450 3788 2571 3828 cum
2602 3773 2691 3828 ille
2727 3771 2899 3827 adhuc
2934 3772 3199 3827 aetatulam
3248 3782 3512 3839 nostram,
3560 3767 3710 3825 mobi-

2154 3865 2280 3930 lem,
2313 3873 2575 3931 teneram,
2608 3862 2852 3927 crudam,
2877 3864 3037 3918 modo
3073 3863 3418 3934 castigatoria
3456 3865 3711 3920 severitate

2153 3955 2498 4026 decoqueret,
2523 3954 2683 4009 modo
2710 3955 2821 4025 86
2852 3954 3224 4009 mandatorum
3259 3956 3571 4011 salubritate
3605 3967 3712 4007 con-

2153 4046 2311 4103 diret.
2355 4046 2424 4100 At
2472 4047 2729 4115 qualium,
2770 4046 2913 4100 Deus
2962 4046 3125 4113 bone,
3174 4062 3446 4117 quamque
3483 4047 3714 4115 pretioso-

2153 4155 2271 4195 rum
2293 4140 2378 4193 !...
2406 4154 2526 4209 qua!
2555 4140 2601 4194 si
2645 4138 2762 4208 quis
2788 4138 3097 4208 deportaret
3127 4139 3614 4208 philosophaturus,
3639 4143 3714 4188 aut

2152 4232 2216 4285 ad
2249 4230 2576 4301 paludicolas
2610 4230 2941 4295 Sicambros,
2973 4240 3066 4285 aut
3090 4230 3157 4285 ad
3197 4230 3587 4301 Caucasigenas
3613 4227 3717 4283 Ala-

2154 4339 2273 4391 nos,
2305 4334 2394 4377 aut
2422 4323 2487 4377 ad
2518 4323 2851 4394 equimulgas
2896 4312 3151 4390 Gelonos,
3196 4324 3502 4378 bestialium
3543 4321 3715 4391 rigida-

2154 4431 2378 4486 rumque
2409 4416 2682 4471 nationum
2723 4416 2885 4470 corda
2927 4430 3145 4480 cornea,
3189 4416 3447 4485 fibraeque
3493 4414 3718 4485 glaciales

2156 4506 2345 4575 procul
2375 4506 2536 4562 dubio
2565 4506 2937 4562 emollirentur
2974 4506 3477 4576 egelidarenturque
3510 4524 3523 4561 :
3570 4516 3718 4573 neque

2155 4598 2365 4652 illorum
2398 4595 2650 4653 ferociam
2678 4597 3134 4667 stoliditatemque
3163 4613 3281 4667 quae
3311 4598 3602 4653 secundum
3624 4594 3721 4648 bel-

2158 4689 2273 4743 luas
2311 4690 2521 4758 ineptit,
2555 4688 2833 4755 brutescit,
2880 4688 3210 4752 accenditur,
3254 4688 3574 4753 rideremus,
3611 4701 3721 4740 con-

2157 4788 2538 4845 temneremus,
2566 4781 3091 4849 pertimesceremus.
3123 4780 3285 4850 Igitur
3303 4782 3426 4850 quia
3460 4795 3560 4836 nos
3580 4788 3634 4834 ut
3655 4776 3721 4831 al.

2159 4872 2354 4941 finitas,
2388 4874 2458 4929 ita
2500 4873 2675 4928 studia
2710 4874 3025 4943 junxerunt,
3058 4888 3270 4943 precor,
3293 4889 3507 4944 quoquo
3533 4872 3629 4929 loci
3652 4886 3721 4935 rs,

471 4962 621 5029 dum,
645 4962 1060 5032 jurisconsultus
1084 4962 1390 5029 obscurum,
1421 4964 1759 5018 multifariam
1791 4962 2046 5019 condide-
2073 4949 2125 5011 D
2148 4967 2395 5022 amicitia}
2417 4966 2534 5037 jura
2578 4967 2893 5020 inconcussa
2924 4958 3202 5020 custodias
3226 4984 3239 5017 :
3272 4965 3594 5036 longumque
3616 4962 3722 5025 tibi,

473 5064 624 5119 runt;
654 5054 703 5107 id
750 5062 802 5107 te
840 5054 1178 5108 omnilariam
1226 5053 1468 5124 singulis,
1511 5055 1611 5109 nisi
1654 5055 1737 5109 cui
1780 5054 2051 5124 ingenium

473 5144 682 5214 sibique
708 5144 825 5212 quis
845 5143 1014 5199 defuit
1062 5144 1381 5201 tradidisse?
1403 5146 1542 5199 Dens
1571 5146 1740 5202 bone!
1771 5162 1928 5216 quam
1951 5144 2070 5201 sibi'

2152 5069 2208 5116 et
2236 5060 2281 5114 si
2307 5058 2436 5114 sede
2465 5057 2736 5119 absumus,
2767 5056 3006 5112 adsimus
3041 5054 3235 5110 aﬂ‘ectu
3277 5072 3291 5108 :
3321 5056 3471 5125 cujus
3511 5055 3722 5109 inteme-

2152 5162 2282 5207 ratae
2316 5161 2516 5220 partes,
2569 5158 2826 5219 quantum
2871 5147 2939 5202 ad
2988 5162 3089 5202 nos
3134 5154 3361 5215 spectat,
3412 5162 3441 5201 a
3485 5144 3636 5201 nobis
3680 5141 3724 5196 in

474 5237 599 5291 hinc
630 5245 807 5306 patres
852 5238 1018 5293 nostrl
1059 5239 1446 5304 gloriabantur,
1477 5254 1598 5293 cum
1646 5240 1909 5304 viderent,
1956 5235 2058 5295 sub
2158 5259 2353 5310 aevum,
2400 5244 2446 5298 si
2492 5242 2618 5313 quid
2662 5250 2747 5298 est
2789 5242 2909 5297 vita:
2950 5240 3235 5311 reliquum,
3284 5240 3722 5310 perennabuntur.

475 5345 574 5400 ope
603 5328 820 5395 Christi,
854 5338 905 5385 te
925 5328 1123 5385 docere
1144 5344 1319 5399 posse,
1350 5346 1436 5386 me
1460 5330 1702 5387 discere:
1734 5340 1787 5387 et
1829 5348 1935 5386 non
1965 5347 2057 5389 so-

548 5526 774 5598 {Magni
815 5525 1007 5598 Felicis
1039 5522 1211 5598 fratri,
1251 5526 1554 5598 praestantis
1580 5525 1839 5583 doctrina:
1866 5542 1932 5585 ac
1963 5529 2052 5598 ju-

480 5592 603 5650 dicii
628 5592 763 5652 viro.
795 5598 883 5653 Sic
902 5597 1043 5653 enim
1077 5592 1310 5651 Felicem
1339 5596 1628 5665 alloquitur
1652 5599 1701 5653 in
1724 5592 2055 5656 cartuine'9:

603 5755 897 5804 Germanum
924 5765 1083 5805 tamen
1116 5764 1227 5806 ante
1249 5757 1333 5807 sed
1360 5765 1608 5807 memento

604 5816 848 5866 Doctrina:
870 5818 1091 5869 columen
1118 5820 1325 5870 Probum
1346 5820 1601 5869 advocare.

2157 5334 2305 5390 Vale.

2164 5529 2321 5585 Probi
2374 5545 2501 5585 vero
2555 5545 2688 5584 uxor
2732 5526 2958 5595 Eulalia,
2992 5527 3234 5583 carmine
3278 5528 3370 5594 25,
3410 5525 3515 5579 sub
3559 5523 3725 5578 liuent.

2162 5601 2344 5668 Quare
2374 5600 2576 5655 Eulalia
2610 5600 2717 5656 Sid-
2742 5601 2813 5654 nii
2841 5614 2998 5654 soror
3029 5598 3130 5652 hoc
3170 5598 3309 5662 loco,
3349 5596 3436 5651 sed
3466 5607 3726 5668 sororpa-

2164 5672 2373 5725 truelis.
2414 5672 2543 5725 Nam
2577 5682 2636 5724 ut
2680 5671 2846 5725 frater
2893 5668 3160 5723 interdum
3202 5669 3392 5723 dicitur
3418 5681 3526 5718 non
3568 5667 3726 5718 Solum

2164 5756 2469 5811 germanus,
2493 5757 2676 5795 verum
2706 5742 2867 5796 etiam
2889 5740 3177 5811 patruelis;
3205 5741 3296 5811 sic
3308 5749 3456 5811 soror
3486 5746 3596 5791 tum
3621 5746 3726 5805 ger-

2166 5808 2342 5881 inana,
2372 5820 2482 5868 tum
2508 5812 2777 5883 patruelis.
2813 5820 2905 5868 aut
2924 5810 3083 5867 etiam
3110 5808 3444 5866 consobrina.
