3910 6172
244 364 327 423 8ὖο
1427 350 1899 409 EPISTOLARUM
1942 349 2067 404 Ll-B.
2110 350 2196 403 iV.

659 474 764 543 87
807 470 1135 527 EPISTOL.\
1191 469 1257 524 ll.

453 560 792 616 'Claudianus
824 562 1041 617 Sidonio
1070 575 1218 631 papa:
1246 557 1485 613 salutem.

333 702 471 765 (Hauc
500 698 742 765 epistolam
776 698 1016 765 glidimus
1038 698 1327 765 Patrologize
1361 707 1475 748 tom.
1497 693 1627 756 LIII,

670 760 758 809 Col.
785 758 896 819 779,
920 762 1001 810 ubi
1027 759 1246 820 videsis.)

653 967 766 1037 ss
803 964 1135 1021 EPISTULA
1179 964 1259 1019 tu.

497 1056 738 1112 Sidonius
761 1056 1047 1111 Claudiano
1075 1073 1167 1110 suo
1195 1055 1433 1108 salutem.

233 1197 361 1261 (lianc
378 1196 506 1245 etiam
527 1192 779 1258 epistolam
799 1192 979 1244 videsis
999 1190 1179 1241 Patrol.
1208 1197 1320 1242 tom.
1344 1187 1475 1249 Llll,
1506 1186 1596 1237 col.
1621 1185 1753 1246 7151.)

651 1508 759 1580 92
799 1506 1134 1563 EPISTOLA
1173 1505 1263 1561 1v.

300 1600 510 1655 Sidonius
531 1596 560 1637 δ
583 1597 856 1669 Simplicio
884 1607 933 1652 et
970 1596 1263 1668 Apollinari
1289 1597 1393 1650 suis
1416 1597 1651 1651 salutem.

280 1713 461 1776 Eccum,
490 1710 572 1764 vel
618 1709 830 1763 tandem
863 1708 1016 1763 adest
1066 1708 1347 1777 promissio
1388 1720 1526 1768 mea,
1558 1720 1753 1775 exspe-

3327 350 3434 407 810

1782 470 1831 524 Δ
1859 463 2075 517 eximite
2101 477 2457 523 communem.
2486 468 2618 521 Nam
2648 465 2694 520 si
2731 465 3020 521 etiamnum
3060 466 3220 521 silere
3266 466 3435 520 medi-

1861 555 2065 621 tetn-ini,
2100 570 2287 609 omnes
2313 566 2367 610 et
2399 570 2483 609 me
2507 560 2616 618 cui,
2649 565 2705 611 et
2728 558 2872 611 illum
2898 573 2991 627 per
3011 574 3167 626 quem
3196 559 3434 614 scribere

1858 645 2116 710 debeatis,
2135 645 2405 715 indignum
2430 646 2850 701 arbitrabuntur.
2878 650 2949 702 De
2971 657 3265 717 temporum
3290 658 3432 703 statu

1857 740 1964 807 jam
1988 737 2141 803 nihil,
2163 747 2216 792 ut
2239 738 2406 807 prius,
2428 739 2667 804 eonsulo,
2696 754 2761 792 ne
2780 742 2847 792 sit
2866 740 3102 794 moribus
3125 742 3228 794 tuis
3255 742 3428 806 oneri,

1859 831 1902 883 si
1933 830 2153 883 adversa
2198 828 2481 899 signiﬁces,
2512 845 2631 883 cum
2677 846 2928 899 prospera
2963 847 3066 884 non
3116 841 3427 901 sequantur.

1860 920 1989 974 Nam
2018 934 2138 974 cum
2171 927 2222 973 te
2260 936 2364 974 non
2393 920 2577 975 deccat
2623 920 2751 974 falsa
2795 922 3068 983 mandare,
3102 932 3259 989 atque
3304 924 3429 976 item

1858 1013 2226 1068 desintvOtiva
2261 1024 2592 1077 memoratu;
2645 1013 2789 1082 fugio
2830 1014 3082 1082 quidquid
3140 1014 3266 1069 illud
3308 1014 3433 1068 inzdi

1856 1112 1958 1169 est,
1984 1118 2078 1173 per
2106 1103 2363 1157 bonorum
2386 1102 2578 1157 iudicia
2602 1118 2944 1172 cognoscere.
2977 1104 3121 1157 Vale.

2450 1237 2779 1294 EPISTULA
2825 1237 2893 1292 Vl

2139 1351 2387 1406 Sidonius
2414 1360 2436 1389 ο
2462 1351 2751 1422 Apollinari
2778 1368 2870 1405 suo
2897 1351 3133 1408 salutem.

1928 1461 2031 1517 Per
2065 1462 2373 1518 Faustinum
2403 1463 2714 1527 antistitem,
2742 1476 2847 1517 non
2877 1463 3053 1517 minus
3080 1462 3205 1517 mihi
3239 1463 3432 1518 veteris

1858 1554 2195 1608 contubernii
2225 1553 2509 1607 sodalitate
2532 1569 2688 1622 quam
2726 1568 2877 1607 nova:
2918 1553 3264 1622 professionis
3292 1566 3433 1607 com-

1858 1645 2110 1699 munione
2164 1645 2489 1701 devinctum.
2540 1645 2705 1699 verbo
2751 1646 3010 1714 qumpiam
3052 1644 3163 1716 94,
3199 1644 3432 1699 cavenda

1858 1733 2269 1787 mandaveram:
2298 1735 2439 1789 dicto
2478 1734 2719 1803 paruisse
2759 1750 2856 1790 vos
2884 1735 3109 1805 gaudeo.
3157 1736 3431 1801 Siquidem

226 1806 349 1859 ⁰¹³¹Ῑ⁰
373 1812 557 1869 τθδίτθι
586 1802 869 1857 ίὲδυδιίηυδ
890 1801 1433 1893 Ρθίθτίθωίιίὲδλάθωί
1460 1799 1754 1893 "Obi'isﬁet
1784 1827 1832 1886 B
1860 1823 2209 1893 prudentibus
2245 1799 2536 1878 cordicitus
2573 1825 2789 1879 insitum
2822 1799 2925 1890 esi,
2968 1826 3135 1880 vitare
3178 1799 3432 1881 fortuita:

223 1895 329 1947 inter
352 1894 567 1948 maxima
609 1893 818 1963 patrima,
855 1893 965 1963 jam
1002 1893 1133 1947 mihi
1189 1891 1394 1962 sibique
1429 1891 1748 1960 communis,

224 1996 483 2041 ornamenta
524 1985 914 2042 numerandus.
964 1984 1061 2040 llic
1106 1999 1256 2039 meus
1295 1982 1457 2038 frater
1499 1981 1751 2036 natalium

220 2080 453 2149 parilitate,
485 2079 689 2135 amicus
716 2078 1013 2132 animorum
1040 2074 1391 2131 similitudine
1417 2092 1428 2126 :
1454 2089 1598 2142 saepe
1626 2088 1750 2128 cum

223 2171 299 2224 lzoc
322 2170 465 2235 seria,
491 2184 639 2240 saepe
664 2170 824 2224 etiam
851 2170 972 2239 joca
1014 2167 1221 2231 miscui,
1249 2180 1479 2234 cumque
1514 2164 1583 2218 ab
1627 2163 1751 2219 hinc

218 2272 328 2318 retro
342 2263 547 2333 juvenes
577 2278 817 2326 eramus,
848 2263 900 2316 in
924 2261 1053 2331 pila,
1078 2261 1129 2314 in
1156 2260 1393 2326 tesseris,
1430 2258 1479 2311 in
1505 2256 1745 2323 saltibus,

219 2368 362 2421 cursu,
384 2364 594 2419 venatu,
631 2363 836 2421 natatu,
862 2361 1041 2407 sancta
1074 2368 1287 2421 semper
1321 2351 1599 2416 ambobus,
1627 2349 1749 2420 quia

218 2457 419 2502 manente
442 2449 691 2511 caritate,
726 2447 1021 2501 contentio.
1052 2446 1175 2499 Milli
1205 2445 1420 2515 quidem
1450 2446 1624 2511 major
1665 2444 1751 2498 liic

217 2550 332 2604 natu,
360 2549 545 2594 tantum
585 2549 786 2600 tamen,
817 2546 873 2590 ut
904 2552 1026 2591 eum
1067 2552 1171 2590 non
1216 2546 1322 2590 tam
1363 2534 1615 2588 honorari
1655 2548 1749 2587 ne-

215 2646 336 2688 cesse
365 2642 515 2698 esset,
546 2647 711 2702 quam
743 2630 1032 2685 delectaret
1070 2631 1258 2683 imitari
1298 2646 1311 2681 :
1356 2628 1515 2683 simul
1561 2638 1612 2683 et
1634 2630 1749 2697 ipse

214 2722 309 2777 hinc
333 2725 546 2792 amplius
572 2722 906 2792 capiebatur,
938 2721 1076 2791 quod
1108 2736 1166 2774 se
1185 2721 1329 2790 diligi
1368 2721 1553 2790 magis,
1588 2735 1745 2788 quam

210 2815 327 2878 quasi
350 2816 439 2869 coli
463 2814 817 2883 intelligebat.
842 2812 948 2868 Sed
975 2822 1229 2881 provectu
1251 2811 1442 2874 :etatis,
1469 2825 1532 2866 ex
1560 2810 1745 2865 militia

208 2908 419 2973 clericali,
448 2924 570 2963 cum
604 2916 747 2962 esset
776 2908 1021 2960 amabilis
1053 2906 1220 2974 prius,
1253 2904 1414 2971 coepit
1440 2903 1600 2958 modo
1628 2918 1748 2958 esse

208 3000 502 3055 venerabilis.
532 3000 643 3055 Per
676 3000 818 3054 bunc
839 2998 1064 3052 salutem
1096 2996 1238 3062 dico,
1267 2994 1449 3049 videre
1491 3009 1607 3060 vos,
1647 2994 1747 3048 sub

206 3106 283 3158 ope
300 3091 498 3160 Christi,
530 3106 697 3163 quam
727 3089 1108 3153 maturissime,
1139 3086 1183 3142 si
1215 3102 1308 3153 per
1334 3095 1532 3141 statum
1575 3085 1746 3156 publi-

1854 1915 1991 1969 sicut
2020 1914 2204 1969 itidem
2247 1914 2539 1969 absurdum
2567 1922 2675 1980 est,
2714 1916 2760 1970 si
2798 1916 2989 1983 coeptis
3027 1915 3315 1970 audacibus
3343 1915 3435 1969 ad-

1855 2017 2097 2061 versetur
2125 2014 2369 2071 eventus,
2398 2020 2724 2076 consurgere
2755 2006 2807 2059 in
2835 2006 3218 2076 querimonias,
3256 2014 3309 2059 et
3354 2006 3436 2059 in-

1852 2099 2217 2155 consultarum
2247 2099 2656 2169 dispositionum
2692 2100 2986 2168 culpabiles
3024 2100 3197 2154 exitus
3242 2098 3308 2152 ad
3349 2101 3434 2156 in-

1855 2190 2135 2246 formanda
2162 2205 2386 2246 casuum
2423 2192 2625 2246 incerta
2659 2200 2996 2248 convertere.
3027 2192 3291 2257 Quorsum
3333 2191 3432 2244 ista

1855 2282 2005 2340 bare?
2032 2285 2131 2339 ais.
2164 2282 2360 2340 Fateor
2399 2299 2487 2339 me
2526 2284 2684 2340 nimis
2706 2286 2956 2349 veritum,
3002 2301 3067 2338 ne
3103 2294 3338 2352 tempore
3362 2283 3434 2337 .ιί-

1852 2375 2019 2428 moris
2046 2374 2241 2443 publici
2269 2389 2375 2430 non
2406 2374 2682 2438 timeretis,
2716 2383 2771 2430 et
2797 2374 2984 2428 solidae
3024 2374 3213 2428 domus
3238 2373 3301 2425 ad
3333 2372 3432 2425 hoc

1852 2465 1950 2517 xcvi
2001 2465 2314 2520 inconcussa
2347 2464 2627 2529 securitas,
2659 2465 2723 2518 ad
2764 2472 3155 2533 tempestuosos
3201 2461 3432 2515 hostium

1852 2556 2099 2611 incursus
2144 2570 2240 2623 pro
2280 2556 2653 2625 intempestiva
2685 2555 2969 2610 devotione
3000 2552 3309 2622 trepidaret,
3354 2552 3433 2606 in-

1850 2645 2176 2715 cltoaretque
2204 2645 2341 2714 apud
2379 2646 2679 2699 animorum
2714 2643 3085 2697 matronalium
3117 2641 3433 2696 teneritudi-

1850 2750 1974 2790 nem
2018 2735 2328 2791 solenmitas
2367 2736 2604 2805 expetita
2649 2736 2908 2789 vilescere
2954 2751 2969 2789 :
3019 2748 3320 2801 quanquam
3379 2734 3431 2787 in

1852 2826 2159 2895 pectoribus
2207 2825 2511 2881 earumdem
2553 2827 2621 2880 ita
2653 2826 2752 2880 sibi
2796 2828 2866 2880 sit
2904 2826 3134 2894 gi-nuina
3178 2824 3433 2878 sanctitas

1859 2919 2127 2988 peculiare
2158 2928 2355 2974 metata
2377 2917 2726 2983 domicilium,
2754 2927 2811 2971 ut
2837 2918 2880 2971 si
2912 2917 3035 2986 quid
3066 2930 3222 2971 secus
3246 2915 3434 2970 vianti-

1852 3011 1949 3066 bus
1970 3011 2273 3080 accidisset,
2294 3012 2550 3066 laetaturae
2580 3010 2777 3064 fuerint
2802 3008 3065 3079 quoddam
3083 3023 3141 3063 se
3166 3022 3262 3077 pro
3289 3023 3433 3060 mar-

1853 3113 1967 3173 tyre
1995 3105 2254 3157 tolerasse
2286 3102 2619 3172 martyrium.
2670 3103 2767 3155 Ast
2797 3116 2896 3169 ego
2925 3100 3010 3155 cui
3040 3100 3295 3169 majorem
3335 3098 3435 3153 dif-

204 3194 297 3235 cum
318 3181 480 3250 liceat,
510 3182 762 3250 cupiens.
790 3180 1052 3247 Quocirca
1082 3175 1186 3232 nisi
1211 3175 1536 3232 desiderium
1566 3192 1743 3231 tneum

1856 3195 2128 3250 ﬁdentiam
2162 3195 2337 3249 minor
2366 3194 2668 3249 innocentia
2697 3193 2844 3259 facit,
2868 3208 3032 3262 super
3064 3192 3166 3248 hoc
3187 3192 3434 3261 ambiguo

204 3272 373 3328 videtur
400 3289 717 3341 onerosum,
756 3280 1029 3328 remeante
1072 3271 1311 3340 prazfato,
1342 3270 1466 3324 ﬁam
1508 3270 1748 3324 locorum

204 3372 455 3421 vestrorum
485 3376 538 3421 et
573 3377 878 3434 temporum
929 3379 1147 3433 gnarus.
1180 3362 1297 3419 Stat
1337 3363 1603 3421 sententia
1635 3364 1752 3417 elu-

201 3454 302 3508 etari
323 3459 587 3526 Oppositus
613 3460 937 3525 privatarum
961 3455 1366 3525 occupationum
1389 3454 1745 3520 difﬁcultates;

201 3553 242 3597 et
270 3550 676 3617 complectendis
717 3550 1023 3618 pectoribus
1068 3551 1261 3604 vestris
1300 3550 1591 3619 quamlibet
1635 3550 1749 3603 lon-

197 3653 291 3705 giun
317 3640 538 3697 ofﬁcium
582 3644 883 3711 deputare:
917 3642 960 3695 si
992 3651 1192 3705 tamen,
1230 3641 1372 3711 quod
1403 3641 1563 3695 etiam
1606 3656 1749 3696 nunc

202 3743 428 3803 veremur,
451 3750 558 3788 non
585 3736 669 3789 vis
695 3734 867 3801 major
888 3732 1144 3802 disposita
1168 3732 1489 3787 confundat:
1511 3747 1631 3802 qua:
1656 3747 1749 3787 vos

197 3836 371 3894 quoque
396 3841 497 3881 non
512 3827 628 3897 93
653 3826 1023 3897 perindignum
1046 3835 1128 3881 est
1146 3841 1267 3881 cum
1292 3826 1452 3880 fratre
1470 3824 1746 3895 Faustino,

196 3926 325 3979 prout
350 3928 588 3988 tempora
620 3937 669 3973 ni
711 3928 861 3982 nent,
890 3928 1112 3973 tractatu
1134 3919 1525 3973 communicato
1548 3918 1750 3973 delibe-

194 4018 324 4061 rare:
347 4026 499 4077 quem
523 4026 630 4083 ego
657 4012 777 4082 quia
810 4012 993 4079 diligo,
1028 4021 1275 4080 tanquam
1312 4010 1402 4080 qui
1430 4025 1518 4066 me
1544 4009 1747 4077 diligat,

194 4096 307 4152 misi.
333 4098 385 4155 Si
415 4106 711 4173 respondet
749 4102 953 4171 judicio
993 4118 1135 4164 meo,
1182 4102 1381 4173 gratias
1416 4116 1535 4171 ago.
1580 4100 1750 4155 Porro

190 4197 356 4255 autem,
382 4208 503 4249 cum
537 4197 626 4249 vir
670 4195 841 4247 bonus
881 4196 947 4249 ab
992 4194 1243 4249 omnibus
1285 4201 1596 4259 censeatur,
1640 4206 1749 4247 non

198 4287 263 4331 est
287 4281 435 4340 homo
456 4288 639 4356 pejor,
664 4287 705 4341 si
735 4302 841 4340 non
865 4297 947 4340 est
968 4286 1222 4356 optimus.
1254 4286 1463 4342 Valete.

728 4376 1064 4431 EPISTULA
1107 4376 1170 4431 V.

528 4466 782 4521 Sidonius
814 4463 978 4520 Felici
1004 4483 1095 4521 suo
1124 4467 1361 4522 salutem.

1852 3288 2133 3341 sententiae
2152 3285 2374 3340 cautiori
2399 3284 2649 3340 libentius
2665 3284 2994 3347 adhaeresco,
3022 3298 3121 3338 nec
3144 3282 3436 3338 difﬁculter
3472 3352 3475 3353 γ

1851 3376 2090 3446 app'icor
2109 3377 2269 3431 etiam
2292 3384 2400 3430 tuta
2426 3376 2803 3431 metuentibus.
2820 3375 3049 3430 Proinde
3074 3375 3272 3429 factum
3297 3375 3436 3428 bene

1851 3474 1958 3530 cst,
2001 3465 2141 3534 quod
2187 3480 2387 3534 anceps
2440 3465 2535 3519 iter
2587 3465 2873 3517 salubriter
2921 3464 3221 3528 distulistis,
3263 3477 3437 3532 neque

1852 3559 1989 3613 intra
2006 3558 2209 3627 jactum
2242 3566 2404 3612 tautae
2432 3558 2562 3611 alea:
2583 3564 2753 3610 status
2780 3564 2941 3611 tanta:
2966 3557 3176 3610 familia:
3209 3556 3325 3610 fuit.
3373 3556 3438 3610 Et

1852 3650 1979 3705 licet
2023 3649 2273 3703 inchoata
2310 3648 2396 3702 via
2442 3646 2673 3715 potuerit
2728 3646 3053 3715 prosperari,
3100 3661 3203 3716 ego
3258 3655 3436 3701 tamen

1852 3740 2153 3810 bujusmodi
2175 3739 2403 3794 consilio
2420 3738 2598 3791 album
2618 3737 2880 3792 calculum
2910 3738 3127 3792 minime
3148 3752 3437 3807 apponam,

1851 3834 2004 3902 cujus
2037 3831 2309 3887 temeritas
2333 3830 2535 3885 absolvi
2583 3831 2787 3900 nequit,
2833 3831 2931 3884 nisi
2974 3830 3237 3885 beneficio
3271 3830 3440 3884 felici-

1853 3927 1999 3981 tatis.
2030 3924 2181 3978 Dabit
2207 3922 2421 3993 quidem
2448 3922 2569 3976 talia
2596 3933 2717 3977 vota
2745 3922 2997 3977 divinitas
3021 3922 3196 3991 dignis
3227 3935 3438 3976 succes—
3479 3911 3500 3928 ⁶

1853 4016 2003 4072 sibus
2044 4013 2390 4085 promoveri:
2434 4013 2723 4082 licebitque
2765 4013 2939 4069 adhuc
2982 4013 3238 4067 horumce
3271 4023 3439 4066 terro~

1852 4125 1970 4164 rum
2005 4108 2108 4163 sub
2139 4108 2283 4177 pacis
2321 4106 2630 4161 ammnitate
2656 4106 2997 4170 meminisse;
3041 4105 3132 4158 sed
3159 4103 3439 4171 praesentia

1855 4200 2063 4255 faciunt
2088 4206 2298 4265 cautos,
2330 4212 2463 4267 quos
2490 4194 2741 4251 videbunt
2764 4194 2937 4249 futura
2961 4209 3196 4249 securos.
3222 4192 3439 4250 Interim

1851 4290 1916 4345 ad
1951 4304 2210 4359 praesens,
2241 4288 2451 4357 apicum
2474 4286 2582 4357 95
2603 4286 2813 4342 oblator
2843 4285 3031 4339 damna
3055 4284 3153 4339 sibi
3176 4283 3439 4353 quaepiam

1852 4397 1951 4452 per
1980 4380 2268 4435 Genesium
2295 4388 2529 4433 vestrum
2554 4377 2752 4432 inflicta
2786 4378 3043 4445 suspirat.
3077 4374 3133 4430 Si
3178 4373 3439 4443 perspicis

1852 4488 1881 4528 a
1911 4487 2040 4529 vero
2085 4486 2193 4526 non
2230 4470 2539 4538 discrepare
2577 4468 2999 4538 querimoniam,
3050 4466 3209 4521 tribui
3254 4480 3439 4535 quaeso

245 4553 386 4611 iterat
439 4560 762 4627 portitorem
816 4560 1151 4614 salutationis
1210 4560 1442 4617 iteratio.
1515 4558 2181 4626 GozolasDcouvincenti
2230 4560 2696 4624 reformationem,
2751 4557 3031 4627 peregrino
3080 4557 3435 4613 celeritatem.

187 4658 335 4701 tes'er
360 4649 526 4720 (Deus
557 4651 757 4704 tribuat
787 4658 846 4703 ut
885 4650 1088 4719 n03ter)
1131 4653 1339 4720 apicum
1382 4665 1620 4705 meorum
1652 4666 1739 4706 se-

183 4740 329 4794 cando
355 4743 579 4811 gerulus
623 4740 874 4798 efﬁcitur.
912 4742 1076 4812 igitur
1107 4744 1481 4798 verecundiam
1530 4745 1737 4814 utriqne

237 4944 258 4970 ⁸
283 4936 577 4993 Mamertus
606 4936 932 4992 Claudianus
964 4936 1288 5009 Viennensis
1326 4939 1572 4994 ecclesiae
1596 4955 1742 5009 pres-

180 5002 329 5072 byter,
374 5009 624 5061 Mamerti
674 5009 909 5078 episcopi
957 5006 1141 5064 frater.
1209 5010 1553 5064 Discernendi
1597 5002 1740 5066 enim

178 5084 279 5155 iuni
300 5080 537 5155 germani
568 5081 697 5155 duo,
730 5079 1016 5155 Mamertus
1048 5080 1332 5155 episcOpus
1368 5090 1433 5155 et
1456 5081 1742 5155 Mamertus

177 5146 482 5202 Claudianus
504 5150 815 5222 presbyter,
835 5150 984 5222 cujus
1006 5146 1089 5202 est
1114 5150 1226 5203 lucc
1245 5150 1493 5222 epistola.
1522 5154 1744 5222 Utrique

178 5228 439 5293 commune
472 5218 820 5293 vocabulum,
859 5220 1184 5293 Mamertus:
1217 5221 1309 5273 sed
1342 5223 1592 5291 episcopo
1622 5218 1746 5293 pro-

176 5288 327 5359 prium
372 5288 423 5341 id
471 5303 672 5343 nOtneu
719 5290 835 5356 fuit,
886 5291 1201 5359 presbytero
1238 5288 1578 5357 coguntneti:
1615 5288 1740 5347 nam

176 5358 425 5425 preprium
451 5369 509 5412 et
540 5374 722 5412 verum
753 5360 906 5428 hujus
938 5358 1153 5417 numen,
1186 5358 1531 5415 Claudianus.

233 5422 256 5460 δ
284 5427 388 5481 llos
416 5430 619 5483 iterum
645 5431 919 5484 coniungit
940 5432 1101 5484 eoist.
1134 5429 1217 5484 ιε.
1237 5430 1301 5482 ad
1326 5431 1563 5484 sinuulos
1584 5432 1652 5484 eti

326 5442 388 5481 os
416 5441 619 5483 Iterum
645 5441 919 5485 coniungit.
940 5441 1101 5485 entst.
1134 5441 1217 5485 12.
1237 5441 1301 5482 ad
1326 5450 1343 5482 ε

234 5438 256 5460 ⁵³
284 5438 388 5481 nos
416 5438 619 5483 iterum
645 5440 919 5497 conjllltgll
940 5438 1101 5497 epist.
1134 5438 1217 5494 12,
1237 5438 1301 5482 ad
1326 5438 1404 5482 sin
1446 5438 1563 5486 ulos
1584 5438 1744 5486 etiam

171 5499 377 5574 georsim
416 5502 557 5552 alias
600 5500 801 5574 scribit.
857 5497 1118 5574 Videntur
1140 5571 1151 5574 _
1163 5502 1357 5574 fratres
1399 5445 1583 5574 susse,
1606 5516 1745 5574 cum

172 5566 377 5642 Sidonio
398 5570 817 5642 necessitudinis
842 5572 1052 5625 vinculo
1072 5571 1298 5639 colligati
1327 5587 1340 5623 :
1364 5572 1507 5639 quod
1528 5572 1746 5642 quidem

171 5635 229 5691 de
250 5638 551 5706 Apollinari
588 5640 749 5709 liquet
779 5656 842 5695 ex
873 5644 1029 5710 epist.
1064 5642 1117 5705 9,
1148 5635 1240 5696 lib.
1271 5656 1328 5695 tt.

234 5718 254 5745 ε
282 5710 497 5789 ῌὶάοηι.
535 5710 853 5789 l_n_vita_t_i_ad
897 5713 1320 5789 martyrisapud
1359 5713 1629 5789 Arvernos
1657 5728 1748 5767 so-

173 5775 491 5835 lemnitatem
544 5781 849 5847 Simplicius
884 5792 939 5839 et
994 5775 1339 5851 Apollinaris,
1383 5784 1450 5841 ab
1502 5784 1746 5842 instituto

1846 4657 1902 4711 Si
1936 4669 2062 4709 vero
2092 4653 2411 4707 calumniam
2453 4649 2707 4719 plectibili
2750 4643 3075 4702 sufﬂammat
3116 4649 3343 4715 invidia,
3378 4649 3433 4702 in

1843 4763 1907 4802 eo
1929 4745 2039 4815 jam
2073 4743 2347 4813 prmccssit
2370 4740 2599 4796 vindicta
2642 4739 2856 4811 pulsati,
2880 4739 3020 4810 quod
3064 4753 3263 4810 procax
3294 4739 3430 4809 peti-

1847 4944 2036 4995 itinere
2067 4949 2210 4993 metu
2241 4938 2470 4993 hostium
2498 4939 2834 4994 destiterant.
2868 4939 3085 4993 Factum
3114 4938 3293 4993 laudat
3334 4939 3420 4995 Si-

1844 5013 2054 5077 donius,
2087 5014 2386 5080 gaudetque
2417 5014 2653 5080 domum,
2681 5012 2729 5062 id
2754 5020 2832 5064 est
2858 5010 3132 5075 familiam,
3167 5012 3323 5063 nullis
3352 5010 3419 5063 ad

1853 5084 1903 5138 id
1954 5079 2165 5150 tempus
2217 5081 2459 5134 adversis
2519 5079 2804 5143 turbatam,
2856 5080 3086 5134 hostium
3137 5082 3437 5134 incursibus

1854 5168 1965 5221 non
1998 5152 2162 5206 fuisse
2192 5152 2505 5219 expositam.
2532 5151 2674 5205 Cave
2710 5150 2868 5220 igitur
2894 5151 2960 5205 ad
2993 5167 3169 5206 arcem
3214 5150 3441 5221 Poliniar

1846 5218 1969 5277 cam
1997 5238 2116 5276 cum
2156 5216 2274 5275 viro
2310 5222 2472 5274 docto
2507 5222 2709 5274 referas
2730 5216 2766 5274 ἐ
2806 5232 2896 5275 aut
2933 5222 3001 5275 de
3043 5235 3165 5273 arce
3197 5220 3282 5271 illa
3342 5216 3437 5268 tibi

1856 5295 2181 5362 persuadeas
2209 5292 2295 5346 vel
2322 5292 2712 5358 Apollinarium
2743 5293 2869 5345 olim
2910 5292 3095 5362 fuisse,
3118 5290 3207 5362 _v_el
3244 5301 3436 5362 nomen

1854 5356 1921 5417 ab
1964 5363 2213 5432 Apolline
2259 5356 2529 5432 deri—vasse
2582 5379 2593 5414 :
2643 5362 2782 5429 quod
2832 5356 3436 5432 GabrielMSimeouius,

1855 5426 2028 5486 homo
2063 5434 2316 5487 Etruscus
2352 5431 2626 5499 ingenioso
2662 5426 2970 5485 commento
3006 5427 3118 5499 sibi
3164 5426 3306 5499 visus
3357 5436 3440 5479 est

1854 5504 2151 5558 divinasse.
2195 5504 2328 5556 Nam
2371 5495 2524 5555 vetus
2571 5517 2765 5556 nomen
2816 5502 2956 5554 arcis
3003 5495 3433 5551 Podomniacus:

1852 5574 1996 5643 quod
2035 5576 2232 5641 passim
2267 5573 2444 5640 legere
2473 5581 2557 5627 est
2582 5581 2694 5643 tum
2734 5572 2785 5643 in
2812 5569 2950 5643 aliis
2978 5567 3223 5643 antiquis
3250 5582 3440 5643 monu-

1859 5638 2077 5712 mentis,
2110 5654 2218 5697 tum
2252 5638 2539 5697 in‘litteris
2582 5640 2777 5696 Urbani
2812 5638 2848 5712 il
2883 5653 3030 5712 papa:
3074 5638 3141 5712 ad
3185 5638 3439 5692 Carolum

1854 5730 2031 5786 regem
2064 5708 2160 5779 pro
2184 5712 2454 5770 Armando
2478 5712 2809 5768 vicccomite.
2838 5708 2937 5765 loci
2968 5708 3200 5764 domino.

3433 5882 3455 5907 Ι
