3910 6172
460 344 558 405 6H
1743 328 1984 389 SlDONll
2024 325 2477 385 APOLLINARIS
3618 327 3713 389 513

463 474 548 519 tor
577 470 788 531 sumptu
829 466 883 515 et
920 457 1115 514 itinere
1156 453 1452 516 confectus,
1508 459 1711 506 temere
1756 445 2043 518 propositae
2075 447 2123 502 A
2149 444 2255 514 97
2279 443 2524 499 subditus
2550 458 2677 513 ager
2706 440 2886 497 herbis
2909 438 3210 505 abundans,
3233 438 3427 495 fluvius
3451 450 3567 497 ante
3590 460 3711 502 ocu-

465 555 574 610 litis
612 552 837 607 exsudat
884 547 1221 605 incommoda
1257 562 1270 601 :
1320 556 1479 613 atque
1527 542 1627 596 hoc
1666 542 1717 594 in
1761 548 1785 575 ⁸
1815 540 2048 593 maximo
2156 537 2235 590 los
2262 536 2448 590 avibus
2474 550 2537 589 ac
2561 535 2707 604 pisce
2734 533 2905 588 multo
2937 531 3165 587 refertus
3196 549 3208 584 :
3238 540 3438 601 prmter
3478 532 3586 589 haec
3608 536 3717 605 jun-

432 636 435 687 Ἳ
466 646 656 699 hiemis
684 651 932 709 accentu,
952 639 1284 707 summisque
1313 635 1540 691 cumulis
1576 631 1800 694 nivium,
1824 629 2047 684 crustis-
2154 636 2291 682 ctam
2322 628 2523 681 habens
2556 627 2686 696 ripa:
2717 627 2935 680 domum
2969 639 3165 679 novam
3196 633 3350 680 vetus
3385 624 3602 691 amicus,
3635 643 3717 684 cu-

431 731 569 805 ique
590 733 885 804 glacierum
911 748 925 786 :
949 730 1089 800 quod
1121 738 1351 799 tempus,
1378 738 1632 796 quantum
1664 723 1728 777 ad
1757 730 2051 778 sectatores
2153 722 2238 791 jus
2276 723 2550 776 immensa:
2590 720 2930 783 humanitati,
2964 733 3064 774 nec
3108 718 3155 774 si
3192 720 3523 788 acquiescas,
3558 737 3647 776 nec
3676 722 3716 778 si

412 805 441 845 ί
468 827 635 883 iitiutn
666 838 894 897 Spectat,
920 826 1085 881 breve
1111 824 1322 892 quidem
1347 837 1491 891 szrpe
1516 829 1597 876 est
1624 817 1928 883 audientiae,
1958 815 2052 871 sed
2158 826 2395 875 recuScs,
2428 811 2641 865 modum
2667 826 2856 881 ponas.
2888 811 3051 880 Igitur
3077 808 3181 865 huc
3204 811 3399 866 nostris
3426 813 3721 869 anteceden-

469 920 777 975 diuturnum
806 932 1023 989 semper
1045 916 1276 983 injurias.
1310 913 1465 967 Vale.

1027 1004 1355 1060 EPISTULA
1382 1002 1494 1060 Vll.

789 1098 1043 1153 Sidonius
1083 1096 1353 1165 Simplicio
1382 1110 1473 1149 suo
1496 1094 1732 1148 salutem.

544 1194 691 1250 Solet
720 1193 924 1257 dicere,
945 1180 1252 1246 currentem
1283 1202 1490 1254 mones,
1522 1188 1613 1257 qui
1650 1196 1867 1255 rogatur
1895 1192 1954 1238 ut
1981 1182 2058 1237 fa-

469 1288 577 1343 ciat
599 1286 741 1355 quod
775 1284 1015 1339 facturus
1048 1282 1217 1336 fuerat
1243 1281 1405 1336 etiam
1430 1294 1534 1333 non
1559 1286 1795 1347 rogatus.
1824 1275 2058 1330 Pereun-

466 1389 621 1435 ctere
656 1379 902 1443 forsitan,
932 1391 1038 1445 quo
1057 1383 1263 1445 spectet
1290 1374 1385 1428 ista
1407 1370 1680 1443 prmmitti.
1706 1370 1920 1439 Bajulus
1946 1368 2060 1436 api-

470 1487 593 1525 cum
618 1471 807 1527 sedulo
841 1478 1108 1538 precatur,
1139 1475 1196 1522 tit
1224 1467 1290 1521 ad
1326 1481 1422 1521 vos
1457 1481 1488 1520 a
1535 1481 1621 1520 me
1649 1465 1859 1519 litteras
1888 1464 2057 1515 ferat:

472 1563 626 1632 cujus
655 1578 685 1617 a
718 1562 871 1617 nobis
898 1562 1087 1616 itinere
1110 1569 1407 1629 comperto,
1436 1559 1488 1613 id
1518 1561 1690 1627 ipsum
1720 1567 1835 1613 erat
1858 1556 2061 1625 utique,

475 1654 520 1707 si
548 1654 820 1723 tacuisset,
861 1653 1138 1707 orandus:
1188 1667 1416 1721 namque
1456 1650 1557 1704 hoc
1604 1648 1836 1703 officium
1888 1657 2063 1702 vester

477 1748 654 1816 potius
674 1762 846 1811 amor,
879 1762 1037 1815 quam
1059 1745 1229 1815 geruli
1260 1752 1538 1814 respectus
1562 1744 1765 1799 elicuit.
1795 1740 2062 1796 Czeterum

2158 904 2321 968 tibus,
2351 919 2473 957 cum
2508 904 2580 957 tui
2612 918 2770 957 causa
2816 902 3269 966 substitissemus,
3298 916 3404 971 quo
3432 917 3565 971 puer
3590 905 3721 961 ocius

2159 994 2240 1048 vel
2264 1008 2294 1049 e
2316 994 2493 1061 capite
2523 995 2621 1048 vici
2648 993 3033 1061 remitteretur,
3060 1003 3081 1031 ε
3102 993 3214 1063 jam
3246 993 3364 1047 duae
3395 994 3636 1049 secundae
3657 996 3722 1050 fa-

2158 1086 2262 1141 cile
2291 1095 2689 1154 processerant,
2716 1084 2826 1155 jam
2856 1085 2935 1140 sol
2960 1084 3172 1140 adultus
3191 1084 3416 1141 roscida:
3446 1088 3613 1141 noctis
3640 1088 3725 1141 bu-

2161 1193 2364 1233 morem
2393 1179 2542 1233 radio
2567 1187 2847 1233 crescente
2880 1178 3184 1242 sorbuerat,
3212 1187 3376 1233 aestus
3410 1193 3475 1232 ac
3511 1180 3620 1234 sitis
3655 1179 3726 1234 in-

2159 1271 2522 1336 valescebant,
2576 1282 2738 1339 atque
2783 1271 2839 1325 in
2898 1269 3161 1340 profunda
3216 1270 3512 1324 serenitate
3564 1281 3726 1327 contra

2161 1362 2392 1416 calorem
2427 1361 2542 1414 sola
2582 1376 2701 1430 qua:
2731 1368 2933 1430 tegeret
2973 1358 3169 1413 nebula
3213 1358 3283 1412 de
3327 1359 3567 1428 pulvere.
3610 1360 3727 1416 Tum

2162 1453 2523 1523 longinquitas
2542 1454 2664 1519 vice,
2692 1469 2785 1524 per
2805 1453 2985 1508 virens
3007 1468 3191 1523 aequor
3211 1454 3383 1520 campi
3404 1454 3630 1523 patentis
3653 1470 3727 1508 ex-

2163 1546 2335 1615 posita
2368 1546 2682 1608 visentibus,
2715 1545 2913 1616 quippe
2936 1545 3005 1599 ob
3038 1546 3139 1599 hoc
3172 1545 3344 1613 ipsum
3376 1559 3501 1599 sero
3526 1560 3723 1611 pransu-

2166 1640 2263 1704 ris,
2298 1640 2670 1709 ingemebatur
2697 1656 2710 1693 :
2744 1654 2865 1693 nam
2889 1640 3126 1694 viaturos
3148 1648 3201 1693 et
3224 1639 3269 1694 si
3294 1638 3531 1692 nondum
3558 1646 3731 1696 terebat

2168 1730 2376 1796 labore,
2394 1732 2501 1799 jam
2526 1738 2704 1786 tamen
2721 1732 3124 1803 exspectatione
3140 1731 3397 1786 terrebat.
3413 1731 3548 1797 Quae
3570 1742 3732 1784 cuncta

481 1809 567 1892 hic
598 1839 714 1906 ipse
747 1838 1067 1893 beneficium
1100 1852 1159 1890 se
1186 1845 1460 1905 computat
1499 1837 1781 1900 meruisse,
1813 1834 1901 1903 qui
1931 1849 2068 1903 ιιι-ω·
2101 1809 2143 1868 Β
2173 1824 2472 1893 ιπωηιίεδθν
2496 1820 2713 1877 ἀοιηίηθ
2757 1822 2943 1887 inter.
2979 1822 3083 1875 huc
3116 1819 3360 1889 ῑοηάυιη,
3407 1828 3465 1874 Ui
3494 1819 3587 1873 libi
3628 1833 3733 1888 1)το-

476 1929 643 1993 stitit;
676 1944 979 1998 quanquam
1009 1928 1302 1983 identidem
1331 1926 1470 1996 quod
1497 1927 1738 1996 poposcit
1766 1929 2065 1996 acceperit;

478 2021 573 2075 sed
604 2036 723 2090 qua:
754 2020 910 2073 nobis
937 2018 1293 2073 amicitiarum
1314 2018 1455 2087 jura,
1499 2017 1720 2072 minime
1751 2031 2064 2089 agnoscens.

481 2110 656 2177 llntle,
680 2123 980 2179 quanquam
1003 2109 1217 2174 absens,
1249 2108 1405 2163 facile
1427 2107 1691 2179 conjecto,
1717 2124 1823 2179 quo
1849 2117 2068 2177 repente

479 2213 701 2269 stupore
738 2201 982 2271 ferietur,
1030 2216 1150 2257 cum
1204 2201 1395 2256 intuitu
1446 2203 1612 2257 nostri
1646 2202 1930 2273 dignanter
1975 2202 2070 2256 ad—

482 2295 698 2360 missus,
729 2293 1054 2349 intellexerit
1095 2307 1156 2349 se
1196 2293 1440 2363 paginam
1482 2308 1654 2348 meam
1698 2293 1868 2363 magis
1898 2294 2069 2349 odose

480 2384 751 2455 ﬂagitasse
791 2387 901 2457 96
927 2399 1085 2456 quam
1118 2386 1351 2441 tradere.
1389 2384 1583 2440 Videre
1616 2384 1743 2438 mihi
1776 2384 1981 2452 videor,
2013 2394 2069 2440 ut

483 2476 686 2531 homini
718 2494 824 2533 non
859 2493 1029 2548 usque
1060 2478 1125 2534 ad
1158 2478 1410 2533 invidiam
1436 2480 1725 2548 perfaceto,
1758 2493 1889 2533 nova
1912 2487 2069 2532 erunt

484 2567 685 2635 omnia,
706 2582 826 2622 cum
851 2568 1163 2623 invitabitur
1180 2570 1492 2638 peregrinus
1509 2568 1574 2624 ad
1591 2568 1940 2636 domicilium,
1960 2577 2068 2624 tre-

486 2659 640 2729 pidus
670 2659 735 2714 ad
768 2659 1116 2731 colloquium,
1144 2664 1375 2717 rusticus
1398 2661 1462 2715 ad
1492 2661 1760 2723 la:litiam,
1779 2677 1977 2731 pauper
2000 2663 2067 2716 ad

487 2766 747 2805 mensam.
796 2752 999 2807 Etcum
1041 2752 1180 2822 apud
1209 2754 1406 2808 crudos
1436 2768 1799 2824 ceparumque
1836 2753 2068 2823 crapulis

483 2844 785 2897 esculentos
803 2843 889 2898 hic
907 2855 1028 2913 agat
1044 2844 1250 2915 vulgus,
1268 2845 1375 2900 illic
1387 2860 1449 2901 ea
1462 2847 1715 2900 comitate
1732 2846 2068 2913 tractabitur,

485 2946 547 2986 ac
563 2932 607 2986 si
624 2932 762 2987 inter
776 2936 814 2988 Α
827 2934 991 3002 picios
1006 2934 1264 3004 epulones
1287 2946 1339 2989 ct
1354 2936 1671 3006 Byzantinos
1686 2938 2070 2991 chironomon-

488 3033 569 3076 tas
590 3025 864 3093 hucusque
884 3027 1191 3079 ructaverit.
1212 3028 1462 3081 Attamen
1481 3028 1655 3097 qualis
1675 3029 1788 3097 ipse
1810 3038 2069 3099 quantus-

487 3127 589 3179 que
617 3121 720 3177 est,
748 3115 1062 3183 percepiose
1085 3130 1172 3171 me
1200 3117 1363 3170 officii
1397 3118 1558 3171 votivi
1599 3128 1901 3187 compotem
1923 3120 2066 3176 fecit.

486 3178 589 3257 Sed
604 3178 903 3273 quanquam
915 3178 1284 3274 hujuscemodi
1300 3222 1369 3262 sa:
1379 3222 1443 3277 pe
1458 3222 1699 3278 personae
1714 3178 2068 3280 despicabiles
2097 3178 2143 3239 ε

487 3303 609 3349 Iunt
629 3294 817 3361 ferme,
842 3295 892 3350 in
909 3296 1179 3352 sodalibus
1200 3308 1376 3354 tamen
1401 3315 1495 3369 per
1519 3301 1722 3356 litteras
1736 3303 2065 3373 excolendis,

485 3384 749 3454 dispendii
773 3388 995 3441 multum
1022 3390 1221 3446 caritas
1250 3392 1499 3456 διιδιίι.θι,
1529 3395 1571 3447 si
1602 3394 1669 3448 ab
1698 3411 1793 3449 usu
1822 3396 2072 3467 frequen-

490 3467 640 3534 tioris
660 3478 881 3549 alloquii
914 3481 1230 3550 portitorum
1264 3483 1470 3541 vilitate
1513 3498 1813 3543 revocetur.
1849 3489 1995 3546 Vale.

1025 3572 1358 3630 EPISTULA
1391 3576 1518 3631 Vill.

831 3664 1078 3721 Sidonius
1100 3664 1127 3704 δ
1154 3666 1351 3722 Evodio
1377 3686 1471 3724 suo
1499 3671 1734 3728 salutem.

562 3775 693 3829 Cum
720 3775 1027 3833 tabellarius
1068 3778 1197 3832 mihi
1230 3780 1437 3839 litteras
1477 3792 1591 3837 tuas
1622 3785 1870 3853 reddidit,
1899 3787 1991 3858 qui
2025 3803 2074 3844 te

396 3908 411 3922 .
490 3867 764 3929 Tolosam,
785 3883 910 3936 rege
926 3870 1234 3939 mandante,
1256 3888 1379 3928 mox
1403 3876 1739 3945 profecturus
1757 3881 1916 3936 certis
1936 3883 2041 3936 ami
2057 3910 2075 3922 ο

494 3958 574 4012 cis
606 3959 995 4027 confitebatur;
1026 3977 1123 4017 nos
1150 3978 1361 4034 quoque
1381 3982 1449 4022 ex
1484 3970 1681 4038 Oppido
1717 3972 1870 4042 longe
1895 3988 2075 4028 remo-

496 4058 608 4105 tum
628 4065 716 4103 rus
740 4051 1069 4119 petebamus.
1096 4054 1180 4110 Mc
1209 4056 1424 4125 quidem
1449 4075 1605 4115 tuane
1630 4060 1805 4129 primo
1834 4078 2076 4118 remora-

496 4151 631 4209 tum,
656 4143 739 4197 vix
754 4159 785 4198 e
800 4146 970 4200 tenaci
994 4156 1205 4204 caterva
1227 4160 1631 4219 prosecutorum
1652 4154 1856 4223 paginae
1872 4164 1975 4209 tute
1988 4170 2079 4212 oc-

494 4236 643 4289 casio
667 4237 921 4305 excussit,
962 4249 1020 4293 ut
1058 4241 1374 4297 satisfacere
1396 4244 1649 4299 mandato
1672 4247 1846 4301 saltim
1883 4248 2076 4315 viator,

494 4329 671 4383 saltim
687 4344 852 4400 eques
865 4346 1098 4401 possem.
1118 4333 1382 4390 Czeterum
1398 4336 1633 4394 diluculo
1648 4340 1842 4396 familia
1856 4359 2083 4413 princes-

494 4430 662 4489 serat,
678 4424 741 4476 ad
758 4423 1120 4495 duodeviginti
1135 4428 1297 4482 millia
1313 4446 1562 4499 passuum
1580 4432 1647 4487 lix
1660 4450 1750 4488 ura
1768 4438 2076 4507 tentorium,

496 4528 603 4580 quo
628 4516 840 4583 quidem
880 4518 980 4573 loci
1026 4522 1309 4576 sarcinulis
1346 4524 1647 4581 relaxandis
1688 4530 1852 4585 multa
1890 4545 2076 4588 succe-
2108 4552 2165 4615 ι)

502 4603 631 4657 dunt
659 4607 1013 4665 conducibilia
1051 4629 1063 4664 :
1106 4611 1227 4669 fons
1266 4615 1474 4684 gelidus
1515 4617 1567 4672 in
1596 4621 1734 4676 colle
1773 4638 2080 4693 nemoroso,

576 4857 611 4935 τ’
632 4848 683 4935 id
712 4848 914 4907 Grmcis
942 4854 1119 4935 θέρους
1156 4857 1243 4911 καὶ
1283 4866 1538 4935 χειμῷγρς
1572 4865 1743 4935 ἁκμήκ
1768 4864 1912 4920 Nova
1944 4868 2088 4923 vocis

508 4928 653 5005 upto
696 4937 711 4975 :
749 4928 1139 5005 quamniterutu
1181 4928 1401 5005 usurpat
1438 4931 1533 4987 lib.
1568 4928 1761 5005 vi,“
1802 4938 1963 5005 epist.
2001 4937 2087 5002 17,

505 4989 568 5041 ab
580 4989 799 5074 Ltzcrccnt‘o
825 4993 971 5074 fudi;
992 4994 1161 5074 etlib.
1194 5012 1285 5074 vit,
1312 4989 1587 5074 plausuum
1610 4989 2087 5063 in—dﬁmo'accentu:

578 5057 605 5095 δ
636 5059 860 5143 Quidam
885 5057 1007 5143 libri
1047 5057 1323 5143 Ennodio;
1341 5071 1430 5125 alii
1466 5057 1740 5141 Eultodio,
1767 5057 2089 5132 mercatui;

508 5130 798 5216 quo,l‘iuic
829 5130 987 5216 mittit
1014 5130 1338 5216 epigramma
1364 5158 1377 5194 :
1404 5144 1552 5216 quod
1586 5130 1921 5216 ejus'rogatu
1950 5130 2088 5203 scri-

510 5208 772 5287 pseratiin
801 5212 1276 5287 apgente_a_coticha
1310 5208 1673 5287 incidendum,
1699 5208 1856 5281 quain
1890 5219 2087 5287 regina:

507 5269 803 5355 θοιιερι-ιιιη
832 5269 1171 5355 ltagnaliilda:
1206 5282 1382 5338 Eurici
1405 5285 1618 5355 cettjugi
1647 5269 2080 5344 oblaturuse’ra—t:

548 5412 557 5422 .
582 5342 792 5423 coitura),
818 5342 1047 5423 quatuor
1074 5348 1143 5423 ab
1170 5361 1290 5404 ortu
1322 5356 1469 5409 solis.
1506 5342 1750 5412 Mleram
1799 5342 2088 5415 secundam

506 5410 643 5466 dixit
670 5415 721 5493 i‘n
751 5410 1029 5493 Narbone;
1059 5416 1215 5493 Cum‘
1234 5437 1382 5476 mane
1410 5410 2091 5493 εςτίειξαινηοιιιιιηξὶιηᾶιίξλ

505 5497 647 5536 scen:
669 5484 847 5539 horam
870 5488 950 5541 sol
979 5488 1135 5542 dabat
1163 5489 1379 5545 alteram
1398 5499 1693 5551 secundum.
1732 5484 1916 5554 Ea'eat
1956 5500 2087 5557 hora

508 5565 691 5637 nostra
714 5571 808 5637 per
831 5568 1068 5637 aestatem
1101 5563 1259 5637 paulo
1282 5566 1510 5635 amplius
1530 5583 1688 5637 quam
1711 5584 1869 5623 nona.

578 5618 606 5657 ἀ
638 5618 887 5706 striatam
914 5630 1028 5706 fieri
1057 5618 1318 5706 concham
1349 5618 1968 5706 Jpaituii,"iit'ﬁiiiiam
1994 5655 2086 5697 re-

510 5689 692 5779 ξεςςςι.
724 5697 867 5779 ξιιξιι
901 5702 1045 5779 enim
1059 5704 1296 5779 conchae
1344 5689 2085 5779 nartnaé'huséd'éiit";i¥iii?c

509 5759 682 5818 Plinio
710 5774 762 5822 et
791 5767 1029 5837 Apuleio.
1057 5771 1216 5830 Strite
1247 5759 2083 5851 porroét’éirngEiE'éuiiiifaiS

2140 1906 2315 1984 ~bem,
2343 1929 2518 1984 neque
2546 1914 2726 1968 animo
2761 1927 2981 1968 vacasse
3018 1928 3102 1968 me
3140 1912 3390 1979 multum,
3443 1926 3616 1981 neque
3638 1925 3736 1964 cor-

2171 2020 2322 2074 pore,
2364 2018 2537 2075 neque
2583 2013 2849 2073 tempore,
2890 2019 2995 2073 quo
3040 2003 3322 2073 postulatis
3368 2002 3735 2071 obtemperavi.

2174 2098 2325 2152 ilicet
2364 2107 2421 2152 ut
2461 2097 2526 2151 ad
2576 2097 2821 2168 epistoltn
2850 2108 3043 2153 vestrae
3088 2107 3329 2152 tenorem
3373 2098 3482 2166 jam
3525 2104 3737 2152 reverta-

2169 2206 2311 2254 mur,
2344 2199 2463 2260 post
2484 2190 2645 2246 verba
2671 2207 2788 2259 qua:
2810 2191 3039 2261 primum
3072 2191 3219 2246 salve
3248 2190 3511 2262 ferebant,
3546 2193 3641 2247 hoc
3659 2206 3737 2262 ρος

2172 2280 2416 2350 poscisti,
2450 2291 2508 2336 ut
2533 2281 2860 2352 epigramma
2889 2284 3307 2339 transmitterem
3336 2284 3617 2339 duodecim
3640 2300 3738 2339 ven

2170 2374 2317 2429 sibus
2344 2375 2712 2441 terminatum,
2743 2375 2883 2443 quod
2912 2376 3079 2444 possit
3106 2375 3278 2444 aptari
3306 2375 3527 2431 concha:
3554 2375 3735 2444 capaci,

2173 2481 2292 2537 qum
2321 2484 2416 2538 per
2437 2482 2688 2522 ansarum
2718 2468 2856 2522 latus
2881 2476 3165 2538 utrumque
3192 2470 3241 2523 in
3266 2479 3565 2525 extremum
3593 2469 3693 2541 gyri
3712 2485 3737 2523 a

2172 2568 2289 2613 rota
2337 2558 2484 2613 fundi
2522 2556 2549 2596 ά
2582 2558 2727 2614 senis
2764 2568 2984 2614 cavatur
3020 2560 3309 2615 Striaturis.
3352 2560 3588 2627 Quarum
3631 2570 3737 2631 puto

2173 2652 2413 2707 destinas
2461 2652 2544 2705 vel
2583 2651 2861 2706 ventribus
2912 2651 3099 2721 pandis
3137 2653 3375 2722 singulos
3418 2669 3623 2717 versus,
3668 2652 3740 2707 vel

2174 2745 2371 2811 curvis,
2396 2744 2620 2799 meliore
2647 2744 2894 2809 consilio,
2928 2744 2973 2798 si
2997 2744 3047 2798 id
3080 2746 3248 2815 magis
3270 2744 3475 2811 deceat,
3500 2745 3740 2815 capitibus

2174 2836 2469 2891 inscribere
2503 2853 2517 2891 :
2569 2836 2777 2906 istoque
2818 2835 2967 2890 cultu
3004 2836 3297 2905 expolitam
3351 2846 3375 2874 ε
3412 2836 3611 2905 regina:
3653 2835 3742 2889 ila-

2173 2928 2441 2998 gnahilda:
2466 2927 2708 2998 disponis
2733 2928 2951 2995 offerre,
2984 2929 3122 2984 votis
3146 2929 3399 2984 nimirum
3436 2932 3537 2983 tuis
3560 2927 3742 2999 pariter

2175 3030 2335 3091 atque
2384 3020 2591 3076 actibus
2640 3021 2997 3089 patrocinium
3038 3020 3297 3076 invictum
3346 3030 3743 3091 praeparaturus.

2174 3110 2557 3182 Famulor98
2578 3111 2832 3181 iujunctis
2862 3111 3366 3181 quomodocunque,
3399 3127 3501 3167 non
3534 3122 3590 3167 ut
3612 3110 3747 3166 vole-

2175 3202 2329 3257 bam:
2365 3202 2460 3258 sed
2487 3212 2590 3257 tute
2618 3204 2789 3272 culpa:
2824 3206 3026 3272 primus
3059 3204 3301 3273 ignosce,
3334 3204 3423 3273 qui
3454 3203 3602 3273 spatii
3647 3202 3751 3272 plus

2173 3294 2471 3362 praestitisti
2513 3294 2820 3363 argentario
2850 3309 3010 3364 quam
3043 3305 3244 3363 poetrc;
3282 3310 3404 3351 cum
3449 3295 3637 3365 procul
3665 3294 3750 3350 du-

2172 3389 2260 3445 bio
2287 3405 2391 3444 non
2426 3400 2477 3444 te
2502 3388 2714 3459 lateret,
2760 3390 2899 3445 intra
2932 3391 3199 3446 officinam
3236 3390 3587 3445 litteratorum
3642 3403 3747 3444 car-

2174 3478 2334 3533 minis
2368 3479 2411 3533 si
2445 3480 2571 3549 quid
2614 3481 2767 3535 incus
2803 3482 3024 3537 metrica
3068 3481 3533 3553 produxerit,nou
3581 3481 3747 3535 minus

2175 3573 2302 3628 forti
2347 3582 2402 3629 et
2448 3582 2662 3645 asprata
2708 3574 2832 3629 lima
2884 3552 3077 3647 poliri.
3120 3574 3228 3631 Sed
3285 3552 3385 3630 ista
3434 3574 3516 3630 vel
3566 3570 3744 3628 similia

2175 3666 2469 3735 quorsum?
2499 3679 2626 3721 ecce
2643 3664 2753 3735 jam
2779 3676 2966 3724 canta:

2302 3799 2577 3864 Pistrigero
2598 3813 2708 3864 quia
2728 3801 2906 3851 concha
2932 3802 3069 3850 vehit
3090 3800 3292 3864 Tritone
3315 3799 3573 3864 Cytheren,

2367 3863 2466 3911 Hac
2484 3864 2572 3911 sibi
2599 3863 2771 3911 collata
2794 3866 2977 3913 cedere
3004 3876 3098 3912 non
3121 3863 3333 3912 dubitet.

2306 3924 2576 3977 Poscimus.
2605 3924 2780 3972 inclina
2806 3924 3053 3985 pauliSper
3077 3925 3271 3973 culmen
3294 3924 3453 3974 herile
3477 3936 3489 3972 :

2366 3985 2434 4048 Et,
2459 3998 2635 4033 munus
2661 3998 2857 4048 parvum
2883 3998 3057 4048 magna
3081 3995 3288 4048 patrona
3315 3999 3457 4047 cape.

2306 4047 2642 4109 Evodiumque
2666 4047 2827 4097 libens
2845 4060 2939 4095 non
2961 4047 3225 4109 aspernare
3249 4047 3501 4101 clientem.

2375 4110 2532 4167 Quem
2556 4108 2742 4159 faciens
2764 4108 3025 4169 grandem,
3049 4119 3100 4157 tu
3123 4121 3321 4171 quoque
3340 4112 3487 4170 major
3508 4108 3613 4157 eris.

2306 4171 2508 4233 Sictibi,
2537 4172 2615 4219 cui
2639 4184 2728 4219 rex
2755 4179 2829 4219 est
2846 4174 3062 4233 genitor,
3084 4184 3224 4220 socer
3249 4180 3397 4233 atque
3418 4174 3609 4219 maritus

2365 4231 2631 4295 Natusrex
2648 4245 2842 4295 quoque
2856 4231 2930 4280 sit
2951 4246 3060 4281 cum
3086 4241 3244 4295 patre,
3273 4231 3479 4294 pestque
3500 4237 3691 4295 patrem,

2308 4292 2500 4343 Felices
2523 4292 2749 4356 lymphae,
2765 4292 2951 4342 clausae
2967 4292 3212 4354 qute'luce
3232 4292 3445 4355 metalli,

2373 4356 2469 4405 Ora
2490 4355 2654 4404 tamen
2672 4356 2881 4404 domina:
2902 4355 3131 4405 lucidiora
3156 4355 3336 4405 fovent.

2318 4416 2435 4467 Nam
2470 4430 2579 4466 cum
2600 4417 2828 4475 dignatur
2846 4419 3019 4479 regina
3054 4418 3130 4467 hic
3155 4422 3351 4475 tingere
3378 4417 3552 4478 vultus,

2370 4479 2557 4529 Candor
2578 4481 2628 4529 in
2647 4486 2906 4542 argentum
2923 4480 3127 4530 mittitur
3148 4493 3178 4529 ο
3199 4479 3340 4528 facie.

2266 4630 2321 4687 Si
2366 4637 2571 4685 tantum
2612 4642 2795 4683 amore
2835 4634 3019 4683 nostro
3066 4626 3287 4694 teneris,
3318 4634 3376 4680 ut
3409 4624 3631 4681 scribere
3661 4622 3748 4677 has

2195 4876 2248 4923 et
2279 4865 2505 4922 vasculis
2525 4864 2650 4936 quid
2677 4867 2804 4931 sint,
2835 4875 3020 4922 notum
3049 4882 3113 4921 ex
3145 4865 3413 4921 Vitruvio.
3447 4865 3537 4920 llic
3576 4873 3750 4936 amurca

2195 4939 2355 5006 pandi
2379 4946 2502 4991 sunt
2530 4932 2743 5008 striges,
2786 4939 2837 4992 id
2869 4949 2950 4993 est
2984 4938 3283 5002 canaliculi,
3315 4938 3465 5008 quasi
3505 4932 3750 5008 sulcns_in

2194 5002 2408 5080 aratro;
2452 5024 2607 5062 curva
2630 5002 2825 5080 'capita
2861 5011 3031 5077 auiae,
3083 5018 3263 5078 partes
3316 5002 3579 5071 etninular,
3625 5002 3752 5056 velut

2193 5093 2371 5149 porca:
2397 5078 2536 5133 inter
2564 5078 2760 5134 sulcos.

2269 5158 2292 5187 ε
2327 5149 2503 5204 Eurici
2547 5151 2718 5203 uxori.
2762 5150 2927 5217 Hujus
2966 5151 3108 5203 enim
3147 5158 3203 5203 ut
3253 5150 3431 5219 potius
3474 5146 3747 5219 existimem

2192 5234 2350 5289 quam
2383 5218 2723 5284 Theoderici,
2761 5215 2887 5275 facit
2932 5222 3071 5275 ratio
3112 5215 3411 5287 temporum
3458 5220 3636 5287 quibus
3677 5215 3751 5289 ha:

2194 5283 2407 5357 scriptae
2427 5299 2551 5359 sunt
2569 5291 2829 5359 epistolzc,
2857 5300 2911 5345 et
2929 5292 3080 5359 quasi
3098 5292 3195 5345 sub
3219 5283 3379 5361 hujus
3404 5283 3557 5343 finem
3583 5283 3749 5361 suadet

2194 5361 2366 5433 occuli
2387 5357 2658 5433 auctorem
2692 5357 3110 5433 epigrammatis,
3144 5375 3217 5433 ne
3244 5357 3493 5416 videlicet
3538 5357 3748 5433 muneris

2194 5430 2416 5506 gratiam
2447 5431 2656 5506 deterat
2681 5426 3043 5506 sip—radatur,
3080 5426 3220 5506 quod
3246 5433 3469 5506 quidem
3495 5426 3750 5506 superstite

2195 5498 2532 5573 Theoderico
2573 5504 2656 5573 cui
2711 5498 2896 5573 gratus
2925 5511 2980 5557 et
3010 5498 3289 5557 familiaris
3320 5514 3455 5562 erat,
3486 5516 3586 5573 non
3622 5498 3752 5573 dice-

2192 5579 2279 5627 ret
2307 5572 2578 5644 Sidonius.
2604 5565 2824 5643 Reginae
2849 5572 3008 5641 igitur
3028 5586 3225 5628 nomen
3248 5574 3339 5627 uui
3371 5572 3587 5644 Sidonio
3605 5565 3748 5644 debe-

2195 5657 2315 5698 mus
2348 5660 2362 5697 :
2413 5643 2498 5699 cui
2536 5646 2908 5717 cognominem
2946 5644 3192 5717 alteram,
3229 5643 3484 5717 Sigivaldi
3505 5644 3754 5717 posita“?

2192 5728 2449 5783 uxorem,
2482 5709 2746 5772 memorat
2769 5715 2992 5787 Gregor.
3028 5715 3227 5772 Turon.
3260 5709 3314 5773 in
3344 5714 3457 5771 Vita
3480 5709 3750 5769 Emittam.
