3910 6172
167 333 248 390 Si?)

1394 326 1717 384 EPISTULA
1730 326 1814 381 ιιι]
1827 328 1871 381 Μ
1913 325 2040 381 LlB.
2084 326 2170 381 IV.

3310 325 3417 386 5ξᾶ

166 458 305 521 ud’gas
333 464 433 503 non
459 444 749 502 erubescas
771 440 958 501 occule
981 452 1283 509 auctorem,
1313 444 1378 499 de
1402 454 1488 499 tua
1521 446 1717 499 rect'us
1746 449 1795 506 Α
1830 454 2017 501 statum
2045 445 2519 515 cnnditionemque
2551 462 2655 501 non
2681 447 2941 516 dominio,
2976 448 3069 504 sed
3093 447 3295 516 judicio
3324 465 3411 503 re-

165 558 290 616 parte
314 554 552 597 securus.
587 538 828 607 Namque
858 538 909 590 itt
947 546 972 573 ι
1007 536 1123 592 foro
1146 538 1258 602 tali,
1290 538 1403 590 sive
1438 535 1717 602 Athezneo,

166 637 185 675 δ
210 635 311 706 plus
344 633 524 688 charta
575 641 755 684 vestra
796 643 956 698 quam
1010 638 1194 682 nostra
1237 628 1503 698 scriptura
1542 627 1723 681 lauda-

167 729 296 783 bitur.

684 809 1017 867 EPISTULA
1046 808 1139 862 IX.

460 906 709 963 Sidonius
744 904 1017 958 Industrio
1040 921 1131 958 suo
1162 903 1402 956 salutem.

219 1000 462 1058 interveni
498 998 741 1067 proxime
772 996 981 1063 Vectio,
1011 995 1202 1050 illustri
1234 996 1373 1060 viro,
1405 1002 1459 1048 et
1486 992 1722 1047 actiones

167 1095 258 1165 ejus
281 1091 607 1162 quotidianas
628 1087 969 1157 penitissime
1001 1096 1054 1168 et
1084 1086 1247 1140 veluti
1275 1102 1339 1140 ex
1362 1086 1470 1140 otio
1499 1085 1607 1155 99
1635 1084 1716 1137 iu-

167 1187 305 1256 spexi.
344 1184 485 1251 Quas
519 1184 773 1252 quoniam
801 1180 987 1250 dignas
1017 1180 1233 1250 cognitu
1264 1178 1464 1245 inveni,
1505 1194 1612 1231 nou
1643 1178 1722 1229 itt-

169 1279 327 1347 dignas
366 1276 535 1329 relatu
578 1273 907 1329 existimavi.
961 1272 1203 1326 Primore
1253 1270 1393 1335 loco,
1435 1269 1574 1338 quod
1602 1268 1722 1337 jure

168 1371 343 1426 ca‘teris
372 1364 623 1420 laudibus
650 1372 1063 1432 anteponemus,
1097 1370 1276 1415 servat
1307 1359 1526 1414 illaesam
1547 1359 1721 1413 donti-

170 1478 224 1516 no
247 1460 423 1514 domus
460 1473 556 1527 par
588 1455 901 1525 pudicitiam
924 1452 1097 1508 :servi
1129 1452 1306 1519 utiles,
1347 1451 1530 1505 rustici
1562 1451 1726 1504 mori-

169 1554 276 1624 geri,
304 1550 504 1616 urbani,
536 1548 714 1605 am'ci.
748 1546 1076 1610 obealicntes,
1110 1551 1442 1613 patronoque
1457 1544 1721 1608 contenti;

170 1661 330 1702 mensa
361 1660 461 1698 non
501 1643 677 1696 ntinus
702 1655 923 1710 pascens
963 1638 1225 1705 hospitem
1251 1652 1408 1705 quam
1435 1637 1684 1691 clientem
1708 1652 1721 1699 ;

170 1735 437 1791 humanitas
458 1732 701 1802 grandis,
732 1728 1091 1798 grandiorque
1119 1727 1401 1782 sobrietas.
1434 1726 1523 1778 Illa
1556 1724 1723 1778 levio.

1827 542 1899 607 git
1932 557 1945 593 :
1982 548 2134 607 putes
2165 554 2286 594 eum
2312 539 2527 593 domum
2558 542 2828 609 propriam
2858 556 2963 596 non
2988 541 3280 610 possidere,
3318 542 3411 597 sed

1830 632 2003 695 potius
2029 630 2429 685 administrare.
2458 631 2568 699 Qua
2595 632 2854 686 industria
2879 633 2975 687 viri
3004 648 3067 688 ac
3094 635 3248 706 100
3274 644 3413 691 tem-

1829 722 2069 789 perantia
2098 721 2358 791 inspecta,
2388 721 2455 775 ad
2482 722 2813 792 reliquorum
2840 740 3050 793 quoque
3079 730 3262 779 censui
3292 742 3413 795 per-

1829 816 1999 869 tinere
2030 812 2485 881 informationem,
2516 815 2558 869 si
2586 815 2669 870 vel
2692 830 2901 870 summo
2926 826 3081 871 tenus
3113 818 3221 872 vita
3252 830 3414 872 caete-

1828 906 1903 961 ris
1920 905 2039 961 talis
2062 906 2442 976 publicaretur.
2461 907 2540 961 Ad
2566 924 2718 973 quam
2741 909 3088 978 sequendam,
3111 918 3305 977 praeter
3324 911 3415 963 lia-

1828 995 1993 1050 bitum
2020 1012 2125 1067 quo
2151 997 2365 1051 interim
2399 1000 2644 1067 prmsenti
2669 1000 2870 1053 SiL'CUiO
2897 1000 3206 1066 imponitur,
3228 1015 3414 1053 omnes

1826 1095 2022 1141 nostrae
2054 1086 2403 1157 professionis
2442 1087 2686 1144 homines
2718 1089 2999 1145 utilissime
3043 1090 3413 1144 incitarentur.

1827 1181 1981 1247 Quia,
2016 1179 2156 1250 quod
2183 1196 2312 1247 pace
2341 1182 2546 1235 Ordin's
2569 1183 2670 1235 mei
2699 1182 2950 1247 dixerim,
2980 1184 3023 1237 si
3052 1194 3251 1237 tantum
3270 1185 3406 1236 bona

1826 1270 2031 1339 singula
2066 1270 2115 1323 in
2148 1270 2372 1340 singulis
2402 1281 2580 1333 erunt,
2614 1273 2735 1339 plus
2765 1288 2863 1339 ego
2890 1272 3127 1327 admiror
3155 1272 3413 1327 sacerdo-

1828 1360 1985 1414 talem
2015 1359 2186 1414 virum
2218 1356 2374 1429 quam
2400 1360 2753 1415 sacerdotem.
2791 1362 2935 1417 Vale.

2414 1450 2744 1507 EPISTULA
2778 1452 2845 1505 Χ.

2204 1541 2459 1595 Sidonius
2488 1540 2655 1595 Felici
2677 1560 2771 1595 suo
2801 1543 3035 1598 salutem.

1900 1634 2133 1701 Erumpo
2161 1633 2211 1686 in
2240 1634 2610 1689 salutationem
2629 1636 2749 1689 licet
2776 1650 2974 1701 seram,
2999 1638 3215 1694 domine
3236 1656 3407 1709 meus,

1827 1724 1981 1776 annis
2012 1726 2125 1791 ipse
2162 1723 2272 1792 jam
2309 1726 2488 1777 multis
2534 1725 2888 1791 insalutatus;
2936 1728 3284 1797 frequentiam
3314 1747 3409 1786 ve-

170 1844 235 1892 ra,
263 1824 391 1893 quod
414 1826 525 1893 ipse
552 1836 709 1891 quem
742 1818 1286 1889 loquimur,iuequis,
1315 1816 1556 1879 canibus,
1581 1815 1719 1869 acci-
1750 1824 1797 1884 Β
1827 1817 1951 1871 teris
1983 1816 2141 1870 ofﬁcii
2193 1830 2411 1871 servare
2454 1834 2558 1872 non
2592 1820 2815 1881 audens,
2850 1830 2969 1887 post
2997 1837 3153 1890 quam
3196 1839 3280 1876 me
3308 1825 3407 1878 soli

170 1917 367 1987 pitribus
390 1911 753 1977 instituendis,
784 1908 1113 1980 spectandis,
1133 1908 1590 1972 circumferendis,
1609 1907 1725 1961 uul-

172 2009 201 2064 li
226 2007 494 2063 secundus.
514 2004 767 2057 Summus
785 2001 927 2055 nitor
954 2000 1007 2054 in
1037 2000 1297 2065 vestibus,
1332 1999 1505 2053 cultus
1530 1997 1581 2051 in
1614 1999 1727 2051 sin-

170 2099 303 2170 gttliS,
317 2096 563 2167 spleudOr
579 2094 629 2148 in
653 2092 914 2163 phaleris;
938 2105 1224 2161 pomposus
1238 2090 1498 2155 incessus,
1517 2089 1726 2144 animus

172 2194 356 2255 serius;
384 2192 483 2244 iste
515 2187 781 2258 publicam
814 2184 993 2251 (idem,
1019 2184 1108 2239 ille
1136 2184 1395 2253 privatam
1423 2182 1607 2236 asserit
1642 2181 1724 2235 di-

171 2288 425 2357 gnitatcm;
464 2279 713 2337 remissio
732 2294 837 2332 non
861 2277 1078 2343 vitians,
1102 2273 1371 2343 correptio
1396 2289 1502 2327 non
1531 2287 1726 2326 cruen-

170 2387 282 2442 laus,
297 2386 345 2431 et
362 2373 619 2431 severitas
632 2371 748 2440 ejus
766 2364 1192 2437 temperamenti,
1210 2380 1327 2435 quae
1347 2378 1451 2418 non
1475 2364 1543 2417 sit
1567 2370 1723 2428 tetra,

169 2473 245 2524 sed
271 2469 469 2521 tetrica.
489 2465 631 2519 Inter
652 2462 767 2517 haec
788 2475 1061 2516 sacrorum
1090 2459 1422 2513 voluminum
1450 2456 1607 2512 lectio
1625 2456 1729 2510 fre-

170 2578 347 2632 quens;
379 2575 472 2629 per
494 2572 653 2629 quam
685 2557 821 2610 inter
843 2552 1106 2609 edendum
1134 2552 1328 2621 saepius
1350 2548 1509 2605 sumit
1538 2550 1728 2603 animm

171 2659 357 2721 cibum;
388 2656 620 2725 psalmos
633 2651 821 2707 crebro
844 2650 1066 2711 lectitat,
1090 2648 1331 2703 crebrius
1352 2655 1550 2713 cantat,
1568 2659 1731 2699 novo-

168 2768 253 2819 que
274 2763 459 2820 genere
473 2745 702 2807 vivendi,
722 2754 744 2782 ε
761 2742 1079 2796 monachum
1103 2740 1355 2809 complet,
1374 2753 1479 2792 non
1494 2736 1594 2791 sub
1612 2736 1728 2805 pal-

166 2844 294 2908 liolo,
314 2842 402 2897 sed
422 2842 520 2895 sub
535 2837 927 2909 paludamento,
962 2834 1194 2889 ferarum
1213 2832 1461 2886 carnibus
1476 2830 1726 2895 abstinet,

166 2937 386 2990 cursibus
414 2932 742 3002 acquiescit:
776 2932 953 2999 itaque
981 2928 1187 2982 occulte
1220 2925 1556 2995 delicateque
1602 2924 1731 2978 reli—

165 3030 321 3097 giosus
338 3034 522 3081 venatu
544 3024 732 3089 utitur,
752 3036 850 3077 nec
881 3022 1047 3075 utitur
1082 3020 1384 3075 venatione.
1404 3016 1594 3070 Filiam
1613 3018 1732 3070 uni-

164 3136 262 3176 cam
280 3128 644 3191 parvam,post
666 3118 869 3173 obitum
894 3116 1076 3170 uxoris
1108 3115 1371 3178 relictam,
1388 3109 1734 3166 solatioczeli-

1828 1909 1982 1978 patrii
2016 1909 2208 1963 finibus
2239 1909 2568 1963 eliminatum
2595 1912 3039 1980 peregrinationis
3059 1913 3281 1969 adversa
3306 1914 3411 1968 frr-

1825 2006 2039 2067 gerunt.
2074 1999 2414 2068 Quapmpter
2443 2001 2720 2068 ignoseere
2755 2016 2849 2055 vos
2878 2017 3088 2070 quospte
3115 2005 3265 2057 decet
3289 2021 3410 2058 eru-

1829 2088 2168 2145 bescentibus
2211 2107 2222 2141 :
2262 2089 2522 2157 siquidem
2566 2092 2815 2145 convenit
2855 2092 3160 2147 humiliatos
3190 2094 3408 2150 humilia

1827 2179 2041 2245 sectari,
2085 2196 2259 2251 neque
2288 2197 2412 2236 cum
2465 2182 2571 2235 illis
2605 2199 2783 2250 parem
2815 2182 3189 2242 familiaritatis
3229 2198 3411 2243 tenere

1827 2274 2205 2338 constantiam,
2234 2274 2430 2343 quibus
2461 2274 2596 2329 forte
2635 2276 2702 2329 sit
2742 2276 3040 2345 improbum
3073 2279 3189 2345 plus
3211 2284 3412 2335 amoris

1827 2379 1986 2434 quam
2041 2365 2357 2419 reverentia:
2406 2366 2738 2435 impendere.
2778 2368 3002 2436 Propter
3035 2370 3133 2423 hoc
3181 2372 3410 2442 denique

1823 2455 1934 2526 jam
1958 2456 2045 2509 diu
2070 2467 2242 2522 taceo,
2274 2472 2475 2527 vOSque
2500 2459 2749 2525 tacuisse,
2799 2475 2918 2514 cum
2954 2461 3093 2515 [ilius
3125 2479 3275 2518 meus
3305 2465 3411 2519 He-

1829 2548 2066 2603 liodorus
2106 2549 2209 2602 huc
2237 2549 2404 2615 venit,
2454 2551 2623 2617 magis
2660 2552 2950 2607 toleranter
2986 2569 3142 2622 quam
3183 2554 3413 2611 libenter

1828 2648 2011 2715 accepi
2034 2664 2048 2700 :
2081 2646 2174 2700 sed
2198 2646 2377 2700 dicere
2400 2647 2629 2711 solebas,
2661 2663 2964 2719 quanquam
2992 2650 3236 2719 lat'gans,
3263 2653 3405 2719 quod

1830 2755 2000 2796 meam
2024 2741 2173 2809 quasi
2200 2738 2499 2792 facundiam
2532 2754 2803 2793 vererere.
2828 2740 3116 2795 Excusatio
3136 2742 3233 2796 ista
3272 2744 3407 2809 hec,

1831 2834 1990 2886 etiam
2035 2833 2078 2884 si
2123 2830 2307 2885 fuisset
2336 2846 2486 2897 vera,
2523 2831 2847 2884 transierat:
2885 2834 3005 2901 qu’a
3033 2828 3057 2868 ἀ
3088 2843 3206 2900 post
3230 2835 3413 2889 termi.

1832 2932 2011 2977 natum
2044 2922 2280 2977 libellum
2310 2922 2398 2989 qui
2425 2937 2607 2991 parum
2632 2921 2827 2977 cultior
2858 2932 2960 2989 est,
2985 2922 3215 2993 reliquas
3236 2924 3412 2980 denuo

1833 3014 2037 3069 litteras
2068 3022 2091 3050 °
2120 3012 2317 3079 usuali,
2350 3013 2475 3068 licet
2509 3023 2789 3068 accuratus
2808 3013 2938 3067 mihi
2969 3016 3157 3069 melior
3195 3030 3298 3070 non
3322 3018 3413 3080 sit,

1833 3119 2078 3159 sermone
2130 3106 2282 3176 101
2326 3115 2578 3160 contexo.
2624 3104 2740 3160 Non
2788 3105 2929 3160 enim
2968 3108 3095 3159 tanti
3125 3116 3207 3160 est
3260 3107 3415 3175 poliri

166 3189 300 3270 battis
316 3216 559 3269 alitavita
578 3211 955 3273 teneritudine,
976 3219 1213 3263 materna
1241 3204 1537 3275 diligentia,
1556 3211 1730 3272 pater-
1757 3189 1801 3251 C
1837 3199 2090 3252 formulas
2112 3200 2345 3254 editione
2375 3199 2661 3253 carituras.
2689 3196 2954 3254 Ctnterum
2984 3199 3027 3251 si
3049 3198 3285 3252 caritatis
3312 3209 3415 3253 tuta:

164 3322 219 3359 na
245 3306 589 3377 benignitate.
626 3303 762 3372 Erga
789 3301 1040 3355 familiam
1070 3314 1222 3355 suam
1253 3312 1352 3351 nec
1380 3296 1431 3349 in
1458 3293 1730 3364 proferen-

165 3399 222 3452 do
234 3400 460 3469 alloquio
476 3398 678 3462 minax,
699 3411 798 3450 nec
818 3396 869 3449 in
883 3392 1215 3448 admittendo
1234 3389 1463 3444 concilio
1476 3400 1728 3455 spernax,

164 3508 247 3549 uec
288 3496 345 3548 in
385 3504 530 3548 reatu
581 3488 952 3560 investigando
990 3498 1320 3557 persequax,
1364 3479 1731 3548 subjectorum

223 3770 244 3796 ε
270 3758 466 3813 Alludit
486 3755 550 3810 ad
580 3755 836 3808 Romanae
853 3752 999 3826 urbis
1025 3751 1176 3826 loca,_
1198 3750 1251 3804 in
1285 3747 1481 3826 quibus
1509 3742 1724 3826 recitari

163 3842 390 3892 poemata
437 3837 487 3882 et
516 3826 790 3899 orationes
817 3824 1108 3899 _soleban_t._
1151 3824 1231 3899 _De
1287 3819 1551 3899 Athenaeo
1566 3819 1726 3899 testis

162 3890 481 3966 Lampridius
512 3899 561 3950 in
594 3895 895 3949 Alex-indm
926 3911 938 3947 :
970 3894 1049 3966 4d
1075 3892 1390 3966 Athenaeum,
1410 3890 1599 3957 inquit,
1632 3902 1727 3966 att-

161 3957 448 4024 diendorum
479 3978 523 4019 rt
566 3966 859 4020 (Irrrcorum
889 3976 933 4017 et
978 3963 1282 4016 Latinorum
1338 3962 1600 4013 rhetorum
1651 3957 1727 4009 vel

159 4054 413 4104 poetarum
444 4055 601 4092 causa
629 4039 913 4107 frequenter
943 4034 1203 4107 processit.
1234 4031 1579 4107 Qapitolintts
1601 4029 1724 4081 item

158 4100 202 4165 in
242 4113 513 4165 l'trtinace
564 4100 952 4167 ct'Gordianni
999 4119 1061 4158 ac
1092 4104 1343 4157 Sidonius
1386 4102 1498 4167 ipse
1528 4100 1617 4155 lib.
1650 4114 1724 4162 tt,

158 4183 298 4249 epist.
336 4184 425 4246 lt,
464 4180 527 4233 ad
566 4178 992 4249 llttrgundiouetn
1029 4188 1069 4249 εΔ
1095 4175 1290 4249 Dignus
1329 4174 1537 4225 oumiuo
1579 4185 1725 4249 quem

156 4242 309 4305 Roma
357 4242 711 4320 plausibilibus
774 4248 957 4320 fureret
1013 4242 1438 4313 ulnisuquoque
1488 4242 1729 4320 recitante

156 4312 436 4389 crepitantis
466 4320 697 4375 Athenwi
724 4312 960 4389 subsellia
976 4312 1726 4389 cuneataquutercnturLSym-

154 4382 361 4448 machus
393 4393 623 4461 denique
656 4390 745 4443 lib.
790 4404 862 4443 ix.
890 4388 979 4461 8t.
1005 4387 1079 4440 De
1106 4382 1245 4461 Foro
1274 4384 1504 4449 Trojano
1537 4382 1731 4436 Fortu-

154 4473 293 4518 natzs
314 4465 385 4518 ad
405 4456 849 4518 Berthcramnum
868 4458 1171 4527 episcopum
1190 4456 1299 4511 Cen
1327 4468 1689 4508 -m.innensem
1713 4469 1727 4508 ε

261 4644 351 4694 Vix
381 4644 525 4692 modo
550 4648 647 4693 tam
682 4641 832 4689 nitido
855 4651 1081 4701 pomposa
1108 4643 1330 4701 poemata
1354 4637 1487 4687 cultu

324 4706 479 4755 Audit
499 4705 710 4767 Trojano
735 4704 885 4751 Roma
908 4707 1123 4752 verenda
1148 4701 1266 4750 fore.

147 4870 214 4925 De
266 4870 417 4927 Foro
466 4870 682 4932 Martis,
717 4866 871 4922 index
934 4873 1088 4919 vetus
1136 4863 1408 4919 adnotatio
1446 4865 1496 4917 in
1551 4863 1736 4919 codice

146 4941 442 5011 Apuleiano
473 4936 1218 5011 bibliothecaYiticaneltis
1242 4936 1419 5011 verbis
1444 4952 1465 5011 :_
1480 4932 1592 5007 Ego
1605 4934 1736 5011 ξαι-

146 5004 321 5085 lustius
354 5007 1022 5085 legiet‘emendavillomaz
1042 5008 1275 5085 feliciter,
1304 5007 1497 5085 (ξιὶρνἰο
1522 5004 1565 5059 et
1596 5004 1732 5059 Pro-

146 5083 250 5135 bino
280 5078 429 5137 coss:
459 5084 510 5135 in
535 5082 647 5148 [ora
678 5079 863 5133 Martis
892 5079 1282 5131 controversiam
1309 5078 1597 5129 declamans
1615 5093 1735 5148 ora-

143 5156 232 5207 tori
254 5146 603 5208 Endelecltio.
636 5151 831 5205 Rursus
863 5148 1303 5218 ConstantinOpoli
1330 5149 1595 5215 recognovi
1623 5146 1735 5200 Ca:-

142 5226 269 5279 mrio
318 5234 372 5280 et
425 5225 596 5277 Attico
627 5237 758 5275 coss.
786 5222 902 5288 Quo
945 5235 1010 5274 ex
1044 5220 1159 5273 loco
1189 5228 1448 5288 prteterea
1478 5218 1735 5288 docentur

142 5311 239 5363 quo
270 5306 529 5363 tempore
565 5287 875 5348 cathedram
909 5291 1092 5363 Romae
1117 5287 1342 5343 tenuerit
1380 5287 1733 5363 Endelecbitts

141 5359 339 5434 rhetor,
358 5359 475 5420 hoc
495 5372 596 5429 est,
622 5373 677 5417 ut
704 5360 1290 5434 interpreturSeverus,
1318 5368 1537 5434 sanctus
1569 5359 1743 5434 Eude-

142 5430 366 5503 lerhius,
405 5447 596 5491 orator
618 5447 670 5488 et
695 5443 851 5503 poeta
879 5432 1216 5503 Christianus
1247 5430 1397 5498 cujus
1418 5439 1589 5483 exsat
1612 5430 1735 5503 bre-

138 5523 196 5563 ve
214 5509 323 5581 45
350 5500 585 5563 Carmen
613 5505 681 5561 de
696 5500 971 5559 'mortibus
1002 5502 1207 5581 b;‘“".'.:
1239 5515 1536 5581 quau-mimi]
1560 5500 1741 5581 int-'95

136 5570 362 5635 alterum
388 5586 517 5633 erat
539 5586 913 5645 argumentum
932 5589 997 5627 ex
1028 5572 1271 5645 Paulino,
1296 5572 1383 5637 qui
1410 5570 1737 5625 Eudelechii.

140 5662 188 5705 ut
215 5651 380 5705 amici
417 5650 528 5714 sui,
554 5644 797 5702 meminit
819 5647 872 5699 in
892 5646 1049 5711 epist.
1068 5644 1101 5697 9
1123 5645 1185 5695 ad
1210 5644 1489 5714 Severum.

202 5712 522 5777 I'Conclta
546 5728 816 5791 argentea,
866 5717 917 5771 in
942 5730 1043 5785 qua
1084 5712 1339 5771 exaraudi
1372 5728 1429 5767 er
1451 5723 1516 5768 .nf
1551 5726 1741 5767 versus

139 5792 373 5849 Sidonii.

1837 3308 2041 3348 morem
2082 3294 2308 3362 pristino
2357 3293 2744 3361 colloquiorum
2781 3293 2964 3348 cursui
2996 3292 3193 3356 reddis,
3235 3302 3289 3346 et
3320 3308 3417 3346 nos

1834 3391 2058 3437 vetusta:
2088 3382 2426 3453 loquacitatis
2457 3382 2663 3437 orbitas
2694 3397 3049 3437 recurremus.
3080 3381 3280 3436 l’rteter
3302 3381 3421 3438 hanc

1833 3474 2011 3543 avide,
2045 3475 2241 3545 praevio
2264 3472 2499 3539 Christo,
2529 3475 2658 3528 sicu'
2684 3474 2698 3527 i
2723 3472 2957 3527 locorum
2992 3472 3219 3537 fueritis,
3254 3473 3421 3529 modo

1909 3749 1932 3778 ε
1962 3736 2344 3816 Monachnrttm
2378 3737 2586 3805 insigne
2619 3740 2712 3816 fuit
2740 3741 3049 3816 pallium,ut
3073 3742 3421 3816 philosopho-

1831 3826 1968 3865 rum.
2004 3810 2131 3863 Natn
2162 3819 2215 3863 et
2263 3809 2431 3871 ipsam
2464 3812 2846 3865 monachorum
2878 3814 3038 3866 vitam
3073 3809 3153 3869 ita;
3198 3809 3420 3878 ἆσπξητιν

1834 3880 2004 3957 Gr_:_n_ci
2022 3881 2202 3933 Patres
2225 3879 2612 3957 philosophiam
2642 3883 3003 3957 nominarunt.
3026 3884 3178 3941 U-ide
3204 3892 3421 3957 agmina

1832 3951 2042 4021 palliata
2071 3951 2453 4004 monachorum
2486 3952 2539 4005 in
2568 3953 2757 4007 funt-re
2780 3954 2833 4009 S.
2866 3956 3071 4009 Martini
3102 3951 3264 4021 apud'
3286 3963 3417 4014 Sul-

1837 4020 2028 4090 piriuut
2061 4020 2345 4094 Severum.
2374 4022 2547 4090 Atque
2566 4032 2621 4076 ut
2652 4023 3000 4094 philoso,»hos
3023 4020 3195 4081 Crteci
3228 4031 3420 4086 merito

1836 4093 2107 4165 ridebant,
2128 4093 2216 4160 qui
2249 4091 2407 4165 pallio
2428 4102 2482 4146 et
2512 4091 2670 4165 barba
2701 4104 2857 4149 tezius
2889 4096 3419 4165 philosopharentur,

1836 4165 1915 4217 sic
1945 4163 2110 4235 nostri
2139 4177 2262 4235 mon
2283 4163 2451 4235 lCilOS,
2492 4163 2582 4231 qui
2626 4164 2805 4217 habitu
2830 4169 3030 4218 sa-cu'o
3058 4163 3420 4235 imponerent,

1835 4244 1895 4311 ut
1912 4233 2269 4311 :titSidQuitts,
2284 4234 2850 4311 (ιιιὶὺμείιιμίφιλοσρφία
2867 4234 2923 4294 ἦν
2944 4238 3305 4311 τᾳόᾼτριϐᾡνιον.
3328 4233 3421 4294 lsi-

1836 4306 2000 4379 dorus
2032 4303 2327 4379 Pelusiotes
2344 4303 2498 4372 epist.
2522 4303 2614 4379 Si,
2630 4308 2715 4359 οὐκ
2739 4303 2897 4379 eam.
2923 4303 3137 4379 ὰδετλεὸοξι
3155 4309 3419 4372 ἀσκήσεως

1835 4375 2146 4450 πληροεξρορία
2174 4375 2420 4449 τρίϐωνος
2444 4380 2531 4450 mi
2555 4377 2751 4450 tineam;
2774 4376 3006 4450 irridst’it;
3038 4375 3056 4430 Ξ
3086 4376 3327 4433 Monac'tt'
3348 4384 3420 4433 vi-

1839 4398 1997 4450 πληρο
2035 4398 2146 4448 ορια
2174 4398 2420 4449 τριοωνος
2444 4398 2528 4429 και
2555 4398 2746 4437 υπήνης
2774 4398 3006 4441 επιοξιςις
3038 4398 3051 4430 ἶ
3086 4398 3133 4429 lu
3147 4398 3273 4431 una:
3291 4398 3327 4433 η

1839 4454 1964 4515 (aut,
1995 4398 2199 4515 fratres,
2236 4462 2335 4498 non
2364 4449 2579 4515 complet
2607 4448 2752 4515 pallii
2782 4457 2827 4499 et
2860 4449 3029 4500 barbrr
3051 4451 3343 4505 ostentatio.

1908 4512 1934 4552 ά
1961 4512 2096 4568 Infra
2141 4516 2297 4582 epist.
2329 4513 2398 4566 ‘22
2428 4531 2440 4567 :
2478 4514 2545 4569 Ut
2582 4512 2913 4585 epistolarum
2937 4535 3111 4571 curam
3143 4521 3421 4577 terminatis

1760 4563 1815 4623 D
1840 4585 1985 4639 libris
2014 4563 2201 4637 eorumr
2217 4563 2715 4655 converteremusrad
2746 4588 2937 4655 stylum
2982 4563 3421 4648 historicen-lilii:

1843 4671 1945 4722 que
1974 4657 2120 4710 locus
2149 4654 2343 4707 indicat
2375 4655 2575 4710 Sidonii
2607 4654 2954 4724 epistolaer
2982 4660 3202 4717 primam
3230 4662 3421 4716 editio.

1843 4741 1964 4780 nem
2018 4740 2121 4779 non
2173 4724 2360 4789 fuisse,
2388 4740 2543 4793 quam
2586 4724 2901 4780 Constantio
2930 4735 3288 4796 nuncupavit:
3326 4735 3417 4787 sed

1843 4811 2029 4850 earum
2061 4796 2254 4864 aliquoi
2280 4796 2489 4849 libeilos
2511 4807 2634 4851 ante
2665 4798 3097 4854 Constantianam
3140 4802 3420 4858 collectio—

1841 4882 1963 4923 nem
1999 4870 2049 4920 in
2083 4867 2254 4921 lucem
2287 4868 2536 4921 emissos.

1919 4946 1942 4975 ο
1980 4937 2167 5010 Latino
2183 4936 2418 5010 quidem,
2450 4938 2541 4993 sed
2577 4937 2691 5010 rudi
2719 4948 2771 4993 et
2795 4940 3059 5010 impolita,
3091 4942 3265 5010 qualis
3295 4951 3421 4999 tunc

1843 5008 1895 5064 in
1944 5023 2043 5079 usu
2080 5008 2239 5077 vulgo
2267 5007 2472 5062 Galliae.
2505 5008 2646 5063 Olim
2676 5024 2806 5063 sane
2838 5009 3004 5065 Gal’is
3041 5007 3218 5065 sermo
3260 5030 3421 5079 pecu.

1838 5078 1985 5133 liaris
2014 5089 2094 5155 et_
2115 5079 2355 5155 diversus
2389 5094 2417 5132 a
2452 5079 2654 5155 Latino.
2692 5079 2839 5135 Unde
2872 5081 3069 5155 varro,
3102 5078 3422 5155 Hieronymo

1839 5160 1998 5222 teste,
2050 5149 2413 5222 Massilienses
2445 5151 2725 5222 trilingues
2765 5154 3012 5222 vocabat,
3042 5153 3182 5222 quod
3213 5149 3419 5218 Graece,

1841 5221 2026 5276 Latine
2076 5229 2130 5274 et
2181 5218 2383 5274 Gallice
2429 5220 2648 5275 scirent.
2684 5220 2869 5275 Poitea
2891 5220 3017 5276 fecit
3048 5218 3255 5278 assidua
3296 5239 3417 5278 cum

1842 5292 2097 5345 Romanis
2123 5290 2475 5362 consuetudo,
2507 5301 2561 5343 ut
2606 5291 2849 5345 Latinum
2874 5304 3212 5362 usurparent,
3246 5296 3336 5345 sed
3362 5303 3419 5347 ut

1843 5363 2049 5418 exteris
2084 5361 2335 5431 gentibus
2376 5364 2594 5416 evenire
2636 5363 2797 5427 solet,
2829 5361 3017 5417 rudem
3060 5374 3114 5417 et
3143 5364 3417 5427 incultum,

1850 5435 1938 5501 qui
1970 5433 2191 5502 proinde
2222 5434 2458 5501 magistri
2492 5432 2668 5487 studio
2698 5443 2751 5486 et
2779 5436 3032 5487 industria
3058 5433 3305 5501 perpoliri
3327 5434 3419 5489 de-

1851 5503 2022 5558 beret.
2068 5502 2190 5573 ideo
2224 5502 2402 5556 laudat
2437 5504 2710 5557 Ecdicium
2743 5504 2991 5573 Sidonius
3040 5502 3131 5556 lib.
3164 5519 3238 5565 Ill,
3264 5505 3417 5573 epi~t.

1851 5574 1905 5635 3,
1938 5572 2080 5642 quod
2106 5573 2221 5639 ejus
2250 5577 2500 5643 exempto
2524 5575 2773 5629 nobilitas
2802 5571 3066 5626 Gallicana
3098 5573 3280 5629 Celtici
3303 5571 3418 5630 ser-

1853 5646 2024 5698 monis
2054 5659 2270 5712 squama
2297 5647 2535 5714 deposita
2591 5644 2827 5698 Latinam
2867 5643 3098 5710 tinguant
3132 5646 3184 5698 in
3224 5647 3418 5702 scholis

1850 5722 2096 5840 gcc‘pr’ate
2113 5714 2455 5781 perdiscere.
2476 5715 2778 5783 Eodemque
2797 5722 3001 5784 spectat
3018 5716 3111 5773 lib.
3126 5732 3240 5785 vit,
3265 5720 3415 5790 epist.

1908 5804 1930 5837 "tt
2035 5799 2284 5839 ouuuetn.

1848 5791 1885 5839 2
1908 5791 1967 5839 ad
2005 5791 2284 5839 Joannem.
