3910 6172
486 303 583 361 515

1754 290 1813 346 SI
1823 289 1954 346 DON
1963 290 2000 344 ll
2042 284 2489 344 APOLLINARIS
3625 289 3711 345 516

478 430 503 457 α
527 417 689 474 redux
720 422 971 485 patronus
995 408 1285 478 indulgeat,
1308 405 1628 471 advolaturi,
1653 414 1708 459 ut
1730 405 1890 459 rebus
1912 402 2047 458 ami-
2077 407 2127 465 Α
2155 398 2412 456 extollat?
2430 396 2571 467 quod
2595 393 2919 450 conditionis
2932 392 3178 449 humana:
3204 406 3297 461 per
3316 405 3490 447 omnia
3508 408 3710 463 memor,

476 513 597 563 r-iiia
626 517 920 579 vegetetur,
961 518 1084 574 qua:
1108 501 1287 557 verbis
1331 499 1725 569 infrequentata
1758 505 2052 567 torpuerat.

479 602 627 657 Vale.

1046 686 1376 743 EPISTOLA
1401 684 1493 738 XI.

792 781 1038 838 Sidonius
1063 780 1091 817 δ
1144 778 1346 832 Petreio
1374 792 1466 831 suo
1494 776 1731 829 salutem.

545 877 703 943 Angit
734 890 817 927 me
840 873 999 926 nimis
1030 871 1283 925 damnum
1308 867 1488 922 saaculi
1520 867 1645 933 mei,
1680 881 1851 934 nuper
1869 873 2055 933 erepto

473 967 742 1019 avunculo
791 974 883 1019 tuo
928 962 1225 1019 Claudiano
1267 960 1439 1014 oculis
1488 959 1708 1023 nostris,
1738 959 1949 1025 ambigo
1984 972 2051 1010 an

474 1060 781 1126 quempiam
820 1057 1071 1123 deinceps
1106 1068 1287 1123 parem
1321 1052 1731 1120 conspicaturis.
1765 1050 1857 1103 Vir
1896 1049 2053 1116 siqui-

474 1150 596 1201 dem
621 1148 719 1202 fuit
751 1146 1021 1215 providus.
1050 1144 1307 1213 prudens,
1332 1142 1542 1206 doctus,
1580 1142 1862 1210 eloquens,
1903 1154 2051 1203 acer,

472 1250 528 1293 et
578 1240 847 1293 hominum
897 1238 1017 1303 aevi,
1046 1237 1171 1301 loci,
1198 1235 1379 1306 pepuli
1426 1235 1510 1289 sui
1550 1232 2050 1300 ingeniosissimus:

473 1331 671 1398 quique
698 1329 1062 1384 indesinenler
1092 1328 1240 1382 salva
1274 1333 1530 1398 religione
1559 1326 2050 1396 phtlosoiiharetur;

472 1431 528 1477 et
556 1422 681 1476 licet
707 1421 910 1475 crinem
940 1420 1264 1488 barbamque
1286 1434 1391 1473 non
1416 1427 1680 1487 pasceret,
1704 1428 1726 1456 ο
1754 1417 1970 1486 pallium
2000 1426 2053 1471 et

473 1514 681 1569 clavam
731 1528 873 1567 nunc
920 1512 1192 1575 irrideret,
1242 1527 1382 1567 nunc
1408 1512 1569 1567 etiam
1596 1519 1993 1574 exsecraretur,
2023 1526 2051 1562 a

474 1604 702 1675 collegio
732 1612 910 1657 tamen
942 1603 1456 1671 complatouicornm
1487 1602 1605 1658 solo
1642 1601 1825 1656 habitu
1859 1616 1921 1656 ac
1950 1602 2053 1657 fide

476 1696 887 1751 dissociabatur.
933 1695 1071 1748 Deus
1101 1695 1275 1749 bone!
1303 1693 1430 1758 quid
1470 1701 1584 1747 erat
1622 1692 1772 1757 illud,
1805 1692 2051 1762 quotiens

2158 496 2381 550 clericos
2408 506 2592 561 Opere,
2618 502 2867 545 sermone
2883 487 3184 555 populares,
3217 486 3578 543 exhortatione
3598 505 3716 546 tum-

2159 595 2357 651 rentes,
2402 582 2691 637 destitutos
2734 578 2951 641 solatio,
3001 578 3248 645 captivos
3295 577 3485 645 pretio,
3523 578 3714 647 jejunus

2157 676 2299 739 cibo,
2334 674 2504 729 nudos
2553 672 2887 741 operimento
2926 668 3323 722 consolabatur.
3351 668 3551 722 Pariter
3574 680 3715 725 etsu-

2160 782 2255 835 per
2284 766 2366 819 his
2398 764 2545 833 plura
2581 762 2841 829 replicare
2873 758 3317 828 superforaneum
3360 768 3554 813 statuo.
3600 761 3715 817 Nam

2158 861 2349 913 merita
2379 872 2499 922 sua,
2530 855 2721 923 quibus
2759 851 2982 907 divitem
3005 849 3391 904 conscientiam
3419 866 3577 906 censu
3605 868 3718 920 pau-

2159 960 2372 1019 peratus
2408 944 2775 1012 locupletavit,
2814 956 2910 1010 spe
2942 941 3133 994 futura:
3171 940 3538 993 retributionis
3564 943 3717 999 celare

2163 1038 2281 1107 plus
2301 1036 2524 1091 studuit.
2562 1034 2881 1102 EpiscOpum
2914 1032 3129 1084 fratrem
3165 1029 3419 1098 majorem
3455 1040 3575 1083 natu
3602 1031 3717 1087 alie-

2156 1126 2495 1182 ctuosissime
2525 1124 2834 1187 observans,
2858 1135 3018 1191 quem
3042 1118 3294 1189 diligebat
3322 1128 3378 1173 ut
3401 1118 3586 1185 lilium,
3615 1136 3717 1177 cum

2158 1227 2409 1287 tanquam
2432 1226 2635 1284 patrem
2672 1220 3041 1267 veneraretur.
3072 1209 3178 1264 Sed
3207 1218 3261 1263 et
3292 1208 3389 1287 gi!le
3418 1210 3719 1278 suspiciebat

2159 1285 2301 1364 hunc
2327 1307 2619 1377 granditer,
2642 1304 2906 1360 habensin
2938 1318 3001 1357 eo
3023 1285 3393 1357 consiliarium
3421 1303 3473 1355 in
3501 1301 3714 1371 jndiciis,

2160 1401 2413 1457 vicarium
2444 1401 2495 1453 in
2520 1396 2784 1462 ecclesiis,
2817 1404 3216 1465 procuratorem
3248 1393 3300 1447 itt
3328 1395 3573 1463 negotiis,
3601 1396 3718 1449 villi-

2156 1510 2273 1547 ciim
2307 1495 2356 1547 in
2389 1492 2620 1563 prtediis,
2650 1490 2969 1544 tabularium
2996 1488 3045 1541 i.i
3080 1488 3313 1551 tributis,
3343 1488 3393 1541 in
3423 1488 3718 1544 lectionibus

2156 1585 2430 1649 comitem,
2459 1586 2509 1637 in
2540 1580 2961 1650 expositioiiibus
2999 1578 3151 1649 103
3171 1580 3542 1646 interpretem,
3572 1580 3619 1632 in
3643 1579 3715 1633 iti-

2160 1676 2381 1729 neribus
2402 1671 2864 1727 contubernalem.
2897 1669 2981 1722 Sic
3010 1672 3217 1737 uzriquc
3248 1669 3314 1722 ab
3345 1671 3615 1731 alterutro,
3644 1686 3717 1723 us-

475 1790 543 1843 ad
583 1804 703 1842 eum
750 1786 862 1841 sola
905 1784 1312 1840 consultationis
1354 1785 1523 1854 gratia
1566 1784 2052 1839 conveniebamus?

2165 1782 2269 1836 que
2308 1766 2373 1820 ad
2412 1765 2662 1819 invidiam
2708 1761 2965 1828 exempli,
3000 1769 3203 1813 matura
3238 1760 3340 1813 fide
3375 1762 3719 1829 germanitatis

474 1883 643 1946 Quam
674 1879 761 1932 ille
792 1878 1042 1931 omnibus
1071 1876 1253 1931 statim
1286 1884 1455 1929 totum
1495 1892 1600 1929 non
1640 1876 1908 1941 dubitans,
1945 1891 2047 1929 non

475 1970 755 2023 fastidiens
785 1969 1100 2037 aperiebat?
1134 1968 1658 2037 voluptuosissimum
1694 1980 1968 2039 reputans,
2006 1969 2049 2020 si

476 2063 613 2115 forte
648 2061 838 2115 oborta
869 2062 1236 2130 quarumpiam
1267 2061 1620 2130 qumsuonntn
1670 2060 2051 2115 insolubilitate

475 2153 826 2223 labyrinthica
881 2153 1120 2207 scientiae
1173 2167 1284 2206 sute
1337 2152 1569 2207 thesauri
1610 2152 2049 2207 eventilarentur.

475 2243 591 2299 Jatn
641 2243 684 2298 si
716 2243 1019 2314 frequentes
1053 2244 1489 2311 consederamus,
1526 2244 1758 2298 officium
1803 2244 2053 2300 audiendi

477 2331 749 2399 omnibus,
781 2336 872 2389 uni
921 2334 1093 2388 solum
1124 2349 1283 2404 quem
1312 2334 1532 2389 forsitan
1555 2336 1927 2404 elegissemus,
1958 2337 2052 2391 de-

478 2436 674 2494 putans
710 2426 867 2495 102
892 2425 977 2493 jus
998 2424 1247 2495 loquendi
1274 2440 1288 2478 :
1321 2426 1541 2492 viritim,
1564 2427 1929 2495 vicissimque,
1950 2442 2054 2481 non

476 2516 865 2580 tumultuatim,
896 2532 993 2570 nec
1021 2521 1137 2571 sine
1159 2516 1447 2571 schematis
1476 2517 1771 2587 cujuspiam
1799 2528 1950 2587 gestu
1970 2534 2059 2574 ar-

477 2606 706 2662 titicioso
744 2605 1007 2660 doctrinae
1048 2620 1160 2661 sute
1206 2621 1337 2676 opes
1379 2618 1711 2677 er0gaturus.
1752 2608 1882 2663 Dein
1914 2624 2059 2678 qua:-

478 2714 686 2767 cunque
708 2698 954 2765 dixisset,
979 2698 1222 2767 protinus
1239 2699 1612 2753 reluctantium
1627 2699 2055 2770 syllogismorum

478 2790 939 2844 contrarietatibus
959 2789 1375 2857 excipiebamus.
1394 2788 1497 2845 Sed
1519 2790 2057 2859 repellebatomnium

477 2891 719 2936 nostrum
740 2883 1050 2936 temerarias
1067 2882 1449 2951 orpositiones.
1469 2880 1651 2951 Itaque
1664 2882 1791 2936 nihil
1812 2897 1916 2937 non
1937 2896 2059 2951 per-

480 2987 702 3043 pensum
718 2974 1101 3042 probatumque
1117 2972 1495 3041 recipiebatur.
1515 2974 1647 3028 llinc
1659 2974 1819 3029 etiam
1833 2971 1906 3028 illi
1920 2966 2058 3041 apud

480 3081 581 3122 nos
627 3065 853 3120 maxima
885 3067 1187 3137 revegentia
1226 3067 1341 3133 fuit,
1376 3067 1643 3135 quodnon
1685 3067 1813 3121 satis
1857 3066 2059 3121 ferebat

480 3171 622 3226 aegre
668 3158 868 3227 pigram
894 3160 944 3211 in
977 3158 1314 3227 quibuSpiam
1352 3159 1896 3228 sequacitatemJlmc
1918 3159 2056 3228 apud
2087 3144 2131 3207 C

479 3264 603 3303 eum
627 3249 783 3320 culpa
816 3249 1098 3304 veniabilis
1128 3259 1276 3305 erat:
1305 3266 1411 3321 quo
1443 3250 1623 3319 fiebat,
1649 3260 1791 3306 esset
1816 3261 1873 3305 ut
1902 3252 2056 3306 nobis

481 3340 740 3410 patientia
788 3340 1025 3409 ejusdem
1082 3342 1200 3396 sine
1241 3341 1539 3397 imitatione
1585 3342 1883 3397 laudabilis.
1925 3340 2056 3410 Quis

478 3432 619 3485 enim
647 3431 817 3485 virum
848 3444 1009 3500 super
1036 3431 1228 3486 abditis
1258 3431 1564 3487 consuleret
1594 3433 1816 3499 invitus,
1850 3448 1879 3487 a
1906 3433 2055 3503 cujus

479 3519 855 3589 disputationis
881 3521 1262 3576 communione
1292 3537 1359 3576 ne
1389 3521 1673 3576 idiotarum
1705 3523 1917 3592 quidem
1962 3525 2057 3577 im-

480 3613 882 3682 periturumque
913 3612 1205 3668 sciscitatio
1228 3612 1631 3682 repudiaretur?
1656 3613 1781 3667 Hice
1804 3628 1968 3682 pauca
1989 3614 2056 3669 de

482 3705 693 3760 studiis.
735 3704 999 3760 Cancrum
1044 3714 1235 3761 ca'tera
1265 3706 1383 3774 quis
1421 3706 1740 3775 competenti
1792 3710 2059 3776 praeconio

562 3855 588 3883 ει
622 3846 888 3917 Victorius
916 3861 1097 3901 comes
1132 3848 1517 3913 Arvernorum,
1549 3863 1706 3917 quem
1753 3865 1904 3903 suum
1938 3850 2060 3915 jure

485 3916 727 3971 saeculari
759 3925 1039 3987 patronum
1068 3918 1195 3972 dicit
1222 3918 1315 3973 lib.
1338 3934 1434 3984 vit,
1458 3916 1614 3987 epist.
1650 3921 1709 3972 Π
1726 3921 1789 3977 ad
1817 3922 2057 3976 Volusia-

485 4001 632 4041 num.

560 4056 585 4094 δ
608 4055 740 4111 Filio
771 4057 971 4113 soroi'is
1001 4057 1239 4113 Mamerti
1272 4068 1325 4112 et
1345 4056 1619 4112 Claudiani
1642 4076 1652 4109 :
1674 4058 1738 4112 ad
1761 4077 1917 4128 quem
1948 4062 2061 4115 mit-

494 4128 554 4182 tit
602 4128 874 4199 Qlattdiatti
906 4129 1152 4184 avunculi
1186 4144 1356 4199 nuper
1376 4130 1479 4181 vita
1515 4128 1676 4182 functi
1707 4132 2057 4198 epitaphium.

559 4207 582 4269 9
611 4198 827 4253 Clavam
859 4199 1039 4254 itidem
1064 4202 1201 4254 inter
1223 4199 1658 4269 philosophorum
1693 4202 1917 4269 insignia
1939 4217 2057 4257 cum

487 4268 646 4340 pallio
668 4271 844 4339 jungit
878 4270 972 4324 lib.
1002 4287 1075 4335 ιι,
1104 4268 1261 4338 epist.
1284 4272 1339 4336 9,
1368 4269 1670 4324 etcarmiuc
1701 4271 1784 4335 15,

607 4381 807 4432 Tesrtca
825 4381 1020 4431 nodosa:
1044 4381 1345 4432 commendat
1368 4380 1512 4444 pallia
1528 4380 1675 4430 clam

558 4488 879 4545 Prudentius
912 4490 963 4544 in
998 4488 1428 4559 Hamartigenia:

608 4600 733 4651 Hinc
757 4605 886 4663 gerit
907 4602 1199 4652 Herculeam
1233 4601 1339 4651 vilis
1361 4601 1593 4663 sapientia
1611 4599 1808 4661 clavam,

611 4664 936 4727 Ostentatque
968 4679 1081 4713 suos
1104 4665 1293 4715 vicatim
1315 4663 1754 4726 Gymnosophistas.

556 4766 667 4839 £6
712 4768 753 4823 E
799 4767 999 4821 Graecis
1038 4768 1300 4823 Lucianus
1327 4770 1399 4839 _in
1453 4767 1690 4839 Parasito
1724 4784 1751 4839 ﬂ:
1794 4770 1929 4824 Ξύλα
1969 4773 2059 4839 μέν

487 4835 687 4913 fxo—ua:
714 4842 895 4913 καίβίς
917 4839 1174 4909 βαλανεῖον
1212 4837 1467 4913 diritatem-ec,
1500 4843 1582 4913 ζαὶ
1612 4837 1689 4892 ἐπ’
1710 4835 1946 4913 ἄριστον.
1969 4835 2057 4894 Li-

485 4907 675 4968 ba'uius
706 4907 1012 4964 Attdt‘mtiCO
1041 4911 1196 4976 epist.
1222 4908 1323 4981 156
1348 4918 1473 4963 ετῶν
1501 4907 1553 4963 δὲ
1577 4911 1633 4963 οὐ
1660 4907 2051 4981 φιλοσοφορίιντων

486 4986 692 5061 χαίρειν
721 4983 804 5050 ἐᾷν
836 4982 1053 5060 τῖὼγῳνκ
1084 4983 1167 5061 xui
1193 4979 1414 5061 τρίϐωνα
1437 4984 1519 5061 ea?
1547 4978 2055 5061 ﬁazrnptovIJ’ltila-

484 5048 833 5116 sep/tumtum,
858 5048 1048 5115 inquit,
1063 5048 1338 5102 valedicere
1360 5048 1527 5102 barbw
1548 5048 1591 5102 et
1604 5048 1759 5117 pallio
1783 5060 1826 5101 et
1850 5050 2051 5105 baculo.

490 5125 554 5176 Et
577 5122 717 5191 quod
750 5122 963 5188 propius
992 5120 1057 5171 ad
1093 5121 1321 5185 clavam,
1342 5120 1752 5187 Chrysostomus
1774 5120 1840 5173 de
1862 5126 2050 5175 statuis

486 5210 591 5247 XVII
622 5210 634 5244 ε
666 5199 766 5245 Ποῦ
795 5200 881 5245 νῦν
909 5194 1030 5245 εἰσιν
1054 5194 1097 5245 οἱ
1124 5194 1243 5252 τοὺς
1264 5192 1509 5265 τρίϐωνας
1537 5191 1944 5265 ἀναϐξϐλημένοι,
1968 5196 2049 5245 καὶ

482 5266 612 5335 βείοιῦ
669 5268 850 5335 γένειον
898 5261 1304 5337 δεικνῦντες,-·›εᾳξ
1350 5262 1541 5337 ῥόπαλα
1568 5270 1627 5335 τῇ
1656 5261 2049 5337 δξξιᾴᾐεξέροντες

479 5330 525 5387 oi
553 5344 650 5391 τῶν
673 5330 848 5402 ἔξωθεν
870 5335 1122 5408 φιλρσοςιοι
1141 5350 1164 5408 _:
1208 5330 1304 5408 bi
1330 5330 1461 5384 nunc
1482 5330 1700 5399 sunt'qui
1723 5330 1897 5408 palliis
1923 5337 2052 5408 auti-

479 5401 775 5470 ciuntur,’et
806 5401 1107 5477 promissam
1135 5402 1351 5477 barbam
1374 5411 1643 5467 ostentant,
1679 5415 1724 5457 et
1745 5405 1913 5456 clavas
1937 5401 2053 5455 dea:-

479 5484 558 5528 tra
590 5492 780 5545 gestant
806 5474 999 5532 externi
1024 5474 1354 5545 philosophi?

552 5539 783 5604 d—Paulo
810 5539 1056 5617 snperiurs
1084 5539 1264 5617 dixit;
1296 5541 1361 5596 In
1387 5539 1779 5617 expositionibus
1802 5545 2049 5611 interpreo

479 5628 601 5681 tem,
649 5624 788 5687 quod
829 5614 1020 5673 eodem
1070 5616 1256 5671 referri
1305 5623 1493 5687 potest.
1528 5614 1864 5687 'l'ractatotjes
1904 5618 2045 5670 enim

480 5688 628 5753 dicti,
669 5685 941 5743 sacrarum
971 5689 1266 5744 litterarum
1321 5686 1641 5754 interpretes
1691 5696 1745 5741 et
1773 5685 2041 5739 doctores.

484 5759 687 5815 Idcirco
726 5759 1048 5815 authenticis
1087 5758 1305 5827 opponit
1334 5755 1585 5814 Sidonius
1626 5758 1717 5815 lib.
1752 5773 1846 5824 vti,
1881 5758 2021 5825 epist

2087 4675 2139 4733 D

2156 1858 2332 1912 officia
2391 1856 2829 1912 restituebantur.
2884 1852 2987 1907 Sed
3027 1852 3148 1921 quid
3204 1851 3441 1906 dolorem
3501 1862 3719 1906 nostrum

2158 1950 2480 2004 moderaturi
2508 1947 2683 2001 causis
2725 1944 2898 2014 potius
2927 1943 3126 1997 doloris
3157 1944 3385 1997 fomenta
3416 1944 3720 1997 sufficimus?

2157 2041 2321 2110 Igitur
2347 2050 2404 2095 ut
2433 2039 2611 2093 dicere
2638 2036 3060 2097 institueramus,
3090 2034 3208 2087 huic
3227 2034 3357 2102 jam,
3406 2051 3416 2084 ι
3440 2042 3458 2088 t
3501 2044 3586 2088 est
3612 2035 3720 2090 illud

2160 2132 2551 2196 Maronianum,
2583 2128 2750 2183 cineri
2779 2126 3004 2197 ingrato,
3040 2124 3089 2179 id
3116 2133 3195 2178 est
3220 2126 3443 2194 gratiam
3474 2141 3583 2180 non
3608 2130 3721 2182 rela-

2159 2230 2304 2288 turo,
2325 2222 2551 2276 naeniam
2568 2218 2901 2274 condidimus
2931 2220 3139 2271 tristem
3169 2216 3591 2286 luctuosamque,
3620 2234 3721 2286 pro-

2166 2314 2453 2385 pemodum
2487 2311 2771 2371 laboriose,
2804 2308 2924 2378 quia
2960 2310 3152 2360 faecrel
3187 2306 3421 2359 dictandi
3452 2307 3720 2362 deSuetudo

2166 2406 2537 2462 difficultatem
2574 2422 2585 2456 :
2619 2403 2720 2458 nisi
2756 2402 2895 2471 quod
2925 2400 3160 2455 animum
3200 2412 3387 2454 natura
3433 2401 3719 2457 desidiosi--

2160 2500 2375 2562 simum,
2402 2496 2559 2553 dolor
2607 2494 2736 2550 ﬂetu
2763 2492 3011 2563 gravidus
3036 2490 3296 2547 accendit.
3331 2491 3458 2561 Ejus
3484 2492 3583 2548 hoc
3623 2508 3719 2547 car-

2162 2606 2281 2647 men
2302 2599 2383 2645 εει
2406 2603 2420 2640 ζ

2284 2680 2514 2731 Germani
2537 2682 2690 2728 decus
2713 2684 2763 2728 et
2788 2675 2925 2726 dolor
2941 2676 3179 2735 Mamerti,

2287 2744 2545 2793 Miratitum
2568 2741 2705 2790 unica
2733 2752 2901 2802 pompa
2924 2740 3280 2802 episcoporum,

2281 2804 2385 2854 Hoc
2402 2804 2487 2853 dat
2504 2804 2688 2854 eesnite
2708 2800 2924 2849 membra
2940 2800 3243 2850 Claudianus.

2282 2865 2483 2927 Triplex
2509 2864 2800 2927 bibliotheca
2825 2874 2923 2927 quo
2944 2864 3174 2927 magistro

2284 2922 2511 2983 Romana,
2539 2926 2712 2979 Attica,
2737 2923 3002 2971 Christiana
3024 2922 3150 2970 fulsit
3178 2935 3192 2970 :

2284 2988 2434 3045 Quam
2460 2993 2608 3035 totam
2631 2987 2888 3032 monachus
2911 2987 3101 3033 virente
3124 2987 3172 3032 in
3190 2996 3296 3032 tero

2284 3051 2486 3099 Secreta
2508 3047 2631 3096 bibit
2649 3047 2968 3095 inStitutione.

2286 3110 2482 3165 Orator,
2518 3107 2817 3161 dialecticus,
2845 3115 3004 3166 poeta,

2287 3170 2313 3209 ά
2335 3171 2603 3228 'l‘ractator,
2633 3177 2901 3225 geometra,
2929 3168 3253 3225 musicusque.

2290 3231 2470 3279 Doctus
2486 3228 2679 3277 solvere
2706 3228 2859 3276 vincla
2882 3232 3217 3289 quaestionum,

2252 3302 2259 3309 °
2284 3292 2345 3341 Et
2368 3293 2533 3340 verbis
2560 3290 2717 3348 gladio
2739 3301 2910 3337 secare
2929 3299 3106 3345 sectas,

2282 3353 2334 3401 Si
2356 3365 2465 3401 uua:
2482 3351 2761 3400 catholicam
2786 3349 2927 3399 ﬁdem
2952 3352 3209 3400 lacessunt.

2282 3411 2583 3463 Psaimorum
2614 3414 2690 3474 hic
2713 3411 2979 3460 modulator
3004 3420 3053 3460 et
3080 3414 3370 3474 phonascus,

2282 3476 2412 3525 Ante
2430 3474 2617 3531 altaria,
2654 3473 2806 3521 fratre
2828 3473 3122 3533 gratulante,

2282 3537 2546 3585 Instructas
2567 3536 2729 3583 docuit
2746 3548 2922 3583 sonare
2940 3554 2955 3582 ι
2968 3533 3138 3584 lasses.

2280 3597 2373 3647 Hic
2397 3597 2697 3645 solemnibus
2718 3600 2889 3643 annuis
2914 3598 3118 3657 paravit,

2286 3659 2406 3717 Quae
2424 3671 2519 3720 quo
2542 3664 2769 3720 tempore
2790 3656 3273 3707 lecta’convenirent.

2290 3724 2315 3752 ⁸
2339 3718 2560 3770 Antistes
2578 3718 2667 3767 fuit
2688 3719 2863 3769 ordine
2884 3720 2933 3768 in
2955 3720 3188 3779 secundo,

2163 3852 2219 3915 9.
2248 3865 2302 3910 et
2322 3852 2643 3909 Claudianus
2668 3851 2779 3921 ipse
2810 3851 2876 3905 de
2900 3852 3047 3907 Statu
3072 3850 3287 3916 animae,
3314 3850 3406 3905 lib.
3436 3864 3450 3905 ι
3481 3868 3494 3903 :
3526 3850 3621 3904 Sed
3642 3849 3703 3901 ri-

2162 3925 2255 3978 deo
2283 3924 2575 3995 praphetas,
2623 3924 2975 3993 evangelistas,
3009 3921 3266 3987 apostolos
3298 3922 3375 3991 (hi
3415 3922 3700 3986 authentici)

2163 4005 2273 4062 post
2295 3996 2448 4048 etiam
2473 3996 2879 4048 authenticorum
2908 3994 3151 4064 plurimos
3168 4003 3591 4064 tractatoressn'rs
3608 4007 3704 4064 pro-

2164 4066 2291 4132 priis
2341 4064 2679 4118 voluminibus
2717 4062 2926 4118 nomina
2969 4074 3299 4133 prtenotasse.
3343 4062 3541 4117 Similia
3567 4062 3704 4133 etia'n

2163 4131 2351 4189 Scribit
2396 4135 2487 4189 lib.
2539 4151 2594 4200 ll,
2623 4134 2709 4189 ubi
2756 4131 3138 4204 Hieronymum
3181 4133 3360 4187 laudat
3406 4131 3703 4203 potissimum

2167 4213 2544 4267 tractatorum;
2576 4214 2631 4259 et
2659 4205 2892 4260 Severus
2917 4205 3125 4273 dialogo
3173 4206 3192 4256 1
3222 4205 3504 4270 Origenctn
3536 4213 3703 4256 tracta-

2168 4284 2339 4330 torem
2377 4290 2650 4331 sacrarum
2693 4276 2989 4329 litterarum
3031 4274 3435 4342 peritissimum.
3465 4273 3569 4328 Vox
3600 4286 3699 4325 cre-

2165 4345 2257 4399 bra
2290 4346 2429 4401 illius
2457 4349 2688 4399 maxime
2719 4346 2898 4399 surculi
2922 4345 3298 4414 scriptoribus,
3321 4362 3427 4413 quo
3452 4356 3617 4395 natmn
3640 4342 3703 4392 vi-

2165 4417 2323 4471 detur
2353 4420 2573 4472 innuere
2592 4418 2898 4471 Vincentius
2916 4413 3203 4469 Lirinensis
3229 4415 3279 4466 in
3295 4413 3699 4469 couunouitorio:

2170 4486 2432 4550 Daciares,
2487 4486 2677 4555 inquit,
2713 4488 2800 4555 qui
2850 4497 3143 4538 tractatores
3187 4500 3320 4555 nunc
3362 4486 3666 4549 appellantur
3692 4482 3733 4504 "

2164 4573 2287 4623 quos
2315 4559 2395 4611 Itic
2421 4553 2850 4625 idem—Apostolus
2879 4558 3027 4608 etiam
3054 4553 3321 4625 prophetas
3339 4558 3578 4609 interdum
3601 4569 3708 4625 nuit-

2166 4621 2340 4695 cupat,
2382 4644 2440 4681 eo
2482 4621 2634 4694 quod'
2647 4642 2736 4697 per
2766 4642 2846 4680 eos
2879 4621 3243 4695 proli/telarum
3267 4628 3505 4695 myoteria
3532 4621 3707 4693 populis

2163 4700 2485 4767 apeiiuntur.
2538 4702 2539 4705 “

2236 4777 2259 4806 ι’
2301 4770 2594 4838 Episcopus
2618 4766 2717 4838 ,Ain
2746 4764 3027 4838 ordineiet
3079 4767 3243 4834 gradu
3277 4764 3586 4838 presbyteri.
3619 4763 3708 4814 Sla-

2160 4836 2614 4908 mertuiu,inquit,
2637 4836 2853 4891 fratrem
2879 4837 3189 4908 episcopum
3223 4837 3466 4904 plurimis
3502 4840 3547 4887 tu
3571 4838 3707 4887 rebus

2160 4909 2229 4963 ita
2263 4910 2568 4964 sublevabat
2595 4948 2610 4972 ,
2642 4918 2695 4960 ut
2735 4907 2976 4977 quamvis
3022 4910 3301 4977 presbyter
3326 4917 3526 4977 tantum
3554 4911 3706 4962 esset.

2157 4978 2441 5048 episcopus
2482 4980 2598 5045 ipse
2632 4980 2771 5045 quod
2793 4995 2859 5031 ¹ιιι
2893 4978 3050 5031 modo
3078 4976 3368 5033 videretur.
3406 4976 3705 5048 Clencortun

2159 5046 2413 5117 pritno'in
2442 5049 2629 5103 ordine
2658 5058 2782 5101 sunt
2828 5049 3098 5116 episcopi,
3146 5049 3197 5100 in
3244 5048 3479 5101 secundi
3515 5046 3706 5117 presby-

2158 5113 2279 5181 teri,
2306 5122 2355 5174 in
2382 5120 2538 5175 tertio
2560 5119 2786 5180 diaconi,
2816 5113 2991 5187 itaque
3017 5113 3086 5171 ita
3110 5118 3607 5186 deinceps.Uptatus
3631 5113 3710 5190 Mi-

2155 5190 2417 5244 levitanus
2443 5190 2531 5243 lib.
2569 5206 2584 5243 l
2618 5205 2632 5242 :
2670 5190 2806 5252 Quid
2833 5204 3216 5242 commemorem
3243 5193 3402 5240 laicos
3434 5190 3513 5252 qui
3541 5197 3646 5239 tunc
3665 5199 3709 5233 ut

2153 5261 2361 5313 ecclesia
2382 5262 2524 5313 nulla
2548 5259 2747 5328 fuerant
2778 5259 3022 5329 dignitate
3048 5258 3286 5326 su/fulli?
3329 5260 3453 5327 quid
3481 5257 3709 5329 ministres

2157 5332 2438 5396 plurimos?
2466 5325 2587 5397 quid
2615 5325 2851 5382 diacones
2879 5330 2932 5381 in
2970 5325 3155 5382 tertio?
3191 5330 3316 5398 quid
3344 5325 3645 5398 presbyteros
3665 5325 3708 5374 in

2156 5402 2375 5453 secundo
2405 5402 2689 5454 sacerdotio
2719 5401 3053 5453 constitutos?
3084 5399 3193 5469 Ipsi
3204 5397 3381 5467 apices
3409 5410 3452 5453 et
3481 5397 3708 5469 principes

2158 5473 2381 5540 omnium
2421 5472 2642 5540 episcopi
2669 5511 2683 5533 ,
2707 5481 2810 5524 etc.
2855 5472 2999 5523 Urilo
3031 5466 3189 5536 igitur
3217 5466 3487 5525 secundus
3513 5466 3707 5540 Sidonio

2161 5550 2243 5593 est
2282 5538 2413 5593 ordo
2452 5536 2908 5609 presl'iytcrorttm.
2959 5542 3075 5594 Udo
3128 5541 3514 5596 ltorobernicus
3555 5540 3615 5593 dc
3654 5536 3701 5591 S-

2154 5611 2423 5677 Wilfrido,
2454 5613 2665 5681 quando
2696 5613 2865 5666 factus
2893 5622 2975 5666 est
3004 5615 3285 5681 pre~byter
3319 5628 3333 5662 :

2271 5704 2487 5753 Tandem
2511 5702 2631 5752 colla
2652 5704 2770 5764 jugo
2790 5703 3006 5764 subdens
3024 5700 3217 5762 dejecta
3237 5702 3391 5759 petito

2269 5768 2463 5816 Ordinis
2488 5762 2673 5818 apta'ur
2694 5765 2875 5815 caelebs
2893 5767 2940 5815 iu
2966 5762 3148 5815 honore
3166 5766 3383 5815 secundi.
