3910 6172
506 334 607 392 519

1782 322 2027 382 SlDONll
2068 320 2523 377 APOLLINARIS
3606 321 3683 377 5Ξο

506 457 669 510 luSIra
703 448 1056 516 transmittat,
1102 445 1344 519 quotidie
1386 454 1564 499 tamen
1621 442 1801 496 habitu
1846 441 2100 509 cultuque
2131 441 2181 499 Α
2210 450 2261 495 te
2290 440 2551 495 hactenus
2592 432 3098 504 philosophantem,
3140 446 3267 485 nova
3292 430 3451 489 sulii'o
3490 436 3548 493 ob
3568 454 3694 508 juru-

504 544 795 611 cOuSpicuo
849 556 955 596 non
992 539 1294 609 juvenescit
1322 537 1531 601 solum,
1576 534 1669 589 sed
1700 532 2097 603 quodammodo

503 633 854 705 repuerascit.
886 632 1042 685 Enim
1063 645 1191 685 vero
1214 628 1379 684 vestis
1405 627 1647 689 aStricta,
1666 635 1845 679 tensus
1875 623 2099 677 cothur-

503 742 626 792 nus,
660 726 677 747 '
704 725 869 779 crinis
903 727 953 777 in
996 732 1129 777 rota:
1162 720 1433 789 specimen
1470 717 1680 771 accisus
1705 755 1720 780 ,
1756 715 1919 768 barba
1955 713 2093 766 intra

502 833 752 888 rugarum
790 816 1023 870 latebras
1063 812 1256 867 mersis
1299 810 1361 864 ad
1396 820 1570 864 cutem
1602 817 1745 863 secta
1776 806 2098 875 forpieibus;

503 912 568 966 ad
618 913 720 964 hoc
765 918 818 963 et
850 922 1072 962 munere
1107 918 1340 974 superno
1370 902 1738 955 membrorum
1768 899 1939 954 solida
1971 912 2102 949 cou-

504 1002 740 1072 iunctio,
775 1000 985 1067 integer
1015 998 1193 1059 visus,
1240 994 1450 1062 amplus
1481 993 1530 1046 in
1564 991 1726 1047 celeri
1758 1002 1976 1059 gressus
2019 987 2100 1041 itt-

505 1108 682 1155 cessu,
720 1092 1042 1157 incorruptae
1086 1087 1269 1143 lactea
1286 1084 1525 1137 dentiutn
1559 1096 1819 1151 compage
1847 1079 2097 1149 giugivw.

503 1186 622 1240 Non
672 1184 742 1237 illi
795 1179 1104 1234 stomachus
1144 1184 1401 1238 nauseat,
1456 1188 1559 1227 non
1593 1189 1725 1226 vena
1778 1171 2097 1232 flammatur,

506 1292 611 1329 non
643 1288 737 1328 cor
771 1271 1065 1334 incutitur,
1114 1282 1218 1320 nou
1278 1266 1459 1335 pulmo
1504 1263 1755 1333 suspirat,
1812 1276 1919 1315 non
1966 1261 2104 1328 riget

508 1365 737 1429 lumbus,
773 1379 879 1416 non
906 1362 1059 1430 jecur
1092 1368 1289 1427 turget,
1321 1372 1424 1411 non
1462 1356 1727 1411 mollescit
1754 1368 1964 1416 manus,
1994 1368 2101 1406 non

504 1460 653 1528 spina
682 1465 967 1518 curvatur;
992 1453 1086 1507 sed
1117 1450 1374 1521 prtetlitus
1404 1450 1632 1502 sanitate
1655 1445 1905 1516 juvenili,
1931 1444 2100 1498 solam

504 1550 604 1603 sibi
628 1547 865 1601 vindicat
892 1546 958 1599 de
984 1552 1260 1597 senectute
1306 1541 1684 1596 reverentiam.
1722 1537 1945 1606 Propter
1984 1550 2103 1604 quae

508 1641 770 1696 beneficia
795 1635 1084 1707 pecoliaria
1116 1632 1232 1698 Dei,
1265 1632 1516 1702 qttoniam
1542 1629 1835 1697 vobisjura
1856 1626 2103 1680 amicitia:

505 1730 727 1802 glandia
752 1729 964 1798 vigent,
995 1727 1195 1796 quippe
1225 1723 1443 1787 vicinis;
1474 1722 1700 1776 obsecro
1728 1734 1788 1773 ac
1822 1732 2015 1772 moneo
2048 1726 2103 1769 ut

2207 534 2495 588 dictiOnem
2542 527 2710 599 gloria
2742 525 2907 594 capit,
2952 520 2978 560 δ
3020 534 3069 577 et
3112 538 3205 578 nos
3239 524 3432 593 aliquod
3456 542 3697 594 numenque

2204 624 2475 691 decusque
2503 620 2788 689 gessimus.
2824 618 2891 671 At
2930 616 2974 669 si
3028 615 3232 669 videtur
3268 615 3510 671 lttttttilitas
3545 632 3698 675 nostra

2206 713 2557 784 [rolessionis
2582 708 2825 765 habenda
2864 708 3232 773 contemptui,
3280 709 3389 775 quia
3417 707 3597 763 Christo
3635 727 3700 765 res

2205 806 2464 860 humanas
2482 803 2725 871 vitasque
2742 800 3073 854 medicaturo
3088 796 3310 852 nutriunt
3327 801 3700 855 conscientiarum

2204 898 2377 952 cultro
2417 895 2667 962 squalens
2710 892 2861 945 ulcus
2906 887 3176 957 aperimus
3212 887 3380 957 :quod
3415 899 3463 941 et
3493 890 3536 941 in
3573 894 3703 944 nostri

2204 987 2406 1043 ordinis
2432 985 2560 1039 viris
2590 992 2646 1039 et
2665 983 2706 1036 si
2740 983 2915 1035 adhuc
2939 979 3138 1048 aliquid
3185 978 3249 1031 de
3278 978 3562 1047 negligentia
3589 979 3703 1047 fetet,

2205 1080 2337 1134 nihil
2385 1078 2494 1146 jam
2527 1087 2705 1130 tamen
2737 1075 2804 1130 de
2843 1074 3091 1143 superbia
3137 1080 3298 1126 tumet
3328 1088 3341 1124 :
3374 1075 3558 1126 noveris
3581 1076 3704 1139 volo,

2207 1187 2315 1226 non
2342 1178 2401 1225 ut
2443 1181 2521 1225 est
2556 1167 2696 1237 apud
2734 1167 3018 1236 praesulem
3061 1165 3159 1218 fori
3187 1204 3201 1228 ,
3230 1165 3304 1218 sic
3329 1177 3438 1217 esse
3464 1164 3579 1233 apud
3600 1164 3708 1234 judi-

2205 1278 2322 1317 cem
2354 1260 2555 1316 mundi.
2592 1259 2825 1327 Natnque
2858 1268 2914 1311 ut
2961 1258 3006 1310 is
3036 1256 3125 1326 qui
3155 1255 3355 1325 propria
3381 1255 3515 1311 vobis
3542 1272 3628 1311 non
3650 1265 3708 1311 ta-

2205 1359 2379 1413 citerit
2427 1357 2621 1425 flagitia
2653 1398 2666 1421 ,
2717 1354 3033 1417 damnatur;
3065 1352 3134 1405 ita
3181 1352 3438 1404 nobiscum
3464 1353 3540 1421 qui
3564 1351 3709 1406 eadem

2208 1455 2318 1509 Deo
2342 1454 2500 1508 fuerit
2528 1450 2832 1514 confessus,
2864 1448 3181 1503 absolvitur.
3214 1446 3359 1502 Unde
3382 1446 3560 1514 liquido
3581 1456 3710 1516 patet,

2208 1549 2501 1617 incongrue
2530 1560 2559 1597 a
2584 1544 2825 1613 partibus
2846 1542 3040 1596 vestris
3068 1540 3227 1595 nimis
3254 1554 3394 1595 reum
3422 1541 3710 1609 pronuntiari,

2206 1638 2362 1707 cujus
2385 1652 2548 1692 causa
2575 1637 2689 1704 plus
2713 1643 2920 1703 Spectat
2944 1632 3174 1687 tribunal
3192 1631 3429 1686 alienum.
3447 1632 3711 1700 Quapmpttr

2208 1728 2579 1782 imminentem
2608 1727 2879 1795 querelam
2910 1724 3078 1777 nostri
3113 1722 3311 1777 doloris
3340 1736 3623 1791 nequaquam
3644 1736 3713 1772 va-

509 1823 735 1879 consilio
758 1830 868 1885 tuo,
896 1820 979 1874 cui
1013 1814 1289 1887 sequendo
1323 1830 1417 1882 per
1439 1810 1825 1867 conscientiam
1853 1823 2097 1878 magnam
2133 1799 2177 1859 B
2208 1820 2340 1874 1,.th
2374 1818 2597 1873 ιιιιρι-ίυε
2625 1816 2932 1881 effundere;
2964 1814 3089 1884 quia
3124 1813 3507 1869 succedentibus
3544 1824 3715 1879 prospe.

506 1917 801 1974 maximam
847 1912 1041 1968 tribuis
1085 1907 1502 1973 auctoritatem,
1547 1920 1651 1959 non
1696 1902 1925 1957 multum
1976 1902 2102 1955 fidat

507 2010 795 2080 ambiguis,
827 2022 927 2064 nec
959 2006 1118 2060 nimis
1146 2002 1325 2057 nimia:
1363 1998 1550 2054 credat
1573 1994 1923 2051 incolumitati
1959 2013 1971 2048 :
2006 1993 2101 2049 sed

508 2103 725 2157 tandem
762 2098 1099 2171 professione
1126 2094 1403 2166 religionis
1429 2100 1667 2161 arrepta,
1692 2089 1896 2145 viribus
1926 2088 2103 2159 potius

507 2193 838 2264 resurgentis
882 2187 1206 2244 innocentiae
1237 2184 1616 2252 convalescat,
1672 2184 1823 2255 107
1856 2181 2013 2236 faciat
2044 2195 2105 2235 se

508 2296 758 2343 vetustus
811 2284 965 2337 annis
1006 2281 1211 2336 meritis
1268 2293 1488 2333 novum.
1534 2276 1598 2330 Et
1644 2276 1896 2345 quoniam
1945 2288 2105 2329 nemo

510 2378 680 2433 ferme
696 2383 779 2431 est
799 2374 888 2443 qui
917 2372 1276 2443 plectibilibus
1312 2378 1492 2423 careat
1523 2366 1770 2435 occultis,
1797 2367 1913 2436 ipse
1943 2379 2106 2434 super

510 2468 595 2522 his
624 2484 741 2538 qua:
772 2466 908 2521 clam
936 2464 1223 2519 commissa
1256 2461 1644 2525 reminiscitur,
1670 2459 1843 2530 palam
1888 2458 1999 2512 fusa
2022 2473 2107 2511 sa-

512 2560 814 2615 tisfactione
839 2558 1099 2612 solvatur.
1132 2556 1263 2610 Nam
1298 2552 1597 2608 sacerdmis
1628 2562 1781 2621 pater
1808 2594 1823 2619 ,
1860 2550 2108 2619 filiusque

512 2653 819 2724 pontificis,
853 2652 956 2705 nisi
996 2658 1215 2704 sanv‘tus
1266 2659 1346 2703 est
1375 2688 1388 2712 ,
1438 2647 1572 2701 rubo
1611 2644 1802 2699 similis
1844 2643 2104 2706 efficitur;

511 2760 668 2813 quem
696 2742 764 2797 de
805 2743 940 2796 rosis
973 2751 1176 2805 natum,
1207 2751 1462 2808 rosasque
1487 2735 1805 2807 parientem.
1833 2745 1886 2788 ct
1916 2733 2109 2803 genitis

508 2834 957 2905 gignentibusque
986 2831 1208 2886 floribus
1235 2830 1495 2892 medium,
1553 2827 1915 2898 pungentibus
1960 2842 2109 2881 com-

513 2927 748 2999 paranda
779 2926 1015 2997 peccatis
1052 2925 1337 2978 dumorum
1371 2922 1534 2974 vallat
1561 2919 1848 2988 asperitas.
1882 2916 2034 2972 Vale.

1048 3012 1379 3069 EPISTULA
1422 3010 1564 3065 XIV.

846 3108 1092 3164 Sidonius
1120 3104 1149 3144 ὶ)
1177 3104 1407 3158 Polemio
1435 3119 1529 3157 suo
1550 3104 1785 3160 salutem.

2206 1913 2301 1978 ris,
2326 1910 2442 1967 sive
2470 1911 2807 1973 obliviscare,
2836 1909 2951 1962 sive
2975 1906 3213 1976 negligas
3240 1904 3451 1974 gratiam
3476 1906 3715 1970 antiquari,

2204 2006 2349 2075 juxta
2380 2015 2459 2058 est
2489 2003 2762 2057 acerbum.
2795 1999 3028 2054 Proinde
3057 2001 3099 2053 si
3130 1999 3297 2052 futura
3327 1995 3486 2064 magni
3508 1994 3717 2063 pensius,

2207 2096 2381 2150 scribe
2411 2094 2642 2159 clerico;
2674 2092 2719 2147 si
2748 2089 3031 2162 prmseutia
3058 2088 3274 2152 ,scribe
3298 2086 3517 2155 collega‘.
3547 2087 3594 2138 Et
3619 2083 3720 2136 hanc

2208 2186 2260 2241 in
2284 2186 2464 2256 teipse
2486 2184 2738 2238 virtutem
2757 2222 2770 2246 ,
2794 2182 2838 2236 si
2870 2181 3136 2236 naturalis
3158 2189 3257 2246 est,
3283 2176 3487 2241 excole;
3511 2175 3550 2229 si
3571 2173 3720 2235 minus.

2208 2290 2268 2336 ut
2297 2279 2573 2335 insititiam
2599 2292 2839 2347 appone;
2871 2290 2972 2344 qua
2998 2274 3221 2329 sodales
3252 2280 3479 2326 vetustos
3509 2282 3722 2337 nunquam

2210 2387 2306 2441 pro
2349 2377 2771 2439 consequentum
2827 2367 3063 2421 novitate
3121 2364 3375 2418 fastidias.
3413 2361 3559 2416 Porro
3589 2369 3724 2410 autem

2208 2462 2460 2517 videbere
2486 2462 2564 2516 sic
2590 2459 2774 2513 amicis
2805 2458 2882 2512 uti
2911 2457 3061 2527 quasi
3088 2456 3313 2511 floribus
3333 2496 3347 2520 ,
3395 2450 3557 2508 tandiu
3587 2450 3726 2519 gratis,

2209 2555 2381 2610 donec
2407 2554 2732 2609 recentibus.
2760 2551 2909 2605 Vale.

2664 2644 2821 2713 1c9
2863 2640 3199 2697 liPlSTOLA
3241 2636 3353 2692 xv.

2416 2799 2421 2805 ,
2535 2736 2787 2792 Sidonius
2821 2744 2844 2771 θ
2878 2733 3103 2804 Elaphio
3133 2747 3225 2786 suo
3248 2732 3476 2783 salutem.

2287 2828 2517 2897 Epulum
2576 2826 2899 2895 multiplex,
2953 2834 3008 2881 et
3066 2823 3418 2894 capacissima
3470 2812 3731 2873 lectisternia

2213 2938 2372 2993 para;
2415 2921 2658 2991 plurimis
2688 2920 2824 2982 viis,
2857 2917 3104 2989 pluribus
3156 2917 3327 2972 turbis
3353 2915 3415 2969 ad
3457 2922 3504 2967 te
3545 2910 3731 2966 venitur;

2215 3012 2289 3070 ita
2341 3015 2602 3069 bonorum
2655 3012 3009 3068 contubernio
3056 3011 3250 3066 sedit:
3284 3009 3470 3079 quippe
3512 3013 3736 3075 postquam

2216 3106 2466 3161 omnibus
2498 3115 2710 3175 tempus
2741 3106 2934 3159 futura:
2977 3101 3341 3159 dedicationis
3381 3098 3615 3155 inclaruit.
3638 3093 3736 3147 Nam

585 3199 646 3256 C.
691 3199 909 3254 Tacitus
951 3213 982 3252 e
1031 3196 1326 3266 majoribus
1376 3210 1512 3250 unus
1568 3196 1712 3263 tuis,
1763 3195 2108 3265 Ulpianorum
2138 3174 2184 3239 ο
2215 3199 2591 3269 baptisterium
2623 3196 2766 3268 quod
2796 3196 2923 3251 olim
2968 3188 3638 3257 fabricabamini,scribitis
3657 3183 3739 3253 iam

515 3301 816 3362 temporum
848 3290 1146 3345 consularis
1167 3330 1182 3354 ,
1212 3289 1313 3343 sub
1336 3289 1513 3344 verbis
1547 3288 1845 3358 cujuSpiam
1883 3288 2111 3343 Germa-

522 3385 629 3440 nici
660 3383 813 3438 ducis
841 3384 893 3438 in
927 3382 1147 3437 historia
1175 3396 1271 3436 sua
1299 3381 1481 3436 retulit
1509 3381 1693 3435 dicens
1726 3398 1739 3433 :
1783 3391 1805 3419 ο
1849 3379 1981 3436 Cum
2009 3381 2112 3436 Ve-

514 3476 769 3545 spasiano
795 3475 923 3528 mihi
968 3482 1122 3529 vetus
1160 3472 1413 3538 amicitia,
1448 3482 1503 3527 et
1525 3473 1649 3525 dum
1684 3473 1919 3541 privatus
1948 3482 2111 3537 esset,

516 3568 675 3623 amici
708 3568 1051 3622 vocabamur.
1085 3566 1201 3633 Quo
1242 3566 1480 3635 respicit,
1514 3566 1613 3627 ais,
1648 3567 1745 3619 ista
1787 3565 2031 3637 pt'a'l'ari?
2060 3575 2117 3619 ut

524 3662 730 3715 scilicet
751 3660 1085 3724 memineris,
1118 3673 1183 3713 eo
1212 3668 1450 3726 tempore
1478 3674 1582 3722 quo
1612 3673 1895 3725 personam
1945 3658 2117 3726 publi-

517 3766 635 3806 cam
667 3762 871 3819 portas,
895 3751 1080 3819 gratiae
1103 3760 1157 3804 te
1188 3750 1413 3819 privata:
1440 3763 1734 3803 memorem
1759 3764 1973 3819 semper
1995 3763 2116 3804 esse

520 3851 788 3911 oportere.
823 3841 1100 3893 Biennium
1130 3855 1295 3909 prope
1327 3839 1619 3906 clauditur,
1655 3840 1796 3910 quod
1837 3854 1887 3895 te
1935 3842 2119 3909 praefe-

516 3943 665 3987 ctum
684 3933 932 4002 praetorio
951 3932 1263 3999 Galliarum,
1290 3948 1395 3987 non
1418 3949 1555 3987 nova
1583 3943 1760 3988 vestra
1785 3935 2115 4003 dignatione,

519 4028 617 4083 sed
667 4036 849 4084 nostro
896 4028 1087 4083 affectu
1129 4029 1305 4085 adhuc
1346 4041 1532 4087 vetere
1572 4032 1889 4102 gaudemus.
1935 4032 2037 4099 Qui
2072 4032 2116 4087 si

520 4122 880 4177 Romanarum
906 4138 1083 4176 rerum
1109 4124 1313 4179 sineret
1335 4124 1651 4189 adversitas,
1686 4139 1828 4192 asgre
1855 4125 2119 4178 tolerare-

522 4233 642 4271 mus
668 4259 680 4279 .
724 4217 824 4271 nisi
855 4216 1076 4286 singulm
1108 4232 1351 4286 persona:
1378 4259 1393 4283 ,
1427 4232 1531 4270 non
1590 4218 1765 4269 dicam
1796 4216 2113 4284 provinciae,

521 4310 684 4361 variis
712 4323 804 4376 per
834 4318 885 4362 te
914 4308 1187 4361 beneficiis
1215 4307 1695 4377 amplificarentur.
1726 4306 1795 4360 Et
1825 4322 1965 4361 nunc
1993 4322 2116 4362 cum

522 4400 577 4455 id
630 4399 770 4470 quod
815 4398 1142 4468 possibilitas
1182 4407 1267 4452 tua
1302 4414 1408 4452 non
1443 4398 1623 4466 habet,
1652 4398 1977 4454 verecundia
2006 4416 2113 4454 non

524 4500 765 4559 petatur:
790 4490 936 4546 dicas
958 4490 1139 4555 velim,
1159 4491 1394 4560 qualiter
1417 4490 1580 4544 fueris
1607 4489 1812 4544 futurus
1843 4492 2114 4544 humanus

2218 3308 2374 3363 posse
2404 3292 2733 3347 consecrari.
2762 3290 2843 3345 Ad
2875 3304 2994 3359 quae
3036 3288 3180 3344 festa
3210 3300 3307 3342 vos
3354 3285 3489 3346 voti,
3520 3294 3602 3335 nos
3620 3275 3740 3331 mini-

2215 3384 2360 3439 sterii
2387 3424 2401 3449 ,
2437 3382 2596 3438 officii
2642 3382 2840 3437 multos
2864 3424 2879 3445 ,
2906 3381 3030 3436 fidei
3053 3391 3203 3438 totos
3224 3392 3383 3435 causa
3413 3374 3651 3431 sollicitat.
3674 3366 3738 3422 Si-

2217 3477 2430 3543 quidem
2475 3490 2562 3530 res
2607 3484 2689 3530 est
2721 3474 2938 3545 grandis
2962 3474 3227 3545 exempli,
3264 3488 3330 3527 eo
3354 3460 3744 3538 tennporeatobis

2219 3584 2350 3622 nova
2380 3567 2725 3620 ecclesiarum
2754 3567 2984 3620 culmina
3014 3567 3177 3631 strui,
3205 3580 3308 3635 quo
3326 3566 3409 3617 vix
3433 3558 3625 3614 auderet
3645 3552 3746 3607 alius

2218 3668 2425 3713 vetusta
2455 3658 2676 3712 sarcire.
2708 3658 2858 3725 Quod
2886 3666 3074 3723 restat,
3096 3666 3375 3727 optamus,
3407 3664 3458 3707 ut
3491 3652 3584 3705 Deo
3607 3656 3747 3700 nostro

2222 3766 2314 3819 per
2344 3751 2534 3804 uberes
2562 3764 2733 3803 annos
2758 3791 2771 3812 ,
2804 3749 2942 3805 sicut
2986 3758 3113 3803 vota
3149 3748 3375 3803 redditis
3400 3785 3416 3813 ,
3458 3746 3527 3798 ita
3562 3735 3750 3792 voveatis

2223 3841 2494 3896 reddenda
2526 3857 2540 3895 :
2584 3840 2744 3911 ilque
2773 3855 2877 3895 non
2911 3841 3083 3896 solum
3114 3842 3376 3911 religione
3419 3837 3591 3898 celata,
3622 3828 3696 3884 sed
3712 3834 3751 3879 cl

2219 3949 2248 3988 c
2288 3934 2574 3989 nversione
2661 3934 2942 3989 manifesta
3015 3950 3028 3987 :
3098 3934 3452 4002 mitigatoque
3510 3932 3753 3993 temporum

2221 4034 2383 4091 statu,
2418 4036 2522 4078 tam
2556 4025 2826 4080 desiderio
2874 4040 2991 4079 tneo
3040 4024 3297 4079 Christus
3329 4021 3610 4089 indulgeat,
3636 4024 3755 4082 quam

2225 4120 2623 4181 liuthenorum;
2667 4127 2725 4172 ut
2751 4117 2968 4187 possitis
3014 4126 3069 4171 et
3102 4133 3205 4187 pro
3238 4117 3344 4170 illis
3387 4113 3570 4167 ofl‘trre
3598 4102 3758 4161 sacriﬁ-

2222 4213 2301 4266 cia
2330 4254 2344 4277 ,
2374 4212 2462 4281 qui
2508 4211 2619 4281 jam
2669 4226 2765 4279 pro
2802 4210 2957 4265 vobis
2989 4210 3199 4266 oliertis
3230 4210 3446 4264 altaria.
3480 4208 3549 4260 De
3584 4208 3759 4260 czctero.

2222 4320 2523 4375 quanquam
2556 4314 2608 4359 et
2644 4314 2919 4359 extremus
2949 4314 3250 4358 autumnus
3273 4304 3385 4373 jatn
3424 4301 3554 4355 diem
3581 4292 3762 4352 bretiat.

2222 4409 2279 4453 et
2308 4401 2568 4453 viatorum
2611 4398 2867 4453 sollicitas
2908 4413 3102 4462 aures,
3145 4398 3294 4452 foliis
3330 4406 3439 4452 toto
3476 4404 3670 4448 nemore
3709 4386 3763 4437 la-

2227 4492 2504 4555 bentibus,
2547 4489 2767 4559 crepulo
2798 4490 3005 4559 fragore
3035 4489 3483 4557 circumstrepit;
3530 4486 3668 4550 inque
3700 4492 3763 4527 ra-

524 4582 580 4635 iu
613 4581 783 4647 factis,
810 4585 897 4652 qui
925 4583 1181 4651 perduras
1207 4598 1400 4637 avarus
1429 4582 1480 4636 in
1504 4584 1703 4638 verbis.
1739 4583 1868 4636 Nam
1900 4593 2112 4638 tuorum
2151 4556 2203 4616 D
2230 4584 2442 4639 stellum
2467 4584 2531 4637 ad
2560 4556 2699 4652 quod
2730 4556 2941 4645 invitas,
2977 4591 3033 4635 ut
3068 4592 3193 4651 pote
3221 4556 3435 4651 Alpinis
3463 4570 3766 4647 ruPiUuStllt-

525 4674 731 4744 peritia:
755 4685 1115 4742 comparatus,
1152 4676 1309 4745 108
1339 4691 1447 4729 non
1476 4676 1648 4729 solum
1679 4674 1967 4728 Cornelios
1994 4691 2119 4729 ora-

524 4774 701 4833 tores,
744 4765 836 4820 sed
866 4764 1130 4820 Ausonios
1160 4780 1371 4835 quoque
1401 4774 1590 4836 poetas
1619 4765 1836 4822 vincere
1861 4775 2032 4837 potes.
2060 4768 2117 4825 Si

612 4940 639 4968 ³
670 4928 963 4999 Utrumque
993 4930 1130 4984 inter
1160 4928 1322 4999 prisci
1371 4931 1546 4985 cultus
1579 4930 1821 4995 delicias,
1849 4930 1965 4998 lege
1992 4946 2119 4987 cau-

527 5000 788 5073 ttthLevi
818 5001 883 5053 ici
915 5016 1006 5073 xnt
1032 5017 1045 5054 :
1077 5003 1147 5055 Οὐ
1171 5006 1409 5060 ποιήσετε
1424 5005 1609 5073 statim
1640 5004 1694 5054 ἐκ
1719 5012 1808 5063 τῆς
1838 5003 1999 5073 κόμης
2027 5014 2119 5068 τῆς

529 5071 741 5150 appulsi;
757 5073 893 5150 ὑμῖν.
917 5070 1040 5125 Οὐδὲ
1064 5074 1282 5150 ᾳθερςζτε
1312 5078 1402 5131 τὴν
1420 5069 1533 5142 ὄψιν
1556 5079 1645 5150 tot?
1676 5069 1916 5143 πὼγνρινοξ
1948 5074 2109 5143 ὑμῶν.

530 5140 643 5195 Hoc
684 5140 799 5200 est.
835 5141 1127 5208 interprete
1150 5140 1535 5211 'llieronymo:
1590 5140 1710 5195 Non
1746 5140 1798 5195 in
1838 5140 2119 5199 rotundum

527 5212 854 5265 attondebitis
882 5228 1097 5282 contam,
1133 5229 1225 5265 nec
1265 5214 1454 5266 radetis
1483 5213 1691 5265 barbam
1716 5214 2108 5282 :quemadmo-

527 5284 679 5345 dum,
711 5282 881 5350 inquit
906 5280 1201 5351 Hesychius
1234 5284 1324 5337 lib.
1358 5300 1407 5337 rt
1441 5283 1493 5337 in
1527 5280 1841 5345 Leviticuin.
1862 5282 1914 5337 hi
1937 5284 2117 5341 facere

528 5364 925 5411 consueverunt
953 5356 1042 5421 qui
1076 5353 1375 5406 harbaticas
1406 5356 1629 5410 student
1653 5369 1857 5409 comas.

601 5424 628 5464 δ
671 5425 929 5479 ΡΙἿΕῘΕΟΙΟ
953 5423 1203 5491 prmtorio
1232 5423 1544 5488 Galliarum,
1576 5426 1728 5495 cujus
1753 5435 1807 5480 et
1828 5424 2112 5480 Araneola:

530 5512 741 5564 Sponsa:
788 5497 983 5549 luserat
1026 5494 1431 5567 epithalamium
1481 5494 1719 5552 carmine
1765 5497 1854 5567 15,
1893 5497 1953 5567 _in
2004 5512 2113 5567 quo

531 5567 769 5689 quidem,
796 5578 955 5648 atque
985 5567 1035 5620 io
1067 5566 1291 5647 epistola
1317 5568 1697 5648 nuncupatoria
1721 5612 1735 5634 ,
1781 5566 1850 5621 de
1891 5565 2115 5622 Poleinii

570 5646 774 5689 octrtna
808 5636 1320 5689 nlttlosonhaudtoue
1343 5638 1521 5689 studio
1552 5639 1831 5689 permulta.

570 5642 774 5689 octrina
808 5636 1320 5705 pltilosOphandique
1343 5638 1521 5691 studio
1552 5639 1831 5699 permulta.

608 5714 632 5743 α
659 5706 849 5785 _V_erb_a
896 5718 1025 5785 sunt
1056 5706 1262 5785 Claudii
1289 5708 1466 5785 civilis
1505 5708 1821 5785 Bata_vorttt_tt
1856 5708 2114 5785 principis

535 5774 674 5842 apud
701 5774 943 5833 Tacitum
974 5778 1065 5834 lib.
1097 5792 1127 5835 v
1156 5778 1530 5850 Historiarum,
1556 5778 1649 5833 sed
1676 5778 1835 5846 paulo
1858 5774 2037 5833 aliter
2084 5795 2113 5833 a

2225 4686 2369 4732 ctum
2390 4718 2405 4742 ,
2459 4676 2558 4730 sub
2592 4676 2865 4730 vicinitate
2896 4674 3129 4729 brumali
3175 4674 3456 4729 difficilius
3480 4664 3765 4724 ascenditur:

2228 4786 2326 4825 nos
2358 4780 2536 4823 tamen
2558 4812 2572 4837 ,
2601 4767 2715 4821 Deo
2742 4766 2957 4837 prazvio,
2994 4782 3088 4837 per
3110 4774 3334 4821 tuorum
3362 4763 3608 4821 montium
3640 4756 3769 4810 latet:

2225 4934 2412 4989 Tacito
2447 4941 2703 5001 concepta
2738 4950 2750 4989 :
2797 4933 2933 5000 Erga
2972 4931 3353 5003 Vespasianum
3380 4968 3396 4993 ,
3434 4924 3634 5003 inquit,
3668 4924 3775 4971 rem

2223 5006 2351 5129 ἵιὶιιὶ
2392 4993 2744 5069 observantia,
2778 5014 2824 5057 et
2867 4993 2981 5057 cum
3020 4993 3258 5073 privatus
3296 5007 3467 5067 esset,
3498 4993 3773 5049 satiricoru-

2258 5092 2431 5129 amur.

2258 5092 2431 5130 amur.

2295 5143 2321 5183 ἀ
2362 5127 2559 5199 Fuerat
2600 5144 2743 5199 enim
2795 5144 3081 5214 praefectus
3122 5142 3261 5197 Urbi
3314 5161 3327 5195 :
3363 5127 3774 5214 cujusdignita‘tie

2224 5230 2287 5271 ac
2318 5215 2640 5285 ntagiS'erize
2669 5208 2900 5269 militum
2922 5261 2933 5277 ,
2971 5230 3065 5283 par
3095 5222 3218 5285 erat
3249 5208 3757 5285 praerogativaprazto

2223 5278 2535 5353 rianaflib.
2562 5302 2575 5339 ι
2605 5288 2725 5339 cod.
2761 5278 3059 5339 Theodfde
3085 5284 3372 5340 Pt'zefectis
3407 5278 3662 5353 prctorio,
3688 5278 3776 5325 sive

2225 5357 2407 5421 Urbis,
2439 5366 2491 5411 et
2518 5358 2785 5425 magistris
2827 5358 3077 5410 militum.

2292 5438 2316 5467 ο
2357 5412 2634 5494 Quidam,"
2651 5426 2886 5495 Eriphio.
2923 5427 3160 5495 Rogatus
3191 5425 3260 5479 ab
3295 5422 3521 5493 Elaphio
3547 5412 3776 5495 saturatos.

2222 5509 2281 5552 ut
2329 5487 2399 5551 τιιῖ
2443 5487 2791 5552 dedicandam
2840 5487 3121 5552 ecclesiam
3165 5487 3583 5563 veniret'quam
3630 5487 3705 5540 i‘le
3738 5487 3776 5531 itt

2218 5569 2451 5637 quodam
2501 5569 2724 5623 castello
2771 5569 3088 5623 Ruthenicm
3130 5568 3395 5620 dimcx-sis
3447 5563 3778 5637 (ξχειῃιιςωίλ

2220 5629 2439 5703 operam
2474 5640 2701 5707 spondet
2735 5658 2747 5691 :
2778 5640 2895 5707 quia
2942 5640 3198 5694 nimirum
3246 5641 3537 5703 episcopus
3561 5629 3781 5707 liutlteetls

2220 5700 2285 5764 eo
2318 5700 2560 5774 tempore
2590 5710 2767 5763 nullus
2796 5700 2917 5764 erat
2936 5752 2949 5774 ,
2978 5720 3033 5764 ιιι
3062 5711 3224 5763 docet
3249 5700 3484 5774 epistola
3516 5706 3568 5774 6,
3598 5700 3679 5756 lib.
3708 5707 3779 5747 \‘ll.

2219 5781 2300 5837 Ad
2332 5780 2613 5845 Elaphium
2644 5789 2725 5836 est
2756 5780 2959 5837 Rzricii
2992 5782 3154 5846 epist.
3180 5780 3239 5845 7,
3266 5779 3361 5835 lib.
3386 5791 3444 5833 tt.
