3910 6172
254 260 351 319 5H

1493 262 1973 326 EPISTOLARUM
2013 270 2141 326 UB.
2181 269 2271 328 IV.

3402 290 3508 347 522

256 374 568 444 confragosa
592 375 896 441 venientes,
927 389 1028 431 nec
1053 375 1317 445 subiectas
1352 389 1566 447 cautes,
1596 394 1696 435 nec
1732 396 1822 434 su-
1850 384 1900 441 A
1931 384 2095 445 mani,
2121 384 2164 437 si
2204 398 2306 454 qua
2333 384 2506 441 adhuc
2549 392 2755 457 uspiam
2794 402 2900 462 est,
2949 394 3176 465 Belgicis
3216 401 3344 455 oitm
3394 404 3507 460 sive

260 467 516 534 perjeclas
568 468 717 520 nives
761 481 1176 533 expavescemus
1235 486 1249 523 :
1290 469 1537 539 quamvis
1582 469 1829 539 iugorum

260 556 515 624 profunda
556 556 836 609 declivitas
873 573 1065 627 aggere
1109 559 1427 612 cochleatim
1473 558 1642 613 fracto
1685 575 1830 628 sazpe

263 647 519 702 redeunda
558 650 716 718 110
744 651 813 702 sit
846 666 858 701 :
891 650 1013 717 quia
1055 650 1153 704 etsi
1210 650 1351 704 nulla
1401 650 1742 715 solemnitas,
1776 660 1829 704 tu

236 740 383 807 satis
422 740 613 806 dignus
643 755 735 803 es,
766 750 819 792 ut
868 752 949 794 est
994 750 1021 778 ι
1058 741 1360 795 Tullianum
1399 742 1528 796 illud
1558 783 1574 808 ,
1608 752 1832 812 propter

235 814 406 900 ‘qucm
438 832 689 899 Thespiae
719 833 979 886 visantur.
1011 829 1163 886 Vale.

784 922 1120 977 EPISTOLA
1164 922 1305 977 XVI.

582 1014 834 1069 Sidonius
863 1012 889 1050 δ
923 1014 1135 1067 Ruricio
1153 1030 1246 1067 suo
1269 1013 1503 1067 salutent.

325 1104 522 1171 Accepi
574 1119 669 1171 per
722 1102 1062 1157 Paterninum
1103 1104 1345 1172 paginam
1392 1114 1661 1168 vestram,
1713 1119 1831 1173 qum

256 1196 366 1264 plus
396 1194 575 1247 mellis
606 1208 671 1246 an
705 1194 832 1247 salis
879 1193 1069 1247 habeat
1119 1194 1379 1247 incertum
1432 1205 1531 1248 est.
1563 1195 1827 1250 Cancrum

254 1281 446 1351 eloquii
476 1281 685 1343 cupiant
719 1283 855 1335 hanc
879 1282 1118 1350 praefert,
1140 1283 1241 1335 bos
1268 1284 1376 1336 olet
1400 1285 1582 1347 flores,
1612 1296 1666 1338 ut
1694 1285 1829 1340 bene

256 1383 528 1443 appareat,
561 1389 667 1425 non
695 1387 786 1426 vos
809 1372 1091 1427 manifesta
1120 1375 1301 1437 modo,
1332 1388 1513 1428 verum
1534 1376 1692 1429 etiam
1722 1377 1823 1431 fur-

256 1466 354 1517 tiva
384 1478 601 1532 quoque
631 1464 859 1517 lectione
883 1462 1163 1533 proficere.
1181 1463 1493 1532 Quanquam
1518 1476 1572 1518 et
1601 1466 1704 1521 hoc
1721 1468 1832 1522 fur-

257 1563 360 1607 tum
403 1555 547 1622 quod
596 1554 924 1622 deprecaris,
964 1556 1257 1623 exemplati
1311 1554 1496 1621 libelli,
1531 1572 1636 1610 non
1674 1558 1828 1613 venia

256 1653 354 1697 tarn
403 1643 600 1698 debeat
644 1646 908 1713 respicere
932 1660 1092 1713 quam
1139 1647 1329 1715 gloria.
1378 1646 1515 1713 Quid
1567 1656 1622 1701 tu
1682 1650 1825 1703 enim

1937 474 2209 528 Rhenanis
2229 470 2423 531 abolita
2456 482 2614 533 terris
2666 483 2719 535 in
2763 491 2813 538 te
2841 486 3070 541 resedit:
3101 494 3205 557 quo
3232 480 3313 546 vel
3357 493 3506 547 inco-

1934 561 2084 627 lumi,
2114 564 2198 618 vel
2228 577 2534 633 perorante,
2565 571 2667 624 etsi
2695 574 2831 641 apud
2865 575 3085 632 limitem
3110 579 3283 648 ipsum
3314 581 3507 640 Latina

1929 652 2047 721 jura
2102 654 2442 722 ceciderunt,
2505 661 2664 715 verba
2718 680 2822 717 non
2880 666 3122 723 titubant.
3170 670 3508 743 Quapropter

1933 744 2198 800 alternum
2230 749 2376 803 salve
2404 752 2720 819 rependens,
2750 758 3019 823 granditer
3044 760 3214 825 l;ctor,
3239 765 3430 819 saltem
3455 767 3507 820 in

1935 836 2126 891 illustri
2154 851 2369 906 pectore
2418 851 2507 895 tuo
2534 850 2933 901 vanescentium
2966 851 3260 909 litterarum
3289 867 3507 913 reman-

1933 929 2069 982 sisse
2097 933 2314 1002 restlgia
2362 947 2377 984 :
2416 946 2537 1003 qua:
2576 937 2621 990 si
2654 936 2914 1007 frequenti
2946 943 3174 1001 lcetione
3199 951 3506 1019 continuas,

1935 1022 2210 1088 eXperiere
2241 1038 2335 1091 per
2360 1024 2493 1091 dies,
2528 1039 2728 1095 quanto
2757 1034 3089 1089 antecellunt
3115 1036 3302 1095 bcllnis
3332 1040 3509 1096 horni-

1936 1124 2049 1173 nes,
2094 1120 2241 1199 tanto
2285 1116 2539 1170 anteferri
2583 1119 2793 1173 rusticis
2840 1123 3130 1182 institutos.
3183 1128 3260 1183 De
3300 1133 3507 1203 paginis

1934 1214 2062 1255 sane
2102 1204 2239 1271 ειη...]
2281 1202 2606 1273 spiritalibus
2653 1209 2730 1263 vis
2772 1219 2829 1264 ut
2862 1213 3057 1282 aliquid
3098 1202 3505 1289 interpresrim-

1934 1292 2133 1358 probus
2161 1304 2413 1360 garriam,
2452 1296 2647 1363 j‘usttus
2683 1300 2795 1354 lia-c
2825 1302 3230 1369 postulabuntur
3265 1324 3293 1362 a
3330 1318 3503 1366 saCero

1933 1379 2145 1435 dotibus
2168 1383 2285 1437 loco
2311 1386 2636 1454 pr0piuquis,
2665 1397 2822 1444 actate
2848 1393 3169 1463 grandaavis,
3197 1397 3298 1451 fide
3323 1403 3503 1465 claris,

1933 1483 2097 1537 opere
2130 1474 2282 1543 112
2313 1475 2561 1543 vulgatis,
2592 1493 2685 1530 ore
2717 1482 2993 1548 promptis,
3025 1490 3279 1541 memoria
3308 1494 3499 1547 tenaci-

1932 1558 2053 1621 bus,
2093 1563 2237 1617 omni
2276 1564 2507 1633 denique
2544 1571 2855 1623 meritorum
2895 1573 3201 1629 sublimium
3240 1579 3364 1635 dote
3412 1596 3501 1651 po-

1934 1650 2175 1709 tioribus.
2206 1655 2445 1723 Namqne
2476 1668 2531 1713 ut
2556 1661 2845 1718 antistitem
2873 1666 3101 1721 civitatis
3131 1681 3320 1726 vestra:
3344 1650 3500 1729 relin-

255 1732 411 1787 facias
438 1733 645 1800 absque
673 1733 889 1797 virtute,
915 1734 1007 1804 qui
1030 1736 1256 1803 necipsa
1287 1744 1505 1805 peccata
1531 1739 1649 1791 sine
1672 1739 1828 1793 laude
1864 1726 1906 1793 Β
1933 1756 2090 1810 quam
2118 1785 2133 1807 ,
2190 1749 2768 1805 consummatissimum
2824 1754 2994 1809 virum
3020 1797 3036 1821 ,
3094 1726 3502 1833 cunctarumque

255 1822 586 1877 committis?
621 1824 730 1890 Ego
759 1839 887 1878 vero
915 1825 1169 1895 quidquid
1190 1827 1495 1895 impositum
1515 1838 1597 1883 est
1636 1830 1836 1888 fraudis

252 1914 373 1967 mihi
405 1924 463 1968 ut
494 1924 619 1983 pote
644 1915 874 1981 absenti,
905 1915 1075 1970 libens
1111 1916 1289 1983 audio,
1326 1918 1710 1989 principalique
1742 1936 1837 1987 pro

251 2025 470 2064 munere
495 2010 811 2077 amplector,
865 2011 953 2079 qni
1002 2012 1397 2080 quodammodo
1444 2012 1696 2067 damnum
1749 2017 1832 2067 in-

251 2099 441 2152 demne
471 2100 716 2154 toleravi.
750 2100 931 2168 Neque
951 2102 1094 2154 enim
1121 2101 1261 2170 quod
1295 2113 1385 2156 tuo
1430 2106 1659 2159 accessit
1684 2106 1828 2169 usui,

253 2190 485 2246 decessit
530 2189 631 2243 hoc
659 2199 862 2245 nostra:
900 2192 1251 2260 proprietati;
1294 2202 1385 2247 aut
1412 2195 1476 2247 ad
1504 2195 1829 2251 incrementa

248 2283 488 2336 scientia:
524 2293 718 2337 vestrae
745 2297 839 2351 per
866 2282 1185 2337 detrimenta
1211 2285 1432 2339 venistis
1458 2285 1667 2341 alienae.
1691 2289 1827 2352 Quin

252 2375 426 2443 potius
454 2375 568 2443 ipse
591 2374 714 2443 jure
738 2375 932 2429 abhinc
954 2374 1103 2429 uberi
1142 2376 1413 2443 praeconio
1443 2392 1549 2430 non
1576 2378 1786 2433 carebis
1810 2395 1825 2443 ;

251 2465 334 2534 qui
367 2466 539 2535 magis
561 2466 718 2534 igneo
748 2450 959 2534 ingenio
990 2473 1233 2519 naturam
1262 2464 1517 2521 decenter
1545 2466 1680 2537 ignis
1712 2468 1830 2521 imi-

248 2565 386 2609 tatus
406 2570 489 2620 es,
512 2555 582 2608 de
601 2569 709 2624 quo
735 2554 781 2607 si
811 2553 939 2623 quid
984 2553 1204 2609 demere
1230 2556 1384 2619 velis,
1415 2569 1655 2610 remanet
1686 2567 1827 2611 totus

245 2647 331 2716 qui
374 2644 719 2700 transfertur.
748 2643 901 2699 Unde
941 2643 1049 2712 jam
1098 2659 1259 2713 parce
1310 2645 1597 2713 trepidare,
1652 2646 1826 2714 deque

243 2738 488 2791 moribus
510 2736 672 2789 amici
719 2734 1015 2804 plusculum
1042 2745 1191 2788 recto
1211 2748 1366 2790 secus
1392 2735 1631 2790 credere.
1658 2735 1825 2789 Nam-

242 2843 341 2898 que
364 2831 421 2884 in
454 2828 557 2882 hoc
584 2826 723 2881 facto
750 2840 846 2882 nos
867 2827 1037 2896 magis
1087 2827 1280 2881 vulnus
1320 2827 1509 2898 polluit
1536 2827 1728 2899 culpm,
1776 2830 1822 2887 si

240 2919 394 2975 feriat
418 2919 558 2976 ictus
583 2918 817 2975 invidia}.
849 2918 993 2972 Vale.

676 3016 827 3084 ιιι
861 3012 1197 3070 EPISTOLA
1235 3013 1396 3069 xvn.

543 3103 790 3160 Sidonius
820 3114 843 3142 ο
874 3104 1139 3174 Aruogasti
1168 3120 1260 3158 suo
1288 3105 1521 3159 salutem.

305 3196 651 3252 Eminentius
704 3198 907 3251 amicus
955 3208 1097 3262 tuus,
1136 3197 1353 3252 domine
1398 3197 1589 3267 major,
1633 3196 1825 3253 obtulit

234 3288 387 3353 libi,
413 3303 549 3358 quas
580 3288 697 3357 ipse
742 3287 980 3352 dictasti,
1005 3288 1211 3343 litteras
1243 3288 1527 3353 litteratas,
1559 3297 1614 3343 et
1636 3290 1823 3358 gratia:

234 3380 503 3435 trifariam
555 3380 849 3434 renidentis
897 3381 1044 3434 cultu
1073 3379 1336 3435 refertas:
1368 3395 1592 3449 quarum
1640 3380 1822 3449 utique

230 3474 498 3528 virtutum
549 3474 747 3527 caritas
800 3476 967 3541 prima
996 3482 1099 3539 est,
1132 3488 1250 3541 qua:
1282 3484 1332 3527 te
1361 3473 1534 3541 coegit
1562 3473 1614 3526 in
1644 3473 1815 3539 nobis,

230 3563 315 3617 vel
356 3562 685 3632 peregrinis,
714 3560 798 3616 vel
829 3562 939 3630 jam
990 3561 1155 3615 latere
1202 3562 1559 3630 cupientibus,
1607 3560 1818 3615 humilia

225 3654 483 3724 dignari:
511 3663 623 3708 tum
649 3652 994 3720 verecundia,
1018 3652 1169 3719 cujus
1191 3654 1443 3707 instinctu
1475 3653 1597 3707 dum
1629 3654 1819 3708 imme-

227 3749 331 3801 rito
374 3749 641 3815 trepidas,
695 3749 890 3801 merito
936 3747 1276 3815 praedicaris;
1329 3750 1482 3801 tertia
1524 3749 1816 3814 urbanitas,

222 3855 330 3909 qua
359 3851 419 3896 te
452 3840 679 3908 ineptire
712 3838 1032 3893 facetissime
1063 3838 1285 3907 allegas,
1325 3850 1373 3893 et
1406 3840 1691 3904 Quirinalis
1721 3841 1820 3893 im-

223 3933 408 4000 pletus
434 3931 582 3986 fonte
606 3931 883 3995 facundim,
910 3940 1064 3999 potor
1084 3930 1318 3985 Mosellae
1334 3930 1569 3985 Tiberim
1602 3941 1812 3988 ructas:

218 4028 299 4080 sic
329 4026 694 4081 barbarorum
726 4025 1021 4089 familiaris,
1068 4024 1208 4092 quod
1241 4032 1415 4077 tamen
1454 4026 1664 4079 nescius
1696 4025 1816 4079 bar-

222 4118 597 4172 barismorum
622 4132 637 4179 ;
666 4114 1001 4184 parducilms
1025 4114 1257 4182 antiquis
1283 4113 1481 4183 lingua,
1518 4129 1812 4183 manuque;

216 4210 311 4264 sed
340 4222 583 4279 quorum
615 4207 833 4259 dextera
879 4204 1087 4259 solebat
1116 4220 1219 4257 non
1243 4206 1418 4258 minus
1464 4208 1658 4273 Stylum
1705 4219 1815 4261 Ira-

216 4310 369 4357 r-tare
402 4314 573 4369 quam
600 4296 855 4366 gladium.
902 4296 1162 4362 Quocirca
1195 4298 1459 4350 sermonis
1482 4314 1671 4369 pompa
1705 4303 1811 4357 Ro-

1940 1836 2190 1890 virtutum
2236 1839 2561 1894 conscientia
2603 1852 2656 1896 ct
2699 1844 2833 1898 fama
2873 1846 3020 1914 juxta
3060 1850 3305 1919 beatum,
3342 1855 3506 1912 multo

1936 1927 2286 1992 opportunius
2322 1929 2389 1983 de
2426 1931 2829 2003 quibuscunqne
2862 1940 3247 2004 quat-tionibus
3289 1944 3380 1997 tibi
3428 1945 3510 1999 in-

1937 2022 2283 2084 terrogantur
2323 2021 2504 2088 inclyti
2534 2023 2825 2079 Galliarum
2856 2037 3032 2095 patres
3058 2040 3112 2085 et
3140 2034 3506 2106 protomystae,

1935 2112 2035 2159 nec
2069 2108 2199 2171 satis
2227 2110 2432 2176 posiius
2472 2112 2527 2165 in
2562 2113 2849 2184 longinquo
2875 2117 3077 2187 Lupus,
3110 2137 3208 2176 nec
3237 2138 3421 2191 parum
3454 2127 3505 2183 in

1933 2196 2175 2265 proximo
2222 2200 2505 2270 AnSpicins
2558 2221 2570 2254 :
2622 2218 2847 2273 quorum
2906 2209 3161 2265 doctrinm
3216 2214 3505 2275 abundanti

1930 2288 2303 2357 eventilandae,
2356 2306 2454 2347 nec
2503 2295 2826 2351 consultatio
2875 2306 2961 2353 tua
3008 2299 3223 2359 sufficit.
3278 2304 3503 2362 Proinde

1930 2380 2069 2448 quod
2103 2396 2265 2451 super
2301 2384 2399 2439 hac
2438 2402 2654 2452 pret-um
2699 2400 2846 2458 parte
2886 2407 2991 2445 non
3035 2394 3205 2462 parui,
3244 2395 3502 2466 benignus

1927 2472 2164 2537 quidem,
2197 2474 2288 2529 sed
2320 2485 2374 2529 et
2400 2476 2576 2543 justus
2618 2478 2830 2547 ignosce
2864 2498 2876 2532 :
2907 2483 3028 2551 quia
3067 2484 3112 2536 si
3152 2497 3247 2537 vos
3286 2486 3502 2555 imperio

1927 2563 2052 2617 tiam
2084 2564 2266 2634 fugere
2292 2581 2383 2636 par
2412 2577 2517 2631 est,
2558 2584 2644 2625 me
2675 2586 2887 2641 quoque
2914 2573 3066 2628 decet
3098 2574 3263 2630 \itare
3296 2576 3499 2645 jactan-

1926 2658 2075 2710 tiam.
2120 2657 2264 2712 Vale.

2433 2750 2759 2805 EPISTOLA
2800 2751 2982 2809 XVIII.

2259 2840 2506 2897 Sidun‘us
2537 2843 2779 2898 Lucontio
2816 2861 2909 2900 suo
2953 2846 3188 2903 salutem.

1991 2933 2331 2991 Oblivisceris
2363 2936 2502 3006 quod
2533 2941 2767 3005 rogaris,
2799 2953 2936 3007 eque
2965 2942 3263 3006 contrario,
3294 2942 3339 2996 si
3369 2944 3494 3011 quid

1926 3027 2198 3096 iniungas,
2248 3041 2313 3081 ex
2359 3040 2479 3081 asse
2527 3027 2815 3082 meministi
2862 3040 3129 3098 repetere.
3179 3031 3494 3102 l'erlungum

1924 3126 2025 3171 est.
2056 3117 2124 3171 de
2152 3116 2261 3172 cito
2292 3116 2464 3170 reditu
2492 3132 2608 3185 quae
2640 3124 2717 3181 tu,
2750 3118 2930 3187 tuique
2960 3120 3316 3186 promiseritis
3343 3122 3496 3189 mihi,

1924 3207 2162 3277 meisque
2207 3222 2221 3259 :
2273 3222 2497 3274 quorum
2550 3207 2786 3260 omnium
2830 3222 2935 3261 non
2979 3220 3102 3263 sunt
3146 3210 3230 3264 vel
3278 3211 3494 3267 minima

1923 3300 2207 3366 cttmpleta.
2236 3296 2371 3363 Quin
2400 3296 2596 3365 potius,
2625 3312 2745 3351 cum
2775 3296 2950 3365 fugam
2989 3313 3017 3352 a
3043 3300 3197 3355 nobis
3226 3301 3496 3356 machina-

1922 3390 2145 3453 remini,
2174 3402 2281 3458 quo
2317 3401 2625 3443 reversuros
2654 3388 2718 3442 ad
2750 3400 2959 3443 sacrum
2989 3390 3183 3455 pascha
3213 3407 3309 3446 vos
3339 3404 3493 3461 puta-

1923 3497 2121 3545 ri-rnus,
2152 3481 2311 3535 nulla:
2337 3496 2527 3549 graves
2566 3481 2790 3534 sarcina:
2825 3481 2890 3534 ad
2923 3484 3176 3550 prmdium
3208 3499 3270 3538 ex
3299 3487 3493 3555 Oppido

1927 3571 2121 3637 dnctze,
2153 3570 2295 3623 nulla
2326 3584 2560 3634 serraca,
2591 3570 2732 3622 nulla
2762 3571 2946 3625 esseda
2977 3571 3333 3629 subvehendis
3360 3591 3492 3631 one-

1927 3663 2074 3720 ribus
2112 3661 2531 3715 attrahehantur.
2566 3661 2739 3729 thue
2767 3662 2832 3715 de
2862 3665 3232 3719 matronalium
3264 3670 3493 3735 partium

1927 3758 2000 3810 nil
2032 3766 2221 3827 querar
2249 3755 2455 3820 fraude,
2483 3768 2613 3823 quas
2642 3767 2761 3807 cum
2797 3755 3058 3822 espvditis
3097 3756 3173 3811 tul
3196 3757 3293 3814 stis
3321 3759 3492 3830 impe-

1925 3847 2196 3910 dimentis,
2244 3856 2405 3914 tuque
2448 3844 2714 3913 fraterque
2755 3848 3054 3900 communis
3092 3844 3120 3884 ἀ
3154 3848 3491 3918 Volusianus,

1927 3939 2014 3992 vix
2052 3936 2380 4004 singulorum
2416 3935 2671 3990 clientum
2700 3936 2853 4006 113
2896 3952 3284 4009 puerorumque
3325 3944 3493 3997 comi-

1920 4040 2029 4084 tatu
2072 4026 2449 4082 ambiebamini
2492 4044 2504 4079 :
2548 4041 2642 4094 per
2670 4029 2809 4094 quod
2852 4028 3267 4085 sollicitudinem
3305 4047 3492 4101 prose-

1915 4128 2170 4189 quentum
2201 4132 2334 4171 vana
2374 4130 2495 4169 mox
2525 4116 2830 4170 recurrendi
2877 4131 2972 4182 spe
3011 4116 3303 4185 fefellistis;
3346 4135 3493 4176 cene

1918 4213 2083 4265 frater
2109 4208 2454 4274 Volusianus,
2487 4206 2575 4275 qui
2607 4204 2742 4259 forte
2774 4220 2999 4274 pergens
3030 4206 3080 4259 in
3113 4208 3306 4275 prmdia
3338 4210 3492 4277 Baja-

1914 4306 2151 4369 cassina,
2207 4309 2479 4369 totamque
2529 4298 3347 4368 provinciam'Lugdunensem
3407 4316 3491 4356 se~

286 4463 317 4492 ι
358 4452 538 4528 Libro
562 4465 614 4504 tv
630 4449 696 4528 in
729 4447 950 4528 Verrem
972 4464 985 4502 :
1010 4446 1291 4528 Praxiteles
1312 4447 1632 4528 gitpidineut
1662 4456 1814 4528 fecit,
1852 4468 1898 4527 [ὶ
1924 4462 2060 4514 sittm
2093 4455 2339 4511 videlicet
2368 4453 2657 4528 [mu-forum
2689 4456 2938 4528 cpi-copo
2967 4469 2979 4504 :
3010 4452 3490 4528 cujusnuperrimc

213 4525 367 4577 illum
414 4524 506 4592 qui
534 4531 607 4574 est
630 4519 1292 4594 Tltespiismropterquem
1312 4518 1543 4594 Thespia:
1567 4518 1815 4585 visentur:
1853 4518 1882 4527 ’
1924 4528 1989 4584 ad
2032 4529 2378 4594 Arbogastem
2426 4523 2565 4574 edita
2611 4525 2954 4594 estrpis‘tola
3000 4534 3115 4589 quae
3158 4518 3275 4576 Iure
3315 4530 3491 4583 omnia

212 4595 365 4648 Nam
412 4588 526 4646 cilia
564 4589 760 4643 visendi
788 4604 941 4640 causa
976 4588 1119 4641 nulla
1141 4597 1233 4641 est.
1279 4588 1417 4641 Idem
1446 4594 1604 4647 tradit
1627 4597 1819 4655 Strabo
1925 4588 2221 4654 conlirmal.
2273 4594 2433 4646 Docet
2460 4605 2601 4644 enim
2634 4592 2797 4657 Arigii
2831 4590 2993 4643 lilium
3019 4588 3208 4652 fuit-se,
3242 4609 3272 4647 c
3309 4599 3489 4651 mitem

213 4666 307 4737 Iib.
347 4681 405 4717 ιι
437 4680 454 4716 :
483 4664 541 4718 Ai
561 4661 614 4715 δὲ
639 4661 863 4737 Gramen:
882 4660 1126 4737 «peragar
1155 4663 1243 4737 μὲν
1258 4661 1586 4737 ᾅγνωρίζᾳντο
1614 4665 1699 4722 διὰ
1738 4674 1822 4726 τὸν

1930 4671 2302 4737 'l‘reverotutn,
2332 4679 2360 4737 e
2386 4663 2550 4737 stirpe
2579 4660 2888 4737 Arbogastis
2916 4662 3131 4737 alterius
3158 4663 3366 4727 Franci,
3400 4673 3491 4737 qui

207 4732 429 4810 Ἔρωτα
471 4733 818 4811 Πραξιτέλους.
843 4727 893 4811 ὁγ
922 4727 1233 4811 salutis-pit:
1250 4727 1447 4811 ἑέςζνᾷς,
1484 4735 1678 4811 ἀνέθηκε
1710 4738 1762 4794 δὲ
1791 4745 1820 4799 ἡ

1930 4752 2107 4795 comes
2133 4736 2227 4789 fuit
2257 4732 2613 4811 Valentini-ani
2632 4729 2878 4811 jtnnoris'.
2925 4731 3189 4786 Barbaros
3215 4749 3343 4803 ergo
3364 4727 3488 4811 qui-

207 4797 405 4880 ἔτέιίρα
444 4797 746 4887 Genusum;
796 4797 1035 4885 "pe-rapes
1180 4807 1267 4853 νῖν
1296 4802 1537 4887 ῥψρμενοί
1561 4828 1692 4868 τινες
1735 4814 1820 4865 τὸν

1930 4811 2141 4864 bttscutn
2191 4797 2534 4881 Versabatur:
2574 4800 3199 4887 Fr‘aticos‘interprelor:
3244 4797 3332 4870 ηῖη
3378 4797 3486 4875 iam

204 4868 427 4951 ,ερῶτα
446 4874 711 4951 ἀνέϐαινοχ
727 4873 810 4923 ἐπὶ
823 4868 910 4927 inn
929 4868 1060 4951 θ’έαγ,
1080 4868 1237 4930 ἄλλως
1258 4868 1511 4951 puniebantur
1523 4877 1819 4940 ἀξιοθέατον,

1930 4890 2033 4934 ιιιιιι
2075 4878 2124 4930 in
2156 4876 2359 4941 Belgica
2400 4875 2567 4951 pri-tua
2603 4868 3039 4951 dominabantur;
3082 4868 3491 4951 antistitetn'ci-

284 4956 311 4986 ι»
346 4945 533 5013 Cujus
577 4954 627 4995 et
678 4942 861 4993 Iberia:
910 4943 1160 5013 conjugis
1187 4940 1585 5007 epithalamium
1624 4951 1817 5003 cecinit
1925 4950 2100 5001 vitatis
2124 4940 2430 5013 episcopum
2460 4941 2864 5013 Trevirensein;
2899 4940 3096 5008 Lupum
3129 4956 3254 4997 vero
3280 4944 3489 5001 Tricas-

202 5009 473 5071 carminé
504 5014 590 5079 Il,
622 5014 872 5079 episcopo
923 5021 1098 5076 postea
1144 5009 1529 5067 Letuovicensi.
1578 5016 1625 5069 Is
1670 5023 1812 5072 enim
1918 5021 2117 5075 sinunt.
2144 5009 2208 5067 ad
2239 5028 2395 5079 quem
2427 5025 2531 5062 non
2566 5012 2729 5063 semel
2762 5010 3031 5064 Sidonius.

200 5097 288 5141 est
317 5087 497 5154 cujus
526 5080 930 5154 p:ntcis__abliinc
959 5083 1115 5154 annis
1137 5094 1198 5133 ex
1228 5082 1286 5134 S.
1328 5080 1460 5136 Galli
1496 5084 1813 5144 bibliotheca
1989 5089 2014 5125 ἀ
2049 5090 2230 5141 Frater
2257 5083 2457 5138 Sidonii
2492 5095 2505 5132 :
2536 5081 2599 5131 ad
2623 5095 2788 5154 quem
2822 5080 2915 5154 lib,
2950 5095 3042 5154 vrn
3074 5082 3234 5151 epist.
3267 5084 3351 5140 I'I.

198 5162 338 5213 editi
380 5150 537 5209 sunt
553 5156 659 5206 duo
687 5150 804 5203 libri
835 5152 1199 5217 epistolarum,
1225 5166 1356 5219 quas
1387 5154 1573 5224 partim
1604 5159 1811 5224 episco-
1992 5168 2015 5195 ο
2058 5158 2435 5223 Lugdunenses
2488 5150 2774 5224 provincia:
2827 5151 3032 5224 Sidonii
3091 5150 3206 5206 aavo
3262 5164 3488 5222 quatuor

201 5245 329 5295 pos,
379 5225 600 5295 partim,
633 5232 759 5295 ante
790 5232 1151 5289 epzsc0patnm
1185 5223 1416 5295 scripsd.
1454 5223 1505 5275 lu
1546 5219 1652 5279 illis
1693 5238 1815 5281 sunt
1918 5240 2090 5289 erant,
2125 5219 2450 5295 totidemque
2498 5223 2547 5271 in
2592 5219 2784 5272 Notitia
2828 5220 3035 5289 imperii
3087 5219 3483 5295 describuntur:

196 5291 431 5368 aliquot
478 5291 879 5368 ad_Sidr_minm,
917 5302 1076 5368 atque
1114 5292 1280 5368 inhliis
1306 5303 1516 5368 octava,
1542 5296 1626 5347 cui
1661 5296 1816 5351 Sido-
1918 5316 2033 5363 qua:
2063 5301 2126 5350 a-l
2166 5304 2397 5368 nostram
2430 5292 2563 5341 hanc
2593 5298 2809 5368 :etatem.
2832 5295 3078 5368 antiquas
3106 5293 3487 5368 retinentnie-

196 5359 328 5423 nius
379 5372 505 5421 hoc
543 5362 649 5433 [.9
686 5363 803 5439 loco
840 5364 1143 5439 respondet.
1173 5361 1357 5414 Eidem
1386 5373 1440 5416 et
1472 5366 1602 5417 alias
1627 5375 1813 5422 scribit
1922 5359 2175 5432 tropoles.
2229 5364 2421 5439 I’rirnze
2461 5372 2620 5439 caput
2667 5359 3021 5439 Lugdunurn,‘
3048 5363 3115 5413 de
3141 5375 3259 5439 _qua
3309 5360 3399 5439 lib.
3431 5380 3483 5423 v,

194 5440 297 5493 ιιι).
334 5455 370 5490 v
402 5429 884 5507 elkYIIlit‘lontIttm
918 5433 1187 5507 episcopo.
1232 5498 1244 5507 Δ
1296 5499 1309 5507 _
1704 5506 1709 5507 ί
1918 5429 2078 5500 θιιίζι.
2112 5439 2184 5507 ’7.Δ
2214 5433 2471 5507 Secunde
2503 5429 2885 5507 Iiotliotnagus,
2941 5429 3033 5507 cui
3073 5429 3256 5481 Subest
3296 5434 3486 5507 civitas

273 5520 298 5547 ε
336 5509 426 5563 Ex
462 5503 675 5559 Sidonii
725 5503 903 5554 verbis
933 5504 1194 5578 docentur
1219 5498 1588 5578 Arbogastem
1612 5506 1809 5576 stylum
1921 5498 2279 5578 Baiocassium
2302 5504 2403 5578 hoc.
2435 5501 2567 5578 loco.
2605 5501 2808 5578 _'I‘erti_a:
2839 5498 3056 5578 tumhi,
3097 5511 3214 5563 qua:
3246 5501 3487 5578 nornina-

191 5582 348 5634 inter
391 5590 563 5629 arma
605 5585 881 5650 tractasse.
921 5572 1079 5624 domo
1112 5570 1321 5650 Belgam
1354 5568 1536 5650 fuisse,
1580 5568 1812 5650 habitas-
1922 5590 2007 5631 tur
2048 5580 2096 5630 in
2127 5573 2347 5650 epistola
2381 5569 2961 5650 [ABf-VII?.BIIUI‘ICQIIS‘IS,
2998 5568 3485 5650 aIIO'f‘llIlItllle‘t‘Pi-v

190 5665 377 5722 smne
418 5646 499 5700 ad
539 5643 833 5704 Mosellam,
864 5656 967 5693 non
1000 5643 1179 5706 proaul
1204 5634 1273 5695 ab
1296 5634 1566 5713 Auspicio,
1597 5646 1810 5704 Tulleu-
1921 5634 2240 5708 scortorum,
2299 5643 2378 5696 Ne
2429 5642 2624 5694 clericis
2673 5646 2905 5705 expetant
2952 5634 3218 5689 swcrrlaria
3246 5634 3482 5709 judicia,

535 5738 789 5796 I’n'nOL.
843 5731 1055 5794 LVIlI.

3130 5726 3199 5787 17
