3910 6172
372 239 475 296 825

372 352 593 405 cunilam
623 358 1021 420 pervagaturus.
1064 346 1518 417 exspectationem
1548 353 1780 399 nostram
1811 358 1933 415 spe-
1962 348 2015 405 Α

372 442 453 495 cie
480 438 739 494 brevioris
768 437 973 492 itineris
1002 435 1180 491 elusit.
1212 435 1275 488 Et
1303 448 1442 487 nunc
1471 442 1525 486 tu
1554 431 1666 500 ipse
1693 430 1772 486 sic
1800 431 1937 485 mul-

374 536 441 585 tis
474 539 659 586 contra
694 528 851 583 fidem
882 527 1067 582 diebus
1107 525 1449 589 otiabundus,
1480 522 1557 576 ais
1590 522 1705 588 lilii,
1732 522 1774 576 si
1806 535 1938 591 quas

374 633 555 691 postea
589 620 805 675 luserim
851 628 1023 673 metro
1061 632 1242 686 nugas,
1275 616 1409 669 mitti
1446 624 1715 683 oportere.
1749 616 1939 668 Anum

375 714 645 783 injunctis,
679 712 800 781 quia
829 710 860 764 d
884 724 1018 780 gnus
1041 724 1099 763 es
1132 717 1187 760 ut
1218 706 1338 760 talia
1370 705 1534 774 legas.
1562 703 1693 758 Nam
1719 718 1938 756 carmen

373 806 544 875 ipsum
578 802 717 871 quod
756 815 895 855 nunc
932 814 963 854 e
1004 798 1248 852 manibus
1290 795 1539 859 elabitur,
1570 803 1674 847 tam
1717 793 1941 846 rustica-

371 910 498 949 num
547 903 627 948 est
676 900 889 959 tamque
937 890 1267 957 impolitum.
1319 894 1377 939 ut
1405 900 1489 938 me
1538 899 1640 936 non
1697 882 1822 936 illud
1872 883 1937 935 ad

377 985 575 1047 villam,
612 982 703 1036 sed
738 981 911 1049 potius
943 994 974 1033 e
1003 977 1126 1031 villa
1160 977 1369 1030 mittere
1400 983 1571 1043 putes.
1608 982 1633 1009 ⁸
1661 973 1939 1027 Basilicam

372 1072 541 1127 sancti
586 1070 855 1141 pontificis
903 1065 1331 1135 confessorisque
1380 1064 1612 1126 Martini,
1656 1063 1943 1130 Perpetuus

372 1164 676 1232 episcopus,
718 1159 1062 1229 dignissimus
1102 1164 1250 1209 tanto
1288 1154 1685 1223 praedecessore
1722 1167 1941 1207 succes-

372 1270 486 1318 sor,
532 1252 751 1305 multum
782 1248 965 1318 priori,
1008 1263 1126 1317 qua:
1163 1246 1258 1299 fuit
1296 1245 1573 1307 hactenus,
1613 1245 1942 1313 capaciorem

373 1344 606 1397 novavit.
644 1340 887 1408 Magnum
919 1346 1019 1398 est.
1055 1346 1112 1391 ut
1144 1339 1341 1401 lerunt,
1375 1350 1508 1404 opus
1536 1334 1941 1388 nominandum-

372 1448 495 1497 que;
521 1430 659 1501 quod
680 1431 731 1483 in
753 1428 1011 1483 honorem
1036 1427 1154 1481 talis
1174 1427 1269 1481 viri
1292 1428 1509 1490 factum,
1528 1426 1647 1480 talis
1666 1425 1745 1478 vir
1762 1424 1947 1479 iecisse

373 1523 635 1578 debuerit.
670 1520 833 1589 llujus
862 1533 946 1573 me
974 1518 1264 1587 parietibus
1293 1516 1587 1572 inscribere
1614 1516 1946 1585 supradictus

372 1612 625 1666 sacerdos
653 1610 753 1663 hoc
779 1610 1104 1678 epigramma
1132 1607 1421 1676 compellit,
1445 1606 1585 1676 quod
1613 1606 1941 1669 recensebis;

1619 231 1860 289 SIDONII
1899 231 2350 288 APOLLINARIS

3507 227 3603 283 52$

2225 340 2437 402 Septima
2458 353 2565 401 qua:
2588 341 2764 389 mundo
2793 339 2850 387 fa‘
2874 340 2970 388 rica
2994 341 3112 402 mira
3139 340 3244 402 luit.

2161 403 2277 452 Nam
2298 398 2525 462 gemmis,
2551 415 2687 456 auro,
2711 409 2915 459 argento
2933 402 2971 447 si
2995 399 3237 462 Splenduit
3266 398 3401 458 illud,

2226 461 2359 512 Istud
2378 464 2729 521 transgreditur
2754 469 2922 508 cuncta
2948 462 3138 511 metalla
3166 461 3278 510 fide.

2163 524 2304 573 LivOr
2330 526 2405 571 alii
2429 523 2651 578 mordax,
2684 524 3087 581 :‘bso‘vanlurque
3107 523 3307 581 prinres,

2226 585 2298 633 Nil
2322 592 2484 641 novel,
2523 590 2605 630 aut
2626 582 2763 631 addat
2785 583 2975 642 garrula
3001 583 3276 642 posteritas.

2161 646 2383 703 Dumque
2404 648 2535 693 venit
2554 644 2789 705 Christus,
2813 643 3014 703 populos
3036 646 3115 704 qui
3138 645 3343 691 suscitet
3364 655 3549 705 omnes,

2227 707 2473 767 Perpetuo
2491 706 2671 753 durent
2694 704 2901 753 culmina
2927 705 3178 765 l'erpctui.

2110 806 2439 871 Obtulimus,
2487 816 2545 860 ut
2592 808 2795 867 cernis,
2856 805 2994 873 quod
3043 805 3326 859 cantilenae
3379 808 3611 860 recentis

2041 897 2252 951 obviam
2294 896 2471 950 manui
2519 894 2644 957 fuit;
2690 895 2785 949 sed
2833 911 2931 949 nec
2970 895 3071 949 hoc
3115 896 3312 962 minus,
3351 897 3395 950 si
3439 913 3614 951 mor..s

2044 987 2234 1055 nectis,
2266 995 2411 1040 astra
2446 986 2765 1055 quatiemus,
2796 986 3037 1039 versibus
3065 1001 3280 1054 quoque
3325 1000 3352 1039 s
3372 989 3611 1055 (lirogra-

2045 1078 2184 1149 phis,
2215 1078 2259 1132 si
2287 1091 2371 1130 res
2400 1074 2657 1145 exegerit,
2689 1075 2835 1128 usuri
2865 1090 2878 1127 :
2909 1090 3043 1142 quos
3072 1075 3193 1128 huic
3222 1076 3445 1129 carmini
3478 1076 3616 1130 leni-

2044 1178 2151 1223 tate
2196 1167 2555 1235 adaquandos
2602 1166 2733 1217 falso
2773 1163 2996 1232 putabis.
3049 1163 3287 1232 Namque
3324 1165 3616 1227 efficacius,

2044 1259 2229 1326 citius,
2282 1256 2560 1311 ardentius
2604 1266 2791 1309 natura
2840 1255 3142 1309 mortalum
3193 1254 3372 1323 culpat
3418 1257 3619 1325 aliqua,

2045 1364 2201 1418 quam
2235 1348 2433 1401 laudet.
2469 1345 2619 1400 Vale.

2482 1435 2635 1505 115
2676 1433 2999 1489 EPiSTOLA
3041 1433 3179 1487 XIX.

2354 1526 2599 1579 Sidonius
2628 1523 2930 1577 Florentino
2955 1542 3046 1578 suo
3073 1526 3308 1579 salutem.

2120 1618 2186 1671 Et
2211 1630 2386 1670 moras
2412 1626 2641 1679 nostras,
2666 1626 2721 1669 et
2743 1614 3014 1669 silentium
3043 1630 3262 1669 accusas
3290 1633 3303 1668 :
3337 1626 3624 1685 utrumque

372 1713 429 1756 ut
459 1711 539 1757 est
573 1705 625 1753 in
657 1700 737 1752 his
767 1713 1095 1768 quaecunque
1123 1696 1366 1765 deposcit
1401 1696 1681 1765 privilegio
1711 1696 1938 1749 caritatis

2055 1708 2324 1779 purgabile
2374 1716 2493 1773 est;
2546 1722 2773 1777 namque
2822 1719 2877 1763 et
2926 1713 3167 1762 venimus
3215 1718 3269 1763 et
3317 1708 3624 1763 scribimus.

371 1790 858 1861 imperiOsissimus.
886 1790 1056 1856 Atque
1086 1791 1287 1841 utinam
1320 1787 1473 1844 molis
1506 1787 1643 1840 illius
1676 1802 1943 1855 pompam,

370 1883 484 1937 sive
526 1882 786 1945 donaria,
847 1881 917 1935 nil
967 1880 1123 1948 hujus
1180 1879 1419 1947 obsequii
1477 1887 1653 1945 turpet
1704 1878 1941 1931 oblatio:

370 1971 510 2041 quod
542 1985 698 2025 secus
737 1970 850 2024 fore
884 1969 1167 2038 plurimum
1202 1968 1383 2023 timeo.
1421 1967 1528 2021 Nisi
1562 1967 1779 2021 forsitan
1808 1969 1947 2021 inter

370 2062 546 2116 omnia
587 2070 805 2114 venusta
848 2061 925 2114 sic
962 2060 1359 2129 epigrammatis
1403 2060 1554 2114 istius
1599 2059 1809 2115 fmditas
1836 2060 1947 2129 pla-

370 2163 485 2206 ceat
515 2194 530 2218 ,
598 2160 655 2205 ut
703 2151 853 2220 niger
900 2165 1084 2205 naevus
1131 2150 1357 2205 candido
1409 2150 1464 2204 in
1511 2166 1736 2219 corpore
1782 2168 1795 2204 :
1856 2152 1946 2219 qui

369 2245 582 2314 quidem
615 2243 749 2297 solet
785 2244 862 2297 sic
892 2243 1064 2297 facere
1090 2246 1275 2309 risum,
1307 2242 1446 2310 quod
1476 2243 1723 2309 accipere
1749 2244 1945 2296 suifra-

369 2335 536 2403 gium.
586 2332 689 2388 Srd
733 2333 858 2402 quid
903 2332 1025 2388 hinc
1072 2333 1340 2401 amplius?
1406 2347 1542 2402 pone
1588 2333 1788 2387 ﬁstulas
1833 2334 1947 2401 ipse

372 2424 653 2493 pastorias,
699 2433 754 2478 et
802 2424 987 2493 elegiae
1034 2435 1261 2492 nostrzc,
1309 2425 1429 2494 quia
1482 2424 1614 2494 pede
1661 2425 1943 2492 claudicat,

371 2532 587 2570 toanum
636 2517 865 2587 porrige.

497 2629 653 2701 114
681 2639 867 2689 Martini
893 2651 1086 2698 corpus,
1125 2638 1236 2687 totis
1259 2636 1543 2701 venerabile
1568 2639 1734 2698 terris,

558 2699 606 2747 Γη
627 2699 724 2761 quo
745 2708 850 2761 post
872 2701 982 2749 vitae
1008 2707 1223 2761 tempora
1250 2700 1366 2747 vivit
1390 2699 1571 2761 honor,

488 2759 706 2810 Texerat
732 2759 809 2809 hic
834 2762 1039 2821 primum
1065 2759 1260 2821 plebeio
1283 2759 1497 2807 machina
1522 2759 1672 2817 cultu,

558 2822 676 2879 Quae
706 2821 966 2870 cOnfessori
992 2835 1085 2868 non
1111 2830 1211 2869 erat
1234 2834 1371 2881 aequa
1389 2833 1479 2869 suo
1501 2836 1513 2870 :

489 2882 593 2932 Nec.
614 2883 882 2931 desistebat
906 2885 1037 2930 cives
1056 2894 1262 2929 onerare
1291 2881 1474 2943 pudore

555 2943 717 2993 Gloria
738 2956 908 3002 magna
934 2945 1039 3003 viri,
1062 2943 1213 3001 gratia
1236 2954 1379 3040 parva
1403 2943 1511 2991 loci.

555 3005 703 3040 niepo
725 3005 811 3040 end
837 3006 915 3040 nni
938 3011 1217 3040 numeratur
1295 3014 1469 3040 cunne
1491 3016 1511 3040 ῃ

488 3002 703 3066 Antistes
724 3005 812 3066 sed
837 3006 917 3062 qui
938 3002 1220 3066 numeratur
1233 3002 1268 3066 γι)
1295 3014 1469 3066 sextus
1491 3005 1551 3051 ab
1570 3005 1690 3066 ipso,

553 3064 765 3121 Longam
784 3064 1057 3122 Perpetuus
1073 3064 1267 3112 sus‘.ulit
1286 3065 1509 3112 Invidiam
1535 3080 1546 3114 :

489 3122 738 3187 Internum
764 3136 1020 3187 removens
1044 3126 1212 3171 modici
1238 3125 1487 3177 penetrale
1512 3125 1698 3187 sacelli,

551 3183 816 3243 Amplaque
836 3190 966 3233 tecta
986 3184 1152 3231 levans
1174 3187 1426 3233 exteriore
1445 3187 1603 3233 domo.

488 3244 859 3309 Creveruntque
881 3245 1043 3309 simul,
1069 3244 1224 3309 valido
1248 3246 1497 3309 tribuente
1518 3259 1735 3309 patrono,

550 3309 575 3337 ο
604 3305 654 3353 ln
678 3306 845 3364 spatiis
866 3306 1016 3364 aedes,
1042 3306 1256 3355 conditor
1282 3308 1329 3355 in
1352 3305 1571 3355 meritis:

488 3370 611 3429 Qua
632 3367 963 3417 Salamoniaco
986 3368 1113 3428 potis
1136 3376 1211 3415 est
1234 3368 1503 3428 conﬂigere
1528 3367 1729 3427 templo,

365 3518 434 3569 ad
464 3516 721 3585 episcopos
767 3512 1038 3585 provincia:
1080 3509 1280 3585 Territa.
1329 3511 1417 3566 Sic
1445 3512 1677 3585 enim_es
1706 3511 1937 3585 antiquis

365 3580 777 3653 exemplaribus
808 3583 875 3635 ibi
923 3581 1217 3653 legendum
1257 3591 1370 3653 est;
1431 3598 1533 3635 non
1578 3580 1839 3653 Thraciae,
1883 3591 1939 3635 ιιι

366 3651 534 3721 vulgo
553 3655 741 3719 legitur
763 3654 902 3706 inter
928 3652 1182 3720 epistolas
1200 3651 1391 3705 Leonis
1418 3667 1586 3721 papze,
1613 3651 1801 3717 quibus
1828 3651 1939 3705 haec

365 3740 551 3793 parum
581 3733 736 3793 caute
775 3721 972 3774 inserta
1017 3731 1120 3793 est,
1152 3736 1270 3793 cum
1302 3722 1416 3793 ejus
1457 3738 1575 3793 non;
1601 3723 1689 3774 sit.
1723 3721 1937 3793 Quarta:

366 3790 681 3857 iuetropolis
702 3791 963 3853 Senones,
991 3791 1129 3843 unde
1149 3790 1381 3845 Senunia
1407 3791 1701 3860 appellatur
1723 3790 1817 3843 lib.
1841 3807 1933 3851 vn,

365 3864 521 3931 cpist.
548 3864 601 3925 5,
624 3871 675 3913 et
700 3862 751 3912 ir.
775 3860 962 3931 Notitia
990 3860 1056 3931 de
1074 3860 1265 3911 Tractu
1289 3860 1938 3931 Armoricano.Ca31erum

366 3928 746 3999 Lugdunenses
794 3928 1099 3999 provincim,
1130 3942 1249 3981 cum
1291 3934 1516 3999 primum
1562 3930 1721 3983 dividi
1764 3946 1943 3997 cmpe-

366 3998 509 4065 ruut,
539 4002 656 4053 dua:
685 4006 884 4052 tantum
913 3998 1059 4051 fuere
1083 4015 1096 4050 :
1128 4008 1244 4066 post
1271 4008 1496 4066 quatuor
1524 4000 1693 4060 factm.
1721 4014 1749 4052 a
1771 4000 1944 4053 Theo-

367 4071 544 4136 dosio,
572 4080 629 4122 ut
669 4068 915 4135 conjicio.
970 4067 1097 4120 Nam
1145 4084 1172 4120 a
1206 4068 1360 4121 Rufio
1394 4069 1549 4123 Festo
1589 4070 1706 4121 dum
1741 4080 1942 4122 tantum

371 4147 739 4203 numerantur,
774 4153 868 4189 nec
898 4137 1077 4205 plures
1104 4140 1170 4190 ab
1193 4140 1474 4191 Ammiano
1497 4138 1823 4201 Marcellino,
1850 4142 1943 4206 qui

367 4210 608 4263 Turonos
635 4212 683 4261 in
714 4222 839 4260 seru
868 4211 948 4259 da
978 4207 1313 4271 Lugdunensi
1344 4209 1591 4267 collocat.
1617 4209 1855 4261 Senones
1886 4210 1937 4261 in

370 4281 537 4347 prima
570 4295 583 4330 :
618 4288 674 4330 ut
702 4278 832 4330 satis
863 4288 1111 4343 appareat
1139 4278 1348 4330 tertiam
1387 4292 1451 4330 ex
1494 4278 1750 4342 secunda,
1780 4292 1940 4347 quar-

372 4359 477 4402 tam
513 4364 576 4401 ex
610 4348 776 4415 prima
807 4356 981 4398 natam
1013 4358 1151 4415 esse.

1973 3046 2021 3110 ε

2048 1801 2199 1856 Vale.

2594 1889 2919 1945 EPISTULA
2963 1890 3078 1944 XX.

2391 1982 2642 2037 Sidonius
2672 1979 2897 2034 Domitio
2927 1998 3017 2034 suo
3045 1982 3276 2035 salutem.

2127 2083 2207 2137 Tu
2248 2083 2333 2137 cui
2373 2082 2678 2153 frequenter
2714 2098 2858 2136 arma
2897 2093 2950 2137 et
2987 2092 3247 2136 armatum
3295 2093 3350 2137 et
3389 2093 3635 2136 armatos

2047 2172 2310 2241 inspicere
2342 2172 2633 2240 jucundum
2674 2183 2785 2236 est;
2818 2188 2974 2241 quam
3019 2175 3343 2239 voluptatem
3376 2184 3633 2242 putamus

2047 2277 2229 2323 mente
2256 2271 2585 2337 conciperes,
2620 2271 2662 2321 si
2686 2266 2710 2305 ἀ
2739 2270 3081 2337 Sigismerem
3114 2270 3315 2338 regium
3342 2274 3627 2339 juvenem,

2047 2359 2151 2413 ritu
2176 2369 2337 2429 atque
2362 2361 2506 2413 cultu
2533 2360 2795 2428 gentiliiio
2820 2371 3087 2439 ornatum,
3115 2371 3171 2414 ut
3198 2369 3318 2428 pote
3340 2375 3631 2429 sponsum,

2045 2466 2139 2505 seu
2177 2452 2480 2520 petitorem,
2515 2452 2818 2520 prmtorium
2858 2452 3031 2506 soceri
3072 2461 3325 2521 expetere
3356 2452 3632 2506 vidisses?

2045 2544 2192 2598 Illum
2256 2559 2424 2613 equus
2491 2544 2705 2610 quidem
2754 2544 2983 2611 phaleris
3038 2553 3313 2611 comptus,
3364 2545 3475 2599 imo
3504 2544 3634 2613 equi

2045 2632 2369 2687 radiantibus
2406 2633 2635 2701 gemmis
2674 2634 2848 2686 onusti
2886 2633 3301 2700 antecedebant,
3331 2634 3419 2687 vel
3461 2634 3631 2688 etiam

2045 2721 2503 2791 subsequebantur
2532 2739 2545 2774 :
2578 2737 2698 2777 cum
2731 2735 2907 2777 tamen
2936 2723 3034 2776 lioe
3065 2722 3232 2793 magis
3263 2723 3334 2777 ibi
3362 2724 3628 2777 decorum

2045 2812 2489 2880 conspiciebatur,
2522 2813 2663 2881 quod
2695 2813 3109 2882 prcccursoribus
3147 2813 3278 2879 suis,
3306 2813 3420 2867 sive
3448 2815 3632 2884 pedis-

2043 2904 2264 2971 sequis,
2314 2902 2475 2971 pedes
2516 2914 2571 2957 et
2617 2903 2731 2971 ipse
2782 2902 2989 2957 medius
3038 2904 3293 2965 incessit,
3344 2903 3637 2958 ﬂammeus

2047 3009 2228 3059 cocco,
2256 2994 2451 3047 rutilus
2480 3008 2630 3056 auro,
2669 2994 2871 3047 lacteus
2901 2998 3094 3056 ser'co,
3127 3003 3236 3047 ttun
3259 2994 3422 3047 cultui
3458 3003 3634 3057 tanto,

2050 3101 2225 3151 coma,
2277 3086 2493 3148 rubore,
2545 3095 2667 3139 cute
2714 3086 2986 3140 concolor.
3055 3086 3371 3155 Regulorum
3423 3099 3634 3149 autem.

2050 3176 2427 3243 sociorumque
2452 3176 2797 3230 comitantum
2825 3176 2990 3232 forma
3018 3186 3070 3231 et
3098 3179 3147 3230 in
3176 3192 3304 3247 pace
3327 3179 3592 3233 terribilis
3617 3197 3633 3233 :

2049 3284 2273 3337 quorum
2323 3268 2487 3335 pedes
2536 3269 2690 3336 primi
2741 3284 2941 3337 perone
2985 3279 3162 3323 setoso
3210 3272 3343 3323 talos
3384 3271 3638 3341 adusque

2054 3358 2448 3420 vinciebantur;
2482 3372 2686 3425 genua,
2719 3372 2904 3423 crura,
2931 3374 3176 3428 surasque
3215 3360 3330 3414 sine
3369 3362 3631 3429 tegmine.

2046 3507 2081 3563 ii
2107 3508 2305 3563 scilicet
2329 3524 2458 3578 quos
2481 3526 2636 3573 super
2658 3510 2840 3562 ostium
2862 3526 2893 3561 a
2915 3520 3054 3577 parte
3073 3512 3355 3565 meridiana
3382 3512 3635 3577 ῦιίὶεεῐθῑ

2047 3590 2251 3701 poste;7
2283 3582 2442 3633 fuisse
2496 3590 2683 3632 auctor
2738 3587 2819 3633 cst
2881 3580 3019 3635 idetn
3076 3581 3364 3651 Gregorius
3424 3584 3522 3638 lib.
3577 3601 3631 3652 v,

2047 3663 2159 3701 can.
2261 3688 2273 3701 .

2044 3651 2273 3703 cao.37.

2110 3663 2372 3773 ebulum
2404 3732 2429 3768 a
2459 3719 2680 3770 Martino
2704 3717 3021 3786 Perpetuum
3046 3720 3200 3784 dixit,
3222 3721 3340 3789 quia
3364 3720 3634 3778 .lustinia-

2044 3803 2189 3859 num.
2214 3789 2420 3855 opinor,
2436 3796 2488 3840 et
2513 3790 2838 3841 Armentiuni
2864 3799 3106 3842 numerat
3132 3792 3217 3859 qui
3244 3791 3448 3845 Briccio
3472 3797 3634 3856 pulso

2044 3858 2223 3910 sedem
2255 3862 2369 3924 ejus
2401 3868 2707 3922 tenuerunt;
2740 3874 2872 3922 quos
2902 3859 2952 3911 iu
2981 3858 3345 3927 episcoporum
3379 3863 3630 3916 iudiculo

2048 3928 2278 3994 prmterit
2310 3927 2595 3985 Gregorius
2625 3944 2637 3979 :
2672 3929 2894 3995 proinde
2917 3940 3160 3996 quartum
3191 3930 3297 3983 illic
3328 3947 3356 3982 a
3390 3932 3632 3986 Martino

2046 3997 2229 4048 statuit
2250 3996 2591 4061 Perpetuum.
2622 3999 2688 4050 At
2715 3998 2805 4051 lib.
2852 4013 2883 4050 ιι
2919 4000 3079 4051 alitnu
3110 3999 3372 4053 calculum
3405 4016 3636 4058 scentus

2048 4067 2289 4135 quintum
2319 4065 2461 4117 facit.

2124 4134 2319 4207 ﬁllanc
2346 4149 2487 4207 saepe
2518 4150 2736 4207 causam
2778 4136 3064 4202 ascribunt,
3098 4140 3186 4205 qui
3228 4138 3460 4207 antiquis
3498 4141 3637 4195 aedi-

2046 4202 2178 4257 liciis
2208 4219 2343 4257 nova
2364 4205 2685 4258 substituunt
2710 4222 2723 4258 :
2749 4207 2887 4274 quod
2917 4209 3099 4260 videre
3118 4202 3201 4261 est
3230 4209 3279 4260 in
3303 4202 3637 4264 Christianis

2043 4276 2400 4327 monumentis
2426 4276 2760 4342 antiquarum
2804 4276 3229 4343 inscriptionum.
3261 4278 3409 4330 Nolie
3438 4292 3631 4335 autem

2041 4344 2092 4397 in
2123 4343 2506 4415 suburbanas.
2527 4345 2717 4397 Felicis
2757 4344 2981 4415 ecclesia
3023 4362 3182 4414 qu..m
3215 4348 3466 4400 Paulinus
3516 4354 3637 4415 epi-

438 4429 464 4455 ιι
496 4418 569 4471 De
601 4418 698 4471 hac
737 4416 792 4470 S.
824 4416 1028 4468 Martini
1064 4414 1279 4485 basilica
1320 4430 1476 4483 quam
1511 4416 1803 4484 Perpetuus
1831 4417 1935 4471 Tu-
1966 4418 2017 4478 Ι)
2042 4427 2232 4485 scapus
2256 4414 2517 4485 condidit,
2541 4421 2746 4485 restant
2765 4414 3024 4485 hodieque
3047 4432 3228 4470 versus
3253 4434 3386 4482 quos
3414 4414 3635 4475 Paulini

366 4502 557 4540 ronum
614 4485 893 4554 episcoiius
973 4484 1239 4549 condidit,
1310 4496 1512 4539 remota
1571 4496 1751 4540 vetere
1810 4502 1934 4555 par-

368 4558 510 4617 vula,
538 4570 715 4623 quam
748 4556 981 4607 Brit-eus
1031 4555 1351 4618 aediﬁcarat,
1383 4557 1490 4623 agit
1519 4556 1803 4623 Gregorius
1831 4560 1939 4611 'l‘u-

369 4641 485 4678 ron.
513 4622 605 4676 lib.
630 4639 683 4687 II,
710 4638 825 4693 cap.
849 4624 935 4682 Η.
957 4634 1011 4677 et
1042 4624 1131 4677 lib.
1159 4640 1191 4677 ι
1218 4626 1267 4677 in
1296 4622 1519 4680 eleucbo
1540 4622 1932 4693 episc0poruni.

370 4695 495 4763 Ejus
550 4692 839 4764 parietibus
880 4693 1123 4764 Perpetui
1176 4707 1359 4764 rogatu
1412 4695 1557 4749 varia
1603 4692 1932 4751 diversonnn

368 4760 640 4832 poetarum
683 4760 931 4833 inscripta
961 4762 1171 4815 fuerunt
1200 4760 1579 4831 epignnunata
1613 4782 1626 4817 :
1657 4782 1776 4833 «tua:
1805 4768 1932 4820 olim

367 4834 613 4894 collecta.
648 4847 787 4885 nunc
814 4832 972 4884 etiam
1007 4832 1057 4884 in
1089 4834 1352 4901 plerisque
1377 4835 1593 4901 Sulpicii
1626 4836 1806 4890 Severi
1838 4852 1933 4889 eu-

367 4903 572 4956 dicibus
608 4902 671 4955 ad
707 4901 834 4973 Viue
865 4901 1146 4973 S._.\lartiui
1184 4914 1380 4955 ca‘cem
1424 4906 1627 4972 adjecta
1660 4911 1935 4973 reperiun-

371 4984 457 5025 tur
483 4988 497 5023 :
522 4980 679 5037 atque
712 4972 849 5025 inter
887 4971 986 5023 alia
1015 4971 1362 5026 Sidonianum
1395 4971 1515 5039 hoc,
1546 4975 1683 5039 quod
1716 4971 1933 5029 nobilis-

366 5042 503 5095 simo
542 5041 771 5095 basilicm
796 5042 932 5106 loco,
962 5040 1012 5093 id
1052 5051 1133 5093 est
1163 5058 1211 5093 ιιι
1243 5043 1444 5106 abside,
1470 5044 1693 5097 incisum
1727 5053 1931 5107 notant,

368 5113 419 5163 in
448 5126 603 5178 quam
634 5110 688 5162 S.
711 5110 915 5162 Martini
944 5125 1133 5177 corpus
1161 5110 1331 5164 fuerat
1362 5114 1670 5167 translatum
1698 5131 1710 5165 :
1740 5115 1932 5168 deinde

366 5180 591 5234 alterum
646 5179 845 5233 Paulini
894 5179 1200 5241 Petrocorii,
1243 5198 1398 5246 supra
1443 5185 1625 5235 ostium
1656 5184 1931 5237 basilica‘a

366 5260 511 5319 parte
539 5250 729 5317 Ligeris
760 5265 777 5302 :
809 5254 945 5318 quod
976 5252 1214 5303 Versibus
1242 5265 1447 5303 Consmt
1477 5253 1566 5317 23,
1620 5255 1719 5307 hoc
1750 5256 1929 5307 modo,

489 5328 706 5390 Quisque
724 5326 825 5376 solo
843 5326 1038 5376 adclinis
1064 5330 1275 5377 mersisti
1304 5330 1353 5377 in
1382 5332 1583 5391 pulvere
1605 5332 1805 5392 vultum,

366 5410 473 5480 50
497 5421 550 5465 et
579 5414 664 5481 qui
695 5420 1009 5480 sequuntur.
1063 5411 1197 5463 Editi
1229 5412 1366 5465 enim
1400 5426 1520 5467 sunt
1555 5416 1653 5467 sub
1684 5417 1840 5471 linem
1874 5417 1935 5469 li-

370 5485 592 5555 brorum
616 5498 664 5533 vi
694 5482 758 5555 de
791 5481 901 5535 \‘ita
926 5481 1153 5555 Martini,
1175 5486 1269 5534 sed
1296 5483 1410 5555 sine
1438 5486 1588 5537 titulo
1612 5503 1622 5536 :
1651 5486 1715 5539 de
1744 5487 1934 5555 quibus

367 5559 420 5623 ct
452 5550 698 5602 Paulinus
746 5554 873 5623 ipse,
901 5552 1083 5623 scribit
1132 5553 1182 5603 in
1225 5552 1445 5623 cpistola
1497 5555 1560 5606 ad
1594 5550 1932 5623 Perpetuum.

366 5618 503 5672 Sunt
539 5631 790 5687 pra-terea
846 5622 1038 5674 ibidem
1072 5623 1178 5675 .\lar
1206 5623 1275 5674 ini
1310 5622 1603 5678 llumiensis
1648 5618 1926 5679 versiculi:

2042 4483 2206 4564 ipsius
2242 4496 2359 4564 esse
2392 4483 2627 4564 plerique
2660 4484 2917 4564 judicant,
2942 4483 3198 4539 renovata
3232 4488 3299 4539 ab
3336 4503 3423 4552 eo,
3452 4502 3516 4542 ut
3546 4502 3637 4546 est

2039 4552 2095 4606 in
2124 4551 2292 4606 Natali
2320 4567 2373 4619 x,
2406 4551 2624 4607 basilica
2654 4555 2996 4623 eompositos.

2170 4663 2485 4727 Parvuscrat
2507 4663 2644 4712 locus
2666 4672 2799 4721 ante,
2826 4668 2975 4713 sacris
2994 4676 3224 4727 angustus
3242 4669 3465 4727 agendis,

2230 4723 2641 4790 Suppliribusque
2663 4738 2849 4783 negans
2871 4723 3084 4790 pandere
3116 4741 3258 4790 posse
3273 4723 3457 4779 manus

2162 4784 2310 4850 Nune
2324 4786 2499 4850 populo
2520 4784 2728 4850 spatiosa
2752 4784 2904 4835 sacris
2927 4788 3092 4836 altaria
3117 4784 3315 4850 'praabet

2225 4845 2419 4909 Ofﬁciis,
2444 4845 2589 4894 medii
2614 4850 2831 4909 martyris
2850 4851 2896 4897 in
2920 4851 3119 4909 gremio.

2165 4906 2347 4975 Cupcta
2370 4907 2475 4955 Deo
2498 4906 2958 4975 renovata'placent,
2981 4921 3123 4975 novat
3144 4913 3301 4975 omnia
3322 4923 3531 4975 semper

2231 4964 2465 5033 Christus,
2489 4975 2550 5033 ‘et
2574 4983 2617 5033 in
2642 4964 2883 5033 cumjilum
2910 4964 3103 5033 luminis
3130 4972 3385 5033 ampliﬁcat

2162 5026 2256 5093 Sig
2266 5034 2313 5076 et
2339 5029 2502 5093 dilecti
2526 5030 2697 5077 solium
2713 5030 2901 5093 Felicis
2924 5031 3185 5093 honorans,

2220 5087 2281 5137 Et
2300 5090 2559 5150 splen-lore
2584 5091 2725 5139 simul
2749 5092 2947 5153 protulit
2968 5103 3019 5142 et
3036 5087 3203 5154 Spatia.

2108 5209 2481 5283 ‘lGotbumne,
2523 5212 2818 5275 Francum,
2876 5230 2941 5268 an
2988 5215 3415 5283 Burgundionem
3443 5261 3458 5283 ,
3514 5235 3633 5275 non

2038 5282 2167 5333 satis
2188 5287 2541 5347 exploratum.
2574 5285 2701 5336 Illud
2729 5298 2931 5337 ccrtum
2956 5295 3056 5349 est,
3083 5286 3426 5353 Sigisinerem
3446 5282 3631 5352 hunc,

2040 5361 2223 5403 contra
2256 5368 2412 5420 quam
2451 5354 2565 5407 viro
2598 5354 2753 5407 docto
2783 5357 2951 5407 visunt
2992 5358 3081 5419 sit,
3119 5356 3391 5409 diversum
3428 5372 3562 5413 esse
3602 5376 3637 5413 a

2043 5420 2331 5495 Sigismere
2351 5424 2544 5476 Comite
2566 5424 2851 5495 Atlialarici
2875 5440 2966 5493 rcg
2990 5424 3215 5495 siltaliae,
3239 5426 3392 5495 cujus
3416 5431 3635 5483 mentio

2044 5490 2180 5557 apud
2213 5490 2523 5564 Senatorein
2566 5492 2655 5545 lib.
2683 5509 2793 5557 vni,
2826 5490 2982 5560 episi.
3013 5494 3069 5559 2,
3111 5504 3218 5547 ttnn
3250 5490 3373 5564 quia
3416 5500 3536 5551 loca
3572 5512 3635 5555 et

2045 5568 2281 5639 tempora
2323 5562 2644 5639 discrepant,
2691 5568 2959 5639 tuin‘qnia
2994 5566 3241 5639 comitem
3268 5562 3423 5639 illum
3466 5574 3629 5639 regis

2042 5630 2298 5690 sanguine
2326 5642 2499 5684 ortum
2531 5634 2692 5685 tuisse
2721 5633 2848 5687 nihil
2881 5644 2961 5687 cst
2983 5634 3120 5701 quod
3152 5636 3391 5689 suadeat.
