3910 6172
315 269 409 322 52?;

1538 261 2011 320 EPISTULARUM
2054 262 2177 317 LIB.
2222 264 2305 318 IV.

3459 271 3561 325 5‘26

311 381 508 433 l‘raater
551 380 651 433 hoc
690 380 853 433 vestis
885 380 1024 443 alta,
1060 382 1273 445 stricta,
1310 378 1621 442 versicolor,
1661 379 1746 431 vix
1784 393 1879 445 ap-
1911 380 1961 437 Α
1991 375 2075 429 liic
2101 378 2357 447 vagientis
2388 378 2621 433 infantia}
2651 382 2895 437 lactentia
2921 385 3158 439 membra
3185 384 3557 449 formavimus;

314 472 673 537 propinquans
712 470 1001 538 puplitibus
1046 471 1293 533 exsertis,
1339 467 1558 523 manica:
1604 470 1713 522 sola
1762 469 1881 522 bra-

311 562 546 615 clriornm
592 561 851 629 principia
892 561 1164 622 velantes.
1213 558 1492 614 viridantia
1535 574 1658 628 saga
1710 559 1883 612 linib:s

314 654 599 722 marginata
631 653 872 721 puniceis
903 669 917 705 :
953 654 1107 722 116
1137 652 1351 720 penduli
1379 668 1442 706 es
1476 650 1696 704 humero
1724 650 1880 719 gladii

317 745 495 798 balteis
533 744 1039 812 supercurrentibus
1078 744 1412 797 strinxerant
1449 742 1625 796 clausa
1667 742 1884 795 bullatis

317 835 469 888 latera
511 833 856 887 rhenonibus.
896 832 973 885 Eo
997 847 1103 898 quo
1136 832 1486 885 comebantur
1515 839 1726 893 ornatu,
1767 846 1883 883 tuu-

318 925 592 978 niebantur
617 940 631 973 2
658 924 857 976 lanceis
884 922 1111 983 uncatis,
1135 923 1517 989 securibusque
1544 919 1885 973 missibilibus

316 1017 508 1069 dextra).
550 1014 784 1078 refertm,
822 1014 1023 1084 clypeis
1060 1017 1243 1068 lievam
1285 1026 1487 1082 partem
1526 1012 1885 1067 adumbranti~

317 1107 429 1171 bus,
452 1120 680 1173 quorum
714 1105 799 1157 lux
833 1104 885 1157 in
915 1105 1135 1159 orbibus
1166 1105 1339 1167 nivea,
1384 1103 1519 1156 fulva
1552 1103 1603 1155 in
1634 1103 1883 1156 umboni-

319 1200 427 1259 bus,
464 1197 532 1249 ita
562 1210 780 1248 censum
813 1193 1091 1263 prodebat,
1126 1202 1184 1246 ut
1211 1192 1467 1248 studium.
1496 1192 1699 1246 Cuncta
1733 1207 1886 1261 pror-

316 1302 403 1342 sus
432 1286 759 1352 bujusmodi,
801 1296 853 1338 ut
884 1287 936 1338 in
965 1285 1173 1339 acrione
1202 1285 1551 1337 thalamorum
1583 1298 1688 1336 non
1722 1298 1884 1352 appa-

319 1390 451 1434 reret
494 1379 673 1431 minor
702 1380 880 1431 Martis
923 1394 1111 1446 pompa
1146 1392 1302 1447 quam
1338 1375 1577 1430 Veneris.
1628 1377 1730 1430 Sed
1761 1376 1885 1444 quid

319 1471 423 1523 bare
471 1468 752 1537 pluribus?
795 1468 1110 1537 Spectat-nlo
1164 1469 1251 1521 tali
1301 1466 1414 1521 sola
1463 1466 1745 1535 praesentia
1800 1474 1886 1518 tua

319 1561 495 1615 defuit.
539 1559 670 1611 Nam
710 1573 830 1611 cum
878 1568 1173 1625 spectarem
1216 1572 1333 1633 qua:
1376 1556 1468 1609 tibi
1501 1556 1721 1624 pulclrra
1764 1563 1889 1609 sunt

319 1667 416 1706 non
444 1661 495 1705 te
524 1651 731 1714 videre,
763 1652 929 1717 ipsam
961 1665 1027 1703 eo
1058 1657 1299 1719 tetnpore
1328 1647 1579 1703 desiderii
1611 1648 1683 1701 tui
1722 1648 1889 1717 impa-

322 1741 550 1796 tientiam
583 1740 908 1793 desideravi.
946 1738 1093 1791 Vale.

841 1829 1169 1884 EPISTULA
1209 1827 1348 1883 XXI.

712 1920 958 1975 Sidonius
988 1922 1125 1989 Apro
1146 1937 1238 1974 suo
1259 1923 1492 1974 salutem.

389 2017 481 2071 Est
521 2015 733 2086 quidem
766 2016 1013 2082 princeps
1044 2016 1093 2067 in
1121 2028 1317 2083 genere
1349 2014 1696 2067 monstrando
1729 2014 1890 2082 partis

325 2118 549 2178 paterna:
596 2106 945 2175 pratrogatiia
987 2124 999 2156 :
1036 2106 1129 2158 sed
1164 2115 1337 2158 tamen
1371 2107 1591 2159 tnultum
1632 2114 1715 2159 est
1752 2105 1890 2174 quod

324 2199 569 2254 debemus
599 2208 654 2252 et
683 2199 955 2252 matribus.
983 2196 1096 2250 Non
1124 2199 1263 2250 enim
1288 2214 1315 2251 a
1345 2199 1499 2252 nobis
1527 2200 1723 2266 aliquid
1752 2201 1891 2252 exsi-

326 2290 417 2344 lius
465 2289 541 2343 fas
593 2299 677 2343 est
710 2288 981 2351 honorari,
1027 2288 1168 2357 quod
1204 2287 1435 2355 pondera
1470 2277 1889 2358 illaruar,'quam

324 2380 453 2449 quod
504 2382 729 2434 istorum
777 2381 978 2434 semina
1024 2394 1228 2433 sumus.
1272 2380 1377 2434 Sed
1427 2381 1646 2450 originis
1694 2394 1891 2436 nostra?

323 2472 630 2525 definiendus
659 2470 879 2524 materia
910 2472 989 2523 vel
1041 2471 1176 2524 ratio
1206 2472 1275 2523 sit
1303 2485 1467 2540 penes
1495 2473 1742 2541 physicos
1762 2489 1775 2525 :
1798 2489 1894 2526 nos

321 2561 451 2614 unde
501 2561 618 2613 lucc
651 2562 749 2613 ista
781 2561 1135 2627 pra-misimus
1180 2574 1583 2628 persequamur.
1614 2571 1637 2597 ο
1681 2562 1893 2615 llcduus

318 2662 460 2721 pater
491 2653 611 2718 tibi,
644 2660 814 2704 mater
860 2654 1095 2705 Arverna
1139 2659 1240 2704 est.
1275 2650 1466 2704 Primis
1506 2651 1701 2705 lleduis
1732 2652 1895 2706 debe-

318 2744 389 2797 ris
416 2762 429 2795 :
467 2760 601 2812 ergo
630 2759 732 2796 ron
764 2743 913 2805 Solis,
945 2743 1025 2796 vel
1066 2752 1284 2811 propter
1315 2742 1443 2796 illud
1470 2745 1770 2811 exemplum
1802 2760 1895 2797 uo-

317 2839 409 2889 stri
439 2835 721 2898 Maronis,
773 2850 879 2902 quo
930 2846 1064 2888 tesre
1111 2834 1286 2888 Pallas
1330 2834 1407 2887 sic
1452 2834 1663 2888 babitus
1704 2836 1889 2901 Arcas,

318 2927 449 2996 quod
485 2927 689 2994 pariter
715 2938 766 2979 et
814 2926 1055 2985 Samnis,
1101 2925 1153 2978 iti
1187 2925 1500 2979 Mezentium
1546 2940 1761 2979 movere
1804 2940 1896 2994 po-

320 3019 523 3079 tuisset,
559 3027 616 3070 ut
643 3017 973 3085 peregrinus,
1006 3032 1152 3069 arma
1183 3017 1581 3081 Helruscorum,
1613 3018 1667 3071 ni
1696 3018 1892 3071 mixtus

1988 468 2071 520 bie
2086 470 2371 522 civicarum
2397 470 2635 538 bajirlaba
2648 490 2703 526 re
2727 477 3208 540 pondusnlnarum.
3237 476 3366 529 llinc
3389 476 3414 513 l'
3438 492 3566 529 avus

1990 561 2191 616 Fronto
2222 562 2448 616 blandus
2477 564 2594 623 tibi,
2640 565 2737 618 sibi
2768 583 3017 631 severus,
3048 569 3136 636 qui
3169 569 3415 636 exemplo
3445 585 3563 620 esse

1989 656 2247 721 potuisset
2295 655 2378 707 bis
2424 670 2557 723 quos
2604 656 2858 710 habemus
2905 675 3001 710 nos
3043 660 3093 711 itt
3124 663 3396 727 exempto;
3442 659 3565 711 hinc

1988 746 2103 796 avia
2134 744 2381 809 AuSpiria
2410 784 2423 805 ,
2452 762 2569 810 quin
2618 747 2706 798 tibi
2744 760 2858 813 post
2906 760 3008 801 tum
3050 759 3173 802 matr
3188 750 3232 802 is
3260 751 3440 803 orbata
3469 751 3565 802 de-

1988 849 2219 894 cessum,
2251 833 2509 900 dependit
2542 850 2642 887 una
2673 850 2853 899 curam
2884 838 3127 890 duarum.
3160 838 3262 893 Sed
3295 850 3346 892 et
3373 854 3569 894 ma'er-

1990 935 2101 979 tera
2130 936 2216 979 tua
2248 927 2372 979 liinc
2399 971 2412 991 ,
2460 936 2512 978 it
2542 928 2661 980 hinc
2703 930 2795 980 fuit
2822 943 2931 981 sani
2955 930 3057 982 tior
3086 930 3281 983 sanctis
3312 930 3563 983 Frontina

1989 1016 2284 1085 virginibus
2306 1058 2321 1081 ,
2372 1034 2527 1086 quam
2572 1020 2854 1072 verebatur
2882 1032 3069 1085 mater,
3101 1030 3253 1089 pater
3280 1023 3569 1074 veneraba-

1991 1118 2096 1172 tur,
2146 1125 2367 1163 summas
2417 1110 2754 1163 abstinentia-
2786 1113 3000 1178 put-lla,
3047 1114 3241 1166 summi
3290 1113 3479 1182 rigoris
3510 1129 3568 1164 ai:

1992 1198 2113 1252 fidei
2144 1200 2410 1268 ingentis,
2458 1200 2534 1254 sic
2562 1201 2725 1254 Deum
2771 1202 3001 1266 timens,
3052 1213 3109 1255 ut
3156 1203 3223 1257 ab
3267 1203 3570 1256 horninibus

1992 1291 2290 1345 timeretur.
2320 1293 2415 1346 llic
2448 1301 2497 1345 te
2529 1293 2868 1346 imbuendum
2902 1294 3212 1347 liberalibus
3252 1296 3569 1363 disciplinis,

1990 1383 2343 1451 grammatici,
2383 1382 2715 1449 rhetorisque
2744 1382 2915 1437 studia
2951 1382 3190 1436 ﬂorentia
3222 1385 3423 1437 monitu
3456 1400 3569 1439 cer-

1995 1484 2137 1527 tante
2166 1474 2444 1528 foverunt:
2471 1474 2609 1527 unde
2637 1484 2688 1526 tu
2721 1490 2822 1528 non
2854 1485 2958 1527 tam
2990 1474 3333 1529 mediocriter
3364 1476 3569 1528 institu-

1992 1569 2076 1625 tus
2102 1563 2291 1616 existis
2311 1604 2326 1626 ,
2360 1573 2416 1615 ut
2464 1563 2557 1616 tibi
2591 1564 2745 1617 liceat
2773 1564 3041 1617 Ariernos
3070 1564 3153 1619 vel
3185 1576 3399 1632 propter
3424 1566 3568 1618 litto-

1993 1670 2080 1709 ras
2105 1672 2210 1709 non
2238 1670 2440 1709 amare.
2473 1656 2651 1710 Tat-eo
2684 1666 2707 1694 ε
2742 1657 2992 1710 territorii
3024 1656 3343 1725 peculiarem
3382 1656 3570 1722 jocun~

1916 1742 2238 1811 Bditatem;
2278 1757 2431 1800 tareo
2464 1747 2593 1799 illttd
2639 1762 2821 1811 aequor
2866 1763 3110 1813 agrorum
3137 1790 3151 1811 ,
3203 1748 3254 1800 in
3304 1762 3409 1814 quo
3455 1747 3569 1800 sine

1991 1838 2230 1907 periculo
2278 1849 2595 1905 quarstuosa:
2658 1838 2913 1893 fluctuant
2961 1840 3012 1893 in
3059 1839 3329 1907 segetibus
3377 1839 3565 1891 ttudm:

1990 1927 2131 1995 quod
2166 1928 2461 1981 industrius
2491 1928 2719 1995 quisque
2759 1942 2864 1995 quo
2897 1928 3013 1993 plus
3049 1930 3206 1998 118
3247 1928 3567 1996 frequentat,

1993 2020 2093 2072 boc
2122 2018 2297 2070 minus
2328 2017 2605 2085 naufragat
2642 2033 2656 2071 :
2702 2017 2991 2069 viatoribus
3024 2017 3213 2081 molle,
3246 2016 3567 2070 fructuosum

1991 2113 2312 2174 aratoribus,
2340 2110 2683 2166 venatoribus
2705 2114 3109 2179 voluptuosum;
3140 2110 3279 2178 quod
3311 2110 3567 2162 montium

1994 2205 2213 2271 cingunt
2242 2205 2396 2257 dorsa
2431 2203 2640 2270 pascuis
2663 2242 2678 2264 .
2716 2204 2885 2256 latera
2917 2201 3127 2264 vinetis,
3166 2212 3376 2255 terrena
3408 2201 3564 2263 villis,

1993 2307 2181 2347 saxosa
2210 2293 2468 2356 castellis,
2500 2307 2661 2359 opaca
2708 2291 2913 2357 lustris,
2946 2300 3125 2358 aperta
3156 2289 3403 2351 culturis,
3434 2305 3565 2342 con-

1992 2400 2120 2437 cava
2172 2384 2440 2448 fontibus,
2488 2384 2709 2450 abrupta
2757 2382 3092 2445 fluminibus;
3150 2380 3289 2449 quod
3340 2381 3568 2447 denique

1996 2477 2295 2544 bujttsniodi
2328 2486 2428 2538 cst,
2454 2485 2510 2528 ιιι
2538 2474 2701 2529 semel
2725 2476 2893 2528 vi~urn
2922 2474 3159 2538 advenis,
3185 2472 3364 2524 multis
3387 2473 3569 2538 patriae

1994 2568 2314 2621 oblivionem
2345 2582 2487 2635 saepe
2520 2565 2854 2632 persuadeat.
2878 2564 3055 2617 Taceo
3078 2561 3343 2617 civitatein
3377 2563 3563 2629 ipsam,

1995 2659 2068 2709 tiri
2098 2673 2229 2721 sem;
2249 2672 2308 2710 er
2334 2656 2411 2710 sic
2439 2655 2882 2718 amantissimam,
2928 2663 2983 2706 ut
3027 2653 3125 2707 soli
3156 2651 3408 2706 nobilium
3440 2666 3568 2706 con-

1996 2749 2240 2803 tubernio
2284 2747 2534 2815 prmferre
2572 2747 2644 2799 nil
2689 2746 2916 2809 debeas;
2957 2744 3037 2798 cui
3086 2754 3139 2797 tu
3189 2759 3345 2797 manu
3376 2743 3566 2811 injecta

1996 2840 2218 2895 feliciter
2248 2846 2429 2905 raptus
2460 2836 2767 2890 inserebare
2796 2854 2808 2887 :
2840 2836 3019 2903 sicque
3051 2848 3238 2887 omnes
3269 2832 3567 2902 prmsentiae

1996 2943 2186 2985 vestrae
2232 2931 2509 2998 voluptas,
2566 2927 2705 2997 quod
2756 2937 2930 2980 tamen
2981 2926 3181 2979 nullum
3213 2926 3377 2979 satias
3406 2925 3565 2990 cepit.

1997 3023 2111 3077 Jam
2143 3020 2267 3089 quid
2299 3020 2419 3073 istic
2450 3018 2515 3072 de
2550 3033 2606 3071 re
2652 3017 2896 3070 familiari
2931 3026 3016 3070 tua
3050 3016 3256 3079 dicam,
3305 3016 3457 3083 cujus
3487 3014 3569 3067 bic

320 3115 485 3161 matre
536 3107 748 3161 Sabella
776 3147 790 3168 ,
847 3116 1050 3174 partem
1080 3121 1292 3175 quoque
1342 3108 1492 3177 117
1544 3119 1649 3174 patr
1664 3109 1726 3161 ire
1778 3108 1901 3162 inde
1928 3102 1974 3165 C
2004 3122 2174 3165 status
2200 3120 2303 3175 est,
2337 3117 2393 3162 ut
2422 3118 2563 3161 tuam
2593 3122 2882 3176 expensam
2916 3108 3015 3160 boc
3044 3106 3113 3161 sit
3139 3107 3345 3162 facilius
3376 3107 3538 3158 tolera
3558 3133 3572 3143 -

321 3199 593 3253 traxisset.
625 3198 761 3251 Ecce
794 3197 956 3250 babes
998 3213 1244 3265 magnum
1282 3200 1515 3250 maximo
1556 3209 1773 3253 auctore
1802 3200 1897 3253 do-

321 3296 652 3351 cumentum,
678 3289 815 3356 quod
847 3288 1030 3356 putria}
1057 3302 1182 3356 pars
1207 3290 1557 3357 computanda
1585 3292 1650 3343 sit
1674 3302 1726 3344 et
1752 3292 1897 3357 regio

323 3390 561 3434 materna
604 3398 617 3432 :
660 3380 757 3433 nisi
802 3391 1004 3448 poetas,
1036 3389 1091 3433 et
1120 3394 1240 3433 cum
1270 3380 1337 3432 ab
1362 3379 1580 3433 hiStoria
1614 3398 1717 3434 non
1751 3396 1897 3436 rece-

324 3476 493 3541 dunt,
544 3473 758 3526 mentiri
788 3473 1139 3527 existimabis.
1174 3472 1333 3541 Igitur
1363 3473 1583 3527 Arverni
1624 3477 1666 3527 si
1698 3476 1898 3543 portio-

323 3581 441 3619 nem
469 3566 542 3616 tui
575 3563 749 3617 saltim
781 3563 1151 3632 vicissimjure
1180 3564 1276 3617 sibi
1306 3563 1592 3626 vindicant,
1639 3568 1899 3631 patienter

324 3657 540 3710 admitte
589 3655 973 3721 querimoniam
1032 3654 1458 3718 desiderantum;
1517 3657 1604 3724 qui
1649 3657 1739 3709 tibi
1805 3674 1899 3721 per

328 3750 479 3802 unius
507 3766 561 3801 or
576 3747 621 3800 is
650 3748 753 3800 tnei
786 3746 1019 3800 oflirium
1051 3786 1067 3811 ,
1113 3762 1216 3799 non
1262 3746 1419 3799 unius
1462 3747 1690 3814 pecteris
1722 3747 1900 3815 profu-

324 3840 451 3894 dere
497 3852 629 3891 secr-
654 3845 787 3890 tum.
822 3836 965 3902 Quos
1016 3837 1189 3903 palam
1238 3850 1288 3889 et
1316 3849 1496 3889 coram
1528 3836 1704 3891 dicere
1738 3850 1895 3905 puta:

324 3929 456 3994 Quid
506 3930 559 3981 in
614 3938 665 3980 te
711 3928 833 3979 mali
880 3934 1117 3988 tantum,
1162 3930 1387 3995 ingrate,
1416 3929 1805 3993 corntriisitntts,
1842 3940 1898 3982 ut

328 4036 419 4085 per
447 4030 527 4072 tot
556 4031 727 4070 annos
756 4016 1025 4085 quondam
1057 4017 1273 4069 bumnm
1315 4018 1555 4073 altricem
1590 4036 1727 4073 nunc
1759 4021 1903 4074 velut

327 4111 591 4164 hosticum
619 4108 794 4163 solum
822 4107 1025 4177 fugias?
1062 4107 1158 4161 llic
1184 4107 1497 4163 incunabula
1528 4118 1613 4163 tua
1642 4112 1899 4179 fovimus;

400 4268 621 4322 lllleilui
667 4267 918 4321 Arvernis
964 4272 1023 4318 ut
1072 4266 1288 4319 sedibus
1344 4267 1559 4331 vicinis,
1606 4270 1675 4321 ita
1721 4271 1904 4326 multis

328 4356 471 4406 εποιιε
505 4341 723 4407 privatis
756 4357 800 4399 ιιι
828 4336 1079 4401 blicisqne
1099 4336 1385 4407 foederibus
1409 4338 1698 4405 conjuncti.
1719 4340 1901 4395 Fidem

333 4413 395 4461 far
418 4405 680 4462 iat’vetus
721 4423 809 4458 ara
844 4420 1170 4468 marmorea,
1204 4421 1318 4472 quae
1347 4405 1516 4460 Genio
1544 4408 1902 4465 Arvernorum

2001 3215 2142 3265 tura,
2178 3202 2319 3270 quod
2347 3198 2623 3255 crebrius?
2646 3198 2776 3253 Nam
2806 3198 3053 3253 dominus
3079 3200 3310 3269 agricola
3337 3203 3379 3255 si
3410 3203 3572 3257 larem

2001 3294 2086 3347 liic
2117 3294 2309 3356 foveat,
2340 3292 2416 3345 sic
2442 3290 2564 3343 facit
2586 3298 2874 3357 sumptum,
2897 3291 3034 3358 quod
3068 3298 3225 3360 anth
3247 3300 3301 3345 et
3326 3293 3572 3346 reditum.

2001 3385 2128 3438 llaec
2153 3398 2288 3437 unus
2318 3382 2408 3435 tibi
2441 3381 2701 3446 omnium,
2731 3389 2877 3434 certe
2908 3381 3165 3433 bonorum
3201 3382 3394 3435 iiviuni
3428 3394 3572 3446 voto,

2000 3476 2184 3542 petitu,
2210 3473 2328 3524 vice
2354 3470 2563 3539 garrio:
2584 3467 2674 3536 qui
2705 3483 2823 3519 cum
2856 3476 3000 3519 tanto
3033 3467 3232 3521 bonore
3257 3478 3307 3521 te
3335 3482 3573 3536 poscant,

2003 3575 2147 3619 tanto
2189 3577 2372 3614 amore
2400 3560 2739 3621 desiderent,
2781 3558 3005 3625 intelligi
3031 3558 3207 3621 datrrr,
3251 3560 3427 3628 gaudii
3459 3563 3576 3627 plus

2002 3664 2073 3721 te,
2104 3654 2229 3708 dum
2262 3651 2448 3706 tribuis
2476 3650 2614 3718 quod
2649 3648 2871 3715 rogaris,
2897 3658 3284 3703 assecuturum.
3321 3650 3465 3705 Vale.

2523 3738 2851 3792 EPISTOLA
2894 3737 3055 3791 XXII.

2350 3832 2594 3887 Sidonius
2622 3828 2648 3867 δ
2684 3831 2837 3884 Leoni
2864 3846 2953 3883 suo
2984 3832 3216 3887 salutem.

2078 3926 2171 3981 Vir
2211 3922 2529 3992 magnificus
2560 3922 2847 3989 llcsperius
2874 3963 2888 3987 ,
2934 3937 3139 3988 gemma
3169 3936 3455 3975 amictum.
3489 3924 3575 3977 Iit-

2007 4031 2348 4086 terarutnque
2373 4058 2385 4077 ,
2434 4031 2601 4082 nuper
2632 4016 2759 4067 urbe
2807 4029 2927 4066 cum
2959 4014 3112 4066 rediit
3143 4030 3172 4066 c
3202 4015 3527 4067 Tolosatium
3561 4061 3573 4081 ,

2010 4113 2301 4183 prmcipere
2330 4118 2380 4162 te
2402 4107 2555 4173 dixit,
2590 4117 2645 4158 ιιι
2674 4105 3016 4171 epistularum
3044 4121 3244 4164 turam,
3265 4106 3371 4171 jam
3403 4109 3585 4160 termi-

2011 4268 2251 4326 vet'sibus
2282 4272 2436 4319 ornat
2465 4263 2515 4316 in
2553 4262 2870 4331 panegyrico
2901 4260 3058 4331 Aviti.
3091 4258 3269 4331 Certat
3300 4262 3440 4312 enim
3476 4262 3576 4314 Lce-

2012 4340 2201 4394 manici
2232 4336 2342 4402 agri
2373 4337 2649 4388 amrenitas
2678 4329 3187 4410 cri_m._f_ec_und_itate.\
3223 4329 3324 4384 Sed
3342 4335 3575 4410 amanti-

2014 4410 2138 4462 tatis
2186 4399 2377 4458 famam
2420 4413 2679 4457 testantur
2714 4402 3035 4453 Ciiiltleberti
3083 4399 3219 4465 regis
3245 4399 3427 4464 verba,
3463 4417 3581 4468 flll‘l‘.

331 4496 357 4531 a
389 4480 550 4533 Suavi
582 4478 848 4543 quondam
898 4474 1075 4529 [Edun
1108 4469 1297 4542 posita,
1330 4475 1382 4529 in
1418 4477 1681 4546 lticomagi
1713 4492 1909 4534 nostra:
1940 4488 1986 4545 Ι)
2015 4479 2201 4533 recitat
2228 4476 2537 4541 Gregorius,
2575 4481 2629 4524 rt
2659 4473 2769 4546 ipse
2801 4474 3089 4546 Arvernus.
3126 4469 3214 4521 lib.
3249 4484 3325 4529 111⁹
3355 4484 3472 4546 cap.
3506 4472 3574 4523 9:

330 4552 637 4604 suburbano
656 4546 1003 4601 Mausiacensi
1034 4546 1281 4600 eteriobio
1312 4554 1479 4599 restat
1507 4549 1585 4601 bis
1618 4549 1793 4602 verbis
1820 4568 1834 4603 :

761 4658 965 4715 GENIO
998 4658 1473 4714 ARVERNORUM

772 4729 926 4786 SEX.
959 4728 1202 4783 OBCIUS
1242 4730 1486 4785 SUAVIS

991 4798 1264 4855 EDUUS.

400 4892 429 4931 δ
461 4894 555 4947 Hic
581 4892 719 4945 idem
754 4890 922 4944 \ideri
949 4899 1143 4959 potest,
1174 4890 1316 4960 quod
1344 4904 1449 4945 non
1488 4890 1642 4946 facile
1672 4892 1909 4945 affirma-

338 4964 471 5027 rim,
522 4962 722 5017 Fronto
774 4976 987 5025 comes,
1036 4962 1244 5029 gemina
1289 4962 1554 5030 legatione
1596 4963 1806 5016 functus
1842 4962 1907 5015 ad

338 5034 543 5086 Suevos
586 5034 639 5085 in
697 5031 1001 5100 Hispaniam
1030 5074 1044 5095 ,
1090 5030 1318 5099 primum
1370 5032 1468 5084 sub
1505 5031 1907 5098 Valentiniano,

335 5105 533 5156 deinde
584 5104 684 5155 sub
729 5100 906 5153 Avito.
953 5099 1239 5172 Utriusque
1284 5102 1526 5172 meminit
1566 5102 1668 5172 51
1721 5103 1914 5155 ldatius

337 5182 553 5225 noster:
580 5173 769 5238 prioris
796 5186 937 5222 anno
970 5170 1027 5224 Η
1061 5170 1319 5230 Martiani.
1349 5170 1667 5238 posterioris
1691 5172 1917 5225 triennio

335 5253 475 5310 post,
513 5242 595 5293 his
622 5242 795 5294 verbis
835 5257 849 5293 :
888 5238 986 5310 Per
1016 5240 1213 5291 Avitum
1236 5241 1514 5308 Augustum
1536 5239 1733 5295 Fronto
1755 5258 1918 5295 comes

335 5309 535 5380 legatus
566 5312 778 5363 mittitur
800 5311 865 5361 ad
891 5309 1081 5363 Suevos
1098 5326 1117 5363 :
1134 5310 1362 5362 similiter
1382 5321 1428 5362 et
1456 5328 1486 5362 a
1506 5327 1621 5379 rege
1642 5311 1919 5364 Gothorum

340 5382 677 5441 Theuderico,
710 5382 828 5449 quia
855 5381 992 5449 [idus
1024 5380 1251 5432 Romano
1279 5391 1404 5432 esset
1434 5382 1643 5450 imperio
1671 5396 1688 5434 :
1716 5393 1769 5434 ut
1798 5384 1916 5450 quia

340 5469 441 5505 uno
469 5460 631 5504 essent
654 5451 795 5521 pacis
822 5452 1008 5521 [cedere
1035 5450 1278 5521 copulati,
1296 5453 1421 5520 jura
1450 5452 1651 5520 [aderis
1671 5456 1918 5521 promissa

338 5531 615 5574 servarent.

414 5602 438 5630 ο
464 5591 737 5646 InferiOris
770 5590 1038 5644 Arvernize
1087 5598 1305 5655 nostrai,
1334 5605 1453 5659 qum
1484 5592 1734 5657 peculiari
1765 5608 1922 5644 voca-

341 5662 470 5717 bulo
518 5665 751 5718 Lemaire
796 5662 961 5716 dicta.
1012 5660 1175 5724 llujns
1213 5663 1509 5717 ubertatem
1550 5666 1729 5717 tnu'tis
1760 5668 1919 5718 etiint

2018 4550 2215 4606 Dicere,
2249 4538 2439 4609 inquit,
2472 4552 2576 4593 erat
2604 4541 2779 4593 solitus
2800 4556 2922 4599 rex,
2958 4538 3117 4589 Velim
3152 4555 3376 4608 unquam
3406 4541 3582 4591 Arver-

2016 4633 2133 4670 nam
2156 4614 2446 4673 Lernaneni,
2471 4627 2584 4681 qua?
2614 4618 2767 4662 tanta:
2784 4609 3121 4678 jocunditatis
3145 4610 3309 4677 gratia
3338 4612 3586 4679 refulgere

2012 4688 2219 4746 dicitur,
2251 4683 2408 4735 oculis
2437 4695 2655 4733 cernere.

2086 4756 2111 4792 ά
2131 4752 2448 4808 Consiliariu
2475 4750 2645 4819 Eurici
2680 4748 2819 4819 regis
2848 4747 3163 4810 Gothorum,
3192 4756 3247 4801 et
3278 4750 3414 4801 ve'ut
3445 4766 3589 4817 qum-

2016 4826 2144 4879 Stori
2176 4844 2189 4876 :
2227 4826 2325 4875 ltoc
2353 4822 2493 4875 enim
2516 4818 2823 4888 Signiﬁcant
2863 4834 2980 4885 qua:
3022 4819 3086 4871 ad
3126 4819 3369 4870 eumdem
3402 4820 3588 4873 scribit

2018 4896 2113 4949 lib.
2152 4909 2278 4956 vni,
2315 4892 2469 4958 epist.
2512 4894 2563 4944 '5.
2596 4891 2834 4955 Quantus
2874 4900 3126 4957 pra-terea
3166 4889 3245 4939 vir
3285 4888 3442 4941 fuerit
3481 4890 3589 4943 elo~

2016 4965 2251 5035 quentiae
2284 4957 2361 5015 ae
2383 4967 2601 5035 poetica!
2640 4961 2830 5035 studiis
2848 5001 2872 5035 ,_
2901 4957 3370 5035 jttrisqtre__civilis_
3395 4959 3591 5035 eximia

2017 5027 2355 5101 cognitione,
2387 5027 2815 5101 inultisﬁpassim
2863 5027 3276 5101 locisprteilicat
3314 5028 3587 5101 Sidonius.

2019 5097 2150 5159 Ιιὲιη
2192 5102 2466 5157 Ennodins
2503 5101 2553 5154 itt
2587 5100 2702 5152 Vita
2756 5100 2905 5166 Epipl
2930 5099 3033 5149 anii
3066 5140 3080 5161 ,
3130 5098 3197 5152 de
3238 5097 3394 5165 bttjtts
3433 5113 3592 5165 agi-trs

2020 5174 2284 5243 legatione
2318 5173 2382 5224 ad
2424 5170 2677 5243 Euricnm
2713 5186 2725 5220 :
2764 5168 2925 5229 Erat,
2971 5168 3166 5235 inquit,
3199 5184 3264 5243 ea
3303 5179 3592 5243 tempestate

2024 5235 2349 5297 covnsiliorum
2383 5240 2627 5308 principis
2658 5248 2703 5291 et
2734 5244 3021 5292 moderator
3051 5248 3095 5291 et
3129 5239 3335 5300 arbiter,
3376 5235 3472 5308 Leo
3503 5253 3593 5308 nn.

2026 5316 2178 5379 mine,
2207 5328 2352 5379 quem
2385 5306 2479 5381 per
2509 5310 2806 5379 eloquentia'
2844 5310 3074 5381 ωσι-111111
3111 5323 3207 5357 non
3238 5322 3337 5355 uim
3358 5306 3469 5372 jam
3509 5306 3595 5381 111·-

2024 5378 2579 5449 ειαηιὲιιὸοηιιηίῃαιηιη
2600 5378 2888 5447 susceperat
2909 5394 2925 5430 :
2948 5378 3030 5446 qui
3051 5392 3163 5449 eum
3193 5390 3387 5449 summa
3409 5378 3595 5449 gaudio

2026 5456 2297 5506 adventum
2332 5443 2587 5519 pontiﬁcis
2628 5443 2870 5502 indicavit
2914 5443 3103 5499 notitiir
3132 5443 3366 5511 publirar.
3408 5446 3511 5519 Sed
3542 5455 3596 5519 et

2026 5534 2297 5591 superstes
2330 5515 2524 5575 Eurico
2554 5521 2691 5583 Leo;
2734 5519 2871 5591 idem
2906 5528 3113 5591 quoque
3154 5515 3514 5591 munusﬁobiit
3546 5517 3596 5591 in

2028 5582 2145 5647 auia
2172 5593 2363 5647 Alarici
2395 5592 2487 5645 ﬁlii
2526 5609 2537 5643 :
2577 5582 2728 5653 cujus
2758 5589 2878 5639 item
2918 5582 3252 5655 consiliarius
3279 5598 3307 5636 a
3340 5582 3597 5655 Gregorio

2032 5665 2223 5719 dcitur
2248 5664 2337 5717 lib.
2371 5678 2385 5715 1
2422 5660 2813 5719 Miraculurum,
2845 5670 2942 5724 cap
2996 5654 3083 5707 92.
