3910 6172
314 229 412 285 527

1558 221 1797 278 SIDONH
1836 222 2291 279 APOLLINARIS

3458 233 3556 291 59.8

312 345 453 400 natis
482 344 630 399 libris
655 358 836 399 earum
861 383 877 409 ,
918 349 1351 396 converteremus
1376 339 1443 393 ad
1482 339 1677 410 stylum
1711 339 1881 395 bisto—
1909 342 1961 402 Α
1989 357 2205 413 monum
2237 343 2388 410 copia
2438 342 2686 413 impletus
2713 351 2861 412 ante,
2894 357 3032 398 nunc
3062 357 3263 411 rerum,
3294 358 3400 399 non
3429 347 3553 401 reli-

312 441 428 490 ritc.
478 435 796 491 Reverentia
846 447 1082 497 summa,
1134 446 1345 486 summo
1386 440 1441 485 et
1468 431 1690 494 affectu,
1726 432 1882 509 119

310 529 471 582 talem
506 535 665 595 atque
694 534 889 578 tantam
920 523 1238 578 sententiam
1271 521 1565 590 amplector
1592 538 1605 574 :
1631 521 1879 592 idoneum

309 618 506 685 quippe
525 614 834 685 pronuntias
867 612 933 667 ad
957 628 1117 682 opera
1150 612 1376 681 majora,
1407 626 1563 680 quem
1596 611 1880 665 mediocria

311 715 468 776 putas
494 705 746 761 deserere
773 703 991 759 debere.
1020 703 1123 759 Sed
1154 703 1293 773 quod
1325 702 1598 756 fatendum
1627 710 1712 756 est
1734 741 1749 767 ,
1796 700 1880 755 fa-

310 798 465 851 cilius
510 798 681 851 audeo
727 793 1032 862 hujusmodi
1080 793 1351 861 suSpicere
1394 791 1672 860 judicium,
1720 807 1878 875 quant

309 888 583 957 suscipere
631 887 935 941 consilium.
1004 884 1109 938 Res
1154 884 1366 954 quidem
1415 883 1572 952 digna
1619 897 1777 949 quam
1828 890 1879 935 tu

307 982 552 1050 juberes:
572 979 666 1034 sed
700 995 801 1033 non
833 979 1005 1032 minus
1031 978 1187 1045 digna
1212 992 1368 1046 quam
1399 976 1619 1030 faceres.
1645 974 1882 1043 Namque

286 1082 365 1126 'ct
407 1071 695 1141 antiquitus
718 1110 735 1135 ,
785 1087 907 1124 cum
952 1068 1013 1123 C.
1047 1067 1325 1123 Cornelius
1354 1069 1417 1122 Ο.
1442 1069 1686 1137 Secundo
1728 1070 1878 1139 paria

309 1164 585 1225 suasisset,
620 1163 732 1230 ipsc
773 1160 1112 1231 postmodum
1154 1160 1294 1228 quod
1342 1160 1571 1229 injunxit
1619 1162 1874 1229 arripuit:

311 1254 470 1323 idque
501 1252 567 1306 ab
596 1251 840 1319 exemplo
882 1265 1024 1323 nunc
1068 1251 1258 1303 melius
1286 1250 1591 1320 aggrederis
1619 1266 1633 1304 :
1674 1240 1794 1319 quia
1825 1258 1881 1306 et

308 1360 408 1416 ego
439 1344 608 1398 Plinio
636 1353 693 1397 ut
724 1342 1014 1411 disc'pulus
1057 1356 1278 1411 assurgo
1305 1382 1322 1406 ,
1373 1350 1426 1395 et
1463 1352 1524 1406 tu
1556 1351 1764 1411 vetusto
1789 1357 1880 1412 ge-

307 1450 435 1491 nere
451 1433 828 1502 narrandijure
840 1432 1141 1487 Cornelium
1157 1433 1451 1497 antevenis;
1470 1433 1558 1501 qui
1574 1436 1880 1487 sazculono-

307 1535 419 1581 stro
456 1527 499 1579 si
524 1525 887 1589 revivisceret,
912 1533 1069 1593 teque
1095 1523 1265 1592 qualis
1288 1523 1341 1576 in
1366 1511 1558 1579 litteris
1578 1535 1631 1579 et
1650 1538 1879 1595 quantus

308 1618 537 1672 habeare
562 1658 578 1683 ,
617 1617 1017 1693 conspicaretur
1039 1654 1054 1677 ,
1089 1615 1248 1679 modo
1276 1615 1453 1679 verius
1478 1615 1691 1691 Tacitus
1712 1627 1873 1691 esset.

1985 433 2147 501 quisti
2176 448 2273 486 cur
2300 444 2562 499 venenato
2594 448 2774 507 morsu
2790 448 3003 505 secere.
3052 438 3224 504 Atque
3253 435 3374 490 ideo
3416 446 3469 492 te
3504 439 3557 492 in

1983 533 2257 594 posterum
2287 524 2491 578 consnli
2535 524 2768 593 utilitas,
2802 525 2975 579 audiri
3015 526 3290 595 voluptas,
3320 527 3424 596 legi
3466 542 3557 581 au-

1982 615 2201 668 ctoritas
2228 615 2350 669 erit.
2376 613 2519 669 Vale.

2408 708 2559 776 121
2582 705 2911 761 EPISTULA
2949 705 3135 759 XXI“.

2313 793 2560 848 Sidonius
2590 804 2615 831 λ
2648 794 2871 850 Proculo
2897 813 2990 849 suo
3016 796 3235 857 salutem

2054 882 2219 937 Filius
2246 892 2409 957 tuus,
2444 886 2550 938 imo
2576 886 2907 951 communis,
2939 888 3003 940 ad
3044 902 3130 941 me
3158 887 3427 951 cucurrit;
3467 888 3554 954 qui

1984 983 2036 1051 te
2078 975 2264 1029 relicto
2302 974 2593 1044 deliquisse
2632 991 2693 1031 se
2732 987 2951 1047 niteret,
2996 977 3224 1043 _obrntus
3262 980 3553 1046 pmniteudi

1984 1066 2190 1135 pudore
2220 1066 2519 1139 transfugii.
2553 1067 2715 1136 Igitur
2743 1071 2925 1127 audito
2958 1072 3127 1140 culpa:
3167 1080 3388 1135 tenore,
3430 1086 3553 1125 cor-

1987 1158 2123 1227 ripui
2167 1160 2551 1231 latitabundum
2592 1162 2769 1225 verbis
2808 1164 3033 1229 amaris,
3065 1163 3212 1216 vultu
3242 1163 3468 1227 minaci,
3501 1172 3553 1216 et

1980 1264 2099 1303 mea
2130 1249 2342 1316 quidem
2371 1266 2522 1314 voce,
2556 1251 2648 1305 sed
2677 1253 2792 1305 vice
2820 1252 3169 1321 tua:dignum
3196 1252 3550 1311 abdicatione,

1978 1352 2170 1406 cruce,
2199 1339 2353 1394 culco
2378 1341 2615 1411 clamans
2632 1383 2646 1407 ,
2683 1342 3000 1410 ert-terisque
3024 1342 3301 1411 suppliciis
3324 1343 3547 1410 parrici-

1979 1428 2209 1485 dalibus.
2233 1430 2311 1485 Ad
2330 1429 2453 1497 haec
2481 1431 2569 1485 ille
2595 1431 2847 1501 confusus
2875 1433 3119 1497 irrubuit,
3150 1432 3223 1486 nil
3257 1432 3549 1500 impudenti

1981 1522 2323 1574 cxcusatiOne
2348 1522 2665 1590 deprecatus
2692 1538 2961 1589 errorem;
3001 1524 3094 1579 sed
3123 1523 3185 1577 ad
3217 1533 3405 1578 concta
3428 1540 3551 1578 con.

1979 1614 2176 1668 victum
2201 1630 2320 1671 cum
2355 1606 2749 1689 redarguerem,
2768 1617 3105 1685 verecundiae
3130 1616 3305 1686 junxit
3331 1618 3553 1683 comites

309 1708 488 1777 Itaque
517 1716 571 1760 tu
600 1707 792 1779 molem
839 1705 1088 1759 thematis
1131 1705 1277 1758 missi
1324 1715 1470 1761 recte
1503 1708 1758 1774 Capessis,
1789 1708 1872 1761 cui
1977 1705 2258 1775 lacrymas,
2290 1705 2361 1758 ita
2393 1706 2624 1773 profluas
2667 1707 2999 1779 ubertimque
3044 1716 3337 1771 manantes,
3373 1716 3432 1759 ut
3468 1722 3551 1759 se-

306 1810 503 1867 prmter
547 1798 901 1867 eloquentiam
945 1796 1309 1866 singularem,
1358 1797 1598 1852 scientia:
1651 1799 1875 1867 ingentis

307 1904 497 1959 magna
544 1888 931 1963 opportunitas.
962 1888 1212 1954 Quatidie
1241 1904 1469 1957 namque
1498 1906 1592 1958 per
1620 1892 1876 1963 potenti:-

304 1981 424 2034 simi
467 1970 683 2033 consilia
731 1979 910 2047 regis,
962 1980 1120 2032 totius
1161 1979 1422 2034 sollicitus
1456 1981 1633 2045 orbis,
1677 1984 1875 2050 pariter

304 2070 418 2139 ejus
469 2072 678 2138 negotia
726 2078 780 2122 ct
822 2070 963 2137 jura,
991 2067 1193 2122 hedera
1240 2082 1292 2121 et
1323 2068 1483 2130 bella,
1512 2069 1650 2136 loca,
1676 2076 1871 2139 spata,

304 2159 491 2213 merita
537 2159 834 2227 cognoscis.
893 2157 1043 2228 Unde
1090 2160 1209 2227 quis
1252 2157 1447 2231 jlustins
1491 2175 1610 2212 sese
1658 2160 1723 2213 ad
1773 2162 1872 2214 ista

302 2252 821 2319 succinxerit,quam
853 2250 960 2316 ille,
991 2266 1147 2321 quem
1174 2258 1382 2304 consmt
1407 2253 1639 2318 gentium
1673 2263 1870 2321 motus,

305 2342 623 2413 legationum
668 2324 985 2404 varietates,
1032 2342 1165 2394 facta
1211 2341 1435 2406 ducum,
1470 2352 1620 2410 pacta
1650 2358 1873 2413 regnau-

304 2442 412 2485 tum
439 2471 454 2495 ,
502 2440 609 2484 tota
655 2430 882 2503 denique
915 2431 1240 2498 publicarum
1288 2446 1463 2484 rerum
1495 2440 1700 2485 secreta
1732 2431 1872 2485 didi-

303 2522 475 2578 cisse?
529 2522 724 2593 quique
768 2523 1037 2592 prmstanti
1100 2523 1302 2591 positus
1350 2523 1404 2576 in
1451 2523 1713 2589 culmine,
1766 2539 1869 2578 non

278 2631 524 2683 _necesse
564 2616 764 2691 habet,
816 2615 897 2668 vel
942 2615 1276 2683 supprimere
1304 2630 1509 2680 verum,
1547 2617 1629 2671 vel
1657 2620 1871 2670 conc'n-

303 2721 430 2765 nare
460 2705 829 2775 mendacium?
867 2704 934 2757 At
979 2716 1155 2759 nostra
1204 2705 1359 2774 longe
1401 2706 1636 2760 conditio
1664 2706 1866 2775 dispar,

300 2796 490 2866 quibus
512 2793 685 2849 dolori
717 2796 1065 2863 peregrinatio
1111 2810 1271 2860 nova,
1307 2811 1403 2849 nec
1436 2796 1551 2849 usui
1596 2796 1755 2852 lectio
1778 2813 1869 2851 vc-

300 2898 440 2943 tuSta
480 2905 491 2941 :
534 2897 644 2962 tum
693 2886 879 2955 religio
911 2886 1227 2953 professioni
1255 2898 1356 2951 est,
1398 2886 1669 2955 humilitas
1708 2904 1872 2958 appe-

300 2979 458 3042 titui,
506 2978 846 3033 mediocritas
893 2980 1234 3044 obscuritati;
1276 2994 1371 3033 nec
1418 2978 1472 3032 in
1519 2981 1868 3050 przesentibns

1977 1810 2177 1850 enarra:
2222 1797 2539 1851 correctioni
2585 1796 2738 1865 ﬁdem
2788 1784 3035 1852 fecerint.
3097 1797 3247 1867 Rogo
3297 1813 3425 1867 ergo
3478 1799 3551 1851 sis

1976 1886 2212 1941 clemens
2243 1886 2293 1939 in
2334 1900 2393 1940 se
2423 1902 2639 1940 severo:
2664 1899 2717 1953 et
2741 1888 3012 1961 dominum
3043 1903 3294 1956 sequens,
3324 1903 3427 1940 non
3458 1890 3549 1939 lia-

1976 1976 2103 2031 beas
2129 1990 2178 2031 te
2203 1976 2384 2048 judice
2408 1992 2555 2049 reum
2587 1992 2645 2030 se
2685 1978 2966 2046 proﬁtente
2993 1976 3547 2046 damnabilermquem

1974 2069 2017 2121 si
2051 2067 2282 2121 inaudita
2308 2082 2501 2136 genera
2536 2083 2807 2137 pennarum
2845 2068 3034 2138 jubeas
3065 2070 3369 2141 ineaoratus
3400 2070 3548 2137 exei-

1979 2172 2127 2226 pere,
2155 2173 2259 2211 non
2293 2167 2462 2225 potest
2491 2158 2715 2226 amplius
2747 2174 2841 2225 per
2872 2170 2922 2213 te
2950 2158 3156 2223 dolore,
3189 2174 3347 2228 quam
3371 2174 3464 2225 per
3486 2173 3549 2217 se

1975 2247 2178 2318 pudore
2204 2249 2476 2316 torqueri.
2513 2247 2702 2303 Libera
2736 2258 2878 2303 metu
2915 2249 3341 2319 desperationem
3376 2264 3545 2313 suam,

1975 2340 2141 2394 libera
2185 2340 2560 2394 conﬁdentiam
2604 2357 2809 2405 meam,
2853 2351 2907 2395 et
2945 2342 3156 2410 pictatis
3190 2352 3428 2413 paterna:
3456 2358 3547 2397 nc-

1973 2433 2258 2495 cessitate,
2302 2432 2346 2485 si
2388 2432 2524 2485 bene
2563 2434 2909 2500 interpretor,
2959 2442 3010 2487 te
3050 2448 3261 2503 quoque
3290 2434 3539 2495 absolve,

1972 2522 2062 2591 qui
2100 2520 2378 2575 conﬁceris
2422 2522 2660 2587 occulto,
2711 2522 2848 2587 quod
2896 2521 3032 2575 ﬁlius
3072 2523 3282 2591 publico
3321 2537 3546 2578 maerore

1972 2610 2283 2666 conﬁcitur:
2308 2612 2390 2673 cui
2420 2610 2608 2666 fecisse
2639 2628 2722 2665 me
2752 2622 2963 2667 constat
2998 2613 3279 2683 plurimum
3309 2614 3545 2681 injurias;

1972 2703 2015 2755 si
2046 2709 2100 2755 tu
2134 2712 2308 2775 tamen
2340 2703 2425 2756 vel
2464 2718 2647 2771 parum
2683 2704 2872 2757 ieceris
2907 2722 2920 2758 :
2952 2721 3107 2774 quam
3137 2717 3281 2760 certe
3306 2719 3360 2760 ut
3392 2723 3545 2777 spero

1973 2808 2077 2848 non
2107 2794 2287 2859 facies,
2327 2794 2429 2849 nisi
2456 2796 2688 2863 scopulis
2716 2795 2902 2850 durior
2930 2798 3112 2867 duras,
3143 2809 3235 2852 aut
3262 2800 3545 2871 adamanti-

1971 2885 2068 2939 bus
2115 2884 2334 2954 rigidior
2380 2901 2691 2971 perseveras
2755 2877 3152 2942 insecabilibus.
3204 2889 3344 2958 Ergo
3390 2889 3438 2944 si
3481 2889 3547 2943 de

1972 2976 2210 3031 moribus
2243 2977 2347 3030 tuis
2369 2977 2539 3045 deque
2566 2978 2812 3032 amicitiis
2838 2984 2982 3045 juste
3009 2980 3227 3034 meliora
3252 2996 3543 3051 prtcsumo,

302 3071 376 3125 rei
407 3080 629 3139 tantum,
664 3080 920 3137 quantum
966 3070 1016 3123 in
1048 3070 1238 3123 futuris
1285 3071 1396 3139 spei
1425 3071 1675 3127 locatum.
1894 3052 1941 3113 ϐ
1971 3077 2221 3121 excusato
2254 3068 2512 3136 propitius
2541 3069 2757 3140 indulge
2781 3088 2794 3122 :
2814 3086 2970 3141 quem
3192 3072 3545 3131 reconcilians

302 3161 572 3216 Postremo
620 3159 841 3229 languor
897 3159 1304 3228 impedimento;
1357 3161 1573 3228 jamque
1615 3162 1699 3215 vel
1746 3176 1868 3216 sero

299 3260 513 3321 propter
562 3249 702 3302 hunc
752 3248 925 3319 ipsum
975 3248 1176 3303 desidia
1219 3249 1367 3306 cordi
1415 3267 1668 3321 asquteva.
1712 3252 1867 3307 Certe

293 3344 401 3411 jam
432 3355 589 3408 super
616 3338 802 3392 stmliis
835 3339 973 3392 nulla
1013 3340 1128 3392 laus
1156 3356 1319 3407 utrm,
1350 3341 1442 3417 sed
1490 3356 1557 3417 ne
1585 3341 1864 3409 postituma

292 3430 503 3500 quidem
526 3448 541 3483 :
563 3432 825 3500 pran-ipue
870 3431 1093 3500 gloriam
1125 3431 1280 3487 nobis
1312 3414 1522 3501 parvam
1550 3432 1615 3502 ab
1647 3433 1861 3486 historia

294 3530 476 3589 petere
523 3522 740 3585 ﬁxum;
801 3521 919 3589 quia
971 3536 1065 3590 per
1112 3520 1351 3575 homines
1394 3522 1657 3589 clericalis
1700 3521 1862 3576 ol‘ﬁ.ii

297 3614 575 3671 temerarie
602 3624 783 3667 nostra
806 3651 822 3675 ,
852 3612 1115 3680 jactantcr
1140 3612 1308 3666 aliena
1328 3653 1342 3677 ,
1395 3613 1656 3685 praeterita
1689 3613 1860 3668 infru-

291 3712 477 3758 ctuose
505 3748 517 3769 ,
564 3704 847 3772 praesentia
891 3703 1188 3771 semiplene
1214 3743 1227 3767 ,
1258 3705 1483 3770 turpiter
1511 3703 1644 3757 falsa
1668 3745 1682 3768 ,
1721 3707 1861 3773 peri-

290 3794 471 3848 culose
512 3809 635 3846 vera
676 3794 942 3845 dicuntur.
986 3793 1078 3845 Est
1124 3794 1266 3847 enim
1315 3776 1612 3862 liujnsmodi
1657 3788 1854 3861 thema,

292 3886 370 3937 vel
421 3897 593 3951 Opus,
645 3882 696 3934 in
745 3897 850 3949 quo
897 3883 1153 3936 bonorum
1197 3883 1242 3936 si
1287 3883 1368 3937 fac
1389 3899 1446 3937 as
1489 3885 1853 3955 luctationem,

293 3972 495 4027 modica
536 3971 703 4041 gratia
750 3978 995 4038 paratur;
1033 3973 1075 4023 si
1116 3970 1452 4037 notabilium,
1497 3976 1728 4027 maxima
1769 3977 1854 4027 ol-

299 4065 458 4118 rensa.
508 4061 599 4115 Sic
640 4076 699 4114 se
744 4060 834 4113 ille
876 4060 1116 4128 protinus
1143 4062 1361 4116 dict'oui
1392 4064 1575 4125 color,
1617 4067 1854 4132 odorque

290 4155 548 4224 satyricus
584 4153 863 4207 admiscet.
899 4153 1043 4206 ilicet
1081 4154 1300 4220 scriptio
1349 4154 1600 4209 historica
1645 4157 1852 4211 \idetur

288 4245 476 4299 ordine
504 4258 531 4297 a
572 4253 755 4298 nostro
787 4241 1010 4296 multum
1040 4242 1357 4311 abhorrere,
1389 4243 1538 4310 cujus
1584 4245 1851 4316 inchoatio

289 4336 504 4400 invidia,
542 4334 874 4389 continuatio
906 4333 1073 4396 labor,
1104 4333 1222 4384 ﬁnis
1245 4343 1328 4386 est
1352 4332 1551 4387 odium.
1586 4335 1689 4389 Sed
1725 4346 1849 4393 tunc

290 4430 388 4481 ista
418 4426 770 4495 proveniunt,
819 4424 1031 4478 clericis
1059 4424 1102 4478 si
1133 4425 1328 4492 aliquid
1358 4426 1588 4481 dictetur
1614 4432 1846 4483 auctori-
1878 4404 1929 4464 θ

293 4519 387 4575 bus
412 4560 426 4585 ,
478 4517 567 4585 qui
616 4518 909 4571 colubrinis
935 4517 1316 4572 oblatratorum
1348 4517 1639 4583 molaribus
1666 4520 1775 4583 ﬁxi,
1803 4524 1846 4576 si

290 4607 412 4675 qttid
457 4606 768 4673 simpliciter
815 4594 1072 4674 edamus,
1126 4608 1326 4672 insani;
1380 4608 1423 4662 si
1468 4610 1590 4677 quid
1627 4622 1843 4678 exacte,

292 4712 546 4751 vorantur
573 4697 981 4764 prtesmnptiosi.
1012 4700 1078 4751 At
1114 4698 1159 4752 si
1192 4709 1245 4752 ιιι
1276 4700 1419 4768 ipse,
1449 4702 1530 4754 cui
1561 4702 1738 4756 datum
1770 4715 1852 4758 est

285 4787 510 4843 saltibus
530 4787 632 4855 glo:
649 4786 711 4838 ia:
736 4797 1005 4853 proterere
1030 4802 1184 4854 posse
1201 4790 1436 4851 cervices
1454 4793 1846 4860 vituperonum,

286 4893 377 4932 seu
406 4891 808 4944 supercurrere,
841 4880 1071 4930 materiae
1108 4878 1259 4933 istius
1298 4881 1467 4938 libens
1507 4886 1832 4951 provinciam

288 4967 539 5024 sortiare:
566 4983 721 5021 nemo
753 4976 804 5022 te
830 4967 1024 5022 celsius
1052 4970 1348 5037 scripserit,
1378 4987 1535 5027 nemo
1554 4976 1842 5046 antiquius,

284 5061 442 5113 ctiam
473 5061 515 5114 si
558 5060 759 5127 placeat
786 5063 1016 5114 recentia
1047 5061 1223 5130 loqui;
1264 5064 1689 5136 quandoquidem
1725 5060 1843 5127 ser?

358 5208 380 5237 ³
403 5197 650 5273 Ejusdem
688 5205 769 5250 est
808 5197 1097 5273 argumenti
1136 5199 1521 5273 (-um__epistola
1565 5201 1719 5258 Plinii
1748 5204 1839 5273 22,

284 5270 374 5322 lib.
418 5265 505 5331 lll,
543 5268 641 5321 nisi
684 5265 822 5327 quod
865 5266 1066 5318 Plinius
1110 5283 1203 5334 pro
1260 5265 1453 5323 liberto
1494 5265 1839 5330 Sabinianum

283 5348 585 5407 patronum,
614 5337 861 5392 Sidonius
891 5350 989 5403 pro
1019 5338 1128 5407 ﬁlio
1157 5347 1353 5404 patrem
1381 5351 1585 5394 exorat.

353 5406 378 5445 δ
404 5407 479 5480 Ex
508 5422 691 5480 eorum
722 5420 935 5480 genere,
960 5406 1170 5480 Opinor,
1193 5409 1280 5474 qui
1311 5411 1477 5480 sacris
1505 5420 1596 5465 aut
1625 5415 1840 5480 privatis

281 5477 646 5543 largitionibus
673 5476 989 5539 militabant,
1017 5485 1071 5528 et
1101 5475 1150 5528 in
1185 5476 1480 5543 provincias
1506 5494 1535 5533 a
1561 5475 1841 5540 comitibus

283 5545 433 5614 dirigi
460 5546 736 5609 solebant,
777 5545 813 5599 Ι.
845 5546 870 5599 1
903 5547 1022 5599 cod.
1053 5544 1258 5599 Theod.
1302 5547 1369 5600 de
1401 5550 1644 5607 palatinis
1670 5569 1839 5611 sacra-

283 5628 396 5669 rutu
428 5616 755 5679 largitionum
784 5626 835 5671 et
866 5630 1042 5671 rerum
1072 5618 1413 5686 priiatarum.

1970 3158 2082 3212 fore
2114 3158 2321 3212 ﬁdelem
2352 3171 2660 3214 constanter
2700 3161 2753 3216 in
2795 3172 3063 3229 j-ostcrum
3090 3158 3372 3232 spondeo;
3413 3182 3545 3234 quo-

1967 3265 2072 3320 que
2097 3251 2356 3305 velociter
2382 3254 2533 3322 culpa
2560 3240 2773 3318 soluto,
2805 3270 2905 3324 ego
2940 3256 3203 3311 beneﬁcio
3233 3258 3368 3327 ligor
3392 3275 3407 3312 :
3436 3275 3545 3312 ma-

1964 3354 2197 3410 gnopere
2222 3341 2545 3411 deposcens,
2576 3362 2679 3399 non
2719 3355 2775 3399 ut
2802 3347 3042 3416 ignoscas
3065 3349 3244 3414 modo,
3277 3364 3461 3403 verum
3490 3358 3546 3412 nt

1964 3442 2019 3486 et
2049 3435 2289 3500 protinus
2310 3476 2325 3499 ,
2371 3445 2424 3489 et
2455 3447 2810 3492 revertentem
2858 3454 2962 3493 non
3001 3440 3161 3493 domo
3194 3440 3370 3496 solum
3396 3480 3411 3506 ,
3450 3442 3544 3496 sed

1963 3532 2017 3578 et
2048 3536 2260 3595 pectore
2289 3526 2557 3595 admittas.
2590 3528 2734 3582 Deus
2762 3530 2982 3597 magne!
3023 3545 3182 3598 quam
3216 3530 3375 3584 ltetus
3405 3534 3544 3585 orie-

1965 3622 2049 3669 tur
2076 3613 2166 3668 tibi
2191 3614 2323 3677 des,
2351 3618 2475 3683 mihi
2511 3621 2753 3682 numius,
2786 3619 2996 3673 animus
3027 3620 3121 3687 illi,
3154 3636 3273 3675 cum
3306 3624 3545 3691 paternis

1961 3704 2185 3773 pedibus
2213 3706 2412 3760 aﬂusus
2438 3748 2454 3773 ,
2499 3724 2562 3761 ex
2610 3711 2702 3762 illo
2731 3725 2825 3764 ore
2856 3711 2982 3763 la~so
3003 3752 3018 3775 ,
3047 3727 3139 3766 ore
3169 3713 3390 3767 terribili
3418 3729 3544 3769 cou-

1960 3794 2150 3847 vicium
2183 3806 2521 3867 exspectans,
2554 3801 2791 3865 osculum
2818 3801 3112 3870 exceperit.
3149 3802 3296 3857 Vale.

2465 3946 2797 4003 EPISTOLA
2837 3948 3024 4003 XXIV.

2330 4055 2578 4111 Sidonius
2610 4058 2779 4112 Turno
2807 4076 2901 4112 sua
2925 4062 3159 4116 salutem.

2026 4165 2168 4221 Bene
2195 4168 2430 4232 nomini,
2464 4171 2599 4225 bene
2643 4172 2851 4241 negmio
2881 4187 2970 4226 tuo
2998 4174 3242 4244 congruit
3271 4175 3541 4235 Mantuani

1954 4253 2119 4309 illud:

2073 4346 2257 4415 'l_'ur_ne,
2278 4349 2410 4415 quod
2424 4353 2617 4415 Optantii
2631 4352 2789 4401 dirum
2809 4356 3095 4415 promittere
3116 4370 3261 4407 nemo

2074 4409 2313 4467 Auderet,
2340 4409 2571 4461 volvenda
2592 4414 2699 4463 dies
2723 4427 2785 4463 en
2804 4409 2966 4465 attulit
2992 4418 3037 4464 ul
3062 4431 3131 4468 ro.

1955 4526 2239 4583 Pecuniam
2288 4540 2440 4600 pater
2487 4542 2606 4597 tuus
2636 4536 2868 4604 Turpio,
2900 4540 2983 4593 vir
3021 4540 3364 4609 tribunitius,
3412 4559 3540 4599 mu-

1956 4628 2097 4671 tuam
2129 4621 2329 4688 pridem
2355 4664 2370 4685 ,
2415 4624 2460 4679 si
2507 4627 2805 4705 recordaris
2829 4669 2845 4691 ,
2896 4627 2927 4681 ιν
2964 4645 2994 4685 a
3024 4629 3253 4691 Maximo
3290 4632 3541 4690 Palatino

1956 4710 2279 4776 postulavit,
2334 4712 2764 4784 impetravitque;
2807 4720 2881 4774 nil
2910 4720 3125 4788 quidem
3157 4724 3277 4777 loco
3321 4724 3538 4781 ﬁducia:

1953 4805 2330 4875 pignorisque,
2379 4810 2459 4862 vel
2501 4813 2702 4878 argenti
2734 4825 3113 4883 sequestrans,
3161 4818 3244 4870 vel
3288 4818 3537 4887 obligans

1953 4896 2269 4965 prtediorum
2293 4916 2305 4951 :
2328 4899 2446 4963 sed,
2468 4912 2521 4954 ut
2556 4895 2910 4974 chirographo
2940 4908 3077 4960 far-to
3105 4906 3347 4972 docetur,
3372 4920 3536 4965 cauta

1949 4989 2235 5041 centesima
2265 4998 2346 5043 est
2368 4990 2650 5047 feneratori
2694 5013 2705 5046 :
2750 5011 2866 5065 qua)
2899 5013 2991 5065 per
3022 4999 3250 5071 bilustre'
3266 5001 3534 5075 producta

1949 5085 2157 5148 tempus
2186 5080 2397 5135 modum
2433 5092 2455 5120 ο
2480 5086 2639 5149 sortis
2666 5087 2731 5139 ad
2761 5086 2977 5156 duplum
3005 5089 3243 5147 adduxit.
3266 5078 3373 5148 Sed
3402 5108 3534 5148 cum

2025 5210 2255 5299 {psum
2298 5218 2606 5299 _centesima
2663 5220 2941 5299 duodecim
3006 5239 3253 5293 nummos
3298 5226 3537 5299 singulis

1949 5291 2102 5364 annis
2131 5291 2334 5364 peragit
2362 5291 2411 5364 in
2441 5298 2713 5364 centenos.
2759 5291 2977 5364 Fuerint
3005 5291 3135 5364 ergo
3164 5291 3535 5351 centutu'au-

1949 5351 2027 5407 rei
2058 5350 2313 5431 r[urpioni
2361 5354 2460 5431 bac
2497 5358 2610 5428 lege
2650 5356 2814 5414 dati‘a
2848 5350 3120 5418 Maximo”:
3160 5350 3319 5422 usura
3348 5368 3398 5421 in
3428 5350 3537 5423 de-

1947 5426 2195 5498 cennium
2253 5426 2506 5497 producta
2556 5426 2674 5482 cum
2733 5434 2907 5498 capite
2953 5434 3199 5493 conficiet
3261 5430 3536 5497 ducentos

1952 5492 2166 5577 vicenos
2185 5492 2976 5577 :quae‘suuimanduplnm'sortis
2999 5492 3117 5577 non
3136 5494 3309 5575 aequat
3337 5492 3532 5577 modo,

1946 5562 2040 5613 sed
2071 5571 2305 5629 superat.
2338 5563 2529 5619 Verum
2560 5562 2812 5623 S:donius
2836 5610 2851 5635 ,
2883 5582 2939 5625 ut
2966 5575 3060 5626 viri
3087 5562 3228 5628 docti
3259 5562 3531 5632 Observa:

1947 5641 2109 5695 runt,
2152 5640 2484 5690 cxcurreutis
2530 5653 2687 5704 supra
2735 5640 2953 5705 duplum
2984 5658 3206 5699 summa:
3253 5647 3533 5704 rationem
