3910 6172
298 324 394 379 553

1507 312 1825 367 EPISTULA

1939 313 1985 367 Μ
2028 312 2152 368 LIB.
2198 312 2255 367 ι’.
3411 315 3514 369 558

296 453 354 491 ex
384 437 477 488 hoc
506 433 612 499 ipSo
631 431 1143 485 consummatissima
1175 430 1266 483 tibi
1298 430 1462 498 gloria
1512 428 1831 494 repondera-
1861 429 1906 484 Δ
1938 427 2039 480 tl'a:
2089 428 2306 481 habenis
2351 427 2665 497 obsequium
2714 429 2935 497 alloquii
2981 430 3300 496 impudentis
3352 431 3509 484 item-

297 539 401 588 tnr,
428 538 543 576 nam
577 530 704 575 sats
753 521 954 575 eminet
988 520 1190 574 meritis
1227 521 1421 587 ingenii
1470 520 1707 587 proprii,
1749 517 1841 585 qui

297 618 438 668 fuerit
469 615 637 667 fautor
657 613 836 667 alieni.
878 613 1205 667 Commendo
1242 613 1541 667 Vindicium
1591 625 1840 665 necessa-

295 708 417 759 rium
445 705 591 773 129
618 718 815 763 meum,
840 704 1009 756 virum
1043 703 1371 772 religiosum,
1410 713 1463 755 et
1506 703 1730 754 levitiete
1759 701 1839 752 tli-

295 796 460 862 gnitati
477 810 628 862 quam
646 809 813 860 nuper
826 794 1070 861 indeptus
1085 806 1184 861 est,
1200 792 1833 847 aceontmodatissitnum.

294 885 382 951 Qui
405 888 531 937 meis
556 900 585 936 e
618 883 961 951 pugillaribus
994 882 1284 935 transferre
1314 899 1433 951 quae
1468 882 1705 951 jusseras
1732 896 1835 933 non

294 989 488 1039 vacans,
522 989 614 1042 pur
645 987 802 1041 quam
830 974 1050 1040 provinc
1074 988 1157 1025 am
1192 974 1306 1036 lttit,
1337 972 1422 1026 hic
1452 972 1600 1025 vobis
1641 969 1835 1038 aliquid

295 1062 562 1119 neniarum
608 1064 913 1116 munusculi
945 1063 1062 1116 vice
1091 1063 1277 1115 detulit
1310 1078 1324 1114 :
1372 1076 1670 1131 quanquam
1720 1077 1837 1128 qure

295 1163 369 1207 tua
388 1151 663 1215 sanctitas,
686 1167 898 1219 semper
919 1151 1139 1220 grandia
1173 1153 1375 1205 litteras
1395 1162 1600 1204 nostras
1620 1151 1834 1218 pra-mia

296 1252 447 1310 putes.
486 1242 691 1296 Interea
738 1244 1107 1295 necessitatem
1153 1241 1357 1309 pra-lati
1400 1241 1667 1309 portitoris
1715 1240 1839 1293 insi-

294 1349 402 1396 nuo,
433 1347 583 1399 quem
614 1334 774 1386 traxit
801 1332 902 1385 isto
930 1331 1123 1400 negotii
1157 1332 1327 1385 oborti
1374 1330 1622 1398 bipartita
1654 1331 1837 1383 condi—

294 1425 375 1477 tio.
400 1423 668 1492 Siquidem
702 1423 800 1477 hac
824 1423 1133 1476 deﬁnitione
1164 1422 1428 1489 perrexit,
1475 1431 1531 1474 ut
1565 1431 1653 1475 aut
1692 1421 1835 1475 ineat

294 1516 440 1577 litem,
467 1523 560 1566 aut
582 1513 737 1566 adeat
764 1515 1148 1568 luereditatem.
1179 1513 1309 1567 Nam
1330 1514 1573 1591 Jiatrtteli
1614 1524 1834 1582 paterno

292 1605 441 1660 ω)Ιὶὺί
468 1607 822 1673 intestatoque
850 1606 1132 1673 defuncto,
1184 1620 1275 1674 per
1309 1605 1605 1673 agnationis
1646 1620 1834 1673 prtere-

290 1699 491 1765 gativam
526 1697 815 1751 succedere
838 1709 988 1766 parat
1015 1714 1029 1763 ;
1054 1698 1154 1752 nisi
1183 1707 1358 1752 tamen
1384 1699 1573 1761 emptis
1614 1696 1831 1751 factiosa

1946 532 2080 573 mus.
2115 518 2279 586 Cujus
2315 519 2621 587 improbitas
2648 520 2728 572 vel
2756 519 2880 573 hinc
2909 523 3135 575 maxime
3162 522 3507 589 dignoscitur,

1941 609 2079 676 qmtl
2117 613 2319 664 taretis.
2354 611 2491 679 Ergo
2524 626 2590 663 ne
2619 610 2743 679 quid
2776 618 3013 677 tempore
3055 614 3102 664 Ιιι
3125 612 3355 666 stilitatis
3387 627 3511 679 age-

1941 698 2088 763 retis,
2114 700 2295 763 frater,
2325 716 2484 755 nosse
2512 717 2614 754 non
2654 702 2857 755 merui?
2894 702 3270 758 Dissimulastis
3302 704 3508 768 trepido

1940 803 2034 856 pro
2078 790 2224 841 \ohis
2273 791 2443 843 amico
2492 792 2575 843 Vel
2622 792 2959 845 securitatem
3011 792 3267 858 prodere,
3305 794 3388 846 vel
3438 795 3505 846 ti-

1938 882 2177 933 morem?
2206 880 2337 944 Quid
2366 888 2449 934 e~t
2477 880 2617 933 aliud
2636 922 2652 947 ,
2682 882 2723 933 si
2759 881 3047 950 requirenti
3080 890 3195 934 tuas
3222 883 3505 949 supprimis

1937 969 2194 1031 actiones,
2230 970 2379 1040 131
2412 986 2567 1039 quam
2609 972 2867 1039 suspicari
2908 987 3025 1025 eum
3059 972 3146 1039 qtti
3179 973 3251 1023 ttti
3292 972 3504 1027 sollici—

1937 1068 2021 1112 tus
2076 1062 2308 1127 existat,
2364 1072 2454 1115 aut
2513 1070 2660 1116 certe
2711 1078 2815 1115 non
2865 1063 3165 1131 gavisurum
3215 1063 3504 1131 compertis

1939 1151 2239 1219 p'OSpet-is,
2282 1164 2368 1205 aut
2415 1154 2652 1220 tri~tem,
2695 1154 2738 1206 si
2783 1154 2991 1207 diversa
3047 1153 3342 1216 cesserint,
3394 1169 3500 1206 non

1938 1244 2202 1296 futurum?
2241 1244 2491 1298 FaCessat
2532 1244 2643 1297 haec
2674 1259 2702 1296 a
2743 1244 2894 1297 bonis
2940 1244 3175 1297 moribus
3216 1244 3503 1311 impietatis

1938 1332 2143 1401 opinio,
2177 1343 2231 1387 et
2266 1349 2295 1387 a
2337 1334 2569 1387 candere
2607 1348 2705 1387 suo
2748 1348 2871 1387 vera
2910 1333 3104 1387 caritas
3143 1348 3346 1386 nmvnm
3394 1342 3498 1385 tam

1935 1425 2144 1479 misera:
2193 1425 2511 1491 suSpicionis
2555 1425 2811 1479 eliminet.
2863 1425 3130 1492 Namque,
3183 1434 3239 1478 ut
3282 1422 3500 1493 Crispus

1936 1527 2109 1569 vester
2147 1516 2402 1582 affirmat,
2455 1516 2593 1569 idem
2635 1517 2799 1580 velle,
2843 1527 3000 1584 atque
3045 1514 3184 1570 idem
3231 1515 3392 1579 nolle,
3436 1531 3497 1568 ea

1932 1604 2147 1658 demum
2197 1606 2346 1659 firma
2384 1607 2613 1659 amicitia
2657 1614 2758 1659 est.
2805 1606 3007 1658 Interea
3056 1606 3096 1657 si
3142 1605 3223 1657 vel
3268 1620 3363 1658 vos
3406 1620 3498 1658 va-

1936 1697 2084 1761 letis,
2144 1699 2277 1750 bene
2338 1707 2437 1750 est.
2495 1697 2604 1765 Ego
2660 1705 2838 1750 autem
2891 1696 3113 1750 infelicia
3158 1695 3498 1749 consci'ntia:

288 1787 354 1838 vis
372 1784 786 1840 obviet.Coutra
816 1804 947 1856 quas
991 1798 1165 1841 tamen
1208 1799 1429 1842 cunctas
1471 1788 1830 1851 difficultates,
1868 1771 1911 1831 Β
1940 1789 2075 1841 mole
2101 1790 2407 1853 depreSsus,
2442 1788 2491 1842 vi
2525 1788 2746 1842 febrium
2786 1804 2953 1857 nuper
2982 1797 3274 1841 extremum
3313 1784 3498 1837 salutis

286 1877 413 1930 solus
441 1886 565 1944 pust
592 1893 749 1946 opem
775 1878 972 1933 Chiisti
1024 1880 1249 1948 supplici
1286 1891 1376 1932 tuo
1413 1878 1612 1932 sufﬁeis
1643 1894 1655 1929 :
1685 1876 1835 1943 cujus

285 1968 495 2030 confido,
535 1970 675 2039 quod
706 1971 751 2024 si
792 1972 1047 2025 meruerit
1089 1986 1315 2039 persona
1349 1970 1605 2040 gratiam,
1646 1984 1835 2025 conse-

283 2072 451 2127 quetur
470 2054 638 2114 causa
671 2061 968 2115 victoriam.
1014 2061 1157 2115 Vale.

835 2151 1163 2207 EI’ISTOLA
1204 2152 1265 2206 Il.

560 2244 808 2298 Sidonius
838 2243 1158 2315 Nymphidio
1187 2262 1279 2299 suo
1308 2247 1542 2299 salutem.

340 2344 361 2370 ³
390 2334 605 2389 Librum
635 2335 703 2390 de
740 2336 889 2390 Statu
919 2336 1108 2390 animae
1128 2377 1141 2396 ,
1173 2337 1339 2390 tribus
1380 2336 1731 2391 voluminibus
1768 2336 1832 2391 il-

281 2424 837 2491 Ιιιδιτειιι,1ιιειιιειιυε
875 2424 1197 2479 Claudianus
1222 2468 1236 2489 ,
1293 2426 1643 2495 peritissimus
1683 2426 1863 2480 Chri-'

280 2517 493 2571 ειίτιιιοτυ
515 2536 560 2570 ιιι
595 2518 962 2586 philosophus,
994 2528 1049 2571 et
1069 2518 1433 2587 quorumlibet
1472 2520 1672 2588 primus
1713 2534 1834 2572 ern-

279 2608 483 2662 ditorum
525 2612 648 2663 totis
678 2619 891 2664 sectatae
922 2610 1273 2679 philosophiae
1300 2612 1577 2679 membris,
1609 2612 1830 2677 artibus,

282 2702 606 2766 partibusque
636 2716 848 2755 comere
874 2713 925 2755 et
951 2704 1198 2758 excolere
1228 2705 1455 2770 curavit,
1487 2722 1675 2760 novem
1699 2723 1831 2776 quas

280 2807 439 2847 vocant
470 2793 676 2859 Musas,
698 2795 1007 2863 d.scipliuas
1044 2797 1295 2864 aperiens
1326 2812 1450 2853 esse
1472 2839 1488 2864 ,
1536 2813 1643 2853 non
1675 2797 1830 2851 fenti-

280 2899 377 2936 nas.
404 2884 645 2952 Namque
678 2891 726 2938 in
767 2887 970 2954 paginis
1005 2886 1121 2953 ejus
1160 2888 1353 2956 vigilax
1406 2889 1571 2942 lector
1601 2890 1832 2944 inveniet

279 2974 459 3027 veriora
503 2976 717 3029 nomina
747 2976 1147 3043 Camtenarum,
1179 2994 1300 3047 qua:
1349 2979 1618 3047 propriam
1666 2981 1731 3035 de
1773 2996 1831 3035 se

278 3062 361 3115 sibi
410 3066 626 3132 pariunt
682 3069 1153 3136 nuncupationem.
1218 3071 1373 3140 130
1432 3072 1541 3125 Illic
1583 3073 1725 3125 enim
1774 3082 1831 3127 et

1936 1879 2166 1941 ecce-si;
2205 1892 2253 1930 ut
2299 1888 2422 1946 pote
2457 1879 2539 1931 cui
2570 1877 2933 1947 indignissimo
2965 1885 3123 1930 tantm
3154 1876 3498 1944 professionis

1937 1968 2141 2036 pondus
2202 1971 2484 2034 inpactum
2542 1978 2621 2024 est
2668 1987 2681 2020 :
2736 1968 2826 2036 qui
2888 1970 3048 2020 miser
3095 1966 3118 2003 δ
3170 1976 3293 2020 ante
3346 1980 3495 2019 eom-

1938 2063 2117 2128 pulsus
2171 2061 2366 2117 docere
2411 2076 2570 2130 quam
2618 2061 2853 2125 discere,
2901 2068 2954 2113 et
2998 2070 3119 2112 ante
3171 2071 3497 2127 prmsumens

1936 2154 2132 2207 bonum
2188 2153 2481 2222 prwdicare
2532 2166 2689 2219 quam
2744 2153 2951 2215 facere,
3000 2160 3245 2218 tanquam
3303 2147 3497 2202 sterilis

1935 2246 2113 2311 arbor,
2156 2262 2274 2300 cum
2318 2261 2423 2301 non
2473 2245 2693 2299 habeam
2727 2258 2886 2311 opera
2933 2258 2966 2311 p
2996 2258 3028 2297 ο
3070 2244 3262 2311 pomis,
3307 2255 3497 2306 Spargo

1934 2339 2094 2393 verba
2150 2354 2247 2409 pro
2309 2336 2468 2391 foliis.
2526 2335 2675 2402 Quod
2730 2344 2921 2395 restat,
2973 2342 3145 2397 orate,
3200 2340 3260 2385 ut
3319 2345 3496 2398 Opera:

1936 2429 2160 2497 pretiunt
2212 2430 2312 2492 sit,
2355 2426 2495 2496 quod
2553 2427 2621 2478 ab
2675 2426 2875 2479 inferna
2938 2421 3317 2492 propemodum
3371 2420 3496 2472 sede

1934 2518 2287 2573 remeavimus
2320 2534 2334 2569 :
2375 2534 2441 2571 ne
2478 2518 2520 2570 si
2575 2516 2624 2568 in
2669 2513 2950 2583 praeteritis
2995 2511 3308 2567 criminibus
3348 2524 3496 2562 man-

1933 2610 2196 2671 serimus,
2238 2607 2452 2674 incipiat
2493 2606 2558 2659 ad
2610 2610 2801 2658 anima:
2842 2605 3017 2672 potius
3060 2610 3283 2655 mortem
3335 2602 3496 2669 perti-

1934 2716 2083 2766 nere,
2137 2699 2277 2769 qnod
2325 2698 2568 2752 vivimus.
2626 2695 2761 2749 Ecce
2807 2693 2944 2762 quod
2994 2694 3197 2760 agimus
3246 2690 3493 2744 indicavi-

1935 2809 2092 2857 mus;
2140 2806 2267 2847 ecce
2316 2791 2489 2845 adhuc
2535 2787 2661 2858 quid
2712 2787 2881 2856 agatis
2939 2783 3274 2853 inquirimus.
3334 2781 3419 2834 Fit
3466 2796 3494 2834 a

1935 2894 2111 2937 nostra
2161 2890 2308 2948 parte
2350 2878 2489 2948 quod
2537 2880 2680 2946 pium
2723 2886 2849 2930 est:
2892 2889 2985 2928 vos
3039 2874 3291 2942 deinceps
3341 2871 3495 2926 facite

1932 2975 2071 3043 quod
2111 2974 2333 3028 videtur.
2368 2972 2495 3025 Illud
2527 2985 2657 3025 sane
2684 2971 2827 3022 velut
2860 2968 3060 3021 Atticus
3094 2966 3239 3036 leges
3281 2965 3350 3019 ita
3389 2979 3495 3019 aere

1932 3066 2133 3120 credite
2166 3065 2387 3119 incisum
2414 3105 2429 3128 ,
2462 3076 2559 3115 nos
2597 3061 2698 3115 sub
2734 3075 2837 3129 ape
2864 3058 3058 3113 Christi
3093 3073 3361 3125 nunquam
3402 3057 3496 3110 ad-

276 3157 604 3220 grammatica
630 3157 772 3211 divid
801 3167 838 3223 t,
870 3169 923 3213 et
950 3162 1180 3215 oratoria
1206 3161 1507 3229 declamat,
1558 3172 1610 3216 et
1655 3165 1823 3217 aritlt-
1855 3130 1899 3191 ϐ
1932 3161 2186 3213 missuros
2214 3156 2410 3210 amoris
2434 3155 2740 3221 terminum,
2772 3152 2923 3222 ettjus
2951 3150 3251 3207 studuimus
3276 3149 3496 3205 fundare

278 3246 443 3299 metica
470 3257 757 3311 numerat,
799 3259 853 3304 et
891 3252 1180 3320 geometria
1223 3255 1478 3319 metitur,
1522 3265 1575 3308 ct
1628 3257 1827 3309 musica

277 3334 537 3400 ponderat,
562 3347 617 3391 et
644 3338 913 3392 dialecti=a
942 3341 1197 3408 disputat,
1229 3350 1283 3395 et
1306 3344 1590 3411 astrologia
1623 3360 1828 3411 praeno-

277 3424 375 3487 scit,
404 3435 452 3478 et
476 3426 895 3481 art-ltitccmnica
920 3432 1097 3495 sttuit,
1146 3442 1199 3485 et
1247 3433 1464 3486 metrica
1502 3433 1822 3488 modulatur.

282 3511 426 3581 Ilnjns
454 3516 702 3570 lectionis
732 3521 965 3573 novitate
995 3521 1220 3589 lzetatus,
1254 3522 1623 3592 excitatusque
1654 3533 1826 3577 matu-

279 3604 432 3672 ritate,
458 3614 653 3676 raptim
686 3611 1066 3665 recensendam
1091 3612 1639 3681 transferendamque,
1665 3624 1720 3667 ut
1752 3615 1827 3667 vi-

276 3696 431 3761 deras,
466 3700 670 3766 petiSti,
705 3710 759 3753 ut
787 3701 1014 3769 petieras
1039 3702 1366 3769 impetrasti,
1395 3703 1495 3757 sub
1538 3704 1825 3774 sponsione

275 3788 377 3839 cita:
396 3790 784 3844 redhibitionis.
808 3791 915 3846 Nec
944 3808 1028 3846 me
1050 3791 1179 3859 falli,
1207 3808 1303 3847 nec
1336 3804 1385 3847 te
1417 3794 1601 3849 fallere
1636 3794 1814 3849 decet.

276 3874 482 3947 Tempus
509 3890 595 3934 est
620 3882 953 3935 commodata
981 3883 1185 3937 restitui
1222 3898 1237 3937 :
1266 3886 1386 3953 quia
1418 3885 1554 3939 liber
1598 3886 1732 3954 ipse,
1775 3886 1819 3940 si

274 3966 466 4032 placuit,
495 3970 547 4023 de
568 3970 677 4023 buit
707 3970 962 4026 exhibere
983 3975 1314 4037 satietatem,
1340 3974 1384 4027 si
1414 3975 1703 4044 displicuit,
1726 3976 1818 4029 de-

274 4057 373 4113 huit
396 4077 610 4116 movere
632 4064 923 4118 fastidium.
955 4065 1033 4118 Tu
1053 4077 1229 4120 autem
1254 4066 1506 4135 quidquid
1553 4066 1683 4120 illud
1708 4076 1818 4131 est,

273 4148 410 4204 ﬁdem
442 4163 584 4207 tuam
616 4155 865 4209 celeriter
892 4155 1108 4210 absolve
1135 4172 1148 4208 :
1182 4172 1247 4210 ne
1278 4157 1320 4209 si
1364 4158 1643 4226 repetitum
1678 4160 1820 4215 libel-

272 4240 364 4295 lum
392 4247 557 4299 serius
588 4247 810 4303 reddere
836 4263 1009 4316 paras,
1033 4248 1374 4303 membranas
1392 4252 1566 4319 potius
1592 4252 1819 4309 videaris

272 4344 454 4401 amare,
482 4351 641 4405 quam
665 4338 889 4392 litteras.
911 4338 1064 4393 Vale.

802 4430 1127 4485 EPISTULA
1169 4431 1257 4485 Ill.

560 4520 804 4575 Sidonius
832 4523 1120 4589 Apollinari
1148 4540 1238 4578 suo
1260 4525 1497 4579 salutem.

332 4611 426 4662 Par
443 4620 553 4663 erat
574 4614 788 4679 quidem
818 4616 1182 4681 garrulitatem
1216 4627 1451 4669 nos:ram
1483 4617 1681 4671 silentii
1723 4634 1814 4672 ve-

269 4702 350 4748 stri
376 4699 563 4752 talione
602 4700 823 4755 frenari.
872 4703 975 4756 Sed
1010 4704 1259 4770 quoniam
1308 4702 1539 4769 perfecta
1595 4705 1809 4760 dilectio

270 4796 360 4836 non
390 4796 490 4839 tam
511 4789 670 4843 debet
697 4792 934 4845 recolere
956 4793 1080 4859 quid
1109 4794 1403 4846 ofticiorum
1435 4794 1625 4860 solvat,
1651 4811 1809 4863 quam

272 4878 556 4934 meminisse
576 4882 701 4950 quid
724 4882 947 4947 debeat;
972 4885 1133 4939 etiam
1166 4902 1305 4940 nunc
1336 4887 1525 4940 laxatis
1560 4904 1815 4945 verecun-

271 5004 389 5081 lluie
435 5025 554 5081 ergo
600 5026 649 5063 ttt
702 5014 1076 5075 iurisconsulto
1130 5017 1467 5070 commendat
1510 5017 1805 5074 Vindicium

268 5079 620 5155 ecclesife'suat
650 5084 960 5149 diaconum,
997 5087 1149 5155 cujus
1194 5088 1386 5141 iterum
1433 5088 1673 5141 meminit
1712 5090 1808 5144 lib.

269 5159 356 5209 vn,
382 5151 527 5214 epist.
548 5154 601 5206 4.

331 5225 355 5251 ⁸
384 5217 580 5296 I_)e_u_uo
603 5223 827 5294 ejusque
852 5234 1068 5280 auctore
1111 5224 1420 5291 Claudiano,
1456 5232 1619 5280 multa
1647 5230 1805 5296 epist.

268 5283 299 5335 2
319 5297 367 5338 ct
391 5289 443 5354 3,
466 5290 550 5344 lib.
576 5283 646 5346 tv:

332 5354 356 5434 ξ’
384 5359 684 5436 Ambrosius
707 5364 757 5417 in
787 5380 842 5436 re
869 5364 1000 5436 pari,
1027 5364 1125 5417 hoc
1146 5374 1229 5436 est
1250 5364 1299 5416 in
1327 5366 1575 5430 auspiciis
1599 5368 1807 5436 impae‘i

271 5437 601 5509 episcopatus,
633 5435 768 5509 litui
799 5435 864 5487 de
891 5434 1090 5509 Officiis
1116 5435 1473 5509 ministrorth
1508 5434 1809 5509 {Cum—jam

270 5493 597 5575 {ffuget‘c‘non
618 5506 862 5565 possimus
890 5505 1105 5572 ofﬁciunt
1130 5504 1374 5565 docendi,
1405 5506 1538 5569 quod
1569 5493 1714 5560 nobis,
1736 5526 1813 5562 re-

272 5562 549 5643 f'fgiemjlnu
596 5562 834 5637 inposuit
879 5562 1149 5627 sarerdotii
1198 5562 1528 5627 rtrcessitado.
1582 5578 1647 5628 lit
1698 5591 1815 5643 post

272 5634 361 5715 alia
392 5653 409 5715 ξ
439 5634 701 5715 Egerenint
732 5654 904 5713 raptus
940 5646 1002 5695 de
1038 5643 1369 5715 tribunalibus
1409 5657 1555 5712 atque
1588 5634 1814 5699 admini-

276 5712 508 5760 ιιι-αιιοηει
544 5713 717 5775 infulis
747 5714 814 5766 ad
842 5718 1050 5768 sarezdo
1076 5716 1195 5780 ium,
1225 5714 1401 5768 docere
1422 5730 1505 5769 vos
1530 5717 1657 5783 (αῖρὶ
1677 5720 1812 5784 quod

1928 3252 2265 3323 principium.
2290 3250 2438 3304 Vale.

2388 3340 2540 3411 132
2580 3337 2905 3394 EPISTOL.\
2947 3336 3033 3390 tv.

2245 3432 2488 3487 Sidonius
2522 3430 2788 3497 Simplicio
2823 3445 2914 3483 suo
2941 3429 3178 3481 salutem.

1998 3521 2150 3588 Quod
2181 3536 2286 3575 non
2314 3520 2489 3586 recepi
2518 3522 2711 3588 scripta
2734 3521 2820 3589 qui
2846 3519 3113 3577 miseram,
3138 3516 3340 3585 imputo
3359 3514 3493 3569 ami-

1925 3615 2084 3682 citiae,
2107 3614 2197 3669 sed
2221 3615 2415 3684 deputo
2436 3614 2553 3682 plus
2573 3613 2779 3680 pudori.
2797 3612 2946 3673 Nam,
2973 3611 3070 3663 nisi
3091 3618 3278 3677 praeter
3298 3623 3491 3675 equum

1924 3714 2163 3771 autumo,
2193 3716 2246 3775 ut
2273 3705 2520 3759 salutatio
2552 3703 2679 3757 mihi
2706 3702 2881 3758 debita
2910 3701 3350 3763 dissimularetur,
3384 3714 3489 3753 non

1927 3796 2052 3849 illud
2079 3795 2408 3849 contumacia
2430 3834 2444 3857 ,
2487 3792 2577 3849 sed
2608 3793 2923 3848 verecundia
2955 3795 3070 3846 fuit.
3101 3793 3167 3847 At
3196 3792 3238 3845 si
3270 3790 3493 3844 ulterius

1927 3887 2130 3954 pagina:
2165 3885 2417 3954 garrienti
2466 3884 2631 3938 forem
2671 3885 2902 3943 claudis.
2938 3883 3201 3952 pessulum
3238 3882 3488 3953 opponis:

1922 3976 2084 4048 quieti
2127 3976 2337 4042 quidem
2384 3983 2489 4028 tuas
2535 3989 2636 4029 non
2684 3974 2878 4029 invitus
2926 3975 3201 4042 indulgeo,
3247 3974 3338 4025 sed
3384 3988 3489 4026 non

1921 4068 2159 4139 procula
2186 4079 2238 4121 te
2270 4080 2389 4119 reos
2418 4079 2564 4119 meos
2585 4065 2922 4118 inventurum
2952 4079 3036 4116 me
3061 4077 3183 4117 esse
3211 4062 3487 4116 denuntio.

1922 4161 2052 4216 Nam
2078 4169 2237 4213 totam
2268 4156 2461 4211 silentii
2484 4154 2641 4208 vestri
2670 4153 2919 4207 invidiam
2947 4153 3077 4206 verti
3108 4166 3209 4204 non
3240 4150 3486 4217 injurium

1920 4260 2004 4307 est
2032 4251 2099 4305 ad
2127 4248 2425 4319 superbiam
2470 4246 2725 4307 liliorum,
2758 4245 2846 4313 qui
2893 4259 2951 4297 se
2989 4242 3132 4309 diligi
3163 4241 3483 4303 sentientes,

1920 4341 2185 4409 quoddam
2219 4339 2491 4407 patiuntur
2527 4338 2592 4390 de
2644 4346 2820 4389 nostra
2864 4333 3142 4387 sedulitate
3173 4328 3438 4383 fastidium
3471 4344 3483 4379 :

1920 4447 2053 4502 quos
2083 4442 2302 4484 monere
2334 4444 2428 4495 pro
2459 4427 2625 4495 patria
2657 4424 2973 4479 auctoritate
3001 4419 3238 4479 debetis,
3270 4428 3326 4471 ut
3361 4432 3490 4471 con-

1924 4532 2105 4577 tracta:
2131 4520 2265 4588 apud
2294 4535 2342 4571 ιιι
2365 4534 2389 4571 s
2419 4517 2635 4570 oll‘enste
2661 4513 3065 4568 amaritudinem
3106 4508 3284 4580 politis
3312 4508 3488 4562 allati-

1921 4614 2019 4667 bus
2051 4611 2267 4665 dulcare
2298 4624 2401 4660 non
2433 4607 2695 4659 desinant.
2731 4604 2874 4656 Vale.

2487 4689 2809 4749 EPISTUL\
2856 4693 2918 4745 ν.

2234 4790 2477 4847 Sidonius
2510 4798 2531 4827 ο
2570 4788 2790 4858 Syagrio
2817 4801 2909 4838 suo
2938 4784 3171 4836 salutem.

1989 4889 2121 4941 Cum
2154 4885 2226 4938 sis
2253 4882 2485 4937 consulis
2518 4894 2805 4949 pronepos,
2830 4878 2990 4944 idque
3017 4889 3110 4943 per
3135 4871 3340 4926 virilem
3367 4884 3489 4925 suc-

1914 5024 2022 5087 ipse
2046 5035 2146 5072 non
2174 5017 2351 5087 didici.
2378 5014 2555 5083 Itaque
2576 5013 2767 5082 factum
2789 5021 2883 5076 est,
2914 5020 2968 5064 ut
2989 5011 3132 5080 prius
3150 5011 3331 5067 docere
3356 5009 3487 5066 inci—

1916 5086 2081 5161 prrent
2107 5104 2258 5161 quam
2284 5086 2495 5161 discere.

1993 5173 2014 5197 ο
2050 5151 2246 5212 Afranii
2283 5156 2485 5224 Syagrii
2531 5154 2654 5205 olim
2699 5152 2937 5224 consulis
2969 5151 3281 5224 pronepoti,
3322 5166 3351 5201 a
3375 5165 3488 5224 _quo

1917 5233 2100 5287 etiam.
2132 5230 2222 5279 sed
2252 5218 2447 5293 genere.
2479 5234 2739 5286 materno,
2770 5239 2832 5293 ex
2860 5218 3147 5293 lilia’ortus
3167 5218 3483 5293 Tonantius,

1919 5301 2011 5353 lib.
2042 5315 2079 5365 ι,
2106 5288 2272 5362 eoid:
2297 5298 2346 5348 7.
2376 5294 2449 5347 Ad
2486 5296 2623 5346 hunc
2653 5310 2781 5346 vero
2812 5292 2997 5365 iterum
3029 5290 3209 5365 scribit
3237 5288 3326 5365 lib_.
3356 5303 3485 5365 vui,

1917 5357 2078 5438 epist:
2118 5357 2172 5421 8.
2212 5368 2414 5438 Syagrii
2468 5365 2845 5438 Lugdunenses
2890 5358 3235 5438 fllerez‘Nlﬂﬂl
3280 5357 3485 5438 Syagrii

1916 5426 2150 5494 consulis
2192 5426 2491 5498 sepulcrum
2514 5426 2799 5506 Lugduni,
2841 5429 3059 5506 epist.__l
3075 5428 3111 5506 ὶ-
3147 5426 3305 5506 hujus
3334 5426 3487 5492 libri;

1916 5521 1968 5563 et
2003 5528 2065 5564 ex
2106 5495 2288 5562 eadem
2320 5516 2477 5567 gente
2506 5495 2754 5575 Syagria,
2784 5514 2955 5575 quam
2996 5497 3240 5575 Ecclesia:
3271 5495 3485 5575 thesau-

1918 5597 2030 5633 tum
2064 5582 2289 5645 appellat
2316 5565 2586 5630 Ennoditis
2615 5565 2669 5625 in
2688 5568 3017 5645 _Epipltar_t_io,
3053 5566 3293 5633 Lugduni
3315 5565 3483 5645 _lloreo

1915 5649 2003 5703 bat
2033 5637 2505 5701 subGundobaldu
2533 5658 2655 5711 rege
2687 5637 3113 5711 Burgundionum
3137 5654 3163 5711 Ξ
3190 5638 3328 5703 apud
3351 5653 3485 5711 quos

1915 5729 1968 5774 et
2000 5720 2082 5773 hic
2129 5717 2379 5785 Syagrius
2419 5716 2471 5769 in
2515 5705 2701 5781 prétio.
2746 5709 2926 5777 Itaque
2962 5707 3104 5779 quod
3133 5705 3483 5778 Symmachus
