3910 6172
337 281 441 335 555

339 392 630 447 cessionem
680 389 1014 460 (quanquam
1060 388 1110 442 id
1154 387 1218 441 ad
1264 401 1477 441 causam
1515 386 1895 454 subjiciendam
1930 388 1979 445 Δ

339 480 510 535 minus
539 479 773 548 attinet);
801 495 921 533 cum
964 479 1039 532 sis
1080 479 1237 547 igitur
1282 494 1315 532 e
1350 480 1554 532 semine
1594 490 1791 545 poetae,
1822 479 1904 530 cui

340 575 518 641 procul
545 572 705 625 dubio
733 584 933 626 statuas
959 572 1220 627 dederant
1240 572 1463 634 litterae,
1498 573 1540 625 si
1572 571 1768 625 trabeae
1800 588 1903 624 non

340 666 609 720 dedissent
643 682 657 718 :
699 666 837 727 quod
869 667 1026 718 etiam
1067 680 1208 719 nunc
1236 666 1468 719 auctoris
1497 666 1633 717 culta
1668 665 1907 718 versibus

341 758 498 808 verba
533 763 809 819 testantur,
842 772 871 809 a
901 772 1005 823 quo
1035 756 1209 810 studia
1239 765 1593 825 posterorum,
1628 772 1694 809 ne
1726 772 1907 823 parum

340 846 551 911 quidem
574 884 591 909 ,
621 847 814 914 quippe
844 845 896 899 in
930 845 1027 898 hac
1070 855 1247 915 parte,
1276 846 1735 913 degeneraverunt
1764 862 1778 900 :
1812 847 1911 898 im-

341 950 496 989 tnane
525 946 736 995 narratu
767 946 870 997 est,
900 946 1155 1005 quantum
1193 935 1345 1004 133
1376 944 1616 1003 stupeam
1645 935 1909 989 sermonis

348 1037 399 1079 te
425 1026 727 1080 Germanici
748 1026 988 1079 notitiam
1021 1035 1164 1079 tanta
1189 1023 1444 1080 facilitate
1467 1027 1724 1095 rapuisse.
1751 1025 1909 1094 Atqui

343 1117 623 1181 pueritiam
661 1124 801 1168 tuam
834 1124 1196 1183 competenter
1222 1115 1421 1170 scholis
1460 1099 1913 1170 liberalibus'me-

344 1204 468 1256 mini
496 1204 780 1269 imbutam,
806 1214 857 1256 et
880 1218 1249 1273 saepenumero
1278 1207 1472 1259 acriter
1499 1206 1913 1274 eloquenterque

344 1293 668 1348 declamasse
701 1309 878 1348 coram
909 1302 1154 1359 oratore,
1190 1298 1320 1350 satis
1358 1294 1529 1350 habeo
1557 1308 1910 1365 compertum.

344 1390 516 1452 Atque
548 1386 661 1439 inec
703 1400 824 1439 cum
867 1387 937 1439 ita
965 1387 1106 1451 sint,
1158 1387 1313 1441 velim
1362 1388 1530 1452 dicos,
1575 1388 1714 1442 unde
1741 1389 1914 1442 subito

344 1475 637 1530 hauserunt
667 1486 878 1545 pectora
919 1487 1008 1529 tua
1052 1477 1372 1545 euphoniam
1410 1479 1583 1547 gentis
1611 1480 1828 1542 alienze;
1858 1488 1915 1532 ut

345 1566 505 1619 modo
534 1566 659 1619 inibi
695 1577 813 1633 post
834 1567 1029 1621 ferulas
1058 1568 1297 1621 lectionis
1319 1568 1660 1636 Maronianae,
1694 1582 1915 1639 pOa‘fQIIC

345 1656 653 1708 desudatam
693 1657 921 1710 varicosi
961 1658 1233 1724 Arpinatis
1259 1659 1583 1727 opulentam
1623 1661 1913 1729 loquacita-

347 1757 579 1817 temque.
612 1758 637 1785 ει
668 1751 817 1816 quasi
848 1747 875 1786 δ
898 1749 966 1803 de
998 1750 1199 1803 llilario
1223 1764 1405 1806 vetere
1433 1767 1604 1806 novus
1630 1752 1764 1806 falco
1797 1768 1916 1820 pro-
1949 1736 1994 1794 Β

346 1837 597 1907 rumpas?
626 1837 896 1893 Aistitnari
929 1840 1148 1895 minime
1189 1849 1390 1909 potest,
1422 1851 1621 1906 quanto
1649 1841 1778 1895 mibi
1814 1856 1918 1895 ca-

347 1931 578 1998 terisque
608 1931 677 1983 sit
714 1931 879 1998 risui,
912 1931 1118 1999 quoties
1159 1931 1352 1995 audio,
1392 1932 1530 2000 quod
1577 1940 1629 1985 te
1658 1941 1919 2001 praesente

345 2020 598 2074 formidet
635 2020 808 2075 facere
837 2021 1031 2088 linguae
1071 2037 1182 2075 sua:
1214 2022 1469 2076 barbarus
1509 2021 1917 2077 barbarismum.

349 2111 572 2179 Astupet
604 2110 700 2165 tibi
727 2111 980 2180 epistolas
1018 2113 1382 2181 interpretanti
1418 2127 1577 2166 curva
1619 2111 1920 2166 Germano-

346 2215 465 2253 rum
494 2210 771 2267 senectus,
809 2210 863 2253 et
890 2202 1119 2271 negotiis
1145 2203 1343 2256 mutuis
1382 2203 1640 2256 arbitrum
1668 2214 1719 2257 te
1747 2203 1920 2257 disce-

348 2301 715 2371 ptatoremque
736 2290 988 2349 desumit.
1014 2294 1195 2347 Novus
1223 2295 1653 2363 Burgundionum
1684 2294 1845 2349 Solon
1868 2295 1920 2348 in

348 2381 552 2450 legibus
580 2382 940 2447 di~serendis;
972 2398 1139 2438 novus
1169 2385 1435 2453 Amphion
1465 2384 1517 2438 in
1547 2384 1793 2447 citharis,
1825 2385 1920 2438 sed

350 2470 669 2525 tricordibus
696 2475 1079 2542 temperandis,
1108 2474 1326 2543 amaris,
1359 2474 1735 2542 frequentaris,
1762 2490 1923 2541 exrc-

348 2561 501 2628 teris,
530 2564 789 2630 oblectas,
820 2566 1055 2633 eligeris,
1082 2567 1375 2631 adhiberis,
1400 2568 1665 2632 decernis,
1697 2569 1919 2622 audiris.

352 2652 417 2704 Et
440 2667 741 2722 quanquam
769 2669 921 2723 atque
960 2657 1271 2723 corporibus
1310 2672 1373 2710 ac
1413 2671 1571 2711 sensu
1618 2657 1772 2725 rigidi
1815 2660 1923 2712 sint

348 2741 757 2813 indolatilesque
779 2784 795 2809 ,
825 2747 1217 2814 amplectuntur
1247 2748 1297 2801 in
1332 2757 1384 2801 te
1411 2747 1609 2815 pariter
1637 2754 1692 2802 et
1711 2748 1924 2803 discunt

347 2846 649 2888 sermonem
683 2834 907 2903 patrium
927 2877 941 2899 ,
974 2853 1067 2891 cor
1094 2837 1363 2892 Latinum.
1398 2838 1581 2893 ReStat
1613 2838 1712 2893 hoc
1736 2855 1919 2904 unum,

348 2924 429 2976 vir
459 2924 809 2993 facetissime,
840 2938 894 2981 ut
938 2930 1106 2983 nihilo
1131 2933 1376 3001 segnius,
1416 2933 1497 2987 vel
1524 2947 1644 2987 cum
1679 2933 1919 3000 vacabit,

349 3015 548 3086 aliquid
585 3019 797 3073 lectioni
830 3021 1007 3088 operis
1037 3022 1342 3091 impendas,
1384 3025 1755 3095 custodiasque
1784 3024 1916 3089 hoc,

351 3117 512 3173 prout
552 3123 611 3162 es
654 3108 1112 3178 elegantissimus,
1163 3122 1670 3184 temperamentum,
1721 3127 1778 3170 ut
1824 3117 1923 3170 ista
1950 3083 1996 3146 ϐ

352 3195 447 3250 tibi
476 3197 650 3264 lingua
683 3207 949 3268 teneatur,
997 3216 1065 3256 ne
1093 3201 1350 3269 ridearis;
1377 3203 1464 3258 illa
1500 3214 1836 3267 exerceatur,
1868 3214 1927 3260 ut

351 3287 548 3344 rideas.
578 3287 732 3346 Vale.

351 3572 489 3649 iib._t
527 3575 872 3649 epistularum
917 3578 1195 3649 Syagrium
1245 3580 1516 3634 consulem
1568 3592 1715 3635 trans
1763 3583 1921 3649 Alpes

352 3643 621 3719 habitasse
646 3647 940 3719 significat,
959 3643 1050 3702 'de'
1071 3649 1324 3719 Lugduno
1356 3652 1750 3719 intelligendum
1780 3643 1880 3706 est.

422 3722 448 3751 α
479 3712 666 3791 Petrus
697 3712 1009 3791 'Colvius'elt
1037 3735 1136 3772 ms.
1151 3712 1593 3775 'Clarommitetisi
1627 3738 1642 3776 :
1674 3726 1836 3791 quasi.
1859 3724 1929 3775 de,

353 3782 571 3853 Sy_agrio
597 3794 755 3838 vetere
778 3803 934 3841 novus
960 3787 1165 3840 France
1194 3792 1534 3853 prorumpvs?

422 3850 565 3925 b__$ic
586 3853 715 3925 libri
745 3856 982 3923 plerique
1011 3875 1023 3909 :
1056 3858 1143 3909 alii
1176 3850 1319 3913 varie
1345 3850 1541 3912 harilao
1576 3860 1659 3913 vel
1690 3860 1911 3925 harilio,

354 3930 410 3997 ut
440 3922 651 3997 difficile
676 3923 743 3974 sit
772 3922 1003 3997 statuere
1028 3927 1151 3994 quid
1181 3929 1509 3990 potissimum
1535 3930 1810 3997 scripserit
1840 3922 1921 3983 Si-

352 3992 562 4065 donius.
594 4003 794 4047 sensus
823 4003 927 4057 est,
958 3993 1027 4049 Ut
1047 3992 1282 4051 vid-aris
1305 3999 1432 4052 mihi
1464 4015 1524 4052 ex
1551 3992 1831 4065 avi'patria
1866 3999 1921 4053 in

352 4061 615 4115 exoticam
659 4075 918 4129 mutatus,
969 4081 1034 4118 ex
1064 4064 1262 4120 Gallica
1296 4069 1347 4121 in
1377 4061 1766 4129 Germanicam.
1801 4069 1923 4122 Pari

353 4130 609 4205 elegantia
644 4131 885 4205 Iluricius
926 4134 1016 4191 lib.
1044 4151 1091 4197 ι,
1135 4137 1290 4202 epist.
1324 4140 1357 4191 5
1385 4139 1447 4190 ad
1486 4138 1827 4205 Hesperium,
1855 4153 1924 4190 ex

352 4201 552 4275 Arione
578 4200 629 4254 in
654 4202 921 4275 Orpheum
947 4200 1377 4275 repente—mutari
1402 4207 1554 4264 dixit.
1578 4200 1675 4274 pro
1695 4222 1760 4259 eo
1781 4200 1937 4275 quod

351 4279 436 4347 est
448 4311 462 4333 ,
493 4271 707 4325 doctum
744 4271 1057 4347 subitolieri
1095 4290 1159 4327 ex
1192 4280 1408 4347 rustico.
1449 4277 1558 4347 55
1580 4271 1815 4347 Scilicet,
1848 4277 1929 4330 in-

352 4343 487 4415 quit,
509 4351 621 4415 tam
643 4344 1026 4415 consuetudinis
1043 4359 1165 4396 mea:
1185 4343 1647 4415 immemor-:q'uam
1670 4346 1930 4399 rusticita-

352 4412 415 4475 tis
436 4410 649 4485 oblitus,
678 4413 825 4485 quasi
848 4430 911 4485 ex
936 4414 1125 4485 Arione
1159 4415 1210 4465 in
1243 4410 1514 4484 Orpheum'
1534 4428 1735 4485 repente
1768 4426 1930 4468 muta-

353 4490 465 4542 tua,
502 4480 653 4556 velim
701 4482 1042 4556 disertissimis
1074 4486 1285 4556 curibus
1316 4480 1426 4537 tuis
1464 4501 1551 4539 ore
1588 4480 1797 4556 garrulo
1830 4501 1929 4539 non

352 4556 457 4600 tam
483 4549 735 4624 ofﬁciosus
753 4568 902 4624 quam
925 4553 1205 4624 iniuriosus
1227 4556 1460 4608 existere.

425 4627 449 4693 ξ
482 4618 787 4693 '_l_‘hauma_sti
823 4618 989 4683 fratri,
1019 4622 1221 4679 Sidonii
1245 4626 1662 4693 eonsanguineo.

424 4683 914 4766 {Burgundionum
957 4692 1101 4757 regi,
1142 4695 1386 4766 Clotildis
1426 4683 1653 4757 nvostraz,
1695 4702 1756 4748 ut
1787 4710 1927 4760 reor,

353 4756 510 4833 patri.
555 4755 792 4833 Quatuor
836 4759 948 4833 hoc
986 4755 1222 4833 tempore
1269 4755 1730 4829 Burgundionibus
1779 4755 1931 4833 rcges

354 4826 705 4901 imperabant,
744 4826 1138 4901 Gundqbaldus,
1169 4826 1571 4900 Gundegisclus,
1598 4826 1932 4901 Chdperiéus

352 4908 407 4947 et
452 4894 1213 4970 Gundomarus,__f;undeuci,
1265 4914 1319 4954 ut
1359 4894 1681 4970 Cregorius,
1723 4894 1817 4956 lib.
1858 4920 1927 4968 tt,

353 4980 473 5044 cap.
503 4964 593 5029 28,
624 4965 808 5032 docet,
844 4967 969 5029 filii,
1013 4968 1129 5044 ejus
1161 4971 1263 5044 qui
1304 4984 1418 5039 post
1452 4964 1829 5044 Cttndicarium
1862 4964 1928 5026 ab

355 5039 515 5109 Aetio
539 5049 772 5101 caesum,
812 5052 1029 5107 regnum
1065 5039 1451 5095 obtinuitcum
1493 5044 1664 5097 altero
1707 5041 1929 5109 Chilpe-

356 5110 467 5174 rico
497 5106 657 5174 fratre
684 5121 698 5158 :
728 5120 955 5174 quorum
984 5109 1224 5162 meminit
1246 5110 1543 5165 Jornandes
1565 5114 1618 5165 in
1644 5113 1806 5167 rebus
1826 5106 1931 5166 Ce-

357 5173 493 5251 _t_i_cis.
525 5172 706 5251 itaque
737 5172 963 5251 ambigi
988 5191 1166 5244 posset
1213 5181 1279 5235 de
1324 5191 1441 5234 ntro
1476 5183 1778 5251 Chilperico
1806 5192 1927 5251 agat

353 5242 632 5320 Sidonius,
651 5243 751 5297 nisi
775 5242 1002 5320 epistola
1014 5252 1251 5315 sequenti
1277 5242 1926 5320 tetrarebatn'appellarvet,

351 5323 592 5390 quatuor
610 5314 800 5390 fratres
834 5312 1118 5390 designans
1147 5320 1233 5386 qni
1265 5321 1419 5375 simul
1455 5312 1765 5390 regnabant.
1808 5312 1923 5377 Jam

351 5385 507 5460 quod
535 5385 890 5450 Cliilpericum
922 5384 1194 5460 bunt-non
1225 5404 1399 5457 regem
1422 5432 1435 5451 .
1481 5384 1573 5446 sud
1615 5394 1924 5460 magistrum

354 5454 581 5528 militum
607 5466 779 5528 vocat,
806 5469 1045 5528 eomorc
1068 5454 1209 5515 fas-it.
1240 5454 1342 5525 quo
1364 5454 1755 5528 Sigismnnduin
1780 5462 1927 5516 Gun-

353 5522 559 5597 dobalili
613 5524 776 5597 filium
828 5525 1063 5597 Alcimus
1109 5522 1294 5581 Avitus
1344 5522 1621 5597 patricium
1649 5572 1664 5595 ,
1711 5531 1926 5585 llilarus

354 5604 485 5712 papa
513 5591 861 5646 Gunduiciutn
889 5612 980 5648 seu
1019 5591 1366 5652 Gnudeueum
1387 5641 1401 5662 ,
1434 5611 1550 5665 aut,
1596 5591 1756 5654 ut'est
1781 5602 1920 5668 apud

419 5661 694 5712 "tandem.
724 5663 1049 5712 Cundiacnm
1085 5669 1270 5712 lmrmn
1301 5680 1527 5712 mmtimr
1557 5681 1784 5712 nun-em-
1811 5688 1919 5712 mn-

419 5661 695 5725 mandem,
724 5663 1049 5720 Cotidiacum
1085 5669 1270 5724 borum
1301 5661 1791 5740 quatuor'patrem,
1810 5661 1919 5727 ina-

1958 4387 2007 4447 D

1573 273 1627 327 Si
1640 272 1813 328 DONII
1857 269 2302 326 APOLLlNARlS
3476 262 3573 316 556

2467 382 2622 454 134
2658 382 2988 439 EPISTOLA
3029 381 3114 436 Vl.

2292 474 2539 529 Sidonius
2572 485 2594 513 ο
2628 476 2916 543 Apollinari
2941 492 3035 528 suo
3062 473 3297 529 salutem.

2082 566 2213 619 Cum
2247 568 2472 634 primum
2510 576 2669 619 a-stas
2697 565 2925 620 deceSsit
2964 576 3249 630 autumno,
3296 574 3352 619 et
3390 566 3579 619 Arver-

2014 674 2203 713 norum
2235 660 2396 711 timor
2443 660 2608 725 potuit
2650 658 3031 727 aliquantisper
3076 658 3292 711 ratione
3328 657 3590 724 temporis

2014 747 2327 815 temperari,
2359 747 2612 802 Viennam
2639 749 2761 801 veni
2797 766 2812 802 :
2843 747 2933 800 ubi
2955 746 3334 800 Thaumastum
3364 762 3577 814 germa-

2014 855 2136 892 num
2168 846 2346 901 tuum,
2383 852 2541 906 quem
2584 852 2677 905 pro
2702 837 2819 905 jure
2847 836 2931 890 vel
2960 836 3229 904 sanguinis
3264 838 3344 890 vel
3370 836 3577 902 aetatis,

2013 931 2302 986 reverenda
2354 929 2711 984 familiaritate
2762 929 3123 997 complector,
3181 927 3579 982 mmstissimum

2015 1022 2210 1076 ἰιινιιηὶ.
2243 1021 2341 1087 Qui
2372 1034 2672 1089 quanquam
2704 1019 2904 1073 recenti
2934 1018 3183 1073 caelibatu
3206 1016 3481 1087 granditer
3505 1016 3582 1070 afa-

2016 1114 2309 1176 ficiebatur,
2340 1126 2435 1179 pro
2478 1120 2533 1165 te
2571 1119 2750 1165 tamen
2782 1124 2965 1177 parum
3006 1109 3181 1163 minus
3217 1107 3408 1161 anxius
3444 1116 3579 1161 erat.

2014 1203 2257 1257 Timebat
2286 1202 2426 1255 enim
2463 1200 2887 1267 verebaturque,
2937 1212 3007 1252 ne
3046 1212 3203 1267 quam
3245 1195 3339 1249 tibi
3384 1194 3585 1250 calum-

2015 1297 2155 1348 niam
2188 1293 2341 1347 turbo
2372 1291 2704 1357 barbaricus,
2737 1299 2826 1341 aut
2855 1289 3102 1343 militaris
3122 1284 3585 1341 concinnaretim-

2013 1385 2270 1454 probitas.
2307 1383 2543 1450 Namque
2568 1381 2847 1435 confirmat
2868 1377 2896 1417 ἀ
2924 1381 3175 1448 magistro
3199 1379 3425 1432 militum
3446 1376 3586 1431 Chil-

2018 1477 2230 1543 perico,
2272 1472 2711 1528 victoriosissimo
2756 1473 2900 1536 viro,
2942 1472 3113 1526 relatu
3161 1479 3421 1525 venenato
3459 1483 3588 1538 quo-

2015 1567 2277 1633 rumpiam
2315 1566 2695 1621 sceleratorum
2727 1563 2889 1618 fuisse
2926 1574 3135 1617 secreto
3164 1562 3587 1624 insusurratum,

2018 1670 2107 1713 tuo
2152 1659 2417 1728 prtecipue
2461 1657 2797 1720 machinatu,
2837 1665 2862 1693 ε
2907 1656 3161 1723 oppidum
3189 1653 3516 1707 Vasionense
3562 1650 3582 1689 ι

2022 1750 2257 1818 partibus
2297 1749 2418 1803 novi
2450 1748 2699 1817 principis
2737 1748 3012 1817 applicari.
3054 1747 3111 1801 Si
3156 1746 3280 1813 quid
3328 1745 3451 1799 hinc
3495 1745 3586 1798 tibi

2022 1843 2231 1909 tuisque
2250 1839 2567 1908 suspicionis
2593 1838 2862 1903 incutitur,
2890 1838 3080 1905 raptim
3108 1838 3242 1892 doce
3271 1851 3494 1891 recursu
3519 1835 3591 1889 fa-

2020 1935 2304 1988 miliarium
2361 1934 2707 2003 paginarum;
2762 1948 2829 1988 ne
2878 1932 3026 1987 vobis
3078 1931 3456 1987 sollicitudinis
3502 1941 3591 1984 aut

2021 2025 2318 2093 prasentia:
2347 2039 2478 2078 mea:
2506 2023 2875 2092 opportunitas
2907 2031 3107 2087 pereat.
3144 2022 3300 2076 Cura:
3340 2021 3472 2075 mihi
3502 2035 3592 2089 pe-

2021 2114 2293 2167 culiariter
2318 2114 2443 2177 erit,
2475 2113 2518 2167 si
2550 2111 2673 2180 quid
2706 2096 2881 2166 tamen
2912 2110 3590 2174 cavendum-existimabis,

2022 2211 2079 2257 ut
2109 2212 2159 2258 te
2189 2202 2345 2257 faciat
2368 2211 2460 2256 aut
2487 2202 2651 2271 gratia
2682 2202 3257 2269 impetratarsecurum,
3288 2207 3381 2254 aut
3408 2198 3593 2269 explo-

2022 2306 2133 2349 rata
2160 2294 2433 2350 iracundia
2464 2294 2778 2349 cautiorem.
2808 2293 2959 2348 Vale.

2566 2385 2894 2438 EPISTULA
2938 2385 3043 2438 Vlf.

2316 2472 2565 2528 Sidonius
2594 2473 2906 2528 Thaumasto
2932 2492 3025 2528 suo
3053 2475 3290 2527 salutem.

2096 2572 2463 2641 lndagavimns
2495 2571 2705 2625 tandem
2728 2612 2743 2633 ,
2786 2570 2873 2639 qui
2904 2570 3042 2639 apud
3080 2579 3105 2616 ε
3144 2569 3464 2623 tetrarcham
3502 2583 3593 2623 no-

2022 2670 2189 2715 strmu
2219 2661 2457 2730 germani
2491 2662 2586 2725 tui,
2618 2668 2673 2715 et
2698 2675 2729 2713 e
2750 2660 2963 2714 diverso
2993 2659 3253 2730 partium,
3287 2660 3408 2713 novi
3442 2659 3593 2730 1-35

2028 2752 2283 2820 principis
2311 2752 2572 2806 amicitias
2594 2752 3025 2816 criminarentur,
3053 2752 3096 2803 si
3125 2761 3301 2805 tamen
3330 2751 3487 2804 fidam
3509 2765 3591 2804 so-

2022 2842 2222 2896 dalium
2252 2842 2597 2912 sagacitatem
2629 2840 2955 2896 clandestina
2983 2840 3278 2895 delatorum
3317 2855 3421 2893 non
3450 2839 3596 2895 fefelo

2025 2933 2137 2989 lere
2165 2933 2407 3002 vestigia.
2440 2932 2500 2986 lli
2532 2933 2780 2987 nimirum
2812 2941 2953 2994 sunt,
2987 2942 3044 2986 ut
3075 2931 3213 2986 idem
3242 2945 3424 2985 coram
3456 2930 3597 2998 posi-

2026 3032 2111 3077 tus
2133 3023 2346 3099 audisti,
2374 3038 2507 3091 quos
2532 3037 2589 3075 se
2611 3024 2721 3092 jam
2753 3021 2950 3077 dudum
2974 3021 3178 3090 perpeti
3205 3024 3343 3076 inter
3368 3022 3600 3075 clemen-

2029 3115 2193 3169 tiores
2240 3114 2495 3168 barbaros
2538 3113 2708 3171 Gallia
2750 3113 2935 3183 gemit.
2986 3112 3048 3166 Hi
3078 3122 3200 3167 sunt
3244 3126 3378 3181 quos
3414 3112 3604 3168 timent

2029 3205 2187 3261 etiam
2230 3206 2318 3274 qui
2349 3206 2621 3259 timentur.
2667 3206 2728 3260 Hi
2776 3215 2899 3259 sunt
2926 3220 3059 3275 quos
3112 3206 3225 3258 haec
3266 3204 3606 3273 peculiariter

2030 3297 2303 3367 provincia
2328 3306 2507 3352 manet
2530 3297 2731 3353 inferre
2754 3298 3071 3364 calumnias,
3092 3296 3303 3351 deferre
3322 3311 3607 3366 personas,

2028 3580 2250 3647 gistrum
2286 3580 2408 3633 item
2445 3579 2962 3648 militumtappellat,
2994 3579 3045 3633 in
3087 3579 3312 3648 epistola
3342 3578 3611 3634 ad‘Leon-

2031 3655 2160 3705 tium
2188 3654 2492 3716 episcopum
2520 3651 2907 3704 Arelatensem.

2102 3731 2125 3757 θ
2169 3720 2317 3785 Quod
2364 3718 2522 3772 Vasio
2573 3720 2947 3772 Vocontiorum
3006 3718 3301 3783 Pomponio
3354 3718 3504 3775 Mela
3556 3729 3610 3774 et

2028 3790 2231 3853 Plinio,
2276 3792 2510 3843 Οὐασίων
2548 3788 2855 3851 l’tolemzco.
2908 3789 3173 3842 Posterior
3215 3798 3343 3841 zetas
3373 3788 3610 3845 Vasense

2028 3860 2162 3913 dixit
2210 3874 2305 3927 pro
2341 3858 2673 3912 Vasionensi.
2722 3858 2827 3913 Sed
2869 3857 3243 3912 Vocontiorum
3299 3858 3433 3912 fines
3478 3860 3607 3911 olim

2032 3930 2083 3982 in
2133 3929 2401 3995 provincia
2447 3928 2733 3982 Viennensi
2794 3928 3048 3982 latissime
3096 3936 3393 3993 patuerunt.
3447 3927 3608 3983 Plinii

2033 4000 2197 4063 verba
2220 4010 2343 4053 sunt
2378 3999 2468 4052 lib.
2498 4014 2584 4063 nt,
2612 4014 2730 4066 cap.
2756 4000 2789 4053 4
2816 4016 2829 4051 :
2870 3997 3232 4051 Vocontiorum
3259 3998 3473 4051 civitatis
3510 3999 3611 4066 fie-

2031 4069 2218 4122 deratie
2255 4069 2356 4121 duo
2386 4069 2588 4137 capita,
2628 4067 2784 4129 Vasio
2815 4077 2864 4138 et
2901 4067 3075 4138 Lucus
3111 4069 3327 4137 Augusti
3355 4082 3377 4120 :
3412 4070 3610 4138 Oppida

2031 4153 2145 4191 vero
2170 4138 2527 4208 ignobiliaif9.
2558 4140 2627 4192 At
2653 4138 2779 4192 Luci
2810 4137 2968 4192 hodie
3010 4151 3201 4208 nomen
3242 4137 3527 4190 obscurum
3558 4147 3613 4192 et

2026 4208 2135 4273 jam
2178 4207 2303 4261 Olim
2344 4222 2374 4261 a
2419 4207 2563 4261 Fabii
2596 4208 2831 4261 Valentis
2873 4207 3107 4261 exercitu
3150 4207 3397 4260 incendio
3427 4208 3615 4261 defor~

2032 4288 2230 4332 matum
2268 4285 2451 4331 narrat
2474 4276 2691 4333 Tacitus
2732 4277 2828 4331 lib.
2868 4292 2883 4331 ι
2922 4278 3189 4331 Historiae.
3226 4275 3437 4333 Clarior.
3469 4278 3611 4331 fama

2035 4347 2179 4401 urbis
2211 4347 2461 4411 Deensis,
2493 4362 2610 4415 qua:
2649 4345 2864 4401 Colonia
2912 4346 3031 4415 Dea
3058 4350 3286 4414 Augusta
3322 4346 3612 4399 Vocontio-

2034 4432 2148 4470 rum
2172 4417 2367 4470 dicitur
2389 4416 2441 4470 in
2474 4414 2646 4484 lapide
2676 4418 2989 4470 Arelatensi.
3016 4414 3135 4469 Fuit
3163 4426 3217 4470 et
3241 4416 3385 4469 Mons
3413 4416 3611 4470 Seleu-

2030 4500 2125 4539 cus
2169 4487 2308 4541 inter
2354 4486 2547 4555 oppida
2592 4487 2999 4550 Vocontiorum,
3044 4486 3408 4554 Magnentiana
3451 4487 3611 4541 clade

2033 4556 2225 4609 nobilis
2251 4574 2263 4609 :
2296 4557 2386 4610 sed
2418 4556 2570 4624 cujus
2596 4556 2961 4622 nomenapud
3001 4570 3189 4609 omnes
3218 4556 3385 4608 ferme
3412 4555 3611 4623 depra-

2031 4635 2211 4679 vatum
2240 4635 2343 4681 est.
2376 4625 2506 4679 Nam
2540 4627 2679 4692 apud
2724 4626 2997 4680 Socratem
3043 4626 3433 4684 Μιλτοσέλευκος
3472 4627 3607 4693 legi-

2035 4704 2141 4771 tur,
2174 4696 2312 4763 apud
2354 4695 2707 4771 Sozomenum
2748 4696 3197 4771 itiovrtoaélsunor;
3237 4695 3363 4771 alil_»i
3391 4702 3607 4771 ttoiipo;

2033 4767 2263 4825 Σέλευκος
2303 4783 2314 4816 :
2355 4780 2475 4818 vera
2518 4766 2807 4833 appellatio
2851 4780 3008 4834 quam
3057 4765 3280 4834 Historia
3316 4763 3604 4834 Tripariita

2034 4837 2258 4898 retinet,
2290 4835 2440 4888 Mons
2466 4835 2705 4897 Seleuci,
2738 4833 2934 4887 Lucum
2974 4836 3110 4887 inter
3139 4842 3193 4887 et
3237 4833 3368 4886 fines
3396 4833 3609 4887 Vocon-

2033 4905 2253 4968 tiorum,
2300 4920 2363 4957 ac
2398 4905 2715 4970 Vapincum,
2768 4916 2822 4956 ut
2868 4921 2932 4957 ex
2979 4904 3263 4956 Itineraiiis
3312 4903 3509 4957 [Etbiei
3542 4919 3609 4955 ac

2031 4974 2396 5043 Burdigalensi
2437 4975 2616 5027 vidi-re
2653 4986 2751 5025 est.
2794 4974 2973 5026 Tridui
3024 4975 3139 5038 plus
3189 4974 3361 5026 minus
3410 4975 3606 5026 itinere

2031 5043 2182 5098 abest
2227 5044 2500 5112 Lugdune.
2537 5046 2713 5109 Quare
2750 5044 2815 5096 ad
2860 5055 3093 5096 montem
3121 5043 3327 5097 Seleuci
3371 5047 3605 5095 referen-

2029 5113 2153 5236 ἷιὶιιιι
2184 5124 2268 5168 est
2294 5112 2450 5236 quoad]
2467 5113 2657 5168 Mursae
2698 5115 2795 5168 hac
2840 5113 2893 5167 in
2943 5124 3091 5182 parte
3134 5114 3316 5173 tribuit
3351 5112 3603 5167 Socrates

2055 5207 2063 5234 ι
2090 5200 2123 5236 ι.
2154 5199 2208 5236 ιι.
2235 5198 2352 5236 cau.
2456 5220 2471 5236 .

2055 5198 2123 5236 ιιι.
2154 5199 2208 5244 tt,
2235 5198 2352 5244 cap.
2383 5198 2471 5236 τι.

2106 5222 2125 5289 ί
2154 5198 2522 5313 Ἀόῗῗιᾶιιιῗὶϊηι
2549 5253 2892 5322 quinnovum
2921 5251 3210 5321 principem
3237 5252 3484 5321 appellet,
3507 5250 3602 5319 qui

2029 5320 2214 5375 Romae
2244 5333 2481 5391 coeperat
2521 5320 2779 5391 imperare
2812 5338 2827 5375 :
2858 5320 2952 5376 sed
2994 5320 3278 5391 quemnam
3310 5320 3599 5388 intelligat,

2028 5392 2081 5446 in
2123 5400 2264 5445 tanta
2297 5393 2592 5461 principum
2636 5408 2755 5462 qua:
2796 5402 2905 5462 tum
2954 5392 3136 5459 paucis
3177 5392 3332 5446 annis
3366 5391 3598 5457 accidit,

2027 5462 2319 5516 mutatione
2347 5461 2684 5516 etvarietate
2714 5477 2817 5515 non
2848 5461 3033 5529 liquet.

2098 5540 2122 5578 ε
2155 5531 2542 5599 Chilpericum,
2565 5533 2653 5600 qui
2681 5532 2920 5600 Lugduni
2956 5546 3133 5585 rerum
3162 5531 3477 5599 potiebatur.
3509 5530 3595 5585 dio

2027 5600 2142 5656 viso
2168 5609 2295 5656 tunc
2325 5603 2374 5657 iu
2401 5612 2630 5672 quatuor
2655 5618 2817 5673 regna
2844 5602 3283 5671 Burgundionum
3309 5601 3551 5671 imperio.
