3910 6172
150 302 221 356 537
1348 299 1587 356 EPISTO
1596 300 1827 358 LARUM
1868 302 1996 357 LIB.
2042 302 2105 358 V.

3251 309 3361 365 538.

150 413 297 467 afferre
323 410 523 473 minas,
571 410 782 466 auferre
813 411 1155 469 substantias.
1195 412 1256 467 lli
1285 421 1409 467 sunt
1446 427 1670 481 quorum
1698 418 1759 474 A.
1778 415 1926 484 pardi
1945 456 1958 475 ,
1991 415 2059 469 ad
2089 415 2312 471 facetias
2339 418 2493 482 utsi,
2512 417 2578 471 ad
2606 417 2893 473 fallendum
2920 420 3138 488 vulpes,
3164 420 3230 475 ad
3259 437 3365 477 sur

150 500 315 557 laudati
343 500 492 555 audis
523 501 575 554 in
605 502 717 555 ntio
747 502 1158 571 occupationes,
1198 502 1248 556 in
1279 518 1408 573 pace
1438 503 1642 572 praedas
1662 542 1679 567 ,

151 596 258 646 inter
291 605 437 645 arma
480 590 661 658 fugas,
688 590 830 645 inter
866 593 983 647 vina
1015 592 1284 647 victorias.
1334 592 1397 646 lli
1441 592 1680 662 suntqui

150 697 299 738 causas
339 693 616 737 morantur
662 683 913 751 adhibiti,
961 685 1255 753 impediunt
1301 687 1679 756 praetermissi,

150 772 383 827 fastidiunt
408 772 695 841 admoniti,
724 772 1105 830 obliviscuntur
1124 775 1450 843 locupletati.
1478 776 1683 832 liisunt

150 865 214 930 qui
253 872 425 918 emunt
467 864 621 930 lites,
664 866 899 921 vendunt
941 868 1380 931 intercessiones,
1426 868 1689 937 deputant

148 954 362 1017 arbitros,
386 953 675 1020 iudicanda
698 956 916 1021 dictant,
945 957 1135 1011 dictata
1163 959 1489 1025 convellunt,
1515 968 1693 1014 aura--

150 1044 250 1096 hunl
273 1043 561 1112 litigaturos
579 1087 594 1109 ,
646 1047 956 1113 protrahunt
984 1046 1276 1101 audiendos
1294 1089 1309 1113 ,
1342 1049 1557 1103 trahunt
1582 1049 1677 1103 ad-

149 1136 306 1199 dictos,
337 1136 617 1191 retrahunt
643 1138 1016 1207 transigentes.
1053 1139 1113 1192 lli
1146 1148 1270 1193 sunt
1300 1154 1434 1209 quos
1456 1141 1500 1194 si
1532 1150 1682 1209 petas

149 1227 275 1277 etiam
302 1224 441 1278 nu'lo
470 1226 789 1283 adversante
820 1228 1155 1295 beneficium,
1186 1230 1324 1298 piget
1350 1231 1679 1296 promittere,

148 1313 281 1381 pudet
319 1329 541 1381 negare,
576 1318 797 1381 pmnitet
838 1318 1169 1385 praestitisse.
1218 1318 1281 1372 lli
1307 1328 1432 1373 sunt
1457 1334 1679 1389 quorum

148 1404 491 1472 comparationi
522 1405 741 1473 digitum
787 1407 1037 1462 tollerent
1076 1416 1101 1445 η
1141 1409 1451 1477 Narcissus,
1488 1411 1683 1466 Asiati-

147 1508 252 1556 cus,
281 1494 438 1548 Massa
459 1535 475 1560 ,
512 1495 825 1562 Marcellus,
856 1496 1055 1566 Carus,
1090 1498 1437 1565 Parthenius,
1468 1498 1684 1555 Licinus

149 1594 189 1636 et
215 1583 389 1638 Pallas.
422 1585 486 1638 lli
513 1595 638 1639 sunt
664 1589 752 1656 qui
785 1588 1023 1643 invident
1052 1590 1299 1645 tunicatis
1327 1591 1454 1659 otia,
1484 1590 1686 1659 stipen-

148 1677 215 1730 dia
240 1676 509 1744 paludatis,
541 1675 727 1731 viatica
750 1676 1059 1742 veredariis,
1087 1679 1683 1737 mercatoribusinundi-

1785 506 2133 574 perbiendum
2167 508 2326 575 tauri,
2352 509 2418 563 ad
2443 510 2867 565 consumendum
2896 511 3198 566 minotauri.
3222 511 3367 581 Spes.

1784 598 1966 656 ﬁrmas
2010 601 2065 654 in
2109 616 2297 656 rerum
2335 602 2567 656 motibus
2628 603 2852 666 habent,
2906 602 3063 657 dubia
3118 613 3367 673 tempora-

1783 692 1992 749 certius
2010 701 2210 759 amant,
2240 704 2291 747 et
2325 695 2545 763 ignavia,
2565 696 2767 762 pariter
2787 694 3218 766 conscientiaque
3245 706 3357 751 tre-

1784 782 2054 850 pidantes,
2083 799 2203 838 cum
2231 784 2340 839 sint
2366 786 2417 839 in
2446 786 2712 854 praetoriis
2740 786 2952 852 leones,
2983 786 3035 839 in
3065 785 3254 841 castris
3282 786 3358 840 le-

1785 889 1977 941 pares,
2023 875 2223 931 timent,
2259 875 2485 940 hedera,
2537 891 2605 931 ne
2651 874 3030 939 discutiantur;
3071 874 3242 941 bella,
3290 889 3358 929 ne

1786 972 2043 1032 pugnent.
2080 964 2325 1029 Quorum
2353 967 2397 1019 si
2441 980 2597 1020 nares
2630 966 2893 1019 afﬂaverit
2919 965 3127 1033 uspiam
3158 964 3358 1034 rubigi-

1785 1054 1902 1108 nosi
1929 1069 2065 1108 aura
2098 1056 2383 1121 marsupii,
2416 1053 2694 1109 conlestim
2724 1054 2928 1109 videbis
2955 1055 3061 1109 illic
3085 1064 3139 1110 et
3173 1055 3357 1109 oculos

1783 1142 1909 1210 Argi
1948 1156 2019 1197 et.
2046 1159 2234 1198 manus
2274 1145 2508 1210 Briarei,
2540 1154 2595 1199 et
2634 1143 2986 1213 Sphingarum
3029 1159 3265 1213 ungues,
3304 1151 3358 1196 et

1785 1234 2017 1302 periuria
2048 1235 2447 1299 Laomedontis,
2478 1244 2530 1289 et
2552 1235 2756 1305 Ulyssis
2777 1234 3031 1303 argutias,
3062 1241 3117 1287 et
3140 1232 3358 1287 Sinonis

1787 1324 2065 1390 fallacias,
2087 1334 2141 1379 et
2174 1325 2329 1379 fidem
2362 1324 2781 1393 Polymnestoris
2803 1364 2816 1385 .
2848 1331 2904 1378 et
2930 1324 3180 1392 pietatem
3220 1324 3356 1393 Pyg-

1785 1415 2033 1469 malionis
2059 1415 2320 1469 adhiberi.
2363 1414 2456 1468 llis
2499 1413 2737 1469 moribus
2762 1413 2995 1468 obruunt
3034 1414 3203 1467 virum
3248 1429 3355 1467 non

1786 1506 1959 1558 minus
1987 1506 2221 1559 bonitate
2244 1520 2403 1571 quam
2430 1514 2690 1573 potestate
2714 1514 3071 1574 praestantem.
3088 1503 3202 1569 Sed
3228 1503 3353 1573 quid

1787 1592 1944 1648 faciat
1987 1608 2124 1648 unus
2173 1594 2402 1657 undique
2452 1603 2716 1648 venenato
2758 1593 2985 1647 vallatus
3030 1592 3356 1661 interprete?

1785 1686 2175 1754 Quidinquam.
2199 1685 2376 1750 faciat,
2407 1686 2491 1741 cui
2523 1695 2710 1740 natura
2738 1700 2858 1739 cum
2880 1684 3067 1749 bonis,
3098 1685 3203 1738 vita
3232 1699 3354 1737 cum

148 1782 250 1828 nas,
282 1766 585 1820 munuscula
626 1766 842 1835 legatis,
877 1768 1107 1835 portoria
1152 1768 1677 1839 quadrup'atoribus,
1715 1777 1758 1835 B
1788 1777 1938 1830 malis
1964 1790 2037 1829 es:
2063 1776 2086 1828 ἲ
2115 1775 2194 1829 Ad
2217 1790 2440 1844 quorum
2474 1776 2624 1845 137
2656 1776 2878 1829 consilia
2909 1774 3143 1828 Phalaris
3166 1788 3357 1829 cruen-

146 1857 314 1926 prtedia
340 1858 749 1925 provincialibus
772 1898 787 1923 ,
815 1855 844 1894 δ
874 1857 1120 1914 ﬂamonia
1165 1858 1550 1928 municipibus,
1591 1875 1678 1914 ar-

144 1948 273 2001 cariis
294 1947 548 2016 pondera,
580 1961 861 2002 mensuras
888 1948 1092 2003 allectis
1111 1990 1125 2014 ,
1156 1949 1346 2004 salaria
1374 1950 1679 2018 tabulariis,

146 2038 486 2105 dispositiones
514 2039 870 2105 numerariis,
901 2040 1234 2107 praetorianis
1269 2042 1567 2110 sportulas,
1605 2042 1681 2096 ci-

142 2128 358 2183 vitatibus
387 2128 647 2194 inducias,
674 2130 948 2199 vectigalia
982 2131 1296 2200 publicanis,
1330 2133 1679 2187 reverentiam

142 2222 350 2281 clericis,
393 2218 661 2291 originem
695 2222 991 2288 nobilibus,
1037 2240 1349 2280 consessum
1382 2225 1697 2295 prioribus,

141 2328 449 2380 congressum
482 2313 809 2381 aequalibus,
832 2314 1021 2369 cinctis
1055 2314 1343 2386 136.jura
1362 2354 1378 2380 ,
1409 2315 1682 2371 discinctis

140 2404 399 2472 priuilegia,
426 2403 645 2457 scholas
672 2404 1035 2473 instituendis,
1064 2405 1337 2460 mercedes
1361 2404 1681 2460 instituenti-

136 2492 233 2557 bus,
260 2494 458 2549 litteras
481 2493 757 2548 institutis.
787 2495 848 2549 lli
869 2505 994 2550 sunt
1018 2496 1107 2565 qui
1132 2496 1288 2551 novis
1313 2497 1502 2565 opibus
1524 2496 1678 2563 ebrii,

134 2594 180 2635 ut
199 2596 244 2638 et
269 2586 483 2640 minima
509 2600 832 2654 cognoscas,
879 2602 973 2657 per
1002 2588 1183 2643 utendi
1214 2589 1677 2658 intemperantiam

133 2678 342 2741 produnt
386 2679 705 2748 imperitiam
748 2680 1072 2748 possidendi.
1106 2681 1238 2736 Nam
1285 2682 1510 2736 libenter
1537 2680 1683 2735 ince-

134 2770 242 2822 dunt
272 2771 457 2824 annali
485 2772 551 2825 ad
579 2772 786 2837 epulas,
816 2772 977 2828 albati
1005 2772 1068 2826 ad
1093 2777 1392 2843 exsequias,
1421 2773 1589 2844 pelliti
1613 2773 1679 2829 ad

125 2859 383 2923 eccl'sias,
410 2862 592 2931 pullati
616 2864 680 2916 ad
707 2864 939 2929 nuptias,
968 2875 989 2902 ο
1016 2865 1325 2919 castorinati
1352 2866 1417 2918 ad
1445 2865 1675 2920 litanias.

128 2950 316 3006 Nullum
349 2954 453 3008 illis
484 2969 652 3023 genus
680 2954 955 3011 hominum
976 2995 991 3020 ,
1029 2956 1272 3011 ordinum
1292 3000 1305 3021 ,
1341 2968 1640 3025 temporum
1663 2996 1678 3021 ,

122 3044 251 3095 cordi
287 3054 390 3098 est.
438 3043 493 3098 In
540 3043 657 3100 foro
697 3045 939 3115 Scythae,
985 3049 1037 3099 in
1082 3047 1325 3102 cubiculo
1361 3047 1594 3116 viperae,
1624 3048 1678 3101 in

1789 1868 1913 1927 tior,
1946 1866 2084 1921 Mida
2113 1866 2375 1933 cupidior,
2406 1868 2584 1918 Ancus
2601 1865 2906 1933 iactantior,
2935 1864 3255 1933 Tarquinius
3277 1878 3356 1916 suc

1788 1957 2021 2025 perbiur,
2053 1956 2299 2011 Tiberius
2325 1955 2590 2019 callidior,
2622 1954 2785 2009 Gaius
2810 1955 3176 2023 periculosior,
3200 1953 3359 2006 Clau-

1786 2047 1905 2099 dius
1947 2046 2244 2110 socordior,
2284 2045 2423 2099 Nero
2454 2044 2733 2110 impurior,
2765 2044 2930 2099 Galba
2962 2046 3192 2107 avarior,
3220 2042 3361 2096 Otho

1784 2136 2055 2200 audacior,
2099 2135 2339 2189 Vitellius
2388 2134 2772 2204 sumptuosior,
2817 2133 3147 2187 Domitianus
3183 2142 3361 2185 trucu-

1785 2227 1980 2283 lentior
2013 2228 2346 2283 redderetur.
2378 2226 2517 2281 Sane
2543 2226 2684 2296 quod
2716 2225 3081 2295 principaliter
3118 2223 3360 2277 medetur

1784 2318 2028 2379 afflictis.
2053 2303 2323 2389 temperat
2352 2315 2378 2355 τι
2415 2317 2779 2373 Lucumonem
2822 2326 3060 2370 nostrum
3101 2311 3359 2381 Tanaquil

1783 2427 1913 2478 sua,
1946 2423 2000 2468 et
2029 2428 2186 2467 aures
2227 2411 2403 2467 mariti
2433 2412 2607 2465 virosa
2647 2424 2995 2462 susurronum
3042 2405 3170 2459 faece
3208 2419 3357 2457 cnm—

1794 2504 1963 2571 plelas
1991 2502 2385 2572 opportunitate
2418 2501 2541 2556 salsi
2587 2500 2848 2553 sermonis
2895 2497 3161 2555 eruderat.
3196 2494 3359 2561 Cujus

1784 2594 1957 2647 studio
1986 2594 2125 2647 scire
2151 2606 2244 2645 vos
2275 2606 2368 2659 par
2388 2599 2500 2654 est;
2531 2588 2662 2642 nihil
2696 2588 2907 2642 interim
2936 2586 3102 2655 quieti
3134 2584 3356 2637 fratrum

1781 2684 2139 2738 communium
2183 2682 2323 2749 apud
2361 2682 2595 2735 animum
2641 2680 2941 2734 communis
2985 2678 3192 2746 patroni
3226 2677 3357 2743 1'ju-

1782 2776 1989 2829 niorum
2020 2772 2386 2845 Cibyratarum
2429 2787 2633 2826 venena
2680 2771 2960 2834 nocuisse,
3002 2782 3172 2836 neque
3209 2766 3357 2836 quid-

1780 2880 1939 2935 quam
1970 2865 2105 2935 (Deo
2153 2863 2811 2934 propitiantelnocitura;
2854 2862 2894 2915 si
2935 2860 3093 2914 modo
3122 2859 3355 2928 quandiu

1783 2967 2019 3023 praesens
2044 2962 2283 3024 potestas
2302 2954 2318 2983 ¹
2346 2952 2753 3021 Lugdunensem
2782 2948 3120 3003 Germaniam
3147 2947 3167 2985 ί
3193 2948 3352 3016 regit,

1784 3052 2022 3098 nostrum
2065 3057 2327 3112 suumque
2368 3042 2747 3098 Germanicum
2788 3053 3028 3110 praesens
3071 3038 3357 3109 Agrippina

122 3135 351 3189 convivio
380 3149 582 3190 scurrae
603 3176 619 3199 ,
652 3136 703 3190 in
734 3136 1100 3192 exactionibus
1129 3138 1363 3207 harpyiae
1384 3179 1399 3204 ,
1440 3138 1491 3191 in
1520 3139 1681 3192 collo~
1707 3139 1752 3200 C
1785 3136 2112 3194 moderetur.
2143 3133 2294 3191 Vale.

119 3226 402 3282 rationibus
431 3228 731 3294 statum,in
755 3229 1139 3299 quaestionibus
1167 3230 1372 3295 bestiae,
1404 3231 1452 3283 in
1484 3241 1677 3284 tracta-

118 3314 239 3369 tibus
264 3318 537 3383 cochleae,
568 3317 623 3371 in
650 3320 1017 3374 contractibus
1045 3320 1350 3388 trapezitae;
1382 3321 1447 3374 ad
1478 3321 1677 3375 intelli-

114 3406 319 3471 gendum
344 3408 529 3471 saxei,
560 3409 624 3461 ad
648 3407 993 3475 iudicandum
1023 3410 1180 3478 lignei
1201 3450 1215 3470 ,
1259 3409 1324 3463 ad
1354 3424 1675 3464 succensen-

113 3493 219 3549 dum
243 3496 481 3552 ﬂammei
503 3538 518 3563 ,
550 3497 619 3553 ad
655 3498 1033 3567 ignoscendum
1066 3498 1133 3553 fet
1149 3498 1225 3553 rei
1250 3540 1265 3563 ,
1306 3498 1373 3551 ad
1413 3499 1680 3553 amicitias

164 3633 265 3704 56
295 3644 321 3668 ει
353 3631 649 3686 Caesariani
680 3649 866 3688 omnes
892 3633 1086 3704 liberti,
1120 3648 1281 3701 pravo
1320 3633 1555 3700 ingenio,
1583 3632 1674 3704 de-

108 3700 469 3771 lationumque
507 3703 720 3757 infamia
756 3704 884 3758 clati
915 3721 928 3755 :
962 3700 1267 3763 Narcissus,
1304 3704 1475 3756 Pallas
1502 3718 1546 3755 et
1584 3703 1672 3757 Li-

108 3774 259 3840 cinius
302 3772 520 3826 Claudii
562 3774 814 3840 Augusti;
855 3774 1053 3837 Massa,
1091 3773 1369 3825 Marcellus
1414 3783 1463 3827 et
1512 3773 1678 3826 Carus

104 3838 351 3907 Neronis;
405 3838 673 3896 Asiaticus
707 3843 934 3908 Vitellii;
984 3842 1299 3896 Parthenius
1351 3842 1677 3897 Domitiani:

104 3912 157 3959 de
181 3913 379 3979 quibus
412 3912 643 3974 Seneca,
674 3912 885 3968 Persius
904 3952 919 3975 ,
943 3912 1243 3971 .luveualis,
1273 3912 1545 3977 Martialis,
1575 3912 1677 3967 Ta-

104 3980 238 4050 citus.
273 3982 500 4035 Plinius
528 3992 772 4050 uterque,
808 3982 1093 4037 Suetonius
1123 3989 1177 4035 et
1208 3982 1323 4034 Dio.

156 4048 181 4087 δ
212 4051 491 4104 Flaminia
512 4091 524 4109 .
559 4048 827 4105 flaminum
858 4051 1175 4106 sacerdotia.
1208 4050 1465 4104 Flamonii
1493 4065 1680 4106 vocem

101 4132 185 4192 pro
211 4122 469 4192 flaminio
496 4130 1019 4191 agnoscuutvcteres
1047 4120 1269 4190 glossm,
1311 4130 1368 4175 et
1409 4121 1684 4192 inscriptio

98 4188 228 4244 Albae
248 4190 446 4247 Juliae.

638 4260 699 4317 L.
742 4259 846 4314 FL.
887 4259 1155 4315 VALENS

599 4331 701 4384 ΟΒ
758 4331 1188 4386 IIONOREM

742 4400 1060 4455 FLAMONII

763 4471 824 4523 B.
866 4470 928 4523 P.
970 4469 1033 4523 D.

88 4602 130 4654 Id
170 4607 529 4662 flaminicam
567 4618 760 4661 munus
789 4603 977 4657 dicitur
1004 4604 1054 4657 in
1086 4603 1185 4657 alia
1218 4603 1559 4671 inscriptione
1586 4619 1684 4657 an-

87 4676 233 4737 tiqua.
268 4678 571 4731 Flamines
596 4688 771 4728 autent
801 4674 851 4726 in
876 4675 1172 4742 municipiis
1198 4674 1361 4728 fuisse
1383 4683 1611 4738 constat,
1632 4682 1687 4727 ef.

84 4747 437 4807 peculiariter
474 4744 779 4809 municipiis
809 4745 1067 4809 tributos,
1104 4754 1159 4797 ut
1188 4745 1474 4809 provinciis
1510 4760 1685 4797 sacer-

82 4814 240 4869 dotes.
290 4816 617 4885 ltrepattius
647 4813 869 4885 Pacatus
906 4814 957 4867 in
1001 4815 1345 4883 panegyrico,
1388 4814 1685 4885 reverendos

80 4889 378 4957 ntunicipali
413 4883 665 4957 purpnra
690 4883 936 4957 ﬂamines
949 4924 987 4957 ,_
1005 4884 1241 4957 insignes;
1263 4884 1488 4957 apicibus
1528 4899 1688 4957 socer-

78 4956 225 5009 dotet.
257 4951 791 5010 Novella—Martini
819 4953 905 5015 i5,
938 4951 1018 5005 Ne
1042 4955 1241 5023 ﬂamini
1268 4952 1583 5023 municipali,
1608 4969 1691 5006 sa-

78 5030 258 5096 cerdoti
286 5026 599 5096 provincia:
619 5023 995 5096 liceret/Iabere
1020 5022 1227 5096 uxorem
1251 5022 1511 5096 nncillnm.

139 5104 159 5130 ε
189 5092 508 5151 Caétnrma
531 5134 546 5156 ,
577 5109 670 5146 seu
696 5093 883 5145 fihrina
912 5101 1058 5146 veste
1088 5094 1285 5146 amicti.
1326 5092 1554 5145 Isidorus
1582 5092 1688 5146 ori-

78 5164 245 5225 ginum
272 5184 370 5220 xix
407 5183 425 5223 :
468 5162 769 5224 Fibrinum,
793 5163 982 5231 inquit,
1009 5162 1127 5214 lana
1148 5174 1417 5224 castorum,
1441 5173 1484 5215 et
1507 5162 1690 5229 ﬁbrina

74 5239 227 5294 restis.
262 5248 527 5290 tramam
554 5235 613 5287 de
634 5232 750 5297 ﬁbri
779 5233 898 5285 lana
918 5232 1127 5297 habens,
1155 5234 1433 5284 castorina.
1461 5232 1689 5285 Anthro-

72 5302 171 5359 sius
208 5306 280 5362 de
325 5302 935 5375 dignitateusacerdotii
968 5318 980 5352 :
1016 5300 1309 5375 Castorinas
1338 5302 1609 5375 quaerimus
1640 5310 1686 5355 et

71 5379 242 5429 sericas
272 5370 456 5431 neue:
484 5390 512 5427 :
548 5386 591 5424 et
611 5372 700 5425 ille
721 5388 776 5424 se
802 5373 930 5424 inter
952 5373 1213 5441 episc0pos
1232 5371 1391 5424 credit
1414 5370 1644 5441 altiorem
1663 5412 1678 5435 ,

70 5448 351 5506 quieturam
377 5443 633 5497 induerit
657 5443 944 5494 clariorem.
975 5439 1176 5496 Eodem
1202 5449 1443 5510 spectant
1472 5439 1684 5495 lutrime

69 5518 223 5582 pelles
246 5522 306 5575 in
340 5513 581 5573 Carolo
611 5511 905 5580 Eginarthi.

2325 3228 2650 3283 EPISTULA
2692 3227 2806 3281 Vlil

2068 3320 2316 3375 Sidonius
2346 3331 2369 3367 Β
2400 3321 2696 3376 Secundino
2721 3336 2813 3373 suo
2839 3318 3070 3371 salutem.

1855 3413 1956 3467 Diu
1980 3412 2191 3481 quidem
2216 3413 2479 3479 est,qnod
2512 3422 2562 3465 te
2595 3411 2919 3464 hexametris
2940 3409 3249 3462 familiarius
3272 3408 3356 3461 in-

1786 3504 2112 3556 servientem
2150 3510 2423 3570 stupentes
2465 3501 2919 3570 praedieantesque
2964 3496 3357 3552 lectitabamus.

1858 3631 1885 3670 ἀ
1918 3632 2269 3701 Chiipericum
2302 3647 2477 3700 regem
2515 3646 2666 3683 uvnr.
2696 3631 2832 3701 Quia
2867 3628 3221 3692 Lucumonis,
3244 3627 3354 3701 Ahoo

1786 3713 1869 3757 est
1898 3699 2167 3769 Tarquinii
2201 3702 2382 3760 Prisci,
2410 3717 2542 3753 uxor
2571 3701 2664 3753 fuit
2690 3700 2966 3765 Tanaquil,
3000 3702 3217 3766 figurate
3241 3699 3354 3751 haec

1788 3774 1997 3826 nomina
2024 3771 2275 3825 transfert
2297 3772 2584 3839 atl'Chilpet
2602 3771 2737 3823 icum
2759 3781 2809 3823 et
2830 3785 3051 3823 uxorem
3080 3786 3092 3820 :
3118 3779 3174 3821 ut
3196 3770 3354 3839 paulo

1785 3843 2024 3907 inferius,
2053 3842 2351 3897 Germanici
2383 3851 2434 3894 et
2479 3841 2779 3907 Agrippinae
2806 3839 3105 3893 nominibus
3132 3838 3346 3891 eosdem

1785 3913 2056 3978 designat,
2087 3914 2207 3980 quia
2247 3911 2532 3980 Agrippina
2569 3926 2702 3963 uxor
2734 3909 2832 3963 fuit
2860 3907 3160 3964 Germanici
3190 3907 3355 3977 patris

1789 3982 2061 4035 Caligulae.

1860 3997 2271 4118 ὲιῧέίῗέῐῖιοτίὺηε
2287 4049 2521 4105 referant
2549 4046 2741 4102 fratres
2771 4047 2891 4100 illos
2908 4046 3269 4118 Tlepolemum
3301 4056 3356 4099 et

1785 4113 2072 4176 l'liern'nem
2099 4135 2130 4175 e
2152 4120 2361 4188 Cyhiris
2390 4118 2609 4188 Ciliciae,
2639 4129 3207 4188 qttorutnopera‘usus
3226 4113 3356 4188 Ver-

1788 4206 1876 4245 res
1906 4192 1960 4244 in
1983 4184 2337 4255 detwwdanda
2366 4188 2566 4244 Sicilia.
2600 4184 2676 4241 De
2705 4188 2788 4241 his
2822 4186 3014 4239 Cicero
3032 4184 3073 4237 ιϐ
3106 4184 3351 4237 Verrius.

1789 4260 1944 4313 Urbis
1978 4254 2107 4315 vero
2139 4275 2330 4314 nomen
2362 4266 2738 4324 corrumpunt,
2779 4255 2867 4323 qui
2922 4255 3077 4308 aliter
3118 4254 3355 4306 scribunt

1783 4330 1864 4385 vel
1887 4331 2184 4385 enuntiarit.
2226 4330 2314 4382 Sic
2346 4329 2489 4382 enim
2528 4327 2895 4398 Cyhiratarum
2944 4325 3177 4391 ipsorum
3203 4338 3356 4376 num-

1791 4415 1905 4451 mus
1931 4402 2178 4466 antiquus
2204 4442 2217 4462 ,
2253 4400 2304 4451 in
2332 4414 2438 4466 quo
2482 4404 2737 4462 scriptum
2771 4404 2851 4466 est
2882 4403 3251 4466 ΚΙΒΤΡΑΤΩῩ,
3302 4403 3356 4447 et

1710 4444 1763 4505 Ῑ)
1788 4444 2111 4539 ὃῖὼέὶὶἱὶὲἴ
2120 4444 2318 4539 Ῑτῖἑίιὲξς
2334 4444 2680 4539 ’ὲέξιρῗῐρἵίᾱ
2690 4444 2943 4539 rasas.
2956 4444 3008 4515 re
3024 4444 3353 4539 amatas;

1863 4536 1883 4576 ί
1908 4538 1997 4591 Sic
2027 4539 2258 4607 appellat
2281 4537 2683 4607 Lugdunensem
2708 4533 3008 4607 regionem,
3025 4532 3356 4607 inquamn-

1792 4601 2383 4676 gundione's'Gcrmani'
2413 4601 2839 4658 dominabantur.
2874 4601 3011 4676 Nihil
3039 4602 3260 4676 Sidonio
3281 4602 3358 4655 fa-

1790 4672 2049 4731 miliarius
2079 4693 2234 4743 quam
2266 4678 2317 4729 iu
2340 4676 2723 4730 Germanorum
2755 4672 3202 4743 nomineludcre,
3233 4687 3355 4726 cum

1790 4748 1855 4800 de
1885 4742 2450 4816 Burgundionibusiest
2488 4759 2682 4816 sermo,
2711 4742 2799 4816 qui
2830 4757 2897 4795 ex
2950 4742 3266 4816 Germania,
3300 4755 3358 4794 ut

1790 4819 1923 4880 dixi,
1972 4811 2295 4884 prodierant.
2337 4815 2505 4884 Supra
2527 4814 2690 4884 epist.
2726 4811 2785 4872 5,
2813 4826 2966 4884 curvo
2987 4811 3356 4884 Germanorum

1789 4881 2037 4940 senectus.
2061 4885 2310 4940 Carmine
2332 4883 2419 4946 12,
2443 4892 2488 4937 et
2512 4882 2812 4937 Germanica
2836 4881 2985 4933 verba
3004 4883 3353 4933 sustinentem.

1792 4955 2128 5010 Germaniam
2160 4972 2289 5009 sane
2319 4965 2520 5023 partem
2554 4953 2696 5005 illam
2728 4951 2912 5023 Gallia)
2934 4966 3091 5023 quam
3116 4950 3356 5023 Burgun-

1791 5025 1979 5096 diones
2008 5028 2109 5096 57
2146 5020 2487 5093 occuparant,
2518 5038 2636 5092 qua:
2680 5021 2894 5096 proprio
2916 5021 3115 5096 dehinc
3145 5020 3357 5096 nomine

1794 5089 2092 5163 Burgundii
2130 5089 2425 5162 nuncupata
2467 5089 2582 5154 est,
2615 5089 2867 5163 colundo
2896 5090 3000 5144 dici
3043 5089 3221 5163 licuit,
3250 5106 3357 5158 quo

1792 5162 2121 5218 Britanniam
2146 5165 2372 5219 insulam
2404 5166 2599 5217 scimus
2628 5162 2911 5216 Saxouiam
2946 5162 3353 5213 transmarinam

1791 5251 1819 5285 a
1846 5237 2110 5289 nonnullis
2154 5233 2504 5302 scriptoribus
2533 5233 2798 5288 interdqu
2830 5230 3132 5296 vocitatam,
3160 5229 3227 5282 ab
3248 5229 3358 5283 At.—

1792 5305 1890 5372 glis
1917 5308 2003 5374 qui
2032 5322 2063 5359 e
2090 5307 2316 5359 Saxonia
2350 5318 2414 5357 eo
2452 5302 2790 5374 trajecerant.
3053 5371 3061 5374 _
3134 5365 3154 5374 _
3188 5366 3201 5374 _
3253 5364 3286 5374 __

1860 5383 1886 5420 ε
1909 5363 2269 5500 L'ngdngensi,
2299 5374 2452 5442 cujus
2476 5363 2546 5426 ιη’
2562 5382 2734 5443 poetae
2754 5372 2863 5442 jam
2897 5371 3102 5425 mentio
3128 5365 3225 5420 fuit
3253 5363 3350 5418 lib.

1879 5455 2036 5500 eDlSl.
2134 5482 2149 5497 .

1789 5457 1848 5509 ιι,
1879 5455 2036 5514 εριει.
2063 5455 2149 5500 tu.

127 5636 143 5665 ί
165 5632 476 5690 Sirmondi
512 5636 701 5685 notam
747 5626 798 5683 in
837 5626 979 5685 hunc
1001 5628 1173 5686 locum
1215 5637 1399 5687 contra
1429 5628 1751 5686 Savaronem
1788 5630 2069 5688 confirmat
2096 5629 2485 5703 Wesselingius
2504 5629 2572 5687 ad
2605 5630 2742 5688 Vett.
2765 5626 3124 5684 Romanorum
3146 5623 3354 5697 ltiner.,

66 5721 170 5777 pag.
196 5708 331 5765 568.
