3910 6172
591 354 697 411 543

1845 348 2087 406 stooan
2124 346 2573 404 arumnam
3641 373 3719 424 δη

589 469 733 523 naris
765 460 932 534 utqui
976 461 1366 528 efﬁcacissime,
1398 463 1568 528 pascis
1597 470 1651 516 ut
1673 461 1765 531 qui
1792 463 2151 529 exactissime,
2180 466 2234 524 Λ
2258 464 2520 527 evolutus,
2538 462 2650 531 jam
2687 469 2830 516 metu
2861 462 3211 530 exsanguibus
3237 466 3521 527 Gabalitanis
3540 489 3565 528 e
3587 482 3719 543 proxi-

585 563 778 629 juraris
820 569 874 613 ut
902 559 990 629 qui
1020 557 1340 611 facetissime
1361 597 1374 619 ,
1402 556 1609 625 judicas
1644 564 1700 609 ut
1722 555 1811 625 qui
1833 556 2151 625 aequissime,

587 651 779 702 suades
822 658 878 701 ut
921 646 1006 715 qui
1035 644 1395 700 sincerissime
1416 686 1431 709 ,
1459 645 1811 698 commoveris
1840 653 1896 698 ut
1922 645 2010 714 qui
2043 655 2153 699 tar-

586 739 826 799 dissime,
857 738 1088 805 placaris
1123 733 1274 805 142
1307 742 1362 786 ιιι
1387 733 1473 800 qui
1499 732 1800 798 celerrime,
1833 733 2077 787 redamas
2101 742 2157 787 ut

585 831 673 897 qui
697 828 1021 881 fidelissime.
1045 825 1173 878 llazc
1194 824 1368 877 omnia
1392 822 1633 887 exempla
1660 822 1871 877 vivendi
1893 822 1999 892 jam
2033 822 2157 877 hinc

586 921 655 972 ah
697 917 850 971 annis
894 914 1181 983 puberibus
1228 927 1378 967 meus
1422 912 1745 980 Apollinaris
1792 913 1836 967 si
1891 914 2153 982 sequitur,

586 1010 791 1077 gaudeo
823 1017 1004 1061 :certe
1030 1046 1043 1069 ,
1086 1012 1145 1058 ut
1186 1013 1467 1073 sequatur,
1497 1005 1776 1058 admoneo.
1830 1005 1884 1058 ln
1927 1020 2033 1074 quo
2061 1004 2159 1059 do-

585 1099 753 1153 cendo
785 1095 1232 1162 instituendoque,
1272 1094 1431 1147 modo
1478 1094 1576 1147 sub
1606 1109 1707 1163 ope
1735 1092 1930 1149 Christi
1981 1095 2157 1164 dispo-

586 1191 685 1244 sita
707 1187 1016 1251 succedant,
1045 1185 1326 1254 plurimum
1353 1184 1503 1237 laator
1533 1186 1813 1238 maximam
1844 1186 2158 1239 mefortnu—

585 1279 692 1332 lam
713 1277 834 1331 vitae
859 1276 925 1331 de
953 1274 1191 1329 moribus
1222 1271 1324 1325 tuis
1354 1280 1740 1327 mutuaturum.
1771 1272 1922 1328 Vale.

1130 1363 1457 1419 EPISTULA
1496 1365 1609 1419 XII.

900 1456 1147 1513 Sidonius
1186 1455 1435 1510 Calminio
1465 1472 1555 1510 suo
1592 1456 1833 1513 salutem.

654 1550 803 1618 Quod
827 1550 1000 1604 rarius
1027 1549 1268 1602 adivosa
1311 1548 1462 1602 nobis
1492 1549 1677 1617 pagina
1719 1557 1889 1613 meat,
1929 1564 2033 1603 non
2062 1562 2158 1603 no-

586 1652 691 1695 stra
735 1640 980 1708 superbia
1006 1679 1021 1704 ,
1071 1638 1165 1693 sed
1205 1638 1379 1693 aliena
1430 1637 1740 1706 impotentia
1781 1638 1925 1694 facit.
1976 1639 2157 1708 Neque

584 1746 745 1799 super
788 1730 870 1785 his
916 1730 1200 1799 quidquam
1248 1728 1455 1798 planius
1502 1742 1738 1799 quaeras;
1789 1729 1985 1798 quippe
2036 1746 2154 1785 cum

2256 570 2344 607 mo
2394 553 2663 607 infertur:
2703 567 2838 621 quos
2881 552 3115 621 singulos
3159 570 3391 628 sparsns,
3441 562 3717 636 inoppidatos,

2258 655 2398 695 nunc
2425 641 2676 696 inauditis
2694 642 3039 695 indictionum
3068 647 3335 712 generibus
3358 652 3592 716 exhaurit,
3617 674 3721 714 nunc

2256 728 2497 783 flexuosa
2537 732 2919 784 calumniarum
2968 732 3149 786 fraude
3193 736 3524 802 circumretit;
3551 754 3605 792 ne
3642 758 3722 801 tum

2257 820 2467 887 quidem
2514 820 2726 874 domum
2757 823 3048 876 laboriosos
3091 823 3261 878 redire
3298 828 3602 897 permittens,
3625 850 3715 889 cum

2260 910 2515 964 tributum
2561 926 2792 965 annuum
2822 911 3092 966 datavere.
3143 912 3349 980 Signum
3378 929 3426 973 et
3450 918 3539 975 hoc
3572 932 3725 977 certum

2258 1006 2343 1053 est
2378 1000 2703 1054 imminentis
2742 1000 3031 1062 adventus,
3078 1002 3215 1069 quod
3259 1015 3549 1069 catervatim,
3586 1025 3726 1078 qnose

2256 1107 2465 1161 cunque
2497 1091 2858 1156 converterit,
2910 1093 3071 1147 vincti
3121 1096 3389 1148 trahuntur
3439 1098 3616 1154 vincula
3651 1110 3728 1154 tra-

2258 1180 2448 1238 hentes
2497 1200 2511 1235 :
2552 1198 2779 1253 quorum
2822 1182 3009 1236 dolore
3059 1182 3296 1249 laetatur,
3351 1187 3553 1254 pascitur
3590 1189 3729 1244 fame:

2260 1273 2523 1343 praecipue
2578 1274 2853 1343 pulchrum
2890 1274 3177 1329 arbitratus
3202 1314 3216 1336 .
3258 1286 3375 1330 ante
3408 1286 3589 1346 turpare
3613 1295 3731 1348 quam

2260 1366 2447 1434 punire
2481 1366 2846 1421 damnandos:
2872 1366 3075 1421 crinem
3124 1368 3249 1421 viris
3292 1370 3459 1429 nutrit.
3490 1372 3733 1426 mulieribus

2259 1456 2437 1510 incidit
2470 1475 2484 1512 :
2514 1473 2545 1512 e
2570 1458 2759 1524 quibus
2791 1467 2998 1521 tamen,
3025 1460 3068 1512 si
3103 1472 3217 1513 rara
3239 1462 3473 1528 quosdam
3513 1464 3634 1515 venia
3669 1480 3731 1518 τε·

2257 1546 2519 1613 spexerit,
2574 1546 2670 1601 hos
2716 1547 2971 1601 venalitas
3015 1548 3194 1611 Solvit,
3227 1548 3374 1619 144
3408 1552 3584 1604 vanitas
3620 1552 3733 1615 illos,

2260 1642 2432 1695 nullos
2454 1642 2839 1697 misericordia.
2871 1642 2976 1697 Sed
3000 1642 3325 1710 explicanda:
3356 1644 3519 1697 bestiae
3555 1645 3627 1698 tdi
3662 1661 3736 1697 nec

2260 1742 2528 1786 oratorum
2566 1734 2832 1802 .princeps
2883 1733 3089 1787 Marcus
3136 1734 3358 1799 Arpinas
3394 1775 3409 1799 ,
3458 1723 3555 1787 nec
3596 1746 3736 1803 poeta-

585 1822 782 1878 silentii
824 1821 980 1890 hujus
1027 1820 1400 1875 necessitatem
1443 1833 1539 1886 par
1563 1818 1701 1887 apud
1730 1833 1821 1873 vos
1869 1829 2040 1875 metus
2078 1823 2158 1877 in-
2187 1825 2232 1884 Β
2262 1839 2373 1875 rutn
2408 1823 2621 1877 Publius
2649 1824 2997 1887 Mantuanus,
3038 1824 3284 1878 sufficere
3313 1834 3527 1892 possunt.
3563 1825 3738 1879 Proinde

586 1924 925 1983 terpretetur.
976 1913 1090 1967 lloc
1135 1912 1307 1965 solum
1358 1920 1535 1963 tamen
1582 1910 1750 1965 libere
1787 1926 1975 1980 gemo,
2015 1914 2153 1982 quod

585 2012 796 2063 turbine
849 2008 1221 2064 dissidentium
1256 2009 1483 2076 partium
1513 2021 1761 2076 segreges
1790 2006 1942 2071 facti,
1974 2016 2156 2061 mutuo

586 2100 800 2153 minime
827 2099 1053 2153 fruimur
1088 2106 1324 2165 aspectu.
1358 2096 1543 2165 Neque
1579 2111 1811 2165 unquam
1840 2097 2021 2165 patriai
2046 2097 2156 2151 sol-

586 2190 744 2243 licitis
773 2188 982 2241 offerris
1012 2187 1319 2251 obtutibus;
1354 2186 1453 2240 nisi
1492 2185 1710 2239 forsitan
1757 2199 1877 2239 cum
1922 2186 1987 2239 ad
2016 2185 2156 2240 arbi-

586 2281 746 2334 trium
793 2279 1013 2333 terroris
1056 2278 1254 2343 alieni,
1287 2291 1382 2331 vos
1410 2276 1606 2341 loriam,
1639 2291 1737 2330 nos
1766 2278 2154 2347 propugnacula

585 2380 795 2437 tegunt.
832 2369 928 2424 Ubi
954 2369 1064 2436 ipse
1090 2368 1143 2422 in
1172 2367 1272 2422 hoc
1300 2362 1471 2422 solum
1500 2368 1738 2436 captivus
1767 2368 2068 2433 adduceris,
2099 2379 2157 2422 ut

588 2459 868 2527 pharetras
906 2458 1110 2527 sagittis
1140 2472 1398 2523 vacuare,
1439 2456 1686 2525 lacrymis
1729 2458 1915 2513 oculos
1936 2458 2157 2527 implere

582 2550 823 2618 cogaris;
856 2548 1011 2602 nobis
1055 2563 1266 2615 quoque
1316 2563 1420 2601 non
1467 2548 1869 2614 recusantibus,
1897 2549 2039 2618 quod
2067 2558 2154 2604 tua

582 2640 712 2693 satis
762 2637 908 2693 aliud
952 2639 1241 2692 moliuntur
1267 2648 1387 2691 vota
1412 2681 1427 2705 ,
1475 2653 1632 2707 qttam
1667 2637 1864 2706 jacula.
1896 2638 2001 2694 Sed
2032 2638 2155 2709 quia

582 2731 846 2786 interdum
867 2769 882 2794 ,
915 2738 969 2784 et
992 2730 1038 2783 si
1071 2745 1175 2783 non
1208 2745 1302 2797 per
1335 2729 1593 2784 fcedernm
1626 2732 1935 2795 veritatem,
1968 2731 2156 2786 saltem

581 2839 678 2894 per
718 2824 1051 2878 induciarum
1100 2822 1379 2891 imaginem
1406 2862 1420 2887 ,
1451 2821 1693 2891 quaadam
1732 2824 1844 2889 spei
1872 2833 2067 2877 nostra:
2095 2824 2157 2877 li-

581 2914 799 2971 bertatis
823 2914 1055 2968 fenestra
1077 2912 1382 2982 resplendet
1405 2929 1420 2967 :
1448 2913 1685 2982 impense
1706 2913 1905 2982 flagito,
1934 2914 2007 2967 uti
2033 2928 2152 2979 nos,

580 3020 701 3058 cum
743 3005 972 3059 maxime
999 3014 1177 3073 potes,
1218 3004 1376 3056 affatu
1407 3001 1614 3071 pagina;
1639 3002 1930 3071 frequentis
1960 3003 2156 3072 imper-

581 3095 716 3158 tias;
745 3095 920 3147 sciens
952 3092 1043 3146 tibi
1081 3094 1132 3146 in
1175 3092 1366 3146 animis
1400 3091 1552 3161 143
1582 3091 1925 3145 obsessorum
1953 3091 2147 3145 civium

2258 1912 2377 1979 quia
2408 1911 2603 1967 dicitur
2634 1914 2747 1967 haec
2778 1915 2888 1980 ipsa
2911 1913 3179 1983 pernicies
3202 1916 3592 1983 appropinquare
3613 1915 3741 1983 (cuius

2260 2002 2649 2069 proditionibus
2695 2003 2838 2057 Deus
2880 2002 3084 2075 obviet)
3114 2004 3346 2073 praeveni
3373 2007 3583 2057 morbum
3609 2003 3740 2071 pravi.

2257 2093 2451 2147 dentia:
2497 2093 2810 2149 salubritate
2836 2111 2849 2160 ;
2874 2105 3172 2163 contraque
3217 2096 3335 2151 lites
3359 2097 3690 2165 jurgiusomm.
3711 2095 3741 2147 si

2255 2196 2376 2251 qua:
2406 2192 2709 2249 moventur,
2731 2184 3066 2253 pactionibus
3085 2185 3336 2250 consule,
3364 2195 3386 2223 α
3425 2194 3582 2237 contra
3601 2185 3743 2236 tributa

2255 2273 2628 2328 secmitatibus
2662 2291 2677 2327 :
2707 2288 2776 2330 ne
2822 2275 2994 2328 malus
3044 2276 3208 2329 homo
3258 2275 3409 2329 rebus
3449 2275 3666 2329 bonorum
3688 2273 3745 2326 rel

2255 2363 2395 2432 quod
2425 2374 2642 2426 noceat,
2672 2365 2755 2418 vel
2800 2364 2940 2433 quod
2986 2375 3209 2432 przestet
3253 2366 3491 2418 inveniat.
3526 2365 3569 2417 In
3592 2376 3744 2416 summa

2256 2454 2321 2507 de
2351 2454 2611 2509 Seronato
2632 2454 2711 2508 vis
2740 2456 2983 2523 accipere
2998 2460 3125 2525 quid
3152 2456 3407 2510 sentiam?
3436 2454 3603 2509 Cmteri
3628 2452 3745 2519 afﬂigi

2258 2563 2351 2616 per
2374 2548 2794 2617 suprascriptum
2826 2550 3019 2603 damno
3051 2560 3336 2616 verentur;
3374 2549 3492 2603 mihi
3519 2546 3691 2601 latronis
3709 2551 3748 2597 et

2258 2639 2514 2696 beneficia
2540 2649 2783 2706 suSpecta
2800 2650 2955 2694 sunt.
2990 2642 3140 2695 Vale.

2807 2731 3143 2787 EPISTOLA
3174 2730 3313 2784 XIV.

2646 2823 2889 2879 Sidonius
2920 2824 3062 2892 Apro
3088 2842 3186 2878 suo
3217 2825 3441 2877 salutem.

2324 2911 2350 2948 ά
2381 2910 2633 2968 Calenses
2677 2929 2818 2967 nunc
2860 2924 2911 2968 te
2940 2914 3082 2968 Baia:
3106 2956 3123 2979 ,
3170 2926 3225 2968 et
3270 2913 3468 2966 scabris
3503 2905 3754 2964 cnvematitn

2254 3012 2457 3057 ructata
2490 3003 2787 3072 pumicibus
2814 3017 2948 3071 aqua
2980 3004 3292 3071 sulphuris,
3320 3013 3469 3071 atque
3487 2994 3697 3069 iecorosis
3715 3007 3758 3046 at:

2258 3092 2695 3161 phtisiscentibus
2716 3092 2975 3161 languidis
2998 3092 3337 3147 medicabilis
3369 3089 3757 3163 piscinaldelectat.

583 3185 723 3239 illam
775 3200 989 3239 manere
1018 3184 1271 3255 gratiam,
1302 3198 1418 3253 qua:
1463 3183 1810 3239 obliviscatur
1856 3180 2220 3243 obsidentisC
2253 3188 2332 3240 An
2375 3186 2600 3241 fortasse
2644 3198 2892 3240 montana
2935 3188 3096 3242 sedes
3138 3190 3343 3242 circum
3385 3185 3613 3247 castella;
3647 3180 3760 3235 etin

583 3275 858 3331 invidiam.
888 3276 1038 3332 Vale.

1087 3365 1408 3422 EPISTULA
1452 3366 1592 3421 XIII.

867 3458 1111 3513 Sidonius
1129 3469 1153 3496 ι
1181 3459 1481 3529 Pannychio
1515 3475 1609 3513 suo
1631 3460 1864 3514 salutem.

651 3548 678 3589 ι)
701 3550 1017 3605 Seronatum
1050 3550 1244 3605 Tolosa
1297 3551 1645 3606 nostiredire
1682 3570 1694 3604 :
1735 3553 1777 3607 si
1809 3552 2039 3607 nondum
2072 3555 2150 3623 (et

579 3642 741 3697 credo
769 3641 909 3712 quod
941 3640 1219 3709 nondum),
1255 3642 1333 3696 rel
1381 3656 1476 3711 per
1505 3647 1616 3697 ha~c
1641 3642 1808 3698 disce.
1846 3643 1962 3698 .lam
1990 3642 2151 3698 Clau-

581 3737 805 3789 scntiam
835 3735 1002 3803 pergit
1026 3733 1318 3789 Evantliius
1344 3752 1357 3799 ;
1384 3736 1617 3804 jamque
1636 3745 1937 3791 contractas
1961 3752 2149 3806 operas

580 3825 717 3891 cogit
749 3824 1053 3885 cruderare,
1076 3824 1120 3877 si
1151 3824 1275 3891 quid
1306 3823 1439 3880 forte
1467 3826 1675 3893 deiectu
1702 3826 1917 3882 caduca:
1950 3828 2150 3883 frondis

580 3926 741 3981 agger
770 3911 1050 3965 insorduit.
1081 3909 1237 3966 Certe
1274 3913 1320 3967 si
1348 3914 1473 3982 quid
1504 3916 1877 3984 voraginosum
1907 3928 2011 3979 est,
2037 3918 2150 3984 ipse

582 4000 744 4052 humo
771 4000 995 4053 advecta
1025 4001 1302 4054 scrobibus
1342 4002 1573 4071 oppletis
1605 4004 1842 4071 trepidus
1882 4016 2145 4072 exaequat,

582 4100 637 4143 ιιι
658 4099 779 4159 pote
802 4089 1029 4145 belluam
1056 4105 1203 4144 suam
1228 4090 1295 4145 de
1323 4092 1465 4146 valle
1488 4091 1697 4145 Tarmis
1722 4092 1981 4146 ducaliter
2002 4106 2152 4148 ante-

579 4196 865 4247 cessurus;
885 4182 1146 4235 musculis
1184 4181 1376 4235 similis
1405 4181 1545 4235 inter
1584 4194 1801 4245 Saxosa,
1832 4182 1916 4237 vel
1946 4182 2167 4250 brevia,

582 4272 890 4326 halenarum
928 4269 1314 4338 corpulentiam
1341 4269 1893 4340 praegubernantibus.
1943 4273 2015 4327 At
2060 4274 2150 4329 ille

580 4363 657 4416 sic
685 4362 759 4415 ira
781 4361 947 4425 celer,
974 4360 1115 4429 quod
1146 4358 1296 4429 piger
1321 4360 1483 4427 mole,
1519 4374 1612 4415 seu
1638 4360 1799 4416 draco
1823 4377 1854 4417 e
1877 4375 2039 4433 specu
2062 4364 2145 4418 vix

653 4506 680 4533 ι
719 4493 1070 4563 Bituriceusi,
1106 4493 1224 4549 viro
1277 4492 1504 4562 illustri,
1554 4502 1615 4548 ut
1659 4504 1741 4548 est
1788 4495 1839 4549 in
1883 4493 2149 4552 Concione
2181 4501 2230 4560 υ

584 4566 680 4619 lib.
707 4580 799 4618 vti.
1669 4611 1682 4623 .

652 4633 680 4672 ι»
713 4635 787 4687 De
815 4649 919 4702 quo
950 4633 1305 4703 superiuslib.
1338 4648 1398 4697 tt,
1429 4632 1585 4702 epist.
1620 4634 1670 4688 Ι.
1700 4633 1847 4690 Tunc
1870 4635 2149 4691 Aturribus

582 4704 808 4767 redibat,
832 4719 970 4757 nunc
990 4705 1181 4758 Tolosa
1209 4722 1220 4756 :
1242 4704 1527 4775 utrobique
1547 4716 1612 4759 ex
1636 4704 1756 4758 aula
1783 4707 1925 4775 regis
1950 4707 2145 4761 Gotho-

583 4789 725 4836 rum,
756 4789 978 4840 quorum
1016 4775 1251 4840 partibus
1282 4774 1510 4829 favebat.

656 4854 679 4882 ε
721 4843 1042 4897 Securitates
1070 4854 1188 4895 sunt
1216 4841 1433 4909 apochae
1459 4859 1473 4893 :
1503 4842 1817 4897 documenta
1851 4843 2143 4899 illationtnn

582 4913 814 4979 appellat
856 4913 1217 4983 Symmachus
1256 4912 1343 4963 lib.
1379 4927 1443 4977 ιι,
1487 4913 1642 4981 epist.
1684 4914 1773 4980 45,
1819 4915 2149 4982 syngraphas

584 4983 854 5044 nimirum,
878 4981 1114 5050 quas-qui
1136 4981 1330 5034 tributa
1353 4983 1566 5035 solvunt
1586 5000 1612 5033 ιι
1642 4981 2035 5049 susceptoribus
2060 5000 2149 5040 ac-

585 5052 785 5117 cipiunt
802 5050 1008 5104 fiducia:
1026 5065 1207 5105 causa.
1239 5051 1587 5104 Cassiodorus
1613 5055 1950 5106 canouieario
1979 5053 2151 5108 Vene-

584 5122 773 5172 tiarum
808 5137 823 5173 :
861 5119 1071 5175 Validas
1091 5132 1265 5173 contra
1286 5130 1330 5173 te
1353 5121 1577 5185 apachas
1601 5123 1913 5183 invenerunt.
1941 5125 2171 5177 invictas

582 5191 877 5244 securitates
908 5190 1009 5243 illis
1040 5191 1175 5244 dedit
1200 5189 1464 5243 calamitas
1488 5207 1583 5244 sua
1611 5206 1628 5243 :
1659 5192 1900 5244 violenter
1943 5193 2149 5247 abstulit

581 5260 717 5329 quod
756 5261 1027 5329 qumrebas.
1073 5259 1235 5321 Hinc,
1272 5261 1675 5315 Primiscrinius
1713 5273 2055 5316 securitatem
2098 5266 2149 5318 in

582 5330 758 5383 officio
788 5330 995 5384 comitis
1028 5330 1238 5395 privati.

653 5398 680 5436 ἀ
710 5399 903 5467 Scripti
933 5400 1135 5467 aliquot
1156 5398 1271 5470 libri
1297 5397 1553 5470 Caienses,
1573 5400 1669 5454 alii
1693 5396 1923 5455 Galemes
1950 5402 2148 5470 legunt.

586 5470 723 5523 ltaiai
762 5480 905 5524 sunt
930 5482 1081 5536 aqua:
1104 5468 1308 5522 calidze.
1348 5468 1413 5522 Et
1457 5480 1581 5522 sunt
1608 5473 1764 5525 hodie
1786 5471 1837 5523 in
1871 5468 2144 5533 Arvernis,

584 5555 703 5607 quae
758 5543 806 5594 id
837 5553 1029 5594 nomen
1074 5541 1199 5594 vico
1234 5538 1535 5609 dederunt:
1578 5554 1698 5593 nam
1742 5541 1943 5593 calidas
1985 5554 2147 5609 aquas

585 5609 750 5673 patria
781 5609 955 5677 lingua
991 5618 1202 5663 vorant.
1235 5608 1516 5662 lit—Tabula
1544 5610 1702 5662 etiam
1737 5608 2057 5677 Pcutiugi-ri,
2091 5620 2149 5665 ut

585 5692 745 5743 supra
786 5679 984 5749 dictum
1030 5688 1139 5745 est,
1179 5678 1517 5749 nominantur
1545 5682 1710 5749 Aqua:
1745 5678 1944 5732 Calidae
1983 5681 2040 5735 in'
2064 5682 2147 5737 iti-

586 5760 716 5802 nere
740 5748 879 5814 quod
909 5748 974 5803 ab
1000 5754 1451 5819 Augustoncmcto
1483 5747 1793 5805 Lucdunum
1816 5749 1977 5805 ducit.

2256 3278 2498 3348 eligenda
2543 3279 2672 3334 sede
2700 3278 2927 3348 perfugii
2955 3319 2971 3343 ,
3003 3281 3301 3348 quamdam
3344 3280 3529 3347 pateris
3555 3291 3611 3330 ex
3637 3272 3762 3327 muni-

2255 3371 2456 3425 tionttm
2488 3369 2782 3440 frequentia
2817 3372 3242 3427 difficultatem?
3281 3369 3533 3441 Quidquid
3560 3366 3667 3421 illud
3689 3371 3764 3427 est,

2254 3462 2394 3531 quod
2422 3463 2506 3517 vel
2536 3462 2746 3533 negotio
2766 3478 2942 3531 vacas,
2976 3465 3029 3518 in
3061 3467 3257 3521 urbem
3292 3464 3544 3527 tatnen,ni
3565 3460 3760 3522 fallimur,

2257 3564 2281 3592 υ
2335 3554 2669 3623 rogationum
2714 3557 3171 3624 contemplatione
3214 3556 3542 3611 revocabere.
3584 3553 3760 3620 Quarum

2255 3646 2408 3697 nobis
2430 3644 2822 3700 solemnitatem
2847 3647 3048 3714 primus
3082 3648 3378 3701 Mamertus
3409 3658 3546 3715 pater
3567 3654 3611 3697 et
3633 3639 3763 3710 ponti-

2253 3732 2361 3799 fex,
2388 3735 2820 3789 reverentissimo
2839 3738 3115 3805 cxemplo,
3138 3738 3423 3791 utilissimo
3445 3733 3765 3802 experimento,

2254 3824 2476 3887 invenit,
2507 3825 2752 3891 instituit,
2788 3826 3015 3880 invexit.
3054 3828 3225 3882 Erant
3257 3828 3469 3896 quidem
3499 3825 3625 3893 prius
3646 3817 3768 3886 ((1⁸³οά

2251 3916 2397 3969 salva
2442 3915 2562 3971 fidei
2607 3931 2738 3985 pace
2788 3918 2856 3971 sit
2895 3917 3121 3987 dictum)
3172 3935 3345 3986 vagae.
3377 3908 3769 3987 tepentes,ittlre-

2254 4016 2612 4073 quentesque,
2649 4016 2810 4075 utque
2859 4007 3013 4079 11.5
3064 4011 3144 4062 sic
3174 4010 3439 4076 dixrrim,
3483 3999 3773 4061 oscitaliumlze

2252 4097 2693 4165 supplicationes;
2718 4112 2838 4165 qua:
2857 4113 3000 4166 saepe
3022 4100 3473 4168 interpellantum
3500 4093 3773 4167 prandiorum

2251 4186 2492 4240 obicibus
2522 4187 2927 4254 hebetabantur,
2960 4190 3201 4245 maxime
3226 4200 3316 4244 aut
3343 4188 3655 4249 imbres.aut
3669 4194 3777 4235 sere-

2250 4276 2470 4331 nitatem
2502 4276 2893 4345 deprecatum;
2920 4278 2987 4332 ad
3014 4290 3153 4349 quas
3184 4282 3272 4350 (ut
3296 4282 3371 4336 nil
3395 4266 3775 4346 a'm‘plius'dicam)

2251 4367 2409 4436 figulo
2459 4372 2656 4435 pariter
2703 4377 2861 4436 atque
2893 4367 3187 4425 hortulauo
3239 4387 3349 4425 non
3381 4370 3602 4439 oportuit
3632 4372 3781 4417 conve-

2328 4508 2351 4536 ε
2387 4500 2460 4553 De
2494 4499 2749 4554 institutis
2778 4515 2804 4551 a
2842 4501 3097 4554 Mamerto
3140 4499 3437 4557 Viennensi
3480 4497 3780 4566 episc'ttloio'

2253 4569 2750 4644 gationibusexstat
2771 4571 2983 4644 ltomilia
3007 4572 3206 4625 Alcimi
3234 4573 3381 4625 Aviti
3404 4559 3627 4644 ejusdem
3649 4559 3785 4644 Eccl?

2254 4642 2345 4692 sia:
2359 4641 2632 4702 antistitis,
2659 4652 2709 4695 et
2733 4641 3071 4695 consentiunt
3093 4644 3311 4710 antiqui
3335 4641 3781 4710 omnesscripiorﬁj

2253 4710 2431 4775 Quare
2463 4715 2657 4763 frustra
2698 4710 2938 4763 laborant
2958 4752 2971 4771 ,
3001 4711 3089 4776 qui
3132 4704 3429 4780 propterea
3457 4704 3787 4780 quodlitautﬁs

2254 4779 2775 4848 supplicationesque
2808 4789 2932 4835 ante
2962 4774 3287 4834 illaturi-tum
3325 4784 3379 4833 in
3420 4774 3640 4848 Ecclesia
3663 4778 3787 4823 ειειιο

2255 4851 2385 4902 tisse
2414 4848 2622 4917 legunt,
2649 4845 2767 4903 ideo
2796 4850 2940 4904 illum
2974 4862 3324 4919 rogat:onum
3355 4864 3460 4902 non
3497 4845 3695 4919 primum
3720 4849 3790 4916 ttu-

2254 4916 2604 4990 ctorem,_sed
2649 4916 3058 4974 restauratoretu
3090 4921 3206 4973 dici
3236 4920 3453 4972 volunt;
3498 4916 3709 4990 Frustra.
3733 4921 3813 4990 "lf-

2255 5002 2437 5055 quam.
2470 4987 2656 5059 Neque
2679 4991 2819 5043 enim
2846 4990 3069 5059 qumstio
3091 4999 3182 5042 est
3205 5006 3277 5042 an
3308 4992 3513 5056 primus
3542 4986 3789 5059 litaniartftll

2256 5046 2405 5137 tisqm
2440 5059 2504 5137 _in
2541 5046 2831 5137 Ecclesium
2865 5046 3172 5137 invexerit,
3210 5046 3380 5129 quem
3426 5063 3621 5137 constat
3664 5046 3790 5137 multa

2252 5125 2607 5195 antiquiorem
2651 5129 2815 5182 fuisse
2840 5146 2852 5180 :
2881 5130 2973 5183 sed
3003 5144 3066 5182 an
3099 5144 3204 5182 eas
3232 5125 3543 5183 instituerit
3570 5138 3674 5192 quae
3700 5125 3793 5169 anle

2254 5198 2639 5251 Ascensionem
2698 5199 2905 5251 Domini
2963 5198 3367 5262 celebrantur,
3423 5198 3792 5265 Rogationemuc

2253 5268 2463 5340 propria
2487 5267 2597 5334 jam
2632 5283 2760 5322 voce
2787 5276 3182 5340 nuncupantur.
3219 5270 3278 5323 ln
3310 5285 3444 5338 quo.
3474 5263 3531 5320 ut
3558 5263 3795 5340 dixist‘Ol‘i‘

2253 5332 2510 5408 sentiunt
2532 5352 2739 5401 omnes,
2779 5348 2833 5390 et
2869 5332 3074 5392 Sidonii
3099 5341 3296 5408 iverba
3331 5332 3563 5399 'invemt,
3592 5332 3791 5408 instituit,

2251 5405 2456 5471 invexit,
2480 5406 2708 5461 dubitari
2736 5408 3057 5477 nonisinunt.
3095 5407 3617 5477 Rogationttm‘ergo
3638 5405 3794 5470 ιπίηιυε

2251 5488 2439 5528 anetor
2488 5477 2791 5530 Mamertus.
2834 5476 2948 5531 Non
2997 5476 3485 5543 solum’tnsutuit,
3516 5490 3568 5531 ιιι
3597 5483 3722 5543 suum
3752 5476 3797 5514 ac

2250 5544 2520 5619 solemnes
2547 5547 2652 5619 illis
2682 5546 2868 5601 diebus
2892 5547 3331 5619 supplicationes
3360 5540 3564 5609 essent,
3593 5540 3673 5619 sed
3700 5548 3795 5619 sup-

2251 5615 2593 5679 plicationnm
2618 5616 2843 5687 formam
2874 5615 3061 5673 usitata
3084 5621 3436 5675 sanctiorem
3467 5615 3800 5687 augustiorcnr

2248 5698 2351 5752 que
2384 5685 2731 5756 praiscripsit.
