3910 6172
118 251 197 305 5i5

1336 244 1822 305 EPIS’I‘OLAIIUSI
1859 244 1989 302 LIB.
2033 246 2071 299 V

3223 260 3330 314 διισ

114 366 223 413 "ire,
250 357 302 411 In
336 356 416 409 bis
438 365 616 412 autem
648 372 774 426 quas
804 355 1105 425 suprafatus
1134 372 1373 412 summus
1401 358 1651 411 sacerdos
1679 363 1728 417 Α
1755 357 1999 426 gerulum
2048 356 2449 423 codicellorum,
2495 373 2720 426 quorum
2760 362 2815 417 in
2859 363 3128 433 adventu,
3177 365 3328 424 fratri

113 462 151 505 et
188 448 392 517 protulit
443 449 644 517 pariter
682 458 735 501 et
790 446 1047 512 contulit,
1087 446 1386 515 jejtmatur,
1433 457 1646 510 oratur,

116 540 338 609 psallitur,
372 537 550 591 ﬂetur.
578 538 655 591 Ad
688 538 799 592 haec
822 547 873 591 te
895 538 1024 591 festa
1054 536 1318 591 cervicum
1346 536 1647 590 humiliata-

113 645 237 696 rum,
281 637 333 681 et
370 628 693 682 sternacium
740 627 931 681 civium
973 627 1259 695 suspiriosa
1301 627 1647 680 contubernia

113 729 323 789 petozet
359 720 404 773 si
441 719 739 789 spiritalem
786 718 1021 771 animum
1063 728 1207 771 tuum
1251 718 1385 773 bene
1432 718 1643 783 metior,

111 812 239 865 modo
281 810 439 864 citius
484 810 685 872 venies,
719 808 859 878 quod
890 822 993 862 nou
1018 808 1084 861 ad
1110 808 1316 878 epulas,
1350 808 1446 864 sed
1471 808 1536 863 ad
1565 810 1643 862 la-

111 917 286 975 crymas
309 904 580 957 evocaris.
616 902 765 956 Vale.

618 989 950 1047 EPISTOLA
988 990 1104 1045 XV.

423 1081 677 1135 Sidonius
699 1081 911 1135 Ruricio
931 1098 1021 1135 suo
1049 1082 1287 1146 salutem.

160 1174 314 1229 Ofﬁcii
343 1188 592 1228 sermone
623 1174 871 1241 praafato,
899 1174 1240 1243 bibli0polam
1272 1184 1504 1231 vestrum
1536 1192 1638 1232 non

106 1267 320 1333 grat’ose,
350 1263 443 1318 sed
468 1263 787 1331 judicialiter
812 1277 1062 1331 expertus
1100 1264 1309 1318 insinuo
1361 1284 1373 1318 :
1405 1268 1557 1335 cujus
1586 1279 1639 1321 ut

108 1356 236 1409 ﬁdem
263 1356 314 1408 in
352 1366 589 1421 pectore,
620 1355 698 1407 sic
725 1353 774 1406 iu
803 1369 965 1422 opere
1001 1355 1347 1421 celeritatem,
1379 1358 1518 1411 circa
1545 1358 1640 1411 do-

105 1446 275 1497 minum
329 1453 380 1497 te
421 1443 551 1495 mihi
594 1441 802 1509 sibique
857 1457 1193 1497 communem
1246 1445 1376 1499 satis
1430 1447 1639 1500 abunde

104 1533 316 1601 probavi.
361 1542 387 1568 ἰ
421 1532 636 1585 Librum
678 1531 836 1600 igitur
873 1532 980 1600 jam
1030 1532 1144 1600 ipse
1174 1534 1415 1601 deportat
1441 1536 1635 1606 Hepta-

104 1623 280 1688 It'IlCIII,
316 1622 570 1689 scriptum
614 1621 893 1675 velocitate
914 1638 1119 1675 summa
1140 1663 1154 1686 ,
1198 1638 1405 1679 summo
1437 1627 1631 1691 nitore;

1753 449 1912 503 etiam
1939 459 2027 502 tuo
2056 442 2295 518 Ecdicio,
2325 450 2475 517 cujus
2495 466 2645 520 mque
2668 454 2831 509 titulis
2856 471 2919 510 ac
2945 460 3077 510 meis
3102 459 3324 527 gaudes,

1754 539 1924 591 honor
1962 540 2213 606 patricius
2241 540 2481 605 alcedit;
2522 542 2836 610 celerrime,
2882 546 2928 599 si
2965 548 3167 615 cogites
3209 549 3325 616 ejus

1748 634 1993 691 aetatem;
2028 627 2072 682 si
2102 630 2309 692 merita,
2350 629 2675 685 tardissime.
2708 631 2943 702 Namque
2968 636 3058 689 ille
3078 637 3185 703 jam
3217 639 3324 708 pri-

1746 714 1869 769 dem
1919 716 2227 786 suii‘ragium
2285 718 2557 787 dignitatis
2610 719 2860 775 ineunda:
2908 738 3014 778 non
3062 726 3222 780 solvit
3268 728 3321 782 iu

1749 802 1920 871 lance,
1948 806 2041 859 sed
2072 805 2125 859 in
2150 807 2264 861 acie
2293 825 2305 859 :
2332 810 2687 878 mrariumque
2712 811 2979 877 publicum
3010 814 3123 881 ipse
3147 818 3323 883 priva-

1746 902 1831 947 tus
1880 911 1984 948 non
2024 898 2304 963 pecuniis,
2351 898 2446 950 sed
2487 899 2751 954 manubiis
2801 901 3166 970 locupletavit.
3212 904 3322 958 Hoc

1744 991 1922 1036 tamen
1974 995 2159 1039 sancte
2185 984 2355 1040 Julius
2381 987 2589 1056 Nepos,
2630 990 2794 1043 armis
2840 991 3040 1059 pariter
3081 1007 3321 1047 summus

1744 1075 2014 1142 Augustus
2064 1090 2127 1130 ac
2179 1076 2417 1131 moribus
2446 1118 2462 1141 ,
2513 1077 2654 1146 quod
2699 1080 2996 1135 decessoris
3046 1082 3318 1138 Anthemii

1741 1160 1929 1227 ﬁdem,
1955 1164 2072 1217 fratr
2090 1164 2134 1219 is
2156 1168 2233 1218 tui
2261 1167 2545 1221 sudoribus
2575 1168 2857 1236 obligatam
2876 1213 2891 1236 ,
2934 1185 3039 1238 quo
3077 1172 3316 1238 citerior,

1742 1252 1842 1307 hoc
1879 1254 2195 1309 laudabilior
2241 1257 2504 1321 absolvit;
2550 1258 2810 1326 siquidem
2860 1258 2959 1313 iste
3005 1263 3313 1329 complevit,

1738 1347 1879 1415 quod
1901 1347 1994 1401 ille
2017 1349 2308 1415 smpissime
2337 1350 2701 1418 pollicebatur.
2734 1351 2848 1416 Quo
2875 1350 2953 1415 Iit,
2979 1360 3036 1405 ttt
3058 1352 3312 1423 deinceps

1739 1455 1833 1510 pro
1860 1440 2135 1506 republica
2174 1443 2405 1510 optimus
2451 1442 2674 1511 quisque
2721 1443 2887 1511 pos~it
2919 1457 2981 1496 ac
3029 1443 3240 1510 debeat,
3268 1445 3313 1500 si

1734 1516 1860 1600 quid
1891 1532 2121 1601 cuipiam
2168 1533 2359 1586 virium
2411 1542 2512 1597 est,
2546 1534 2667 1602 quia
2706 1548 2947 1596 securus,
2983 1533 3107 1587 hiuc
3129 1534 3314 1589 avidus

1738 1622 2043 1690 impendere
2081 1625 2331 1692 :quando
2361 1623 2576 1692 quidem
2609 1640 2817 1678 moriuo
2845 1639 3054 1695 quoque
3084 1627 3314 1695 impera-

102 1728 365 1781 quanquam
388 1723 441 1766 et
468 1728 497 1764 a
527 1712 677 1765 nobis
707 1713 961 1765 relectum
990 1721 1042 1766 et
1068 1722 1426 1767 retractatum.
1462 1716 1635 1770 Defert
1670 1700 1711 1757 Β
1741 1722 1882 1784 tore,
1934 1715 2270 1769 laborantum
2331 1716 2597 1769 devotioni
2664 1717 2918 1786 quidquid
2968 1717 3314 1785 sp0p0nderit

102 1814 142 1856 ct
162 1804 389 1856 volumen
417 1801 816 1869 prephetarum,
842 1801 963 1855 licet
986 1818 1069 1856 me
1091 1802 1309 1858 absente
1330 1804 1633 1873 decursum,

100 1910 179 1948 sua
206 1906 368 1948 tamen
398 1908 525 1947 cura
571 1909 836 1962 manuque
879 1893 947 1948 de
979 1896 1318 1962 supervacuis
1357 1900 1637 1953 sententiis

101 1985 435 2048 cruderatum;
488 2000 587 2040 ncc
613 1983 874 2054 semperb
926 1984 1019 2039 illo
1061 1993 1245 2040 contra
1287 1988 1513 2056 legente,
1545 1992 1632 2054 qui

103 2077 381 2143 promiserat
403 2089 618 2143 Operam
650 2091 798 2127 suam
828 2090 843 2130 :
870 2075 1033 2129 credo
1052 2077 1172 2145 quia
1203 2077 1480 2132 infirmitas
1525 2078 1636 2133 fue-

101 2167 152 2217 rit
202 2166 621 2234 impedimento,
679 2164 963 2234 quominus
1034 2165 1263 2233 pollicita
1320 2169 1631 2238 compleret.

101 2258 256 2311 Restat
296 2268 351 2312 ut
373 2258 674 2312 exhortatio
700 2268 909 2323 vestra,
956 2256 1067 2311 sive
1105 2258 1340 2326 sponsio,
1383 2260 1633 2316 famulum

98 2351 156 2402 sic
179 2352 251 2403 vel
282 2350 583 2402 studentem
617 2347 772 2419 146
801 2349 1029 2417 placere,
1059 2349 1139 2402 vel
1171 2350 1435 2416 meritum,
1466 2354 1630 2422 gratia

98 2440 384 2504 competenti
414 2447 787 2493 remuneretur
815 2453 829 2490 :
855 2452 971 2504 quae
1000 2436 1178 2506 utique
1208 2453 1302 2507 pro
1332 2441 1423 2493 tali
1455 2442 1632 2498 labore

96 2532 129 2582 si
149 2530 615 2601 solvitnrniucipiet
644 2538 873 2581 vestram
898 2529 1164 2597 respicere
1182 2532 1500 2586 mercedem.
1526 2534 1629 2588 Sed

95 2635 195 2673 cum
218 2620 307 2674 hoc
329 2636 428 2689 ego
456 2621 526 2675 de
544 2620 653 2673 sola
680 2618 846 2689 gratia
877 2635 1081 2687 precer,
1109 2635 1203 2674 vos
1221 2621 1343 2690 quid
1369 2635 1631 2677 mercatur

93 2712 309 2775 aspicite,
333 2726 492 2779 quem
511 2718 724 2764 constat
746 2710 993 2764 allectum
1022 2708 1224 2765 domini
1250 2710 1417 2781 magis
1431 2713 1631 2768 ambire

93 2816 221 2868 quam
249 2801 548 2871 praemium.
579 2801 726 2855 Vale.

598 2889 920 2945 EPISTULA
961 2889 1101 2946 XVI.

326 2982 572 3037 Sidonius
598 2991 619 3019 ο
652 2980 958 3051 Papianiflte
981 2997 1085 3034 sua!
1112 2980 1344 3035 salutem.

1743 1806 2007 1873 princeps,
2038 1819 2251 1873 semper
2277 1803 2408 1858 redh
2434 1804 2523 1857 bet
2562 1804 2712 1874 147
2740 1806 3081 1873 principatus.
3108 1807 3310 1860 Interea

1737 1904 1824 1960 tu,
1868 1897 1910 1948 si
1942 1894 2187 1949 affectum
2221 1909 2365 1948 tuum
2390 1894 2525 1948 bene
2554 1898 2764 1965 colligo,
2811 1898 2956 1951 hisce
3000 1897 3309 1962 compertis,

1735 2002 1982 2057 maguum
2024 1987 2271 2041 solatium
2313 1987 2451 2043 inter
2480 1986 2701 2040 adversa
2732 1994 2966 2043 maxima
2996 1990 3141 2056 capis
3172 2006 3183 2041 :
3215 2003 3312 2044 nec

1734 2078 1967 2131 animum
2014 2086 2160 2131 tuum
2199 2093 2229 2130 a
2255 2079 2464 2131 tramite
2498 2078 2858 2131 Communium
2889 2078 3199 2148 gaudiorum
3228 2081 3311 2133 vi-

1733 2167 1869 2222 cinre
1916 2183 2127 2238 quoque
2156 2167 2452 2222 obsidionis
2495 2176 2671 2222 terror
2698 2170 2978 2223 exorbitat.
3007 2168 3137 2223 Novi
3165 2169 3307 2224 enim

1734 2257 1919 2325 probe,
1949 2270 2015 2309 ne
2046 2270 2165 2310 meo
2196 2256 2411 2323 quidem
2435 2263 2509 2319 te,
2549 2271 2708 2325 quem
2739 2272 2806 2311 ex
2840 2259 2955 2326 iege
2996 2258 3307 2326 participas,

1732 2348 1810 2403 sic
1842 2347 2044 2401 honore
2088 2348 2316 2402 latalam
2354 2364 2366 2400 :
2396 2348 2516 2417 quia
2546 2348 2670 2403 licet
2698 2349 2773 2402 sis
2799 2364 2931 2402 uxor
2966 2349 3122 2413 bona,
3155 2364 3309 2403 soror

1732 2452 1944 2506 quoque
1984 2438 2181 2505 optima
2206 2452 2284 2492 es.
2317 2436 2427 2503 Qua
2458 2438 2525 2491 de
2548 2453 2625 2504 re,
2667 2439 2899 2507 pr0pitio
2932 2439 3041 2492 Deo
3070 2439 3302 2506 Christo,

1732 2528 2014 2596 ampliatos
2028 2529 2404 2596 prosapizetua:
2430 2528 2608 2582 titulos
2635 2544 2734 2598 ego
2765 2528 2984 2582 festinus
3002 2530 3305 2597 gratatoriis

1730 2618 1969 2687 apicibus
1999 2618 2276 2686 inscripsi,
2331 2619 2532 2687 pariter
2568 2617 2850 2672 absolvens
2890 2619 3301 2674 sollicitudinem

1732 2718 1872 2764 tuam
1895 2750 1909 2775 ,
1942 2709 2119 2764 fratris
2164 2709 2421 2779 pudorem
2454 2726 2467 2762 :
2499 2726 2656 2778 quem
2686 2710 2759 2764 nil
2790 2710 2858 2766 de
2888 2712 3101 2780 propria
3124 2713 3302 2781 digni-

1731 2809 1838 2856 tate
1865 2802 2240 2864 indicaturum,
2282 2802 2326 2855 si
2357 2804 2715 2855 verecundum
2747 2802 2882 2856 forte
2910 2804 3167 2869 nescires,
3204 2817 3303 2857 nec

1728 2891 1805 2944 sic
1831 2890 2051 2959 impium
2077 2890 2366 2958 judicares.
2396 2890 2508 2960 Ego
2538 2907 2667 2946 vero
2711 2908 2815 2946 non
2846 2902 3049 2947 tantum
3078 2895 3303 2963 insigni-

1730 2983 1828 3038 bus
1859 2983 2081 3048 vcstris,
2124 2998 2241 3052 quae
2272 2992 2325 3037 tu
2375 2984 2628 3039 hactenus
2653 3001 2854 3055 quanto
2882 2986 3122 3051 liberius,
3156 2997 3303 3041 tanto

149 3071 379 3127 Ravenna
420 3073 641 3126 veniens
672 3071 699 3109 ά
722 3080 956 3140 qumstor
994 3071 1295 3125 Licinianus
1320 3114 1334 3135 ,
1376 3088 1494 3126 cum
1520 3075 1627 3144 pri-
1654 3040 1701 3105 Ο
1732 3072 2095 3142 impatientius
2141 3072 2525 3141 praestolabare
2587 3076 2919 3144 (quanquam
2978 3076 3041 3129 iis
3090 3092 3303 3146 quoque

92 3178 210 3215 rnatu
237 3165 433 3233 tetigit,
476 3164 610 3230 Alpe
639 3163 968 3224 transmisSu,
992 3161 1175 3219 Galliae
1203 3163 1396 3226 solum,
1427 3164 1627 3220 litteras

90 3254 319 3310 adventus
355 3256 436 3309 sui
488 3255 711 3323 praevias
742 3254 922 3317 misit,
973 3252 1166 3322 quibus
1196 3252 1394 3307 indicat
1424 3269 1541 3309 esse
1570 3271 1630 3312 se

145 3388 238 3458 θι
270 3398 293 3424 ⁸·
324 3388 390 3442 Ut
419 3386 848 3458 Pentateucbttm
878 3396 1085 3458 veteres
1110 3386 1443 3454 appellarunt
1471 3389 1627 3455 quin-

89 3455 352 3523 quelibros
376 3460 561 3519 Musis,
591 3458 658 3509 ita
684 3466 736 3508 et
761 3455 1102 3509 Triteucltum
1133 3464 1240 3509 tres
1265 3458 1351 3522 qui
1382 3458 1625 3524 proxime

89 3539 371 3592 sequuntur,
399 3527 580 3589 Josue,
603 3526 816 3580 Iudices
843 3535 896 3579 et
918 3525 1077 3578 Ruth.
1107 3524 1195 3579 Sic
1223 3527 1363 3580 enim
1394 3529 1629 3579 Athana-

92 3599 184 3665 sius
209 3599 269 3650 ad
314 3597 670 3651 Marcellinum
705 3613 716 3646 :
751 3602 1002 3663 utrosque
1030 3610 1159 3648 vero
1199 3596 1355 3665 simul
1388 3595 1624 3665 junctus,

88 3664 467 3720 Ortateucbum.
513 3668 584 3718 Ita
612 3664 961 3719 Cassiodorus
995 3678 1113 3733 cap.
1149 3665 1172 3718 ‘l
1211 3664 1514 3721 Divinarum
1548 3664 1625 3720 in;

87 3736 412 3797 stilutionum,
446 3745 499 3790 et
530 3735 697 3789 Graeci
737 3749 925 3788 omnes
954 3749 1176 3804 quorum
1207 3742 1405 3802 scripta
1436 3738 1622 3803 legun-

88 3813 157 3856 tur
175 3810 242 3865 εἱς
267 3813 354 3863 τήν
386 3808 744 3876 Ὀκτάτευχον.
782 3805 915 3872 Quia
945 3814 1122 3858 autem
1166 3804 1392 3876 IIebrtni,
1422 3805 1628 3876 ut_Epi-

88 3877 287 3936 pbanins
328 3884 381 3929 et
422 3874 770 3944 Hieronymus
802 3876 1117 3941 observant,
1166 3874 1441 3927 historiam
1485 3874 1623 3927 Ruth

86 3956 221 4013 amna
266 3946 316 3998 in
368 3947 561 3999 librum
607 3960 726 3998 cum
766 3944 1038 3999 Judicibus
1081 3948 1453 4013 compingunt,
1503 3944 1627 3999 inde

85 4011 252 4066 iactum
300 4025 477 4067 estut
508 4014 924 4081 Heptateuchum
969 4014 1208 4081 plerique
1253 4011 1483 4067 dixerint
1531 4029 1627 4082 pto

84 4082 290 4138 Uctateu.
313 4084 381 4137 ho
414 4102 428 4136 :
460 4092 520 4137 ut
557 4085 908 4154 Hieronymus
935 4083 1093 4153 epist.
1127 4084 1159 4136 7
1193 4091 1247 4137 et
1269 4083 1362 4149 28,
1394 4093 1448 4137 et
1473 4082 1628 4137 Sido-

84 4154 181 4202 nius
210 4156 313 4208 hoc
342 4155 478 4208 loco.

135 4219 160 4258 δ
188 4222 347 4278 Vetus
370 4223 643 4277 adnotatio
664 4223 714 4276 in
730 4222 914 4277 codice
931 4220 1170 4276 Martiani
1197 4220 1445 4287 Capellae,
1465 4236 1622 4287 quam

81 4287 317 4363 iftlegntn
350 4294 543 4363 protuli
571 4294 636 4346 ad
661 4292 957 4347 Ennodium
982 4291 1079 4363 lib.
1099 4307 1136 4352 ι.
1167 4293 1324 4363 epist.
1354 4291 1420 4363 I9
1445 4287 1627 4363 :_Feli.p

80 4360 228 4413 timor
264 4360 595 4416 emendabam
625 4372 797 4415 contra
825 4368 1015 4430 legente
1057 4362 1297 4413 Deuterio
1324 4361 1625 4414 scltofastico

77 4430 307 4495 discipulo
333 4449 462 4486 meo.
495 4433 596 4498 Qui
628 4433 789 4485 libros
815 4448 879 4486 ex
904 4432 1186 4485 collatione
1215 4431 1491 4484 meliorum
1528 4446 1624 4485 co-

1731 3163 2019 3234 granditer)
2064 3173 2318 3233 quantum
2365 3166 2656 3220 concordia
2691 3165 2840 3222 fruor
2870 3184 2886 3223 :
2919 3182 3076 3236 quam
3122 3184 3303 3236 parem

1738 3256 1958 3320 nosmis,
1982 3255 2199 3322 suisque
2222 3254 2405 3309 liberis
2434 3254 2489 3308 in
2518 3263 2790 3324 posterum
2818 3268 3051 3327 exopto;
3082 3258 3217 3312 votis
3248 3259 3301 3313 in

1736 3389 1840 3443 vult
1865 3402 2097 3441 exercere
2136 3388 2327 3443 mariti.
2360 3388 2470 3455 Qua
2516 3388 2583 3441 de
2611 3405 2669 3442 re
2701 3400 2755 3440 ιιι
2786 3403 3015 3441 canones
3059 3389 3299 3441 omittam

1729 3460 1816 3525 qui
1847 3457 2040 3526 passim
2084 3469 2402 3524 occurrunt,
2436 3460 2687 3526 prmclata
2725 3470 2899 3511 exstat
2932 3459 3059 3525 Lupi
3091 3458 3303 3511 Tricas-

1733 3528 1836 3582 sini
1866 3538 1919 3580 et
1946 3526 2234 3594 Euphronii
2266 3529 2757 3594 Augttsloduttensis
2784 3529 3155 3594 episcoporum
3187 3544 3300 3592 ept-

1738 3597 1872 3651 stola
1903 3612 2021 3664 quia:
2060 3611 2259 3649 mmem
2291 3596 2431 3650 hunc
2477 3607 2700 3650 testatur
2734 3614 2746 3648 :
2780 3597 2875 3648 sed
2920 3597 3041 3648 huic
3076 3597 3299 3649 edenda:

1734 3666 1871 3720 alius
1885 3668 1986 3719 crit
2004 3666 2166 3722 locus.
2188 3666 2297 3719 Deo
2319 3666 2670 3733 adjuvante“.
2697 3665 2847 3719 Nunc
2868 3665 2996 3718 satis
3016 3665 3084 3717 sit
3112 3679 3299 3719 exem-

1733 3738 1876 3804 plum
1908 3733 2107 3788 Paulini
2150 3734 2357 3801 Nolani,
2403 3737 2485 3789 cui
2525 3735 2738 3789 Terasia
2786 3737 2853 3787 de
2890 3733 3114 3803 conjuge
3148 3734 3298 3804 facta

1730 3803 1902 3869 soror,
1932 3813 1989 3857 ut
2018 3804 2071 3856 in
2096 3804 2359 3857 Chronico
2389 3805 2617 3872 loquitur
2641 3806 2834 3858 ldatius
2869 3821 2882 3856 :
2908 3803 3159 3858 Germani
3190 3806 3301 3857 Au-

1732 3874 2149 3940 tissiodorensis,
2181 3873 2248 3928 de
2276 3889 2382 3942 quo
2412 3875 2462 3927 in
2494 3874 2607 3942 ejus
2637 3874 2750 3928 Vita
2777 3873 3117 3927 Constantius
3148 3889 3298 3940 pres-

1734 3945 1926 4025 byter}
1965 3941 2178 4025 Umor-iu
2198 3941 2421 4025 sororem
2440 3959 2503 4023 ea:
2525 3941 2736 4025 conjuge
2756 3953 2980 4025 mutatur
3003 3959 3035 4025 ς.
3046 3952 3101 3997 et
3128 3942 3251 4025 Lou-
3270 3974 3299 3986 .-

1732 4013 1791 4067 tii
1817 4013 2053 4082 episcopi
2101 4013 2526 4081 Burdegalensis,
2557 4013 2625 4067 de
2651 4015 2801 4082 cujus
2842 4014 3110 4067 Placidina
3159 4013 3299 4066 idem

1732 4082 1916 4137 scribit
1971 4081 2291 4137 Fortunatus
2354 4101 2367 4135 :
2423 4082 2654 4151 denique
2707 4083 2882 4137 Urbici
2934 4084 3294 4151 Arvernonrn

1730 4152 1988 4222 episcopi,
2040 4167 2198 4218 quem
2245 4158 2428 4206 narrat
2482 4150 2771 4222 Gregorius
2820 4151 3002 4222 lib.‘t,
3050 4164 3168 4216 cap.
3203 4150 3297 4211 M,

1731 4219 2192 4291 multis—lacrymis
2220 4222 2437 4287 "aluisse,
2465 4219 2613 4292 quod
2655 4219 3090 4292 consuetudinem
3120 4223 3297 4292 ecete-

1730 4293 1995 4346 siasticam
2026 4287 2227 4355 temere
2251 4287 2534 4361 aliquando
2557 4292 2825 4346 violasset.
2848 4289 2998 4361 Quod
3019 4303 3147 4355 ergo
3180 4287 3300 4355 lnge

1730 4375 1794 4415 ac
1820 4376 1967 4415 more
2003 4362 2285 4420 sancitum.
2314 4358 2826 4427 p'razdecessorisque
2854 4361 2934 4414 sui
2964 4358 3101 4412 facto
3132 4367 3297 4410 testa-

1733 4441 1843 4483 tum
1891 4430 2207 4484 meminerat
2246 4429 2516 4493 Sidonius,
2548 4433 2597 4483 id
2648 4445 2739 4483 aut
2789 4432 3051 4497 ignorare,
3082 4435 3173 4479 aut
3205 4427 3301 4479 itu-

75 4500 230 4580 dicum
266 4497 553 4580 emendat,
578 4501 778 4580 socium
807 4501 1024 4580 adhibet
1055 4500 1145 4580 qui
1174 4503 1330 4568 legat,
1351 4500 1483 4580 dum
1510 4502 1622 4580 ipse
1656 4508 1703 4567 υ
1732 4514 1870 4580 pune
1910 4511 2254 4580 contemnere
2290 4502 2377 4580 qu_i
2422 4502 2622 4580 potuit?
2649 4501 2714 4580 iit
2762 4506 3092 4580 taniensunt
3116 4497 3206 4565 qui
3234 4513 3300 4551 ex

76 4570 292 4638 Micem
329 4587 493 4627 unum
540 4571 770 4638 inspicit.
823 4572 871 4624 Is
922 4580 1103 4624 contra
1134 4571 1306 4637 legere
1331 4570 1620 4624 dicebatur.

76 4636 120 4691 la
151 4643 252 4695 alio
298 4643 485 4695 codice
531 4636 779 4695 Macrobii
818 4641 1100 4693 Theodosii
1155 4636 1465 4694 emendator
1513 4640 1626 4692 lnrc

73 4721 337 4765 annotarat
386 4730 398 4763 :
453 4710 684 4764 Aurelius
744 4709 1012 4763 Memmius
1062 4708 1395 4779 Symmachus
1449 4708 1512 4761 V.
1562 4708 1618 4762 (1.

69 4783 381 4833 extendebant
413 4782 663 4834 Ravenna:
689 4797 801 4832 cum
834 4779 1089 4832 Macrobio
1113 4778 1315 4831 Plotina
1350 4778 1624 4832 Eudoxo:

69 4850 242 4913 quibus
274 4852 457 4906 \erbis
478 4862 661 4904 eontra
696 4850 883 4917 legisse
917 4848 1208 4901 Eudoxium
1237 4849 1516 4914 significat.

130 4928 149 4955 ⁸
178 4922 322 4974 Aviti
366 4925 586 4988 Augttstt
631 4922 782 4982 lilizc,
819 4919 1020 4972 Sidonii
1052 4920 1198 4970 uxori
1229 4927 1351 4969 ante
1380 4917 1623 4971 sacerdo-

64 4988 199 5052 tiam,
249 5006 403 5045 nunc
432 4990 625 5053 sorori,
667 5006 735 5043 ex
765 5004 1025 5042 canonum
1064 4988 1374 5056 prmscripto
1422 4997 1475 5041 et
1504 5003 1620 5054 per-

63 5070 201 5120 petua
235 5059 633 5114 cansuetudinc
669 5061 854 5128 prima:
886 5058 1138 5112 Ecclesiae
1170 5072 1186 5110 :
1217 5059 1269 5109 in
1311 5071 1411 5121 qua
1442 5060 1527 5122 qui
1554 5071 1617 5109 ex

61 5129 296 5200 Conjttgio
337 5132 405 5181 ad
447 5127 796 5181 sacerdotium
839 5128 1269 5200 asciscebantur,
1303 5127 1368 5177 ab
1397 5142 1617 5179 uxorum

60 5196 160 5250 toro
179 5196 444 5268 separati,
476 5215 578 5251 non
600 5200 749 5252 aliter
774 5199 1021 5262 deinceps
1042 5212 1161 5249 cum
1187 5196 1292 5268 illis
1319 5210 1619 5268 quamcum

59 5264 326 5323 sororibus
359 5270 724 5322 versabantur.
754 5269 1102 5336 Hieronymus
1127 5267 1284 5332 epist.
1318 5264 1342 5315 1
1376 5266 1449 5336 δαν
1470 5265 1624 5336 Pam-

56 5340 313 5394 Inachium
347 5357 363 5391 :
390 5339 652 5409 Episcopi,
698 5335 994 5407 presbyteri,
1026 5336 1247 5398 diaconi,
1287 5341 1375 5409 aut
1405 5335 1624 5409 virgines

53 5409 333 5479 eligantur,
382 5403 472 5461 aut
500 5403 640 5479 vidui
664 5403 705 5471 ,7
735 5418 821 5461 aut
846 5403 996 5479 :certe
1042 5416 1158 5479 post
1195 5403 1537 5479 sacerdotium
1572 5406 1625 5456 in

52 5473 294 5550 “Fruitur
322 5473 535 5550 pudici.
584 5475 804 5530 Faustus
852 5476 1092 5550 Reiensis
1137 5474 1198 5550 _in
1245 5473 1486 5550 e_pistola_
1517 5488 1623 5550 non

54 5550 178 5604 edita
214 5571 227 5603 :
264 5542 459 5603 Perdit
501 5558 717 5618 gratiam
758 5546 1035 5599 consecrati
1063 5544 1149 5614 qui
1196 5543 1366 5596 adhuc
1396 5542 1627 5613 ofﬁcium

107 5645 130 5671 ⁸
159 5644 312 5697 tlauc
347 5639 632 5696 epistolam
669 5638 931 5693 edidimus
959 5653 1120 5703 sopra
1149 5639 1251 5693 col.
1287 5637 1379 5691 66.

1730 4569 2031 4637 Papianillae
2059 4570 2327 4623 mentione
2357 4570 2456 4624 hoc
2502 4571 2618 4623 loco
2647 4570 2820 4621 fucum
2848 4568 2961 4620 fieri
2991 4582 3303 4637 possercon-

1732 4641 1927 4702 fidant;
1973 4646 2028 4691 et
2070 4639 2189 4705 quia
2228 4640 2320 4692 lib.
2360 4654 2431 4703 tv,
2478 4640 2633 4705 epiSI.
2683 4637 2782 4702 12,
2827 4652 2947 4689 cum
2994 4636 3301 4705 Apollinare

1730 4709 1837 4762 filio
1862 4704 2164 4761 Terentium
2194 4704 2640 4777 Menandrnmque
2665 4708 2786 4774 legit
2813 4706 3063 4777 Sidonius
3087 4704 3294 4777 episco‘

1732 4793 1846 4844 pus,
1872 4778 2187 4847 indeifiliutn
2214 4779 2318 4847 62
2343 4779 2449 4843 jam
2491 4774 2754 4845 ephebum
2773 4817 2786 4839 ,
2815 4776 2924 4844 jam
2956 4774 3159 4830 Graeca:
3191 4775 3297 4847 La-

1730 4842 1958 4914 tinaeque
2004 4846 2192 4915 linguae
2230 4842 2539 4901 atTctOrtbus
2576 4842 2877 4909 initiatum,
2921 4861 2948 4897 a
2996 4842 3294 4915 patrejim

1727 4912 1979 4984 episcopo
1998 4912 2299 4984 susceptum
2321 4917 2646 4970 Contendant
2676 4933 2689 4970 :
2718 4930 2872 4985 quem
2894 4928 2982 4985 res
3002 4912 3114 4985 ipsa
3144 4912 3299 4965 docet

1727 4982 1980 5053 epistolas
2027 4982 2213 5040 omnes
2256 4986 2647 5043 Constantiana
2684 4982 3038 5046 collectionis,
3085 4982 3188 5053 hoc
3217 4990 3297 5035 est

1728 5051 1981 5109 librorum
2032 5070 2102 5108 vtt
2134 5058 2365 5122 priorum
2392 5099 2407 5123 ,
2451 5073 2580 5124 quas
2619 5057 2900 5122 episcOpus
2947 5051 3197 5124 dictavit,
3249 5052 3302 5124 in

1728 5125 1857 5199 ipsis
1902 5139 2037 5199 pene
2072 5120 2422 5199 pontificatus~
2449 5120 2697 5192 auspiciis
2732 5120 3002 5199 dictasse.
3027 5120 3128 5175 Sed
3176 5120 3302 5199 quid

1732 5190 1917 5248 facias'
1941 5190 2279 5257 hominibus,
2330 5195 2418 5264 qui
2466 5190 2587 5248 cum
2636 5196 2743 5247 veri
2776 5193 2906 5247 nihil
2951 5192 3166 5257 dicant,
3200 5190 3301 5246 Sibi

1731 5273 1907 5317 tamen
1938 5265 2133 5318 clausis
2163 5267 2326 5318 oculis
2357 5267 2497 5319 credi
2529 5265 2751 5317 volunt?

1802 5331 1831 5405 4
1860 5334 1933 5405 De
1982 5334 2136 5405 hujus
2175 5336 2346 5388 altero
2377 5335 2425 5389 in
2470 5334 2697 5405 Galliam
2724 5332 2960 5405 adventu
3000 5330 3110 5405 jam
3138 5338 3297 5405 supra

1734 5403 1947 5469 scripsit
1989 5404 2078 5457 lib.
2112 5419 2202 5465 nt,
2235 5405 2390 5469 epist.
2441 5406 2493 5457 7.
2535 5404 2685 5457 Nunc
2729 5403 2798 5457 de
2844 5399 3104 5457 codicillis
3135 5399 3298 5469 patri-

1734 5464 1937 5551 ciatus,
1984 5487 2119 5542 quos
2177 5464 2392 5529 Ecdicio
2438 5473 2833 5551 coutitiattulit
2873 5488 2903 5525 a
2966 5468 3166 5536 Nepote
3190 5464 3296 5519 Au-

1736 5550 1911 5612 gusto.
