3946 6176
637 278 735 333 547

637 400 915 444 commune
941 384 1256 451 deposcens,
1286 390 1344 435 ut
1371 380 1510 436 sicut
1537 392 1633 432 nos
1652 386 1928 447 utramque
1953 376 2203 430 familiam
2234 380 2285 436 Α
2308 374 2516 442 jocosa,
2562 369 2858 441 fatigatoria

639 488 869 534 nostram
904 475 1291 544 prmfectoriam
1323 474 1484 536 nacti,
1515 473 1671 524 etiam
1704 471 1978 539 patriciam
2021 469 2206 521 divino

641 568 817 623 favore
844 567 1201 621 reddidimus:
1221 567 1290 618 ita
1308 563 1407 633 ipsi
1426 578 1582 630 quam
1600 563 1888 630 suscipiunt
1910 561 2206 629 patr'ciam,

640 668 663 694 κ
690 659 883 712 faciant
918 658 1275 712 consularem.
1325 654 1513 707 Roscia
1546 664 1597 708 te
1638 654 1864 714 salutat,
1897 668 2024 703 cura
2066 665 2211 705 com-

641 750 857 804 munis:
887 765 1005 817 qua:
1047 747 1100 802 in
1149 747 1279 800 aviae
1327 746 1713 813 amitarumque
1756 744 2212 813 indulgentissimo

641 840 781 902 sinu,
818 839 957 908 quod
990 853 1109 892 raro
1160 835 1442 903 nepotibus
1473 833 1733 902 contingit
1776 834 1981 896 alienis,
2014 844 2211 885 etcum

643 930 927 983 severitate
968 928 1241 980 nutritur:
1272 940 1372 992 qua
1407 934 1581 977 tamen
1621 933 1860 978 tenerum
1911 938 2014 977 non
2064 922 2211 976 infir-

645 1030 818 1074 matur
847 1034 1039 1085 aevum,
1064 1017 1158 1071 sed
1186 1017 1505 1070 informatur
1532 1014 1819 1083 ingenium.
1840 1014 1988 1068 Vale.

1075 1110 1233 1182 143
1260 1108 1587 1164 EPISTULA
1628 1107 1792 1162 xvu.

958 1203 1200 1257 Sidonius
1238 1200 1266 1239 ιι
1296 1199 1511 1269 Eriphio
1546 1216 1637 1253 suo
1662 1201 1896 1253 salutem.

715 1296 805 1358 Es,
846 1294 1031 1363 Eriphi
1063 1306 1233 1356 meus,
1277 1291 1388 1356 ipse
1416 1290 1505 1358 qui
1536 1303 1749 1357 semper
1785 1305 1798 1341 :
1845 1303 2218 1357 nunquamque

647 1395 699 1439 te
730 1392 929 1437 tantum
958 1384 1187 1444 venatio,
1223 1382 1433 1443 civitas.
1461 1394 1586 1448 ager
1609 1389 1814 1442 avocat,
1839 1389 1895 1431 ut
1924 1395 2027 1433 non
2046 1378 2218 1432 obiter

648 1474 916 1541 voluptate
958 1472 1250 1524 litterarum
1299 1479 1513 1523 teneare
1558 1485 1571 1520 :
1618 1468 1777 1535 fitque
1811 1482 1877 1520 eo
1913 1467 2119 1532 studio,
2163 1475 2221 1520 ttt

648 1580 746 1620 nec
773 1576 951 1617 nOStra
990 1561 1248 1624 fastidias,
1279 1560 1370 1627 qui
1410 1559 1525 1623 tibi,
1558 1570 1613 1611 ut
1643 1558 1851 1619 scribis,
1898 1571 2079 1611 musas
2108 1558 2217 1612 ole.

647 1671 786 1709 mus.
825 1655 955 1718 Quae
991 1651 1255 1705 sententia
1302 1660 1477 1703 tamen
1512 1650 1652 1718 large.
1691 1648 1947 1717 probatur
1973 1662 2101 1702 vero
2131 1663 2217 1700 ca-

1895 261 2139 319 SlDONll
2178 257 2624 316 APOLLINARlS
3688 267 3763 320 lli

2897 386 2909 420 :
2955 376 3205 435 praetcrea
3244 368 3408 439 (quod
3443 370 3766 443 beatissimum)

2311 464 2453 517 nulla
2487 462 2685 516 mentio
2723 461 2789 515 de
2836 468 3063 527 p0'e5tat
3086 459 3179 511 bus
3212 469 3297 512 aut
3322 459 3383 513 de
3413 459 3615 526 tributis;
3638 472 3769 523 nullus

2311 570 2489 609 sermo
2517 556 2604 622 qui
2644 555 2914 622 proderet,
2952 551 3093 604 nulla
3135 566 3346 619 persona
3374 568 3478 619 quze
3508 559 3772 623 proderetur.

2316 647 2565 702 Fabulam
2598 655 2743 698 certe
2771 642 2970 697 referre
2998 643 3204 710 dignam
3234 643 3413 706 relatu,
3441 646 3670 714 dignisque
3686 666 3776 704 sem

2315 737 2735 805 tentiisqttisque
2766 735 3027 803 potuisset
3055 749 3067 783 :
3092 733 3389 785 audiebatur
3413 736 3778 795 alllblllt)S!SSllll9.

2314 830 2421 883 Nec
2458 839 2572 882 erat
2602 827 2802 880 idcirco
2841 842 2944 878 non
2978 824 3222 877 distincsa
3255 827 3490 885 narratio,
3519 834 3619 894 quia
3646 830 3779 885 laetitia

2316 922 2597 990 permixta.
2651 918 2793 971 lnter
2822 916 2934 969 lucc
2959 916 3068 968 otio
3095 914 3182 967 diu
3214 915 3446 967 marcidis
3472 919 3641 985 aliquid
3668 934 3786 973 amre

2314 1010 2507 1066 visum.
2543 1010 2660 1063 Mox
2693 1008 2977 1075 bipertitis,
3009 1016 3066 1059 ut
3092 1014 3207 1059 crat
3234 1018 3375 1067 tetas,
3404 1010 3785 1063 acclamationibus

2315 1102 2599 1170 afllagitata
2648 1100 2913 1167 profertur
2959 1098 3042 1150 Itis
3085 1097 3211 1165 pila,
3265 1096 3342 1149 llis
3394 1099 3566 1151 tabula.
3606 1102 3790 1168 Spirat-ie

2318 1192 2521 1259 primus
2563 1205 2662 1259 ego
2706 1189 2927 1257 signifer
2977 1188 3071 1252 fui,
3119 1203 3237 1256 quas
3285 1188 3428 1251 mihi,
3472 1198 3523 1241 ut
3561 1194 3691 1254 nosti,
3715 1208 3790 1245 untt

2320 1282 2496 1334 minus
2522 1281 2656 1334 libro
2675 1294 2856 1333 comes
2889 1279 3131 1331 ltabetur.
3176 1279 3350 1332 Altera
3386 1295 3444 1332 ex
3485 1292 3632 1347 parte,
3672 1282 3793 1336 frater

2322 1387 2471 1425 meus
2503 1371 2839 1436 Domnicius,
2878 1370 3037 1423 homo
3066 1369 3249 1439 gratim
3270 1385 3495 1433 sumtum,
3512 1373 3670 1424 Summi
3690 1375 3795 1441 lepo-

2319 1468 2414 1525 ris,
2440 1476 2668 1517 tesseras
2695 1473 2908 1530 ceperat
2936 1460 3311 1530 quatiebatque
3337 1478 3350 1515 :
3375 1477 3472 1528 quo
3492 1464 3615 1515 velut
3630 1466 3798 1516 classirn

2320 1555 2384 1606 ad
2414 1570 2631 1624 pyrgqu
2660 1553 2882 1606 vocabat
2906 1552 3193 1606 aleatores.
3229 1551 3332 1605 Nos
3360 1567 3471 1605 cum
3496 1566 3674 1607 caterva
3690 1556 3799 1605 scito-

2322 1644 2624 1698 lasticorum
2654 1644 2875 1696 lusitnus
2896 1643 3125 1703 abunde,
3141 1654 3389 1711 quantum
3415 1644 3620 1696 membra
3644 1653 3802 1708 torpore

648 1761 767 1798 rere
799 1761 811 1796 :
850 1757 1148 1811 quanquam
1189 1752 1241 1794 et
1270 1749 1512 1809 apparet,
1552 1750 1641 1792 aut
1681 1756 1748 1793 ex
1787 1741 1911 1806 joco
1942 1738 2142 1801 \ettire,
2173 1740 2215 1792 si
2249 1734 2296 1793 Β
2322 1735 2523 1787 statarii
2555 1733 2753 1786 laboris
2784 1733 3053 1795 hebetata,
3082 1747 3246 1785 cursu
3275 1732 3465 1785 s.lubri
3494 1743 3804 1799 vegetarentur.

652 1836 802 1887 laetus
830 1848 911 1896 es,
940 1841 1031 1885 aut
1073 1846 1137 1884 ex
1174 1846 1379 1893 amore,
1411 1830 1457 1883 si
1500 1830 1688 1883 serius.
1722 1830 1986 1883 Castorum
2017 1844 2046 1882 a
2071 1833 2218 1897 justo

650 1926 804 1992 longe
826 1922 1069 1984 resultat,
1098 1936 1219 1974 cum
1260 1919 1389 1972 mihi
1424 1920 1684 1986 assignas,
1721 1934 1841 1987 quae
1873 1919 1961 1972 vix
1993 1920 2215 1985 Maroni,

648 2015 734 2066 vix
758 2020 849 2067 aut
874 2011 1103 2064 lloanero
1130 2018 1495 2077 competenter
1520 2009 2069 2063 accommodarentur.
2097 2010 2220 2064 Haec

649 2102 1033 2171 relinquamus,
1068 2099 1247 2169 idque,
1276 2100 1416 2154 unde
1442 2114 1622 2164 causa,
1654 2102 2101 2154 sermocinemur.
2136 2101 2221 2154 Di-

649 2197 743 2263 rigi
776 2194 841 2247 ad
872 2204 921 2247 te
953 2193 1199 2261 praecipis
1234 2207 1443 2255 versus,
1474 2204 1609 2260 quos
1651 2191 1749 2244 viri
1781 2190 2092 2260 amplissimi
2136 2206 2222 2244 so-

650 2286 760 2339 ceri
811 2287 884 2338 tui
926 2283 1172 2351 precibus
1217 2283 1413 2337 indulsi
1449 2300 1462 2335 :
1495 2283 1583 2350 qui
1625 2283 1977 2338 coatnberuio
2024 2283 2221 2336 mixtus

649 2376 947 2445 aequalium,
973 2375 1101 2427 vivit
1126 2373 1362 2426 moribus
1391 2372 1456 2427 ad
1475 2372 1770 2441 jubendum
1794 2373 2224 2442 obsequendum-

649 2480 753 2534 que
777 2464 924 2533 juxta
950 2463 1168 2532 paratis.
1194 2463 1297 2516 Sed
1334 2462 1455 2531 quia
1488 2462 1630 2517 scire
1665 2462 1937 2516 desideras
1966 2474 2021 2516 et
2051 2465 2222 2516 locum

651 2566 706 2609 rt
747 2570 983 2617 causam,
1016 2569 1120 2622 quo
1171 2553 1376 2607 facilius
1422 2553 1690 2621 intelligas
1729 2569 1842 2609 rem
1874 2555 2224 2624 peregrinam,

650 2647 744 2701 tibi
776 2648 952 2716 potius
975 2647 1102 2699 vitio
1124 2655 1293 2706 verte,
1312 2646 1450 2713 quod
1483 2646 1754 2713 loquacior
1785 2648 1887 2699 erit
1908 2662 2069 2706 o.crc
2093 2664 2226 2713 pra:-

651 2738 803 2793 fati'u
831 2736 1266 2791 tlouvencramus
1302 2737 1367 2789 ad
1409 2739 1577 2791 sancti
1608 2738 1745 2791 Justi
1774 2738 2100 2806 sepulcrum,
2133 2740 2223 2792 ειιά

652 2830 745 2883 tibi
790 2829 1072 2882 infirmitas
1115 2827 1521 2895 impedimento,
1555 2845 1621 2905 ne
1651 2839 1776 2883 tunc
1807 2830 2064 2885 adesses:
2101 2849 2219 2899 pro-

650 2923 822 2977 Ct'Sslo
852 2922 1021 2974 fuerat
1066 2930 1191 2973 aute
1237 2920 1445 2983 lucana,
1491 2920 1801 2976 solcumitas
1843 2922 2223 2984 anniversaria,

652 3012 877 3081 pepultts
916 3010 1099 3077 ingens
1130 3025 1266 3063 sexu
1307 3026 1371 3063 ex
1404 3022 1653 3078 utroque,
1692 3028 1849 3080 quem
1879 3013 2223 3078 capacissima

2323 1827 2417 1880 llic
2458 1828 2539 1880 vir
2576 1825 2799 1879 illustris
2846 1826 3214 1888 Philematius,
3260 1835 3315 1879 ut
3352 1835 3429 1880 est
3463 1826 3579 1879 i‘lud
3607 1824 3805 1877 Mantuani

2324 1928 2495 1986 poetae
2524 1933 2537 1969 :

2444 2008 2609 2057 Ausus
2632 2015 2683 2056 et
2709 2011 2810 2069 'pse
2835 2021 2975 2056 manu
2996 2007 3236 2069 juvennm
3262 2013 3448 2057 tentare
3469 2005 3675 2056 laborem.

2330 2102 2485 2172 150
2517 2102 2875 2168 Sparistarum
2921 2116 2980 2155 se
3028 2103 3349 2155 turmalibus
3387 2110 3661 2154 constanter
3685 2100 3810 2151 itumic

2324 2192 2480 2246 seuit.
2502 2191 2728 2245 Pulchre
2750 2192 2888 2244 enim
2908 2192 3007 2245 hoc
3029 2191 3360 2255 fecerat,sed
3384 2208 3497 2247 cum
3519 2194 3668 2244 adhuc
3684 2200 3814 2243 essent

2323 2283 2445 2336 anni
2491 2284 2744 2336 minores.
2782 2282 2882 2348 Qui
2919 2299 3038 2336 cum
3069 2284 3385 2353 frequenter
3410 2285 3474 2337 de
3512 2285 3614 2335 loco
3639 2293 3811 2335 srautnm

2326 2374 2484 2427 medii
2509 2374 2775 2428 ciirrentis
2793 2374 3021 2442 impulsu
3039 2384 3501 2434 summoveretur;
3523 2388 3642 2426 nunc
3658 2387 3811 2440 quoque

2325 2473 2573 2531 acceptus
2601 2462 2652 2516 in
2681 2478 2881 2524 aream,
2924 2472 3031 2515 tam
3076 2464 3204 2531 pila:
3246 2480 3426 2519 coram
3465 2463 3821 2532 praetervolantis,

2324 2569 2480 2622 quam
2510 2556 2845 2621 supcrjectar,
2878 2568 2976 2605 nec
3002 2553 3359 2608 intercideret
3388 2556 3646 2611 tramitem,
3672 2564 3747 2602 nec
3761 2566 3820 2598 ca-

2327 2655 2507 2709 vcret;
2533 2645 2596 2696 ad
2628 2646 2727 2697 hoc
2753 2660 2848 2713 per
2874 2646 3281 2712 catastropham
3312 2661 3451 2713 sa-pe
3479 2653 3709 2712 promtus,
3729 2654 3827 2707 tege

2324 2735 2393 2790 de
2424 2736 2646 2789 ruinoso
2676 2735 2819 2789 flexu
2850 2751 2907 2789 se
2939 2736 3323 2805 recolligeret;
3356 2741 3550 2806 primus
3577 2734 3667 2788 ludi
3696 2733 3747 2785 ab
3768 2746 3826 2781 zic-

2325 2836 2483 2882 centu
2508 2841 2629 2881 sese
2650 2826 2877 2881 removit
2903 2828 3240 2896 suspiriosas
3275 2829 3414 2883 extis
3450 2822 3829 2881 incalescentibus.

2326 2920 2563 2988 Namque
2589 2928 2642 2973 et
2661 2918 2916 2985 jecusculi
2946 2919 3075 2972 fibra
3106 2930 3361 2973 tumente
3383 2919 3658 2988 pungebant
3683 2912 3831 2967 exerti-

2328 3020 2493 3063 tatum
2525 3009 2698 3062 crebri
2727 3007 2961 3062 dolores.
2995 3010 3195 3064 Destiti
3230 3012 3477 3079 protinus
3506 3019 3555 3062 et
3580 3004 3836 3076 ipseiam-

654 3100 867 3153 basilica
890 3115 997 3151 non
1023 3111 1258 3167 caperet,
1285 3108 1339 3153 et
1363 3101 1656 3168 quamlibet
1681 3104 1848 3155 cincta
1878 3102 2082 3156 diffusis
2105 3119 2224 3175 ety-
2251 3085 2299 3148 C
2332 3116 2419 3154 rus
2442 3099 2813 3153 communione
2841 3101 3086 3154 cessandi
3127 3117 3255 3156 rem
3283 3104 3539 3165 caritatis,
3571 3115 3629 3153 ne
3649 3111 3837 3150 vere-etta-

652 3200 739 3258 pta
770 3190 1080 3258 porticibus.
1112 3189 1271 3243 Cultu
1303 3199 1518 3257 peracto
1551 3190 1867 3258 vigiliarum,
1912 3208 2044 3262 quas
2065 3194 2225 3247 alter-

654 3294 811 3337 nante
833 3282 1131 3335 mulcedine
1158 3283 1401 3336 monachi
1425 3283 1715 3351 clericique
1739 3285 2078 3352 psalmicines
2098 3303 2227 3340 con-

650 3372 1068 3435 celebraverant,
1111 3372 1337 3441 quisque
1382 3373 1432 3426 iu
1475 3373 1692 3427 diversa
1731 3377 2087 3441 secessimus;
2119 3394 2222 3432 non

653 3464 834 3533 procul
859 3473 1072 3526 tamen;
1102 3472 1160 3516 ut
1183 3474 1305 3531 pote
1334 3463 1398 3516 ad
1428 3465 1637 3517 tertiam
1664 3478 1857 3532 praesto
1885 3466 2070 3530 futuri,
2103 3484 2224 3522 cum

651 3555 1019 3610 sacerdotibus
1044 3571 1131 3609 res
1163 3555 1339 3609 divina
1389 3556 1651 3611 facienda.
1682 3558 1756 3611 De
1786 3559 1882 3611 loci
1917 3559 2072 3630 149
2095 3576 2223 3617 sane

649 3646 1029 3714 turbatumque
1051 3660 1383 3715 Compressu,
1410 3648 1581 3714 deque
1608 3650 1904 3702 num-rosis
1938 3652 2223 3705 luminibus

651 3737 833 3799 illatis,
885 3736 1044 3789 nimis
1091 3738 1315 3791 anheli:
1361 3738 1519 3792 simul
1566 3748 1618 3791 et
1670 3743 1843 3792 testati
1896 3757 1997 3793 nox
2052 3742 2224 3796 adhuc

652 3827 890 3894 proxima
942 3828 1101 3881 tacito
1137 3831 1347 3882 clausos
1385 3844 1581 3896 vapore
1624 3838 1926 3894 torruerat;
1956 3840 2009 3885 et
2041 3832 2086 3885 si
2113 3832 2221 3898 jam

651 3920 823 3981 primo
852 3915 1046 3982 frigore
1066 3926 1239 3969 tamen
1264 3918 1584 3971 autumnalis
1598 3934 1802 3973 aurora:
1823 3919 2219 3988 detepescebat.

650 4004 831 4075 Itaque
860 4020 980 4058 cum
1015 4006 1206 4073 passim
1236 4008 1379 4060 varia
1414 4010 1659 4060 ordinum
1693 4024 1916 4073 corpora
1943 4010 2216 4078 disperge-

651 4110 853 4162 rentur,
891 4098 1087 4165 placuit
1114 4099 1176 4176 ad
1211 4108 1233 4136 ε
1264 4098 1619 4152 conditorium
1651 4100 1853 4169 Syagrii
1883 4101 2117 4154 consulis
2146 4102 2221 4155 ci-

648 4192 792 4245 vium
817 4192 1002 4261 primis
1027 4208 1126 4245 una
1152 4192 1317 4256 coire,
1335 4192 1474 4261 quod
1494 4206 1592 4245 nec
1614 4192 1830 4260 impleto
1848 4192 1989 4261 jactu
2010 4193 2219 4263 sagitta:

645 4283 1013 4351 separaba'ur.
1063 4282 1158 4336 llic
1202 4298 1325 4351 pars
1369 4284 1469 4338 sub
1517 4284 1702 4337 umbra
1749 4286 1980 4354 palmitis
2028 4286 2215 4351 adulti,

648 4386 802 4441 quam
853 4372 1119 4441 stipitibus
1159 4373 1336 4425 altatis
1378 4374 1818 4442 cancellatimque
1861 4374 2215 4443 pendentibus

2329 3194 2469 3247 diam
2497 3193 2750 3246 lassitudo
2774 3193 3000 3246 fraterna
3026 3202 3338 3261 pateretur.
3370 3195 3505 3264 Ergo
3527 3190 3841 3247 utresedituuS.

2328 3294 2382 3337 et
2413 3283 2557 3335 illum
2587 3299 2708 3336 mox
2739 3298 2929 3352 aquam
2960 3285 3025 3337 ad
3067 3284 3276 3353 faciem
3323 3294 3505 3354 petere
3540 3284 3683 3335 sudor
3706 3282 3842 3332 adum-

2330 3377 2462 3438 ttttit,
2497 3375 2733 3427 exhibita
2776 3374 3013 3442 posce:.ti
3048 3387 3126 3427 esti
3168 3394 3180 3428 :
3218 3377 3427 3444 pariter
3455 3386 3507 3429 et
3535 3375 3726 3427 liu'etnu
3749 3368 3847 3420 villis

2329 3474 2600 3527 onustum,
2637 3465 2775 3532 quod
2817 3466 3053 3533 pridtaua
3094 3483 3334 3537 squama
3383 3469 3595 3535 po’itum
3640 3479 3742 3515 casu
3779 3460 3847 3511 su?i

2330 3558 2455 3625 ipsis
2484 3558 2721 3611 anliculae
2761 3560 2928 3611 valvis
2962 3560 3343 3627 bipatentibus
3370 3560 3438 3616 de
3464 3556 3687 3626 ianitoris
3710 3566 3846 3609 ercto

2329 3647 2660 3702 trochleatim
2693 3649 2813 3703 fune
2840 3651 3054 3704 nutabat
3080 3668 3094 3703 :
3119 3669 3241 3722 quo
3269 3654 3399 3706 dum
3431 3670 3522 3720 per
3558 3654 3701 3706 otimu
3733 3658 3853 3715 gen-ts

2326 3744 2510 3794 siccat.
2552 3741 2774 3807 Vellent,
2803 3743 2990 3810 inquit,
3025 3744 3088 3798 ad
3118 3761 3374 3813 pannum
3405 3746 3590 3801 similis
3612 3743 3765 3803 oflici,
3788 3739 3858 3787 all-

2325 3830 2463 3900 quod
2484 3832 2825 3885 tetrastichon
2844 3833 2967 3885 mihi
2984 3836 3151 3888 scribi
3168 3826 3857 3901 jttberes.Fiat,inqnam.St-d

2325 3922 2466 3991 quod
2495 3922 2927 3985 meum,dixit,et
2952 3938 3150 3978 nomm
3181 3938 3366 3980 metro
3398 3932 3621 3979 teneret.
3646 3914 3860 3987 Respowli

2325 4015 2595 4084 possibilia
2643 4014 2780 4068 factu
2826 4031 2943 4084 (Illil‘
2982 4017 3361 4085 poposcisset.
3412 4020 3499 4071 Ait
3528 4026 3580 4070 et
3605 4017 3720 4084 ipse,
3758 4011 3864 4061 [κω

2324 4120 2473 4175 ergo.
2500 4107 2652 4159 Tunc
2691 4120 2791 4174 ego
2830 4105 3095 4167 arridens,
3132 4108 3287 4160 illico
3318 4110 3466 4163 scias
3495 4109 3663 4162 Musas
3689 4098 3863 4155 utet-eri.

2323 4196 2367 4249 si
2393 4197 2556 4249 choro
2582 4196 2813 4263 ipsarum
2832 4212 2936 4250 non
2959 4197 3169 4266 absque
3194 4199 3429 4253 arbitris
3459 4212 3663 4251 vacem.
3688 4195 3870 4257 Respon-

2322 4287 2399 4341 dit
2421 4289 2509 4342 ille
2534 4289 2791 4344 violenter
2817 4299 2870 4343 et
2896 4290 3231 4357 perurbane,
3265 4304 3325 4346 ut
3351 4304 3441 4347 est
3470 4300 3650 4345 natura
3675 4287 3743 4339 vir
3762 4285 3873 4337 flam-

2324 4391 2493 4445 meus,
2529 4378 2847 4445 quidamque
2881 4378 3137 4431 facundia:
3177 4380 3311 4434 fons
3346 4382 3695 4435 inexhaustus
3722 4396 3733 4428 :
3762 4372 3873 4425 Vtile.

652 4464 932 4530 pampinus
957 4463 1275 4531 superducta
1296 4471 1569 4526 texuerat;
1597 4478 1720 4531 pars
1739 4465 1940 4532 cespite
1967 4464 2019 4517 in
2037 4464 2212 4531 viridi,
2245 4447 2297 4506 Ῑ)
2323 4469 2537 4522 domine
2569 4470 2721 4535 Solii,
2753 4487 2818 4524 ne
2848 4472 3012 4539 magis
3042 4473 3253 4540 Apollo
3287 4474 3437 4529 forte
3468 4480 3748 4531 moveatur,
3774 4462 3874 4533 qunti

647 4553 738 4605 sed
767 4554 986 4607 tioribus
1014 4554 1178 4609 odoro
1196 4553 1629 4608 consederamus.
1652 4552 1821 4607 Verba
1844 4562 1995 4608 erant
2016 4554 2210 4618 dulcia,

718 4735 741 4763 ι
771 4726 863 4780 Rei
886 4735 968 4779 tus
999 4727 1129 4781 ordo
1168 4729 1500 4796 dignitatum.
1533 4727 1662 4781 Nam
1704 4728 1889 4796 patrici
1910 4738 2009 4783 itus
2042 4729 2212 4783 ltonor

647 4796 853 4850 medius
876 4809 954 4849 est
978 4802 1111 4850 inter
1131 4799 1497 4864 prmfecluram
1521 4808 1575 4848 et
1600 4798 1951 4859 consulatum,
1978 4810 2033 4851 ιιι
2056 4802 2212 4855 docet

643 4868 993 4920 Cassiodorus
1036 4868 1086 4918 in
1134 4867 1377 4921 Formula
1420 4868 1746 4935 patriciatus.
1794 4869 1861 4921 At
1909 4872 2214 4926 consulatus

642 4938 879 5011 Otilnlltfll
908 4937 1221 5011 dignitatum
1246 4944 1613 5011 θυι-ιηκορυφὴ
1638 4943 1720 4992 καὶ
1741 4941 1935 5007 κεφαλὴ,
1963 4950 2016 4991 ttt
2038 4942 2215 4994 verbis

646 5005 1157 5082 utarEChrysostomi
1189 5023 1253 5082 est
1293 5005 1533 5082 oratione
1562 5005 1660 5082 ἐἰς
1685 5014 1774 5067 τήν
1803 5005 2093 5082 ’ἐπιγραφήν
2119 5019 2216 5066 τῶν

641 5078 1013 5153 πράξεων.ῌἘγ
1060 5086 1159 5153 rei;
1203 5077 1488 5153 βιωτεκοῖς,
1524 5080 1723 5153 inquit.
1766 5077 2063 5153 πράγμάσὶν
2090 5084 2215 5134 εἰσιν

640 5146 805 5215 ὰρχαὶ
830 5147 1022 5219 “nonat?
1060 5149 1119 5219 φὺν
1140 5146 1305 5202 πᾶσαι
1333 5146 1385 5219 δέ
1414 5156 1503 5206 τῆς
1543 5150 1696 5207 αὐτῆς
1718 5146 1860 5211 ἀξίὰς-
1879 5146 2027 5204 ἓἀλλ’
2047 5153 2098 5203 αἱ
2124 5154 2212 5219 μέν

640 5214 860 5291 gignor,
888 5218 939 5269 αὶ
962 5216 1014 5270 δὲ
1043 5217 1299 5291 ᾆλάῖτουις·
1326 5214 1446 5291 οἷον,
1474 5220 1556 5271 ’ἱνα
1582 5222 1682 5291 ἀπό
1707 5226 1795 5277 τῆς
1816 5223 2107 5291 Δκοετωτέρσις
2124 5214 2212 5274 ἐὰν

636 5287 843 5357 ἀριθμὸν
870 5286 1211 5357 ποιησώμεθᾳ,
1236 5285 1378 5357 ἔστιν
1404 5287 1429 5340 ὁ
1460 5298 1549 5346 τῆς
1577 5289 1783 5357 πόλεως
1804 5285 2035 5347 fudi-1.0;"
2067 5290 2097 5343 έ¹
2100 5312 2211 5345 στιν

637 5354 888 5443 ξάὼτερες
917 5356 1123 5418 ἒκείνου,
1150 5354 1174 5407 ὁ
1200 5356 1493 5441 τοῦηὲενους
1522 5360 1732 5443 ἡγεμών·
1766 5356 1794 5411 ἔ
1796 5378 1881 5411 στι
1908 5360 2015 5431 μέτ’
2036 5362 2211 5413 ἐκεῖνον

635 5422 810 5510 ξτερρέ
838 5422 1016 5510 62,;sz
1039 5430 1238 5510 μείςςυν·
1280 5424 1392 5510 ξστι
1420 5422 1573 5510 «dilui
1598 5422 1636 5510 vi
1656 5422 2028 5510 crparnltaitng:
2062 5429 2207 5485 ἔστιν

637 5494 662 5579 εξ
692 5494 950 5579 Sarapin?
984 5494 1371 5579 E'ortit.&vw-répa
1394 5500 1586 5579 votivo)»
1613 5494 1775 5571 ἀρχῆ,
1808 5500 1837 5556 ἡ
1866 5506 1961 5551 τῶν
1999 5500 2207 5553 ὑπάτων

635 5566 779 5637 ἀρχή
801 5566 811 5570 ’
842 5566 905 5641 Εἰ
934 5574 1051 5641 part
1077 5567 1177 5641 alia
1206 5584 1218 5619 ζ
1246 5568 1274 5623 ἡ
1303 5574 1402 5641 τῷν
1431 5566 1656 5620 {moirva
1678 5566 1821 5637 ἆξοχὴ
1867 5571 2084 5641 καθάπερ
2122 5592 2205 5623 κο-

632 5642 760 5703 ρυφή
789 5639 869 5687 καὶ
903 5637 1084 5697 κεφαλή
1113 5640 1306 5695 πάσαις
1334 5638 1599 5691 ἐπίκειται.

2321 4574 2445 4613 suas
2484 4560 2724 4614 alumnas
2754 4561 2898 4615 solus
2924 4562 2989 4614 ad
3034 4575 3257 4618 secreta
3307 4567 3600 4621 sollicitas.
3642 4564 3743 4618 lant
3767 4567 3880 4626 puts

2392 4733 2417 4771 δ
2458 4733 2819 4802 Lugdunensi,
2849 4748 3047 4797 genero
3081 4734 3420 4790 Pliilematii
3452 4754 3467 4790 :
3503 4737 3569 4789 ad
3594 4749 3738 4804 quem
3767 4728 3880 4781 mittil

2322 4805 2710 4876 tetrastichtlm,
2741 4808 2880 4876 quod
2911 4806 2969 4876 in
2990 4807 3165 4858 soreri
3199 4807 3333 4873 ejus
3366 4811 3598 4876 gratiam
3630 4806 3880 4876 scripserat,

2319 4888 2437 4926 cum
2465 4876 2526 4927 ad
2560 4875 2615 4925 S.
2662 4870 2793 4926 Justi
2825 4874 3091 4927 basilicam
3123 4870 3249 4928 una
3292 4870 3701 4931 convenissent.
3743 4870 3880 4923 lurulil

2320 4954 2495 4997 autem
2547 4944 2604 4996 S.
2649 4943 2782 4996 Jusli
2834 4944 3068 5010 episcopi
3120 4944 3535 5014 Lugdunensis
3581 4938 3880 5014 anniversarii

2321 5015 2626 5068 soletuttitas
2646 5014 2696 5067 in
2712 5028 2762 5067 Iv
2781 5030 2947 5067 nouas
2963 5014 3339 5082 Septembres
3361 5036 3374 5072 :
3400 5018 3507 5071 hoc
3522 5030 3598 5071 est
3622 5017 3671 5068 itt
3698 5016 3880 5064 antumnl

2321 5085 2662 5152 principium,
2699 5096 2752 5137 ut
2785 5085 2953 5138 innuit
2985 5085 3282 5140 Sidonius.

2394 5164 2416 5190 ο
2456 5154 2764 5220 Sepulcrum
2802 5166 2853 5207 et
2885 5158 3319 5209 monimentum.
3358 5158 3690 5211 PetrOtiius:
3723 5152 3777 5204 lu
3799 5164 3880 5199 orni

2320 5223 2560 5275 (li/arium
2582 5224 2736 5293 etiam
2763 5237 3028 5293 prosecuta
3051 5237 3123 5277 est
3152 5226 3511 5293 defunctum.
3530 5225 3795 5283 Suetonius
3812 5221 3880 5272 Aw

2314 5295 2449 5355 gusti
2495 5309 2659 5348 xvm:
2693 5292 3135 5367 conditorium?!
3176 5292 3395 5367 corpus
3442 5300 3723 5353 Alexandri
3761 5306 3879 5351 ιηιιοη]

2312 5378 2497 5434 corona
2519 5380 2575 5415 ac
2590 5380 2676 5415 rea
2698 5364 2935 5428 imposita
2957 5381 3016 5417 ac
3036 5365 3269 5434 ﬂoribus
3292 5364 3538 5433 aspersis
3564 5376 3802 5420 veneratus
3820 5368 3879 5434 est

2317 5432 2379 5501 Et
2427 5434 2477 5485 in
2526 5436 2796 5502 epitaphio
2834 5428 3248 5503 Karoli'magni
3298 5456 3312 5489 ε
3350 5428 3474 5494 Sub
3518 5437 3616 5492 hoc
3659 5428 3880 5490 conditorii

2308 5502 2465 5577 silum
2491 5515 2774 5577 estcorpus
2806 5504 2989 5577 Karolt'
3025 5502 3212 5577 magni
3249 5518 3422 5577 atque
3467 5508 3734 5563 orthodoxi
3771 5506 3880 5565 impe

2307 5574 2495 5626 ratoris
2529 5589 2545 5625 :
2576 5573 2626 5627 in
2659 5573 2891 5643 antiquis
2923 5573 3403 5643 inscriptionibus
3427 5579 3797 5647 requietorium.
