3946 6176
222 265 304 324 με,
1412 259 1888 319 EPISTOLARUM
1926 263 2053 320 un.
2098 268 2157 320 v.
3284 273 3390 333 550

218 387 363 436 nosse,
385 382 524 438 quem
555 367 791 434 plausum
827 367 1088 422 sententia
1130 377 1236 422 tam
1278 372 1572 439 repentina,
1604 382 1708 427 tam
1743 380 1792 436 Α

220 464 354 534 lepida
375 458 713 515 commoverit.
740 458 843 512 Nec
866 460 983 525 plus
1010 459 1158 530 151
1189 472 1445 527 moratus,
1471 478 1593 517 mox
1616 480 1714 518 suo

215 555 351 610 ,πίω
387 552 462 619 qui
506 548 811 616 pugillarem
842 550 992 617 juxta
1035 552 1269 618 tenebat,
1301 552 1367 606 ad
1395 569 1479 608 me
1506 567 1714 622 vocato,

215 645 431 701 subditum
458 642 527 692 sic
552 638 876 708 epigramma
900 642 1194 707 composui,

306 733 425 796 Mane
446 740 578 787 novo,
602 741 693 776 seti
717 741 825 796 cuni
849 728 1086 796 ferventia
1112 728 1284 779 balnea
1309 741 1530 796 poscunt,

354 794 439 839 Seu
460 803 559 837 cum
585 798 759 837 venatu
786 790 918 837 frons
938 788 1163 838 calefacta
1202 788 1379 840 madet.

305 854 392 903 Hoc
419 852 559 898 foveat
587 847 788 909 pulcher
802 849 983 913 faciem
1003 851 1321 913 l’hilematins
1342 854 1501 913 udam,

356 913 510 972 ldigret
535 919 588 959 ut
613 913 661 957 iu
686 910 902 958 bibulum
925 911 1078 960 vellus
1100 914 1160 959 ab
1183 926 1271 961 ore
1296 914 1468 975 liquor.

261 996 544 1065 Epiphanius
574 1006 755 1047 noSIer
782 997 865 1047 vix
908 1010 1066 1059 supra
1111 997 1307 1064 scripta
1354 1011 1714 1066 peraraverat,

208 1100 248 1145 et
268 1089 523 1141 nuntiatum
547 1093 651 1148 est,
682 1084 807 1137 hora
837 1095 1105 1150 m0nente,
1135 1087 1377 1154 progredi
1405 1095 1711 1158 episc0pum

205 1182 254 1231 ile
276 1176 572 1244 receptorio:
615 1189 815 1240 nosque
852 1176 1200 1230 surreximus.
1241 1177 1313 1229 Da
1347 1179 1618 1245 postulata:
1660 1192 1713 1233 tu

204 1268 366 1323 veniam
401 1264 690 1319 cantilenae.
738 1265 867 1318 lllitd
913 1273 1089 1319 autem
1130 1267 1308 1331 ambo,
1359 1270 1495 1336 quod
1542 1274 1711 1338 majus

200 1369 278 1424 est,
303 1359 520 1427 quodque
544 1371 630 1409 me
659 1372 827 1424 nuper
851 1357 902 1410 iu
926 1357 1206 1425 quemdam
1241 1359 1356 1412 dies
1385 1360 1551 1414 bonos
1576 1363 1711 1416 male

200 1449 404 1503 ferentem
447 1447 763 1510 parabolice,
813 1461 909 1501 seu
954 1449 1173 1516 figurate
1216 1450 1417 1504 dictare
1450 1450 1705 1520 jussistis,

197 1538 394 1606 quodque
428 1535 730 1604 expeditum
774 1550 894 1589 cras
923 1536 1200 1606 dirigetur,
1232 1538 1369 1592 clam
1400 1553 1707 1608 recensete;

197 1638 236 1679 et
265 1627 300 1681 si
336 1627 507 1695 placet,
539 1628 763 1680 edentes
794 1627 1004 1692 fovete;
1058 1628 1101 1681 si
1149 1628 1416 1697 displicet,
1464 1630 1709 1687 delentes

193 1718 466 1786 ignoscitote.
495 1715 648 1770 Vale.

639 1805 969 1862 EPISTOLA
1013 1807 1054 1862 X
1068 1809 1196 1864 Vill.

473 1916 723 1973 Sidonius
752 1926 777 1954 ἰ
808 1920 980 1972 Attalo
1006 1937 1100 1973 suo
1128 1921 1362 1975 salutem.

240 2029 404 2083 lleduae
423 2030 624 2084 civitati
656 2039 708 2085 te
738 2031 1024 2100 prmsidere
1056 2035 1304 2101 cmpisse,
1337 2036 1508 2091 libens
1544 2046 1703 2108 atque

188 2136 277 2173 cuin
295 2123 465 2189 gaudio
492 2122 700 2190 accepi.
736 2121 952 2177 Laetitia:
981 2138 1137 2178 causa
1165 2126 1546 2195 qiiadripattita
1578 2138 1661 2183 est
1685 2148 1699 2183 :

187 2215 331 2281 prima,
355 2215 482 2281 quod
508 2220 745 2279 amicus;
772 2218 1024 2283 secunda,
1048 2218 1186 2286 quod
1211 2218 1387 2286 justus
1409 2235 1497 2285 es;
1522 2226 1697 2286 tertia,

182 2305 283 2370 quod
324 2319 558 2367 severus;
590 2314 798 2373 quarta,
840 2306 979 2373 quod
1020 2309 1311 2375 proximus.
1356 2309 1471 2376 Quo
1508 2312 1595 2373 fit,
1644 2323 1701 2366 ut

187 2394 338 2447 iniuria
363 2403 773 2462 nostrorumque
802 2397 1185 2462 contractibus,
1230 2398 1515 2466 plurimum
1546 2400 1697 2466 velis,

179 2480 349 2545 debeas,
381 2484 547 2550 possis
590 2484 859 2552 opitulari.
908 2485 1067 2553 Igitur
1100 2487 1428 2555 amplectens
1453 2489 1506 2543 in
1547 2490 1700 2546 fami-

179 2573 264 2626 liari
285 2586 471 2629 vetusto
498 2592 699 2630 novum
723 2579 810 2645 jus
838 2581 1115 2643 potestatis
1141 2580 1392 2650 indeptae,
1425 2582 1696 2636 materiam

174 2663 394 2719 lieiieﬁciis
417 2670 650 2736 tuisjam
686 2668 776 2723 diu
807 2684 1007 2738 quaero.
1047 2670 1248 2737 Quibus
1280 2686 1364 2725 me
1394 2680 1596 2726 tantum
1631 2674 1692 2725 fi-

174 2754 271 2809 dere
288 2772 525 2826 agnosce,
552 2770 617 2814 ut
644 2771 697 2814 et
724 2762 766 2815 si
798 2778 901 2815 non
928 2763 1139 2816 invenio
1161 2778 1278 2831 qua:
1304 2779 1537 2832 poscam,
1562 2780 1698 2834 qua:-

170 2844 327 2904 siturus
349 2849 474 2904 mihi
503 2852 737 2905 videaris
765 2852 877 2919 ipse
905 2868 1021 2922 qua:
1050 2854 1270 2908 tribuas.
1299 2853 1448 2909 Vale.

555 2967 717 3038 152
754 2967 1081 3023 EPISTULA
1123 2968 1262 3024 XIX.

460 3056 714 3112 Sidonius
746 3057 968 3112 Pudenti
996 3076 1089 3112 suo
1115 3062 1351 3115 salutem.

218 3164 414 3223 Nutricis
439 3184 580 3224 mese
631 3170 788 3224 filiam
824 3171 960 3225 filius
1000 3179 1102 3225 tua:
1136 3173 1349 3238 rapuit:
1384 3172 1587 3226 facinus
1618 3173 1696 3227 in-

169 3254 361 3327 dignum,
393 3263 652 3331 quodque
690 3276 784 3316 viis
825 3275 1025 3331 nosque
1065 3262 1403 3327 inimicasset,
1445 3263 1544 3316 nisi
1571 3280 1694 3331 pro-

168 3347 271 3402 tinus
288 3351 493 3405 scissem
530 3361 585 3407 te
614 3351 849 3406 nescisse
880 3352 1194 3407 faciendum.
1226 3353 1329 3408 Sed
1359 3354 1695 3408 conscientia:

164 3445 238 3490 tua:
263 3445 561 3511 purgatione
589 3443 832 3511 praelata,
851 3454 1034 3511 petere
1061 3443 1294 3512 dignaris
1319 3443 1487 3510 culpas
1517 3445 1695 3498 calen—

163 3526 211 3578 tis
230 3529 607 3597 impunitatem.
635 3532 746 3587 Sub
774 3533 1079 3587 conditione
1119 3533 1377 3600 concedo,
1401 3535 1443 3588 si
1488 3543 1695 3603 stupra-

164 3627 292 3673 torem
322 3620 343 3660 δ
388 3639 481 3691 pro
527 3624 757 3677 domino
791 3625 901 3691 jam
949 3635 1199 3692 patronus
1238 3626 1477 3694 originali
1519 3626 1695 3681 solvas

160 3707 445 3777 inquilinatu.
481 3715 687 3769 Mulier
725 3724 900 3768 autem
942 3716 1029 3768 illa
1066 3716 1174 3783 jam
1204 3716 1370 3771 libera
1402 3727 1486 3771 est
1520 3736 1530 3770 :
1575 3733 1694 3788 qua:

159 3805 238 3852 tum
283 3800 486 3857 demum
538 3804 816 3858 videbitur
864 3821 969 3858 non
1021 3806 1249 3860 ludibrio
1294 3807 1543 3873 addicta,
1595 3809 1690 3862 sed

159 3901 379 3956 assumpta
405 3894 670 3963 coniugio
696 3911 713 3960 ;
738 3896 779 3949 si
809 3910 928 3949 reus
968 3907 1149 3951 noster
1180 3912 1271 3966 pro
1292 3914 1397 3968 quo
1436 3901 1691 3968 precaris,

156 3992 244 4033 mox
270 3984 426 4039 cliens
455 3988 641 4040 factus
670 4002 699 4040 e
730 3988 1033 4053 tributario,
1065 3988 1322 4056 plebeiam
1354 3991 1525 4058 potius
1564 3991 1694 4045 inci~

155 4070 235 4134 piat
257 4073 443 4130 habere
473 4093 775 4147 personam
804 4093 960 4148 quam
984 4081 1334 4135 colonariam.
1360 4082 1488 4136 Nam
1521 4099 1691 4139 meam

153 4158 236 4217 hac
254 4166 357 4219 sola
384 4182 484 4223 seu
507 4170 860 4236 compositio,
885 4184 978 4225 seu
1009 4172 1318 4235 satisfactio,
1351 4173 1430 4225 Vel
1456 4188 1558 4228 nou
1584 4189 1695 4227 me-

152 4251 359 4313 diocriter
382 4262 776 4316 contumeliam
805 4264 1091 4317 emendat:
1124 4265 1211 4332 qui
1245 4266 1344 4318 tuis
1372 4267 1506 4320 votis
1535 4276 1693 4335 atque

151 4345 354 4403 amicitiis
382 4355 486 4405 hoc
517 4353 837 4421 acquiesco,
858 4354 902 4407 si
924 4354 1062 4407 laxat
1094 4354 1308 4409 libertas
1333 4356 1604 4423 maritum,
1626 4372 1692 4411 ue

150 4442 430 4510 constringat
464 4459 637 4514 poena
665 4454 954 4512 raptorem.
986 4444 1134 4499 Vale.

198 4599 219 4626 ⁸
242 4593 431 4664 Comiti
470 4594 948 4664 Augustodunensi
990 4611 1002 4648 :
1037 4595 1139 4648 hoc
1177 4596 1340 4659 enim,
1376 4596 1584 4659 Opinor,
1613 4606 1695 4650 est

149 4661 254 4719 Quod
284 4668 353 4714 ait
384 4661 590 4717 A-ldua':
624 4666 819 4716 civitati
859 4665 1144 4731 pra-sidere
1170 4680 1415 4731 cmpisse.
1456 4665 1692 4719 Comita-

147 4737 227 4803 tttm
252 4731 586 4789 {Eduensem
640 4744 763 4787 ante
803 4735 1110 4788 cathedram
1155 4736 1509 4803 episcopalem
1558 4738 1694 4788 rexit

145 4798 389 4874 iitrgonus
418 4804 761 4859 Lingonicus
789 4806 939 4856 annis
962 4808 1050 4868 4i},
1068 4816 1123 4857 ut
1156 4798 1481 4859 Turonensis
1505 4806 1554 4858 itt
1576 4810 1693 4870 ejus

144 4864 239 4943 .Vita
263 4877 436 4943 refert.
489 4876 639 4928 l‘lttic
668 4889 829 4941 nepos
872 4875 965 4927 fuit
1000 4864 1227 4943 Attalus,
1270 4876 1337 4929 de
1379 4890 1483 4941 quo
1511 4864 1695 4929 auc-tur

140 4936 359 5012 ideni_l.b.
382 4958 467 5007 ιιι,
492 4960 630 5012 cap.
662 4936 749 4997 15.
774 4948 905 4997 Ante
933 4946 1030 4996 hos
1055 4958 1181 4997 vero
1202 4936 1408 4997 Attalus
1428 4945 1511 4998 hic
1536 4946 1690 4997 alter.

194 5011 213 5042 δ
249 5009 449 5079 Duplex
502 5009 601 5066 illa
647 5013 916 5067 distinctio
956 5017 1327 5080 agricolarum,
1368 5016 1423 5067 iti
1461 5015 1695 5068 censitos

139 5086 217 5151 seti
239 5082 584 5149 tributarios,
624 5098 806 5136 servos
828 5092 882 5135 et
907 5087 1126 5136 colonos
1156 5082 1374 5145 liberos,
1407 5085 1493 5151 qui
1523 5093 1577 5137 et.
1618 5086 1695 5135 iii-

136 5150 311 5215 quilini,
340 5153 467 5206 cod.
516 5157 593 5205 ile
635 5153 899 5221 agricolis,
936 5162 1184 5220 perpetua
1218 5163 1269 5205 et
1296 5150 1547 5207 constans
1592 5170 1694 5206 non

137 5226 214 5291 est,
242 5236 303 5291 ne
324 5222 469 5289 apud
501 5224 661 5289 ipsos
686 5223 895 5290 quidem
920 5223 1349 5291 jtirisconsiiltos.
1372 5224 1546 5288 Quare
1569 5223 1692 5276 ferri

134 5284 214 5361 b0?
238 5290 346 5344 loco
360 5284 568 5361 ⁷ρυιεέῐ
598 5284 869 5355 Sidonius,
888 5284 974 5361 qui
1002 5292 1246 5345 eumdem
1276 5284 1530 5346 Pudentis
1558 5297 1696 5359 agri-

134 5359 278 5430 e-lam
317 5359 573 5426 servum,
625 5359 962 5430 origittariu—m
1002 5362 1339 5428 inquilinum,
1369 5373 1416 5414 et
1448 5363 1693 5415 colonum

136 5422 236 5499 facit
261 5444 275 5478 :
306 5440 358 5483 et
380 5422 870 5494 manuinittivvuli,
893 5443 949 5485 ut
981 5422 1155 5483 fiat-ex
1180 5422 1394 5485 domino
1417 5438 1690 5499 patronus,

131 5493 213 5564 63
238 5512 299 5551 ex
325 5514 491 5554 servo
530 5501 732 5553 cliens.
758 5493 1013 5555 Siceuim
1037 5510 1089 5554 et
1122 5502 1158 5553 Ι.
1186 5516 1220 5553 ti
1265 5502 1384 5554 cod.
1417 5493 1474 5554 in
1505 5500 1694 5569 quibus

132 5573 278 5640 tensis
293 5572 482 5640 coloni
507 5571 767 5623 dominos
791 5586 1042 5624 accusare
1069 5579 1308 5638 possunt,
1338 5573 1691 5640 agi-colorum

133 5636 303 5691 demitti
335 5649 384 5693 el
417 5640 655 5703 patroni
684 5636 1089 5705 distinguuntur.

2360 378 2682 435 EPISTOLA
2726 381 2841 437 ΧΧ.

2174 490 2414 544 Sidonius
2449 491 2649 545 Pastori
2680 512 2769 547 suo
2798 496 3033 550 salutem.

1890 622 2039 689 Quod
2064 622 2150 675 die
2176 622 2426 676 hesterno
2451 625 2695 678 tractatui
2715 626 2946 682 civitatis
2969 630 3018 682 in
3049 632 3272 685 concilio
3296 634 3383 687 de-

1821 713 1983 777 fuisti,
2014 729 2079 766 ex
2113 713 2369 766 industria
2405 717 2597 768 factum
2637 730 2756 784 pars
2796 719 2982 771 melior
3005 723 3235 790 accepit;
3267 740 3383 792 qua:

1818 803 2083 869 suspimita
2114 812 2194 856 est
2228 802 2276 855 id
2308 813 2357 857 te
2383 818 2593 870 cavere,
2624 821 2690 858 ne
2720 807 2820 859 tuis
2853 808 3086 863 humeris
3125 827 3257 864 otius
3299 818 3383 867 fit-

1821 905 1949 946 time
1974 895 2254 959 legationis
2282 896 2664 962 imponeretur.
2695 899 2943 954 Giatnlor
2984 902 3075 955 tibi
3104 904 3238 971 quod
3269 906 3385 959 istis

1817 986 2053 1038 moribus
2092 986 2244 1051 vivis,
2285 996 2342 1041 ut
2375 1004 2593 1063 necesse
2619 991 2814 1045 habeas
2845 994 3156 1048 electionem
3198 997 3271 1049 tui
3318 1000 3384 1049 ti-

1817 1092 1963 1131 mere
1992 1093 2006 1128 :
2040 1076 2195 1132 laudo
2222 1078 2545 1145 efficaciam,
2578 1083 2811 1151 suspicio
2839 1086 3189 1151 prudentiam,
3227 1090 3381 1159 153

1818 1182 2115 1235 prosequor
2155 1168 2312 1224 laude
2349 1170 2673 1225 felicitatem.
2713 1171 2850 1239 Opto
2890 1174 3120 1242 denique
3158 1179 3379 1246 mquiilia

1815 1257 1900 1321 iis,
1935 1272 2066 1326 quos
2092 1258 2366 1328 aequaliter
2388 1275 2528 1314 amo.
2565 1261 2712 1314 illiilli
2746 1262 3046 1331 frequenter
3075 1282 3204 1332 quos
3226 1282 3380 1321 exse-

1813 1349 2026 1403 crabilis
2046 1352 2370 1419 popularitas
2391 1355 2519 1421 agit,
2537 1353 2726 1407 civium
2752 1357 3011 1408 maximos
3034 1372 3187 1410 manu
3212 1374 3374 1427 pren-

1813 1449 1952 1503 Sllﬂl,
1979 1455 2127 1507 reque
2150 1456 2403 1495 consessu
2438 1442 2644 1510 publico
2674 1444 2962 1511 abducunt,
2992 1462 3054 1499 ac
3080 1458 3377 1516 sequestra-

1814 1530 1881 1581 tis
1901 1530 2080 1583 oscula
2114 1532 2427 1599 impingunt,
2450 1546 2665 1599 operam
2688 1546 2835 1585 suam
2859 1535 3140 1602 εροιιόθιιι,
3157 1536 3247 1589 sed
3273 1554 3376 1589 uoti

1814 1619 1981 1687 petiti.
2021 1618 2192 1687 thue
2230 1621 2511 1675 videantur
2544 1623 2592 1675 in
2632 1624 2825 1693 negotii
2870 1626 3166 1679 communis
3204 1641 3375 1680 asser-

1740 1728 1782 1787 B
1814 1709 1955 1763 tione
1987 1709 2164 1777 legati,
2183 1713 2516 1765 evectionem
2540 1712 2845 1779 refundunt,
2870 1715 3116 1783 ipsusque
3136 1727 3377 1784 sumptus

1810 1798 1945 1852 ultro
1975 1809 2241 1866 recusant,
2265 1811 2317 1854 et
2345 1803 2411 1855 ab
2438 1802 2637 1854 ambitu
2667 1803 2801 1856 clam
2825 1816 3013 1870 rogant
3037 1820 3062 1858 s
3084 1809 3295 1873 ngttlos,
3320 1820 3377 1862 ut

1804 1889 1872 1943 ab
1897 1890 2138 1942 omnibus
2158 1890 2329 1958 palam
2361 1900 2629 1960 rogentur.
2645 1890 2734 1946 Sic
2756 1908 2965 1961 quoque
2987 1908 3104 1947 cum
3134 1896 3374 1963 fatigatio

1805 1981 2017 2034 illorum
2068 1982 2292 2050 gratuita
2346 1985 2512 2050 possit
2564 1983 2789 2036 libenter
2834 1984 3063 2048 admitti,
3128 1986 3376 2040 libentius

1806 2081 1979 2125 tamen
2004 2082 2161 2140 atque
2182 2072 2460 2126 amabilius
2483 2074 2766 2127 verecundi
2790 2075 3053 2142 leguntur,
3073 2075 3228 2145 idque
3249 2093 3373 2132 cum

1802 2177 2034 2231 expensa
2076 2181 2090 2217 :
2134 2172 2333 2215 tantum
2366 2163 2687 2232 impudentia
2728 2178 2847 2219 sese
2877 2164 3211 2231 ingerentum
3245 2183 3375 2234 por.-

1801 2254 1945 2307 deris
2000 2254 2177 2316 habet,
2225 2254 2386 2307 etiam
2421 2265 2441 2292 ε
2494 2254 2622 2309 fasci
2675 2268 2794 2308 cum
2843 2256 3122 2309 tributario
3163 2255 3375 2311 nomine

1804 2350 2037 2411 ipsorum
2065 2350 2132 2399 nil
2162 2349 2578 2416 Superfnnilitur.
2611 2347 2835 2402 Proinde
2858 2364 3153 2418 quanquam
3190 2362 3237 2403 'e
3268 2367 3371 2403 uoti

1802 2438 2010 2502 fefellit,
2062 2438 2187 2506 quid
2238 2440 2359 2492 boui
2408 2440 2601 2507 quique
2654 2440 3059 2501 meditarentur,
3111 2439 3272 2492 redde
3322 2451 3371 2493 te

1802 2539 1978 2584 tamen
2009 2531 2425 2598 exspectantium
2451 2533 2606 2594 votis,
2624 2540 3069 2599 expetentumque
3090 2532 3365 2583 caritatem

1800 2623 1989 2690 proba,
2021 2622 2106 2689 qui
2134 2620 2241 2689 jatn
2275 2622 2505 2690 probasti
2538 2621 2813 2689 pudorem.
2844 2619 2992 2685 Quod
3018 2619 3140 2672 delu
3164 2621 3228 2672 sti
3264 2622 3368 2688 pii-

1798 2727 1964 2774 mum,
1997 2712 2269 2765 tnodestize
2300 2712 2580 2766 ascribitur
2606 2730 2616 2762 :
2650 2711 2715 2763 ad
2744 2711 2828 2779 ign
2849 2710 3006 2763 iviain
3040 2709 3253 2777 respicit
3280 2726 3366 2762 se—

1798 2804 1967 2857 cunda
1999 2803 2201 2856 dilatio.
2242 2803 2500 2856 Praeterea
2530 2802 2617 2855 'ibi
2646 2802 2912 2855 Arelatem
2946 2800 3248 2868 profecturo
3276 2811 3360 2851 est

1798 2894 2116 2947 venerabilis
2142 2895 2193 2946 in
2223 2893 2409 2947 itinere
2449 2901 2634 2957 mater,
2669 2893 2878 2952 fratres,
2922 2901 3179 2955 amantes,
3213 2890 3365 2943 reda-

1799 2984 2097 3052 mantisque
2125 2984 2308 3052 patria:
2352 2984 2545 3047 solum,
2574 2982 2639 3035 ad
2671 2982 2807 3050 quod
2840 2991 2891 3034 et
2915 2990 3107 3050 praeter
3136 2981 3364 3033 occasio-

1721 3087 1767 3148 ο
1799 3092 1919 3135 nem
1961 3077 2274 3145 Voluptuose
2306 3080 2557 3131 venitur:
2601 3086 2708 3130 tum
2735 3076 2925 3129 domus
2958 3090 3070 3140 pro,
3090 3075 3186 3139 ria,
3219 3074 3367 3142 Cujus

1799 3176 2088 3230 auctorem,
2132 3166 2359 3231 tineam,
2404 3180 2656 3229 messem,
2686 3164 2964 3229 olivetum,
3004 3172 3198 3217 tectum
3238 3179 3367 3232 quo-

1798 3273 1902 3325 que
1950 3257 2144 3327 ipsuin,
2192 3258 2274 3311 vel
2324 3258 2446 3311 dum
2493 3257 2916 3326 praeterveharis,
2969 3255 3232 3320 inspicere
3284 3270 3369 3308 rc-s

1796 3348 2059 3400 commodi
2084 3357 2185 3403 est.
2217 3348 2552 3417 Quapmpter
2578 3348 2772 3401 missus
2802 3363 2831 3399 a
2861 3347 3012 3399 nobis
3038 3351 3092 3399 et
3122 3345 3212 3398 tibi
3241 3359 3365 3412 per-

1798 3440 1963 3494 venis.
2002 3440 2239 3508 Namque
2266 3442 2370 3495 erit
2411 3442 2531 3493 talis
2568 3440 2666 3493 viii:
2712 3449 2813 3492 tute
2851 3453 3131 3507 causzeque
3172 3448 3367 3492 nostra:

1795 3530 2049 3593 conditio,
2088 3532 2139 3583 ni
2171 3529 2346 3597 fallor,
2379 3539 2537 3599 atque
2567 3530 2957 3598 opportunitas,
2990 3537 3045 3581 ut
3075 3544 3171 3597 pro
3200 3529 3365 3582 bene-

1796 3619 1913 3672 ficio
1940 3619 2136 3672 civiiati
2172 3635 2326 3686 posse
2358 3621 2617 3686 imputare
2651 3636 2719 3688 qu
2740 3618 3073 3687 indocuuqne
3099 3618 3352 3683 videaris,

1795 3709 1936 3780 quod
1959 3718 2075 3764 tuos
2102 3710 2317 3765 videris.
2352 3711 2495 3764 Vale.

2234 3840 2390 3911 154
2426 3839 2753 3895 EPlSTOLA
2795 3840 2930 3897 XXI.

1957 3953 2205 4008 Sidonius
2236 3954 2501 4007 Sacerdoti
2529 3962 2575 4006 et
2600 3951 2809 4006 Iustino
2835 3954 2940 4007 suis
2961 3952 3195 4009 salutent.

1864 4083 1890 4121 ἀ
1919 4083 2186 4139 Victorius
2218 4094 2433 4153 patruus
2464 4095 2659 4147 vester,
2694 4084 2776 4136 vir
2802 4090 2858 4137 ut
2879 4084 3144 4151 egregius,
3167 4084 3245 4138 sic
3275 4102 3361 4137 un-

1794 4176 2072 4243 fit‘Clllltllle
2117 4176 2473 4242 doctissimus,
2524 4189 2643 4228 cum
2689 4182 2879 4227 czetera
2929 4183 3193 4241 potenter,
3242 4183 3353 4227 tum

1796 4263 2166 4333 potentissime
2206 4264 2444 4317 condidit
2474 4278 2680 4317 versus.
2714 4262 2836 4316 Mihi
2859 4278 3068 4331 quoque
3096 4277 3304 4330 semper
3332 4279 3361 4318 a

1796 4370 1959 4425 parvo
1998 4371 2124 4410 cura
2167 4369 2458 4408 musarum.
2497 4354 2646 4408 Nunc
2685 4368 2780 4407 vi.s
2809 4354 3009 4421 parenti
3034 4353 3221 4406 venitis
3255 4355 3361 4406 hic-

1723 4438 1973 4513 Dredes,
2022 4462 2178 4516 quain
2221 4446 2378 4514 jure,
2429 4454 2537 4498 tam
2586 4447 2796 4497 merito.
2848 4443 2994 4496 llicet
3045 4457 3143 4514 ego
3195 4454 3364 4513 poeta:

1874 4608 1895 4635 ο
1937 4597 2023 4650 Sic
2054 4598 2354 4665 legendum,
2388 4611 2489 4649 non
2518 4594 2734 4663 fascium
2757 4593 3039 4665 tributario.
3072 4595 3364 4661 Etiam,in-

1799 4668 1931 4734 Quit,
1965 4682 2082 4719 cum
2111 4663 2399 4735 i'xpensam
2432 4666 2633 4719 itineris
2660 4666 2708 4715 iti
2740 4663 2833 4730 svi;
2854 4676 2943 4716 Sos
2970 4666 3246 4733 recipiunt,
3273 4671 3364 4721 tri-

1800 4738 2153 4803 batorninque
2185 4734 2216 4788 ο
2258 4737 2432 4789 eribns
2459 4749 2640 4787 eorum
2670 4748 2827 4786 eausa
2857 4734 2985 4786 nihil
3016 4740 3240 4789 accedit.
3263 4738 3360 4790 Lc-

1800 4809 1936 4872 gatis
1966 4821 2104 4858 enim
2133 4806 2345 4859 decrrni
2378 4806 2514 4857 solet
2542 4809 2808 4855 viaticum.
2848 4805 3102 4858 Arcadius
3134 4808 3267 4858 libro
3295 4812 3365 4860 ile

1804 4877 2115 4930 Muneribus
2143 4876 2406 4939 civilibus,
2436 4874 2499 4928 Ι).
2530 4879 2595 4928 ile
2621 4872 2930 4925 muneribus
2955 4883 3009 4927 et
3032 4875 3317 4928 honoribus
3345 4894 3357 4927 :

1802 4945 1975 5015 Legati
2011 4962 2209 5014 quoque
2246 4946 2335 5013 qui
2377 4947 2443 4996 ad
2486 4944 2770 5015 sacrarium
2796 4942 3037 5015 principis
3079 4955 3361 5015 mittuntur,

1798 5012 2031 5068 via'ticuiii
2062 5012 2198 5084 quod
2231 5012 2497 5085 legativum
2527 5015 2730 5075 dicitur,
2755 5012 3008 5064 interdum
3034 5014 3198 5066 solent
3225 5019 3362 5067 arci-

1834 5101 1936 5137 cre.

1834 5102 1936 5137 cre.

1798 5102 1830 5153 Ρ
1867 5152 1892 5189 ά
1933 5154 2106 5224 Quieti
2137 5162 2331 5224 potest,
2364 5169 2482 5206 cum
2518 5160 2757 5224 tempora
2790 5164 2908 5224 non
2935 5150 3259 5222 discrepent,
3291 5170 3358 5207 an

1800 5223 1886 5277 hic
1925 5224 1994 5277 sit
2030 5218 2295 5277 Victorius
2324 5218 2747 5290 Aqnizanus'qui
2788 5220 3002 5288 Cycluui
3053 5218 3360 5277 l’asihalem

1799 5294 1957 5346 llilnri
1989 5294 2368 5357 archidiaconi,
2396 5291 2613 5345 Romani
2644 5298 2820 5358 postea
2858 5291 3142 5356 ροιιιίίὶοίε,
3173 5304 3357 5357 rogatu

1799 5362 2117 5430 composuit,
2146 5363 2493 5416 Constantino
2526 5372 2579 5415 et
2608 5360 2742 5414 Rufo
2767 5373 2931 5425 coss.,
2965 5371 3111 5430 utres
3141 5360 3254 5427 ejus
3291 5361 3355 5411 ad

1803 5433 1861 5484 lli
1889 5428 2035 5505 arum
2056 5434 2278 5505 epistola
2308 5444 2463 5505 patet.
2482 5431 2697 5485 Victorii
2716 5437 2980 5505 aittenrex
3008 5428 3169 5480 fratre
3193 5440 3359 5505 napo:

1803 5512 1910 5555 tum
1939 5496 2133 5555 Justitii
2162 5513 2215 5556 et
2242 5496 2440 5565 fratris,
2471 5504 2626 5557 tacito
2658 5499 2866 5555 nomine
2894 5496 3078 5548 iterum
3120 5496 3362 5552 meminit

1801 5573 1852 5625 in
1878 5573 1933 5625 Pi
1948 5574 2264 5640 opemptico.
