3946 6176
126 5862 153 5881 κ

232 242 311 304 ss;
1407 206 1888 289 EPtSTOLARUM
1928 218 2059 283 LIB.
2101 202 2188 281 vt.
3333 218 3437 273 list

227 350 407 427 spectat,
431 344 700 417 singularis
719 342 954 414 exempli
984 343 1126 415 (qua:
1172 338 1497 411 parcimonia
1548 349 1603 394 et
1645 340 1743 394 ltu-
1773 348 1825 405 Α
1852 339 1937 394 nis
1963 337 2236 403 animatis,
2267 348 2442 406 neque
2464 334 2609 396 sitim
2641 332 2964 405 ignorantia:
2993 333 3251 387 hactenus
3272 348 3441 387 sarcm

228 425 433 502 manitate
457 437 776 494 certantibus
807 454 822 490 :
854 452 960 490 non
988 436 1165 489 minus
1194 448 1254 487 se
1278 432 1535 501 jejuniis,
1585 446 1747 501 quam
1861 429 1991 483 laris
2026 428 2136 483 ullo
2163 441 2411 497 superna:
2447 425 2630 496 rigatis
2674 426 2840 480 imbre
2878 425 3172 487 doctrinm;
3207 440 3314 478 non
3343 440 3444 494 ego

226 515 333 595 cibis
358 522 593 605 pauperes
635 528 827 600 pascit,
867 537 925 583 et
963 527 1019 582 itt
1056 525 1257 580 Christi
1314 524 1461 578 cultu
1503 523 1750 593 pervigil,
1858 527 2039 575 tamen
2080 528 2283 574 tantum
2332 518 2440 573 mei
2494 518 2793 573 meminens
2833 533 2940 573 non
2980 534 3119 581 sum,
3161 527 3218 572 ut
3244 533 3273 571 a
3313 520 3449 572 meis

228 632 316 688 sola
341 629 385 682 in
411 639 464 680 se
480 621 747 690 compellit
777 628 992 691 peccata
1019 616 1279 687 dormire)
1312 616 1634 672 mmroribus
1663 630 1754 671 or-
1859 626 2184 682 praesumam
2223 611 2463 682 partibus
2490 611 2682 679 aequali
2709 609 3005 663 officiorum
3050 612 3204 665 lance
3234 623 3447 693 certan-

226 720 372 777 ftitatis
408 713 717 771 necessitate
755 712 863 767 litis
897 711 1128 779 adjecta,
1184 710 1239 764 in
1282 707 1584 765 remedium
1628 709 1755 782 mali
1862 703 2009 759 dum.
2033 703 2165 759 Nam
2195 718 2315 758 cum
2345 711 2529 758 nostra
2554 701 2898 757 mediocritas
2928 712 3085 757 rotate
3115 703 3262 768 vitm,
3307 712 3445 757 tem-

228 787 416 880 dttplicis
438 786 814 875 perfectionem
846 811 1039 856 vestrae
1071 800 1460 877 consolationis
1494 792 1757 873 expetere

227 900 423 961 festinat,
441 902 709 969 gratanter
732 890 1014 958 habitura,
1046 890 1160 945 sive
1195 888 1336 944 istud
1378 887 1473 943 tibi
1520 888 1760 958 peregri-

227 972 342 1048 natio
368 987 545 1053 brevis,
580 1000 676 1040 seu
706 985 924 1055 longum
953 991 1293 1053 computetur
1308 980 1568 1036 ofﬁcium.
1598 980 1763 1050 Igitur

224 1083 404 1156 praefata
433 1077 749 1155 venerabilis
778 1076 961 1131 fratris
984 1076 1091 1131 mei
1125 1089 1266 1129 nunc
1300 1073 1412 1143 jam
1458 1073 1760 1144 presbyteri

226 1169 476 1245 Agrippini,
502 1184 570 1225 ne
599 1167 917 1247 injuriosum
944 1165 1017 1221 sit
1044 1165 1247 1221 dixisse
1289 1163 1566 1243 nequitiis,
1614 1171 1764 1218 certe

1867 809 1997 864 pore
2026 794 2322 865 dignitatis.
2355 793 2633 863 privilegio
2675 792 2801 857 loci,
2835 792 2993 847 laude
3022 794 3281 858 scientiae,
3305 794 3450 848 dono

1865 884 2213 942 conscientiae
2237 893 2429 939 vestrm
2456 883 2611 939 facile
2631 884 2907 948 vincatur;
2933 884 3137 937 nullum
3161 899 3450 947 meremur,

1863 979 2038 1048 sipar
2057 988 2430 1047 exspectamus
2456 977 2772 1046 alloquium.
2821 977 2987 1045 Igitur
3007 992 3116 1031 non
3146 977 3456 1031 incusantes

1868 1071 2141 1125 silentium
2170 1079 2433 1135 vestrum,
2465 1068 2561 1124 sed
2592 1068 2967 1138 loquacitatem
3006 1079 3243 1123 nostram
3277 1070 3456 1138 potius

1869 1162 2443 1229 excusarenitentes,
2490 1161 2935 1217 commendamus
2982 1162 3193 1231 apicum
3234 1163 3457 1230 portito-

225 1238 433 1337 faiigittur
453 1238 821 1333 argutiiszqui
842 1240 1072 1315 abutens
1092 1238 1458 1314 imbecillitate
1481 1265 1764 1324 matronae,
1867 1270 2029 1312 rem:
2080 1256 2233 1326 cuius
2280 1256 2327 1311 si
2370 1255 2854 1325 peregrinationem
2896 1264 3145 1325 prompto
3172 1254 3354 1309 favore
3380 1256 3459 1308 fo-

222 1333 316 1413 noti
326 1340 520 1411 desistit
545 1352 807 1423 spiritalis
828 1352 1021 1406 anima:
1042 1351 1386 1407 serenitatem
1428 1350 1764 1406 saecularium
1870 1348 2061 1414 veatis,
2082 1347 2303 1417 grandis
2329 1347 2486 1418 160
2511 1346 2815 1401 actionibus
2857 1345 2999 1400 illius
3035 1357 3221 1414 portus
3249 1348 3459 1401 seenri-
3506 1333 3525 1350 “

224 1432 531 1507 versutiarum
572 1442 789 1500 flatibus
834 1443 1157 1499 turbidare:
1207 1443 1292 1498 cui
1334 1442 1452 1508 filii,
1500 1456 1600 1497 nec
1646 1448 1770 1510 post
1872 1440 1996 1494 tatis
2034 1439 2296 1508 aperitur.
2345 1438 2628 1508 Negotium
2678 1437 2804 1492 huic
2840 1437 3298 1493 testamentarium
3334 1447 3458 1493 est:

221 1518 361 1594 muIto
381 1535 581 1606 nepotis
609 1534 814 1599 amissi,
845 1533 965 1587 duae
983 1533 1182 1601 pariter
1203 1532 1371 1602 plagas
1402 1540 1673 1595 recentes,
1699 1516 1767 1584 ad
1873 1528 2042 1584 latent
2056 1544 2178 1585 eum
2201 1529 2537 1598 propriarum
2565 1528 2755 1583 merita
2778 1527 3105 1583 chartarum.
3133 1529 3461 1597 Togatorutn

224 1618 426 1686 diuturni
454 1627 651 1683 viduvii
682 1625 874 1680 vulnus
901 1623 1190 1679 adduntur.
1238 1622 1590 1678 Tentavimus
1632 1624 1771 1676 inter
1876 1620 1983 1675 illic
2011 1626 2355 1689 perorantum
2386 1619 2578 1673 merita
2607 1620 2852 1687 peritiam
2879 1620 3167 1675 consulere
3190 1620 3461 1689 perrexit;

220 1732 471 1792 utrumque
519 1731 852 1786 componere
901 1729 1002 1770 nos
1056 1714 1288 1769 maxime
1328 1714 1521 1784 quibus
1577 1714 1630 1767 in
1678 1727 1773 1768 eos
1804 1718 1852 1777 Β
1880 1727 1974 1783 pro
2023 1711 2247 1767 victoria
2293 1719 2722 1781 computaturus,
2775 1712 2820 1766 si
2864 1726 2923 1767 se
2974 1713 3301 1768 intellexerit
3341 1713 3465 1780 jure

222 1809 487 1880 novumjtts
508 1805 796 1879 professio,
818 1814 1191 1873 vetustumque
1213 1803 1771 1870 faciebantamicitiie,
1877 1799 2153 1869 superari;
2181 1799 2439 1864 modone
2477 1799 2577 1855 sibi
2606 1802 2826 1870 suisque
2854 1802 3073 1856 desidiae
3108 1802 3239 1856 vitio
3268 1817 3463 1872 perpe-

217 1904 366 1969 aliqua
385 1908 690 1967 censentes,
723 1896 1011 1951 suadentes
1055 1896 1339 1965 qurepiam,
1391 1892 1618 1966 plurima
1647 1908 1776 1965 sup-

218 1995 464 2064 plicantes,
496 1990 751 2061 quodque
789 1987 1081 2053 miremini,
1119 1984 1426 2041 in’omnem
1468 1984 1774 2042 concordiae

213 2094 379 2139 statum
408 2082 565 2155 159
594 2079 895 2151 promptius
923 2092 953 2131 a
998 2072 1225 2133 feminea
1276 2081 1426 2146 parte
1476 2076 1775 2133 discesSutn

213 2182 294 2228 est.
333 2164 394 2227 Et
415 2174 727 2243 quanquam
757 2184 815 2224 se
841 2168 1000 2223 altius
1026 2166 1362 2238 profuturum
1399 2166 1524 2223 filia:
1555 2175 1776 2238 paterna

208 2265 404 2333 iactaret
456 2252 861 2332 prterogativa,
914 2259 1073 2312 nurui
1122 2266 1299 2312 tamen
1359 2256 1530 2328 magis
1577 2250 1777 2327 plaéuit

210 2343 560 2409 munificentiae
591 2349 857 2405 socrualis
890 2348 1110 2403 oblatio.
1155 2342 1393 2417 Jurgiutn
1438 2338 1653 2403 interim
1690 2360 1778 2423 se-

205 2440 481 2515 misupitum
509 2437 715 2499 vestris
743 2441 905 2496 modo
933 2433 1140 2495 sinibus
1191 2425 1438 2496 infertur.
1490 2440 1778 2497 Pacificate

205 2546 470 2604 certantes,
499 2545 559 2593 et
590 2529 914 2605 pantificalis
953 2522 1276 2589 auctoritate
1314 2532 1558 2589 censura:
1584 2536 1776 2603 suspe-

206 2629 289 2683 ctis
312 2624 409 2684 sibi
432 2626 690 2698 partibus
716 2615 938 2680 indicite
965 2625 1216 2696 gratiam,
1261 2624 1424 2681 dicite
1471 2626 1774 2680 veritatem.

204 2719 375 2776 Sancta
402 2720 551 2776 enim
578 2717 837 2789 Eutropia
854 2757 869 2783 ,
893 2716 938 2771 si
966 2716 1093 2785 quid
1122 2715 1433 2771 vadimonio
1458 2731 1578 2771 meo
1598 2716 1778 2773 credi«

202 2812 275 2879 tis,
302 2799 585 2869 victoriam
616 2808 918 2880 computat,
951 2809 997 2863 si
1025 2808 1110 2863 vel
1140 2817 1261 2879 post
1298 2804 1498 2862 damna
1534 2822 1641 2863 non
1672 2807 1778 2863 liti-

199 2914 291 2974 get.
339 2890 494 2960 Unde
544 2913 608 2961 et
662 2901 907 2972 suspicor
944 2898 1098 2954 vobis
1127 2914 1289 2953 unam
1331 2893 1779 2969 pronuntiandam

200 2995 391 3052 domum
452 2987 903 3061 discordiosam,
960 2992 1090 3049 licet
1161 2985 1448 3047 inveniatis
1496 3001 1781 3064 utramque

1879 1906 1993 1945 ram
2040 1891 2249 1945 cavisse
2285 1890 2553 1959 culpetur.
2610 1892 2762 1944 Hunc
2810 1900 3035 1946 eatenus
3081 1894 3467 1948 commendare

1879 1996 2167 2051 praesumo,
2216 1990 2277 2036 ut
2320 1981 2367 2037 si
2412 1996 2538 2037 eum
2580 1982 2848 2039 instruere
2872 1983 3158 2052 dignanter
3184 1985 3467 2041 advocatio

1880 2073 2123 2129 consulta
2151 2072 2375 2141 fastidit,
2410 2072 2437 2111 δ
2475 2075 2769 2130 auctoritas
2798 2088 3016 2131 coronae
3064 2086 3167 2132 tute
3209 2078 3467 2133 dissimila-

1881 2165 2119 2223 lantibus
2137 2166 2354 2222 studeat
2386 2166 2655 2223 excudere
2681 2169 2924 2239 responsi
2965 2170 3320 2227 celeritatem.
3353 2172 3465 2227 Mes

1881 2274 2000 2315 mor
2019 2256 2189 2315 nostti
2216 2273 2337 2315 esse
2364 2259 2608 2330 dignare,
2638 2260 2854 2317 domine
2878 2276 3031 2331 papa.

2149 2413 2153 2417 ν
2442 2350 2771 2413 EPISTULA
2824 2352 2912 2407 IV.

2117 2440 2366 2519 Sidonius
2394 2441 2604 2495 domino
2632 2458 2783 2512 papa:
2814 2442 2962 2514 Lupo
2988 2445 3221 2499 salutem.

1952 2531 2158 2587 Pra-fer
2204 2532 2442 2586 officium
2478 2533 2619 2601 quod
2682 2534 3175 2604 incomparabiliter
3210 2537 3475 2594 eminenti

1880 2621 2204 2694 apostolatui
2230 2630 2322 2678 tuo
2345 2624 2464 2679 sine
2494 2626 2602 2681 fine
2624 2624 2874 2693 debetur,
2914 2636 2970 2681 et
2994 2628 3040 2682 si
3069 2628 3271 2699 absque
3301 2632 3469 2686 inter-

1879 2718 2138 2773 missione
2167 2717 2439 2782 solvatur,
2477 2718 2798 2774 cammendo
2838 2719 3136 2788 supplicum
3167 2721 3469 2791 bajulorum

1882 2823 1983 2879 pro
2011 2804 2148 2864 nova
2174 2809 2500 2865 necessitate
2528 2816 2794 2864 vetustam
2836 2812 3287 2867 necessitudinem
3323 2830 3336 2867 :
3380 2814 3469 2885 qui

1882 2904 1938 2959 in
1964 2906 2263 2961 Arvernam
2281 2905 2554 2974 regionem
2584 2906 2797 2976 longum
2829 2906 2949 2975 iter,
3000 2908 3083 2962 ltis
3112 2912 3309 2980 quippe
3336 2922 3473 2966 tem-

1885 3001 2129 3071 poribus,
2184 3000 2414 3065 emensi,
2463 3014 2617 3055 casso
2661 3000 2845 3056 labore
2891 3015 3175 3058 venerunt.
3236 3006 3473 3076 Namque

198 3085 497 3146 discordem.
528 3076 752 3144 Memor
772 3085 941 3140 nostri
962 3088 1085 3140 esse
1111 3084 1355 3155 dignare,
1380 3085 1599 3140 domine
1620 3100 1776 3156 papa.

1894 3106 2047 3146 unam
2080 3102 2102 3130 ο
2121 3090 2375 3160 feminam
2404 3090 2471 3146 de
2491 3090 2767 3145 affectibus
2796 3092 2926 3157 suis,
2957 3108 3116 3162 quam
3141 3094 3277 3150 forte
3295 3093 3324 3133 ιι
3343 3096 3474 3151 νειμ

760 3168 1096 3233 EPISTOLA
1136 3176 1222 3257 ιιι.
1464 3256 1469 3261 Ι

347 3270 615 3330 Sidonius
656 3264 864 3325 domino
893 3268 1043 3340 papa:
1072 3279 1098 3308 ιι
1138 3269 1357 3325 Leontio
1389 3271 1626 3326 salutem.

248 3368 354 3426 Etsi
381 3371 555 3426 nullis
605 3364 915 3423 hortatibus
945 3363 1241 3436 primordia
1269 3373 1468 3420 nostra:
1491 3367 1781 3436 professio-

192 3479 508 3549 epitapltium
557 3476 715 3549 quod
757 3478 811 3531 in
859 3483 1042 3549 vetere
1078 3473 1315 3549 St__Petri
1345 3474 1565 3531 basilica
1593 3454 1780 3533 Romae

195 3545 461 3606 visebatur.
498 3545 611 3606 Est
640 3556 825 3603 autem
863 3545 1167 3615 ltujusmodi
1200 3561 1215 3599 :

415 3637 727 3699 GABINIA
780 3626 1181 3695 GAUDENTIA
1230 3636 1295 3691 II.
1346 3637 1412 3692 F.
1471 3637 1535 3692 IN

417 3714 576 3781 oua
630 3710 799 3781 Flll'l‘
842 3707 1292 3781 ilNlltflj‘gABILlS
1340 3703 1537 3781 casn

416 3779 561 3840 ΤΑΒ
672 3780 741 3834 IN
841 3779 1245 3834 PRUBISSIMA
1354 3779 1536 3833 VERE

413 3850 705 3910 CUNDIA
798 3847 1371 3905 INCOMPARABILIS
1474 3850 1538 3903 IN

413 3920 797 3978 NOCENTIA
923 3918 1292 3974 PERPETUA
1382 3919 1546 3985 QUIE

415 3989 586 4052 SCIT
637 3991 708 4046 IN
744 3988 918 4044 PACE
953 3988 1118 4057 QUIE
1165 3984 1354 4043 VIXI'I‘
1385 3984 1541 4043 ᾹΝΝ.

418 4064 635 4121 XVlII.
675 4062 747 4117 M.
780 4060 871 4115 XI.
908 4061 968 4114 D.
1003 4058 1141 4114 XXI.
1186 4059 1437 4115 VABIUS
1478 4061 1544 4115 VI

424 4134 638 4192 (ΣΤυῆ
662 4130 949 4187 CONJUGI
971 4131 1031 4184 Β.
1056 4131 1127 4184 Μ.
1156 4129 1217 4183 Ι).
1248 4130 1360 4188 XII.
1385 4131 1541 4187 ΚΑΙ».

414 4202 754 4262 AUGUST.

242 4286 265 4314 ι
306 4278 601 4346 Episc0po
636 4272 968 4346 Arelatensi.
1001 4271 1163 4326 Multa
1192 4274 1603 4346 suntingverbis
1634 4273 1787 4331 Sido—

177 4347 240 4401 nii
263 4343 384 4417 quae
415 4347 734 4402 Arelatem
758 4343 1078 4417 designent;
1112 4352 1169 4396 ut
1197 4343 1337 4417 quod
1367 4343 1441 4396 ait
1474 4345 1541 4417 de
1572 4346 1786 4412 privile-

176 4419 249 4485 gio
275 4413 381 4474 loci
410 4427 475 4473 et
504 4419 587 4471 de
627 4416 831 4485 togatis
852 4414 961 4469 illic
981 4413 1371 4485 perorantibus.
1392 4415 1787 4469 Arelatensium

174 4483 337 4544 autem
364 4490 729 4559 episcopum
774 4484 859 4559 his
889 4483 1220 4559 temporibus
1267 4483 1784 4559 fuisse__Lcontium,-

174 4560 301 4613 nulla
330 4554 422 4616 est.
452 4554 780 4614 dubitatio.
818 4556 927 4609 lloc
950 4554 1091 4625 enim
1121 4554 1413 4625 ostendunt
1439 4555 1605 4609 Ililari
1638 4570 1788 4625 papa:

1886 3197 2077 3253 gorum
2101 3182 2230 3253 (hoc
2249 3182 2393 3238 enim
2424 3183 2639 3239 nomine
2665 3184 2943 3253 indigenas
2974 3186 3303 3242 latrunculos
3336 3206 3477 3244 ttun-

1887 3275 2106 3345 cupaut)
2130 3284 2487 3344 superventus
2513 3274 2870 3341 abstraxerat,
2904 3275 3009 3330 isto
3037 3277 3321 3333 deductam
3353 3292 3477 3336 ante

1887 3368 2091 3438 aliquot
2109 3382 2299 3433 annos,
2333 3367 2557 3437 isticque
2584 3366 2922 3433 distractam,
2950 3383 3073 3423 cum
3102 3384 3206 3423 non
3240 3370 3376 3426 falso
3398 3373 3478 3426 in-

1888 3478 2122 3534 circulus
2166 3477 2538 3532 tantummodo
2588 3478 2908 3545 capillorum
2964 3481 3249 3547 emineret,
3305 3484 3477 3542 instar

1890 3564 2125 3619 coronae.
2157 3549 2245 3603 Sic
2267 3551 2411 3603 enim
2442 3549 2698 3604 describit
2721 3547 3011 3619 Gregorius
3049 3550 3251 3605 Turon.
3282 3553 3351 3609 de
3384 3557 3477 3611 Ni-

1889 3622 2031 3675 cetio
2058 3618 2405 3692 Trevirorum
2432 3619 2727 3692 episcOpo:
2765 3618 3129 3690 S.’Nicetius,
3175 3624 3377 3692 inquit,
3416 3630 3479 3681 ab

1891 3701 2007 3765 orum
2027 3705 2121 3742 suo
2144 3690 2359 3743 clericus
2380 3699 2453 3745 est
2474 3689 2775 3765 designatus
2793 3706 2812 3744 :
2834 3707 2954 3743 nam
2982 3708 3097 3744 cum
3114 3689 3277 3765 partu
3300 3695 3480 3765 fuisset

1892 3760 2124 3835 eﬂ'usus,
2149 3776 2297 3835 omne
2320 3770 2474 3829 caput
2488 3760 2632 3835 ejus,
2663 3769 2719 3813 ut
2745 3770 2818 3835 est
2843 3760 3155 3835 consuetudo
3183 3760 3479 3835 puerorum,

1892 3848 1926 3884 α
1947 3830 2151 3898 capillis
2179 3831 2373 3883 nudum
2413 3832 2617 3898 quidem
2645 3832 2946 3885 cernebatur
2976 3847 2995 3887 :
3037 3833 3091 3885 in
3116 3830 3336 3890 circuitu
3360 3830 3481 3893 vero

1898 3904 2181 3955 mediorum
2200 3900 2505 3973 capillorum
2533 3902 2659 3954 ordo
2689 3904 2956 3972 apparuit,
2990 3911 3044 3956 ut
3066 3916 3271 3973 putares
3300 3908 3363 3960 ab
3391 3910 3481 3964 iis.

1900 3974 2016 4044 dent
2042 3987 2284 4024 coronam
2311 3971 2483 4044 clerici
2506 3973 2667 4042 fuisse
2689 3974 2959 4044 signatam.
2989 3971 3183 4044 iﬂodie
3211 3979 3350 4044 apud
3383 3994 3482 4034 nos

1902 4042 2173 4112 antiquam
2199 4056 2415 4096 corona:
2452 4042 2673 4095 formam
2707 4042 2816 4114 65
2838 4044 2939 4096 soli
2979 4043 3090 4097 fere
3116 4042 3364 4114 monachi
3396 4064 3481 4104 re-

1903 4111 2097 4178 tinent,
2124 4120 2177 4167 et
2206 4114 2354 4181 pueri
2384 4114 2595 4167 vocales
2624 4111 3010 4182 synipitoniaci.
3040 4113 3171 4166 Nam
3189 4111 3368 4170 brevis
3392 4119 3481 4173 ille

1903 4184 2051 4239 orbis
2082 4186 2134 4238 in
2161 4184 2359 4239 vertice
2387 4198 2492 4253 quo
2513 4183 2639 4237 cieri
2674 4198 2797 4251 pars
2825 4198 3011 4246 magna
3035 4184 3218 4248 utitur,
3245 4188 3481 4244 insolens

1901 4256 2031 4309 olim
2064 4264 2223 4323 atque
2252 4255 2536 4309 inusitatus
2559 4258 2609 4308 in
2634 4253 2875 4310 Ecclesia
2898 4254 3014 4320 fuit,
3045 4264 3102 4308 ut
3129 4256 3285 4312 docet
3308 4272 3481 4314 canon

1895 4326 1966 4387 40
1989 4324 2204 4380 concilii
2235 4340 2286 4377 tv
2316 4325 2584 4379 Toletani.

1970 4406 1993 4435 ο
2035 4395 2113 4449 De
2158 4395 2355 4449 familia
2408 4396 2782 4465 propinquam.
2834 4395 3088 4450 Paulinus
3137 4406 3323 4453 auctor
3371 4399 3485 4455 Eu-

1895 4465 2167 4521 cbaristici
2200 4483 2212 4517 :

2019 4545 2139 4596 Cum
2157 4546 2274 4594 mihi
2296 4545 2441 4608 plena
2457 4548 2628 4596 domus
2651 4547 2772 4595 caris
2788 4546 3045 4597 affectibus
3064 4554 3219 4600 esset.

174 4632 408 4706 cpistola:
436 4650 450 4683 :
480 4646 563 4685 ex
581 4628 800 4706 quibus
821 4625 983 4706 etiam
1014 4624 1269 4706 docemur
1288 4623 1580 4706 Leontium
1604 4617 1786 4706 sedem
1818 4624 1866 4685 ι)
1895 4618 1964 4673 Ει
1989 4624 2111 4687 post
2136 4617 2240 4706 alia
2271 4632 2284 4706 ξ

172 4694 344 4756 iniisse
371 4716 535 4756 anno
565 4694 715 4759 462,
767 4696 867 4750 hoc
910 4704 992 4750 est
1029 4697 1214 4749 decem
1255 4694 1372 4764 plus
1411 4697 1589 4750 minus
1632 4697 1790 4750 annis

168 4783 281 4825 ante
306 4772 661 4827 Sidonium.
707 4766 952 4837 Syttodus
984 4772 1249 4837 prteterea
1270 4764 1600 4837 Arelatensis
1635 4769 1790 4835 cujus

172 4844 405 4896 meminit
464 4834 764 4901 Faustus,
806 4836 892 4891 cui
937 4834 1152 4904 prurfuil.
1202 4834 1343 4890 idem
1383 4836 1639 4891 Leontius
1669 4834 1793 4893 :iet

167 4910 357 4967 Ruricii
386 4907 791 4981 epistLibad
823 4907 1096 4981 .Eonium,
1153 4906 1370 4981 inqua
1402 4908 1625 4981 Leon_tio
1667 4919 1794 4981 tunc

165 4984 262 5036 vita
292 4977 497 5038 [unc-to
528 4978 814 5035 [Eonium
844 4978 1170 5032 successisse
1199 4977 1483 5046 significat.
1540 4977 1797 5033 Leontius

166 5050 581 5121 Foroiuliensis
617 5052 701 5104 de
729 5063 835 5118 quo
863 5049 946 5121 vir
964 5048 1153 5121 doetus
1182 5048 1517 5119 suspicatur,
1571 5048 1797 5105 Sidonio

161 5119 396 5179 anterior
433 5123 579 5187 fuit,
633 5119 1051 5187 Bnrdegalensis
1082 5121 1366 5186 posterior.

224 5194 250 5231 δ
294 5195 614 5249 Ettnodius
664 5190 991 5259 Symmacho
1030 5202 1179 5257 papa:
1209 5188 1301 5243 lib.
1334 5204 1415 5253 tv,
1465 5189 1628 5258 epist.
1676 5189 1748 5245 2‘2
1781 5201 1795 5239 :

160 5260 336 5334 Erigat
360 5266 656 5336 parvulos
686 5261 959 5336 implorata
979 5273 1181 5336 coronae
1207 5262 1698 5336 vestrmpiseratio.
1745 5261 1800 5314 Id

157 5328 601 5391 est'auc'toritas
658 5340 774 5396 tua,
824 5332 1096 5387 miseratio
1142 5342 1341 5384 veStra.
1396 5328 1461 5383 Ut
1511 5344 1799 5398 purpuram

160 5406 431 5463 interdum
467 5420 587 5474 pro
622 5400 878 5474 principe
899 5401 1256 5474 dicimus,_sic
1274 5414 1530 5474 coronant
1563 5414 1659 5474 pro
1676 5401 1801 5474 cle-

158 5480 301 5533 rico:
337 5469 482 5547 quia
516 5469 666 5547 liget:
704 5469 906 5547 insigne
934 5482 1015 5547 est
1037 5470 1241 5547 clerici,
1294 5478 1354 5547 ut
1405 5469 1491 5523 illa
1521 5470 1796 5540 principis.

157 5538 506 5618 Augustinus
546 5538 897 5618 Proculiano
924 5544 1083 5618 epist.
1118 5540 1217 5595 M7
1246 5557 1258 5591 :
1295 5538 1396 5593 Per
1428 5555 1669 5594 coronam
1698 5538 1799 5594 n0-

155 5614 309 5672 ιιηξιη
347 5635 455 5672 nos
505 5614 794 5682 adjurant
820 5616 1011 5666 vestri:
1052 5628 1141 5681 per
1187 5619 1433 5682 coronant
1472 5620 1688 5665 vestram
1714 5627 1800 5664 vos

154 5694 407 5761 sdjuranr
442 5680 675 5742 nostri.
723 5680 960 5736 Tonsura
990 5681 1255 5743 clericalis
1275 5682 1346 5738 ita
1376 5680 1505 5739 olim
1536 5681 1716 5752 fiebat,
1742 5692 1800 5737 ut

449 5807 779 5869 ΡΑτιιοι..
824 5798 1016 5862 LVIII

2133 4696 2233 4757 jam
2254 4696 2436 4745 dudum
2457 4698 2644 4744 cunctis
2668 4694 2923 4760 affectibus
2947 4708 3132 4760 expers

2016 4757 2180 4807 Prima
2198 4770 2339 4807 socru
2366 4771 2423 4806 ac
2444 4767 2622 4817 matre,
2647 4758 2827 4806 debiuc
2853 4769 2904 4807 et
2927 4757 3139 4823 conjuge
3160 4760 3338 4814 functa.

1964 4837 1990 4877 ά
2033 4838 2288 4895 Sidonius
2316 4838 2431 4906 ipse
2462 4839 2846 4909 interpretatur
2894 4838 3174 4909 indigenas
3214 4844 3487 4898 latruncu-

1896 4911 2000 4965 los.
2050 4910 2273 4977 Proprie
2325 4918 2498 4961 tamen
2545 4908 2700 4978 Vargi
2747 4908 3062 4963 dicebantur
3106 4923 3373 4977 extorres,
3434 4928 3489 4971 et

1901 4980 2071 5051 patria
2108 4980 2314 5046 expulsi
2355 4995 2370 5032 :
2415 4989 2472 5033 ut
2501 4980 2554 5033 in
2584 4981 2701 5048 lege
2729 4979 2979 5047 Ripuaria
3011 4982 3079 5034 87
3130 4992 3185 5036 et
3230 4986 3281 5038 in
3312 4984 3487 5042 Salica

1903 5050 1972 5127 b7
1999 5068 2010 5102 :
2044 5050 2103 5127 Si
2131 5052 2244 5120 quis
2268 5066 2450 5127 corpus
2470 5051 2586 5127 jam
2611 5053 2866 5117 sepultura
2886 5051 3195 5127 ‘exfodierit,
3220 5065 3265 5108 et
3306 5073 3491 5127 erepo-

1904 5121 2124 5197 licuerit,
2155 5137 2357 5191 wargus
2395 5121 2496 5197 sit,
2522 5121 2616 5173 hoc
2638 5129 2713 5197 est
2733 5123 2982 5197 expulsus
3011 5125 3075 5176 de
3114 5131 3286 5179 eodem
3334 5121 3484 5197 pa'go.

1904 5192 2166 5247 Nimirum
2193 5207 2260 5247 ex
2289 5192 2530 5258 profugis
2553 5192 2830 5244 exsulibus
2862 5194 3126 5260 indigena:
3159 5197 3295 5249 fittnt
3326 5192 3487 5249 tatio-

1906 5277 2024 5317 nes.
2078 5264 2192 5316 Non
2242 5261 2492 5316 dissimili
2542 5274 2704 5332 sensu
2754 5262 3043 5332 aliquando
3088 5266 3217 5318 dicti
3268 5276 3392 5319 sunt
3434 5280 3487 5318 et

1905 5333 2187 5402 Bagaudze.
2247 5332 2495 5387 Aurelius
2543 5331 2728 5387 Victor
2781 5331 3251 5388 in’Diocletiano:
3302 5333 3488 5388 Excia

1906 5420 2063 5457 manu
2092 5403 2367 5472 agrestium
2394 5418 2457 5455 ac
2485 5403 2763 5469 latronum,
2819 5420 2946 5473 quos
2991 5402 3268 5470 Bagaudas
3306 5405 3488 5459 incola:

1907 5482 2108 5527 uocant.
2146 5474 2271 5527 Item
2307 5473 2575 5531 Scamari.
2627 5474 2798 5539 legum
2831 5473 3298 5538 Longobardarum
3333 5476 3484 5529 tholo

1895 5545 1927 5618 i
1955 5542 2099 5614 apud
2123 5542 2457 5618 Joruandem
2487 5547 2539 5600 in
2577 5546 2801 5603 Geticis.
2831 5547 3143 5618 Eugyppius
3169 5549 3222 5602 in
3255 5548 3377 5604 Vita
3416 5550 3475 5606 S.

1896 5616 2143 5690 Severini
2172 5634 2185 5669 :
2223 5614 2353 5690 latri
2382 5617 2579 5685 ﬂuenta
2616 5614 2999 5690 pra'tcrmeait’s'
3021 5614 3259 5674 latrones
3293 5638 3482 5690 propee-

1896 5698 2075 5742 ranter
2104 5687 2414 5757 insequitur,
2444 5704 2573 5758 quos
2615 5688 2799 5757 rulgtts
2842 5688 3124 5743 Scamaros
3156 5687 3398 5756 amr-":41-
3422 5706 3475 5737 ην,
