3946 6176
318 250 423 304 555

320 361 611 415 cessionem
662 358 995 429 (quanquam
1042 357 1091 411 id
1135 357 1198 411 ad
1246 370 1458 410 causam
1496 355 1876 423 subjiciendum
1911 358 1961 414 Λ

320 448 492 503 minus
520 448 754 517 attinet);
782 464 902 501 eum
944 448 1020 501 sis
1062 448 1219 516 igitur
1263 463 1296 500 e
1331 448 1535 501 semine
1576 459 1772 514 poetae,
1804 449 1886 499 cui

321 544 499 610 procul
526 541 687 595 dubio
714 552 914 595 stamas
940 541 1201 596 dederant
1222 542 1445 604 litteraz,
1479 542 1521 594 si
1554 540 1749 594 trabeae
1782 557 1884 594 non

322 635 591 689 dedissent
624 652 638 687 :
680 635 819 697 quod
850 637 1007 688 etiam
1048 649 1189 688 nunc
1217 635 1449 688 auctoris
1478 634 1615 686 culta
1649 635 1888 687 versibus

321 727 479 777 verba
515 732 790 789 testamur,
823 741 853 779 a
882 740 986 793 quo
1017 725 1189 779 studia
1220 734 1574 794 posterorum,
1609 741 1675 779 ne
1706 741 1888 792 parum

322 814 532 880 quidem
555 853 573 878 ,
603 815 795 883 quippe
825 814 878 868 in
911 815 1009 867 hac
1051 824 1227 883 parte,
1258 815 1715 883 degeneraverunt
1745 831 1759 869 :
1794 816 1893 867 im-

322 920 477 958 mane
506 915 718 963 parratu
749 915 852 966 est,
881 915 1137 974 quantum
1174 904 1326 973 133
1357 913 1597 973 stupeam
1626 904 1890 958 sermonis

329 1006 380 1047 te
407 994 708 1048 Germanici
730 995 970 1048 notitiam
1003 1003 1145 1047 tanta
1169 992 1425 1049 facilitate
1448 997 1706 1064 rapuisse.
1732 994 1889 1063 Atqui

324 1085 605 1151 pueritiam
642 1092 783 1137 tuam
816 1093 1177 1151 competenter
1203 1084 1402 1139 scholis
1441 1068 1894 1139 liberalibusome-

326 1173 449 1225 mini
477 1172 761 1239 imbutam,
787 1183 838 1225 et
861 1187 1231 1241 smpenumero
1259 1176 1453 1228 acriter
1479 1174 1894 1242 eloquenterque

324 1262 649 1316 declamasse
682 1278 859 1316 coram
890 1271 1135 1328 oratore,
1171 1268 1301 1319 satis
1339 1262 1510 1319 habeo
1539 1277 1891 1334 compertum.

324 1359 497 1420 Atque
529 1355 641 1407 lucc
684 1369 805 1407 cum
847 1355 917 1408 ita
946 1356 1086 1419 sint,
1138 1356 1294 1410 velim
1342 1356 1511 1421 dicas,
1556 1357 1695 1411 unde
1722 1357 1895 1411 subito

325 1444 619 1498 hauserunt
647 1455 859 1513 pectora
900 1456 988 1497 tua
1033 1446 1353 1513 euphoniam
1392 1448 1563 1516 gentis
1593 1448 1809 1511 alienae;
1840 1457 1896 1501 ut

326 1535 486 1587 modo
515 1534 639 1588 mihi
676 1546 794 1601 post
815 1536 1009 1589 ferulas
1038 1537 1277 1590 lectionis
1300 1537 1641 1605 Maronianm,
1674 1552 1895 1608 pos‘lqtle

326 1624 635 1677 desinlatam
674 1626 901 1679 varicosi
942 1627 1213 1693 Arpinatis
1240 1627 1564 1695 opulentam
1604 1630 1893 1697 loquacita-

1554 243 1608 297 Sl
1622 241 1794 297 DONII
1838 238 2284 296 APOLLlNAHlS
3457 232 3551 285 536

2448 351 2603 423 ιδῃ
2639 351 2969 408 EPISTOLA
3011 351 3096 405 v1.

2273 444 2519 499 Sidonius
2553 454 2575 483 ο
2610 445 2896 512 Apollinari
2922 461 3016 498 suo
3044 442 3278 499 salutem.

2062 535 2194 589 Cum
2228 538 2453 604 primum
2490 545 2650 589 a'stas
2678 535 2906 590 decessit
2945 544 3231 599 autumno,
3277 543 3332 588 et
3370 536 3558 588 Arver-

1995 644 2184 682 norum
2216 630 2377 681 timor
2424 629 2589 695 potuit
2631 627 3013 697 aliquantisper
3058 627 3273 681 ratione
3308 627 3558 693 temporis

1994 717 2308 785 temperari,
2340 716 2593 771 Viennam
2620 719 2741 770 veni
2778 735 2793 772 :
2823 717 2914 770 ubi
2935 716 3315 769 Thaumastum
3344 731 3556 784 germa-

1995 824 2118 861 num
2149 816 2327 870 tuum,
2364 821 2521 875 quem
2564 821 2657 874 pro
2682 806 2801 874 jure
2828 806 2911 860 vel
2941 805 3209 874 sanguinis
3244 808 3324 860 vel
3351 805 3557 871 artatis,

1995 900 2283 956 reverenda
2335 899 2693 953 familiaritate
2743 898 3104 966 complector,
3162 896 3559 951 mmstissimum

1995 991 2191 1046 inveni.
2224 990 2322 1056 Qui
2353 1003 2653 1058 quanquam
2685 989 2885 1043 recenti
2914 987 3166 1042 caelibatu
3187 987 3461 1057 granditer
3485 986 3561 1040 af-

1996 1084 2289 1144 ﬁciebatur,
2320 1096 2416 1149 pro
2459 1090 2513 1134 te
2552 1088 2731 1135 tamen
2764 1094 2946 1146 parum
2987 1079 3162 1132 minus
3197 1076 3388 1131 anxius
3424 1086 3558 1131 erat.

1995 1172 2237 1226 Timebat
2267 1171 2407 1225 enim
2444 1169 2868 1236 verebaturque,
2918 1182 2987 1222 ne
3027 1182 3184 1237 quam
3225 1165 3319 1219 tibi
3364 1164 3565 1220 calum-

1997 1266 2136 1317 niam
2169 1262 2321 1316 turbo
2353 1260 2684 1327 barbaricus,
2718 1269 2807 1311 aut
2836 1259 3083 1312 militaris
3102 1254 3565 1311 concinnaretim-

1995 1353 2251 1423 probitas.
2288 1352 2525 1419 Namque
2548 1351 2828 1405 conﬁrmat
2849 1346 2877 1387 ἀ
2904 1350 3155 1417 magistro
3180 1348 3405 1402 militum
3426 1346 3568 1401 Chil-

1998 1445 2211 1512 perico,
2253 1442 2693 1497 victoriosissimo
2737 1443 2881 1504 viro,
2923 1442 3094 1495 relatu
3140 1448 3401 1495 venenato
3439 1453 3569 1507 quo-

1997 1536 2257 1603 rumpiam
2296 1535 2676 1589 sceleratorum
2709 1532 2870 1587 fuisse
2906 1543 3119 1586 secreto
3144 1532 3569 1594 insusurratum,

1999 1638 2088 1683 tuo
2133 1628 2399 1697 praecipue
2442 1626 2778 1690 machinatu,
2819 1635 2843 1663 ε
2888 1625 3141 1692 oppidum
3168 1622 3495 1677 Vasionense
3542 1620 3565 1659 ί

327 1725 561 1785 temque,
593 1726 617 1753 α
649 1719 798 1784 quasi
828 1715 856 1755 ιι
879 1718 947 1772 de
979 1718 1179 1772 Hilario
1204 1732 1385 1774 vetere
1414 1736 1585 1775 novus
1611 1721 1745 1774 falco
1777 1737 1897 1788 pro-
1930 1705 1975 1763 Β
2003 1719 2238 1787 partibus
2277 1719 2399 1772 novi
2430 1717 2679 1786 principis
2718 1717 2993 1786 applicari.
3036 1716 3091 1770 Si
3137 1715 3260 1783 quid
3308 1714 3431 1769 hinc
3475 1714 3570 1768 tibi

327 1806 578 1875 rumpas?
606 1805 877 1862 [Estitnari
910 1808 1129 1863 minime
1170 1818 1371 1878 potest,
1403 1820 1602 1875 quanto
1630 1810 1759 1864 mihi
1794 1825 1899 1864 ca:-

328 1899 559 1966 ta-isqne
589 1900 658 1952 sit
696 1899 860 1967 risui,
893 1900 1099 1968 quoties
1140 1901 1333 1965 audio,
1372 1901 1511 1969 quod
1556 1909 1610 1954 te
1639 1910 1900 1969 prazsente

326 1988 579 2043 formidet
616 1989 790 2043 facere
818 1990 1012 2057 linguae
1053 2005 1163 2044 suae
1195 1991 1450 2045 barbarus
1490 1990 1898 2046 barbarismum.

330 2079 553 2147 Astupet
585 2079 681 2133 tibi
708 2080 961 2149 epistolas
998 2081 1363 2150 interpretanti
1398 2096 1559 2135 curva
1601 2080 1900 2135 Germano-

327 2184 445 2247 rum
475 2179 753 2235 senectus,
790 2179 844 2223 et
871 2171 1099 2239 negotiis
1126 2172 1324 2225 mutuis
1363 2172 1620 2225 arbitrum
1649 2182 1699 2226 te
1728 2172 1900 2226 disce-

328 2270 696 2339 ptatOx'entque
718 2259 969 2318 desumit.
995 2262 1177 2316 Novus
1204 2264 1635 2332 Burgundionum
1664 2263 1826 2317 Solon
1849 2264 1901 2317 in

328 2349 532 2419 legibus
561 2351 921 2416 disserendis;
953 2366 1120 2407 novus
1149 2354 1415 2422 Amphion
1446 2353 1498 2407 in
1528 2353 1773 2417 citharis,
1806 2354 1900 2407 sed

330 2439 650 2494 tricordibus
676 2444 1060 2510 temperandis,
1089 2444 1307 2512 amaris,
1340 2444 1716 2511 frequentaris,
1743 2459 1904 2511 exi-c-

329 2530 481 2597 teris,
511 2532 771 2598 oblectas,
801 2534 1036 2601 eligeris,
1064 2535 1355 2600 adhiberis,
1381 2536 1646 2601 decernis,
1678 2538 1899 2590 audiris.

333 2620 397 2673 Et
421 2636 721 2690 quanquam
750 2638 902 2691 teque
941 2626 1252 2692 corporibus
1290 2641 1354 2679 ac
1393 2640 1552 2680 sensu
1599 2626 1752 2694 rigidi
1795 2629 1911 2682 sint-

328 2709 738 2781 indolatilesque
760 2753 775 2778 ,
805 2715 1198 2783 amplectuntur
1227 2717 1278 2769 in
1313 2726 1365 2770 te
1392 2716 1589 2784 pariter
1617 2724 1672 2770 et
1692 2717 1904 2772 discunt

328 2814 629 2857 sermonem
663 2803 921 2872 patrium,
954 2821 1047 2859 cor
1075 2806 1343 2861 Latinum.
1378 2807 1561 2861 Restat
1594 2807 1693 2862 hoc
1717 2823 1900 2873 unum,

328 2892 410 2944 vir
440 2892 789 2961 facetissime,
820 2906 874 2949 ut
919 2898 1086 2952 nihilo
1111 2901 1356 2969 segnius,
1398 2902 1478 2955 vel
1504 2915 1624 2955 cum
1659 2902 1900 2968 vacabit,

330 2984 528 3054 aliquid
566 2987 778 3041 lectioni
811 2989 988 3057 operis
1017 2990 1323 3059 impendas,
1364 2994 1736 3064 custodiasque
1764 2993 1896 3059 hoc,

2002 1811 2211 1878 tuisque
2231 1809 2549 1877 suspicionis
2574 1808 2843 1873 incutitur,
2871 1808 3061 1875 raptim
3089 1808 3222 1861 doce
3252 1820 3473 1861 recursu
3498 1805 3579 1858 fa-

2002 1904 2285 1957 miliarium
2341 1903 2689 1973 paginarum;
2742 1917 2809 1957 ne
2858 1902 3007 1957 vobis
3059 1901 3435 1956 sollicitudinis
3481 1909 3576 1953 aut

2002 1994 2299 2062 prasentize
2327 2008 2458 2047 mete
2487 1992 2855 2061 opportunitas
2888 2001 3088 2057 pereat.
3126 1991 3280 2046 Cum
3319 1990 3451 2044 mihi
3480 2004 3579 2058 pe-

2001 2083 2275 2136 culiariter
2300 2082 2424 2146 erit,
2455 2082 2499 2136 si
2530 2081 2654 2149 quid
2688 2066 2862 2135 tamen
2892 2079 3577 2143 cavendum‘existimabis,

2004 2180 2060 2226 ut
2089 2182 2140 2227 te
2170 2171 2326 2227 faciat
2349 2180 2441 2225 aut
2468 2170 2632 2240 gratia
2663 2171 2942 2239 impetrata
2970 2185 3237 2233 securum,
3268 2177 3361 2223 aut
3388 2167 3582 2238 explo-

2002 2275 2114 2319 rata
2140 2263 2414 2319 iracundia
2445 2264 2759 2318 cautiorem.
2789 2262 2939 2317 Vale.
3039 2289 3047 2296 -

2547 2354 2875 2408 EPISTULA
2918 2354 3024 2408 VH.

2296 2442 2545 2497 Sidonius
2575 2443 2887 2498 Thaumasto
2912 2461 3005 2497 suo
3034 2445 3270 2497 salutem.

2077 2540 2444 2610 Indagavimus
2476 2540 2686 2595 tandem
2709 2581 2723 2603 ,
2767 2540 2855 2609 qui
2884 2540 3023 2608 apud
3061 2548 3085 2586 ε
3126 2538 3444 2593 tetrarcham
3482 2552 3585 2593 no-

2003 2639 2170 2685 strum
2199 2630 2438 2699 germani
2472 2632 2567 2694 tui,
2599 2638 2654 2684 et
2678 2645 2710 2683 e
2730 2630 2943 2683 diverso
2973 2629 3233 2699 partium,
3267 2629 3388 2682 novi
3423 2628 3585 2700 1‘35

2008 2721 2263 2789 principis
2292 2721 2552 2775 amicitias
2575 2722 3005 2786 criminarentur,
3033 2721 3076 2774 si
3106 2731 3280 2775 tamen
3310 2720 3468 2773 lidam
3490 2734 3583 2774 so-

2002 2812 2202 2865 dalium
2233 2810 2935 2881 sagacitatem-clandestina
2963 2809 3258 2864 delatorum
3297 2824 3402 2863 non
3431 2809 3587 2864 fefelo

2005 2902 2118 2958 lere
2146 2902 2387 2971 vestigia.
2420 2902 2480 2955 Hi
2513 2903 2933 2963 nimirum‘sunt,
2967 2911 3024 2955 ut
3056 2901 3193 2955 idem
3223 2915 3404 2954 coram
3438 2900 3587 2968 posi-

2007 3001 2091 3046 tus
2114 2992 2326 3069 audisti,
2354 3007 2488 3060 quos
2513 3006 2570 3045 se
2592 2992 2701 3061 jam
2734 2990 2930 3046 dudum
2954 2990 3158 3059 perpeti
3185 2994 3324 3045 inter
3348 2991 3588 3045 clemen-

332 3084 492 3142 prout
532 3090 592 3130 es
635 3076 1093 3147 elegantissimus,
1144 3052 1664 3153 temperamentum;
1702 3096 1759 3139 ut
1805 3086 1904 3139 ista
1930 3052 1977 3115 Ο
2010 3083 2173 3137 tiores
2220 3054 2475 3137 barbaros
2519 3052 2689 3140 Gallia
2730 3082 2915 3152 gemit.
2966 3081 3027 3135 Hi
3058 3092 3180 3136 sunt
3225 3096 3359 3151 quos
3395 3081 3590 3138 timent

332 3163 427 3219 tibi
456 3164 630 3233 lingua
663 3176 929 3236 teneatur,
978 3184 1045 3225 ne
1074 3170 1330 3238 ridearis;
1358 3172 1444 3226 illa
1480 3182 1817 3236 exerceatur.
1849 3183 1908 3229 ut

332 3256 529 3312 rideas.
559 3255 712 3314 Vale.

332 3541 469 3619 μὴτ]
507 3543 853 3619 epistularum
898 3546 1189 3619 Syagrium
1226 3548 1497 3603 consulem
1548 3560 1696 3604 trans
1744 3551 1901 3617 Alpes

332 3611 601 3687 habitasse
626 3615 920 3687 significat,
939 3611 1030 3671 'de'
1051 3617 1305 3687 Lugdune
1336 3620 1730 3687 intelligendum
1760 3611 1860 3675 est.

402 3690 428 3718 α
460 3680 646 3743 Petrus
678 3680 990 3739 'Colvius'ex
1016 3680 1573 3743 ms.vClarom0ntoiisi
1608 3707 1622 3744 :
1654 3694 1816 3759 quasi.
1839 3693 1909 3753 de

333 3750 551 3818 Syagrio
578 3762 736 3807 vetere
758 3771 913 3808 novus
940 3754 1146 3813 Franco
1175 3760 1514 3818 prorumpl's?

376 3768 551 3818 μασι-ιο
578 3768 736 3807 vetere
758 3771 913 3808 novus
940 3768 1146 3813 Maneo
1175 3774 1474 3821 prorumpat
1491 3768 1514 3810 :'

402 3817 546 3894 b__Sic
565 3822 696 3894 libri
725 3825 962 3890 plerique
991 3843 1003 3877 :
1036 3826 1124 3877 alii
1156 3841 1300 3882 varie
1326 3830 1521 3880 harilao
1556 3828 1639 3882 vel
1670 3828 1892 3894 harilio,

334 3899 390 3966 ut
421 3889 631 3966 difﬁcile
656 3889 734 3942 sit
752 3889 983 3966 statuere
1008 3895 1131 3966 quid
1162 3897 1489 3959 potissimum
1515 3899 1790 3966 scripserit
1820 3889 1901 3951 Si-
1942 3910 1945 3913 ‘

332 3960 542 4033 donius.
574 3971 774 4015 sensus
802 3971 907 4025 est,
939 3961 1008 4017 Ut
1028 3960 1262 4019 'vidvaris
1286 3967 1412 4020 mibi
1444 3984 1504 4021 ex
1531 3960 1812 4033 avi-patria
1847 3968 1902 4021 in

332 4028 595 4082 exoticam
639 4043 899 4097 mutatus,
949 4049 1014 4086 ex
1045 4032 1242 4088 Gallica
1276 4037 1326 4089 in
1357 4028 1746 4097 Germanicam.
1781 4037 1904 4090 Pari

333 4098 589 4173 elegantia
623 4099 865 4173 liuricius
906 4101 997 4159 lib.
1024 4119 1035 4155 l
1058 4143 1072 4165 ,
1115 4105 1270 4171 epist.
1304 4108 1337 4159 5
1365 4107 1428 4159 ad
1466 4107 1807 4173 Hesperium,
1835 4122 1904 4160 ex

333 4168 532 4243 Arione
558 4168 609 4222 in
635 4170 902 4243 Orpheum
927 4168 1357 4241 repente'mutari
1382 4176 1533 4233 dixit.
1559 4168 1655 4242 pro
1675 4191 1740 4228 eo
1762 4168 1915 4243 quod-

331 4246 443 4317 est,
473 4238 687 4292 doctum
724 4238 1038 4317 Sttbitoiieri
1075 4257 1139 4295 ex
1172 4248 1388 4317 rustico.
1429 4245 1538 4317 55
1561 4238 1795 4317 Scilicet,
1820 4245 1909 4317 in-

332 4312 467 4384 quit,
489 4317 601 4384 tam
623 4312 1008 4384 consuetudinis!
1024 4327 1146 4364 mea:
1166 4312 1627 4384 immemorfqitam
1650 4315 1910 4368 rusticita-

332 4378 629 4454 tisoblitu‘s,
659 4381 805 4454 quasi
828 4397 891 4454 ea:
916 4382 1105 4454 Arione
1140 4384 1191 4434 in
1224 4378 1494 4452 Orpheum'
1514 4396 1715 4454 repente
1748 4394 1910 4436 muta-

333 4457 445 4509 tus,
483 4447 633 4524 uelim
681 4449 1022 4524 disertissimis
1055 4454 1265 4524 auribus
1296 4447 1406 4505 'tuis
1444 4470 1531 4508 ore
1568 4447 1776 4524 garrulo
1810 4470 1910 4508 non

332 4524 439 4567 tam
463 4516 715 4591 ofﬁciosus
733 4534 882 4591 quam
905 4521 1185 4591 injuriosus
1207 4524 1440 4577 existere.

406 4595 429 4662 ξ
462 4586 767 4662 Iliautnasti
803 4586 969 4650 fratri;
1000 4591 1201 4662 Sidonii
1225 4595 1641 4662 consanguineo.

404 4650 894 4733 {Burgundionum
936 4660 1081 4725 regi,
1122 4663 1366 4733 Clotildis
1406 4650 1633 4725 nostrai,
1675 4671 1736 4717 ut
1767 4678 1907 4727 reor,

333 4725 490 4802 patri.
536 4722 772 4802 Quatuor
816 4726 928 4802 hoe
966 4722 1203 4802 tempore
1249 4722 1710 4802 Burgundionibus
1758 4722 1910 4802 reges

335 4794 685 4870 imperabant,
725 4794 1118 4870 Gundqbaldus,
1145 4794 1551 4870 AGundegwisclus,
1578 4794 1912 4870 Chilpericus

332 4875 387 4914 et
432 4861 836 4937 Gundomarus,
865 4864 1193 4937 AGundeuci,
1246 4882 1299 4922 ut
1339 4861 1661 4937 Bregorius,
1703 4861 1798 4925 lib.
1838 4888 1906 4935 ll,

333 4947 453 5012 cap.
483 4932 573 4996 28,
605 4933 789 4999 docet,
824 4935 949 4997 lilii,
993 4936 1110 5012 ejus
1141 4939 1243 5012 Aqui
1284 4952 1398 5006 post
1432 4932 1808 5012 Cttndicarinm
1842 4932 1908 4995 ab

335 5007 494 5078 Aetio
519 5016 752 5070 caesum,
792 5019 1010 5074 regnum
1046 5007 1431 5078 obtinuitcum
1473 5012 1644 5066 altero
1687 5009 1908 5078 Chilpe-

335 5077 447 5142 rico
478 5073 638 5142 fratre
664 5089 679 5126 :
708 5073 935 5142 quorum
963 5076 1204 5130 meminit
1227 5078 1522 5134 Jornandcs
1545 5082 1597 5134 in
1624 5081 1786 5135 rebus
1806 5073 1910 5135 Ce-

336 5141 473 5220 _t_i_eis.
505 5141 687 5220 itaque
717 5141 943 5220 ambigi
968 5159 1161 5212 posset
1193 5150 1259 5203 de
1304 5159 1421 5203 ntro
1456 5151 1757 5220 Chilperico
1786 5160 1907 5219 agat

333 5210 612 5288 Sidonius,
631 5211 732 5265 nisi
756 5210 982 5288 epistola
995 5220 1231 5283 sequenti
1257 5210 1905 5288 tetrarcliam'appellarvet,

332 5280 1098 5359 quatuorfratres’designans
1127 5289 1213 5354 qui
1245 5290 1398 5344 simul
1434 5280 1744 5359 regnabant.
1788 5280 1903 5346 Jani

331 5353 487 5428 quod
515 5353 870 5417 Cliilperictnn
903 5353 1174 5428 hunc-non
1205 5372 1379 5425 regem
1401 5401 1415 5419 .
1461 5353 1552 5414 sed
1595 5362 1904 5428 magistrum

334 5422 561 5497 militum
587 5434 760 5497 vocat,
786 5437 1025 5497 eo‘more
1048 5423 1189 5484 favit.
1220 5422 1322 5494 quo
1343 5422 1735 5497 Sigismunduin
1760 5430 1907 5485 Gun-

333 5490 539 5565 dobaldi
594 5492 756 5565 lilium
807 5492 1042 5565 Alcimus
1088 5490 1273 5549 Avitus
1323 5490 1601 5565 patricium
1629 5541 1644 5563 ,
1691 5500 1905 5553 Hilarus

334 5571 465 5637 papa
494 5558 961 5637 Gunduichiuniscu
1000 5558 1345 5637 Gnudeucum
1367 5610 1380 5632 ,
1413 5580 1529 5633 aut,
1575 5558 1735 5623 ut'est
1760 5571 1899 5637 apud

334 5625 359 5680 J
399 5627 675 5692 mandem,
704 5630 1029 5688 Condiacqu
1064 5636 1250 5691 borum
1281 5625 1769 5708 quatuor'palrem,
1790 5625 1897 5696 ina-

1938 4355 1988 4415 D

2010 3174 2168 3229 etiam
2211 3175 2298 3243 qni
2330 3175 2602 3228 timentur.
2647 3175 2709 3229 Hi
2757 3183 2879 3229 sunt
2907 3189 3040 3244 quos
3092 3175 3206 3227 luet:
3246 3174 3589 3242 peculiariter

2010 3266 2283 3335 provincia
2308 3275 2487 3321 manet
2510 3266 2711 3323 inferre
2734 3267 3052 3334 calumnias,
3072 3265 3282 3320 deferre
3303 3280 3590 3335 personas,

2008 3549 2230 3616 gistrum
2266 3549 2389 3602 item
2426 3548 2943 3616 militumappellat,
2974 3548 3024 3602 in
3066 3548 3291 3617 cpistola
3322 3547 3592 3603 ad'Leon-

2012 3623 2140 3674 tium
2168 3622 2471 3685 episcopum
2500 3620 2887 3673 Arelatensem.

2083 3700 2105 3726 ε
2148 3689 2298 3754 Quod
2344 3686 2503 3741 Vasio
2552 3688 2927 3741 Vat-Otttiorum
2987 3687 3282 3752 Pomponio
3334 3687 3485 3744 Melze
3538 3699 3592 3743 et

2008 3758 2211 3822 Plinio,
2256 3761 2491 3812 Οὐασίων
2527 3758 2835 3812 Ptolemaao.
2888 3758 3153 3811 Posterior
3195 3766 3323 3810 tetas
3353 3757 3591 3814 Vasense

2008 3829 2142 3882 dixit
2190 3843 2285 3896 pro
2320 3827 2652 3882 Vasionensi.
2702 3828 2808 3883 Sed
2848 3827 3223 3881 Vocontiorum
3279 3828 3414 3881 fines
3459 3830 3588 3882 olim

2012 3899 2063 3950 in
2112 3898 2381 3963 provincia
2427 3897 2713 3951 Viennensi
2775 3898 3029 3951 latissime
3076 3906 3374 3962 patuerunt.
3428 3896 3589 3952 Plinii

2013 3969 2177 4031 verba
2200 3978 2324 4023 sunt
2358 3968 2448 4020 lib.
2478 3983 2563 4033 ιιι,
2592 3982 2710 4036 cap.
2737 3969 2769 4022 4
2796 3985 2809 4019 :
2849 3966 3212 4020 Vocontiorum
3239 3967 3457 4021 civitatis
3491 3968 3589 4036 fa:-

2011 4038 2198 4091 derataz
2235 4038 2337 4108 duo
2366 4037 2568 4108 capita,
2608 4036 2764 4108 Vasio
2791 4047 2844 4108 et
2878 4036 3054 4108 iLucus
3091 4038 3306 4108 Augusti
3336 4052 3357 4089 :
3393 4040 3589 4108 oppida

2011 4122 2125 4178 uero
2150 4107 2508 4178 ignobilia_l9.
2531 4108 2610 4178 At
2632 4106 2758 4160 Luci
2790 4106 2948 4161 hodie
2990 4106 3183 4178 nomen
3221 4106 3508 4178 obscurum
3539 4117 3593 4161 et

2007 4176 2114 4242 jam
2158 4176 2284 4230 olim
2325 4190 2355 4229 a
2398 4176 2543 4230 Fabii
2576 4176 2811 4231 Valentis
2853 4177 3103 4230 exercitu
3130 4176 3378 4230 incendio
3408 4177 3592 4231 defor-

2012 4256 2210 4302 matum
2248 4254 2431 4299 narrat
2454 4244 2671 4301 Tacitus
2711 4246 2808 4301 lib.
2848 4262 2862 4300 I
2902 4247 3169 4300 Historiae.
3206 4244 3417 4304 Clarior;
3450 4247 3589 4300 fama

2015 4315 2159 4369 urbis
2191 4316 2441 4381 Deensis,
2473 4331 2591 4385 qute
2629 4315 2845 4370 Colonia
2892 4316 3009 4385 Dea,
3037 4319 3266 4383 Augusti
3301 4315 3589 4368 Vocontio-

2014 4401 2128 4439 rum
2152 4386 2347 4439 dicitur
2370 4386 2420 4439 in
2453 4384 2627 4453 lapide
2646 4387 2969 4447 Arelatensi.
2995 4384 3115 4439 Fuit
3142 4396 3198 4439 et
3220 4386 3366 4438 Mons
3392 4386 3588 4440 Seleu-

2010 4469 2104 4508 cus
2150 4455 2288 4510 inter
2334 4455 2527 4524 oppida
2572 4456 2978 4520 Vocontiorum,
3024 4456 3387 4523 Magnentiana
3431 4457 3587 4510 clade

2013 4525 2243 4578 nobilis:
2276 4526 2366 4579 sed
2398 4525 2549 4592 cujus
2576 4540 2768 4579 nomen
2804 4526 2941 4591 apud
2981 4540 3169 4579 omnes
3198 4526 3364 4577 ferme
3392 4524 3588 4592 depra-

2011 4604 2191 4648 Vatum
2220 4604 2323 4649 est.
2356 4594 2658 4661 Namapud
2704 4595 2977 4649 Socratem
3023 4596 3412 4654 Maroneam;
3452 4596 3581 4663 legi-

2015 4672 2120 4740 ltit‘,
2154 4665 2291 4732 apud
2334 4663 2686 4740 Sotomennm
2727 4665 3177 4740 Ιδῐοντιοσέλειέξρςς
3216 4664 3343 4740 tilil_ii
3372 4672 3582 4740 ‘Moﬁpor

2013 4736 2244 4793 Σέλευκος
2283 4752 2295 4785 :
2335 4749 2454 4786 vero
2498 4735 2786 4801 appellatio
2831 4749 2987 4803 quam
3036 4734 3260 4787 Historia
3295 4733 3578 4795 Triparitta

2014 4805 2238 4867 retinet,
2271 4804 2419 4857 Mons
2446 4804 2685 4866 Seleuci,
2718 4802 2915 4856 Lucum
2954 4806 3090 4856 inter
3118 4812 3173 4856 et
3216 4802 3349 4856 fiucs
3376 4803 3582 4855 Vocon-

2013 4874 2233 4937 tiorum,
2280 4889 2343 4926 ac
2378 4873 2695 4940 Vapincnm,
2748 4886 2802 4925 ut
2847 4889 2911 4926 ex
2958 4873 3243 4925 itineratiis
3292 4872 3489 4927 ΑΞιΙιίοἰ
3520 4888 3581 4925 ac

2011 4942 2376 5011 Bnrdigalensi
2417 4944 2596 4996 videre
2633 4955 2731 4994 est.
2774 4943 2953 4995 Tridui
3003 4944 3118 5008 plus
3169 4943 3341 4996 minus
3391 4945 3578 4995 itinere

2010 5012 2162 5067 abest
2206 5012 2479 5081 Lugduno.
2517 5014 2692 5078 Quare
2729 5013 2795 5065 ad
2840 5024 3072 5065 montem
3100 5012 3307 5065 Seleuci
3350 5015 3577 5065 relerwn-

2009 5082 2133 5205 ἶιὶιηι
2164 5092 2248 5136 est
2275 5081 2429 5204 quoad7
2446 5082 2637 5137 Murste
2678 5083 2775 5137 bac
2820 5082 2871 5135 in
2923 5094 3071 5151 parte
3113 5083 3296 5137 tribuit
3331 5082 3575 5136 Socrates

2034 5176 2043 5203 ι
2071 5169 2102 5205 ι.
2133 5167 2187 5205 ιι.
2214 5166 2331 5205 can.
2436 5189 2451 5204 .

2034 5154 2102 5205 ιιι.
2133 5167 2187 5213 ιι,
2214 5166 2331 5213 cap.
2362 5154 2451 5204 27.

2085 5191 2105 5258 ί
2133 5166 2502 5279 Ιὰόῗῗιᾶιιιῗὶϊιη
2529 5222 2871 5291 quin-novum
2900 5220 3189 5290 principem
3217 5221 3463 5291 appellet,
3486 5219 3574 5287 qui

2009 5288 2193 5345 Honm
2224 5302 2460 5360 coeperat
2500 5288 2758 5361 imperare
2792 5306 2806 5343 :
2837 5288 2931 5345 sed
2974 5288 3263 5359 quemnam
3278 5288 3572 5361 intelligat,

2008 5361 2061 5414 in
2103 5369 2244 5414 tanta
2277 5360 2734 5431 principumque:
2775 5371 2884 5431 tum
2933 5361 3115 5429 paucis
3157 5361 3313 5415 annis
3346 5360 3571 5425 accidit,

2006 5431 2299 5485 mutatione
2327 5430 2664 5485 etvarietate
2693 5446 2796 5484 non
2828 5430 3012 5497 liquet.

2078 5509 2102 5546 8
2135 5499 2488 5567 Cltilpcricum
2508 5544 2522 5568 ,
2545 5501 2632 5568 qui
2660 5500 2899 5569 Lugduni
2936 5514 3112 5554 rerum
3143 5499 3458 5568 potiebatur,
3489 5499 3567 5553 di-

2006 5569 2119 5624 viso
2147 5579 2274 5626 tunc
2305 5572 2354 5626 in
2381 5580 2609 5640 quatuor
2635 5587 2796 5642 regna
2823 5571 3262 5640 Burgundionum
3289 5570 3527 5640 imperio.
