3946 6176
142 331 217 385 551
1345 326 1824 384 EPISTULARUM
1864 328 1993 384 LIB.
2039 328 2101 384 V.

3246 334 3353 390 538

142 442 293 496 afferre
318 438 518 501 minas,
566 438 778 494 auferre
810 438 1152 496 substantias.
1192 439 1253 494 lli
1282 448 1406 494 sunt
1443 454 1667 507 quorum
1696 445 1755 500 A.
1774 441 1923 511 pardi
1942 482 1955 503 .
1987 441 2055 496 ad
2086 442 2308 497 facetias
2336 444 2489 508 ursi,
2508 442 2574 497 ad
2603 443 2890 499 fallendum
2916 445 3135 512 vulpes,
3161 444 3226 500 ad
3256 461 3361 501 su—

142 528 311 587 laudati
340 528 489 583 audis
520 528 571 582 in
601 529 714 582 otio
744 529 1121 597 occupationes
1140 572 1155 594 ,
1195 530 1245 583 in
1276 544 1405 599 pace
1435 529 1639 599 praedas
1659 568 1675 593 ,

144 626 253 675 inter
287 633 435 673 arma
476 618 657 687 fugas,
684 618 827 673 inter
864 620 980 673 vina
1012 619 1281 674 victorias.
1332 619 1394 672 lli
1439 618 1677 689 suntqui

144 725 294 767 causas
336 721 612 765 morantur
657 710 910 777 adhibiti,
959 712 1253 781 impediunt
1299 713 1677 783 praetermissi,

144 801 382 856 fastidiunt
406 799 691 868 admoniti,
721 800 1103 857 obliviscuntur
1121 802 1447 870 locupletati.
1475 803 1680 859 lliisunt

145 894 208 959 qui
246 900 423 947 emunt
466 892 617 958 lites,
660 893 897 948 vendunt
938 894 1377 958 intercessiones,
1424 895 1677 963 deputant

144 983 360 1045 arbitros,
384 982 671 1049 judicanda
694 984 913 1049 dictant,
943 984 1133 1039 dictata
1161 986 1487 1051 convellunt,
1513 995 1692 1041 aura--

146 1073 245 1125 hunt
267 1072 591 1141 litigaturos,
643 1075 955 1141 protrahunt
982 1074 1274 1128 audiendos
1292 1115 1307 1140 ,
1339 1075 1555 1129 trahunt
1580 1076 1675 1129 ad-

144 1165 301 1229 dictos,
333 1164 614 1221 retrahunt
642 1166 1013 1234 transigentes.
1051 1166 1112 1219 lli
1144 1174 1268 1220 sunt
1298 1181 1431 1236 quos
1454 1168 1498 1221 si
1530 1176 1680 1236 petas

145 1257 270 1305 etiam
297 1252 439 1306 nullo
468 1253 786 1310 adversante
817 1254 1152 1323 beneﬁcium,
1183 1256 1322 1324 piget
1349 1257 1677 1322 promittere,

145 1342 275 1411 pudet
315 1357 541 1410 negare,
574 1346 795 1409 pmnitet
837 1345 1167 1413 praestitisse.
1217 1345 1279 1398 lli
1305 1354 1430 1400 sunt
1455 1361 1678 1415 quorum

144 1432 490 1500 comparationi
520 1433 739 1501 digitum
785 1434 1034 1489 tollerent
1074 1444 1099 1473 η
1139 1436 1450 1503 Narcissus,
1487 1438 1681 1492 Asiati-

144 1537 247 1586 cus,
276 1522 436 1576 Massa
458 1562 475 1587 ,
510 1523 823 1589 Marcellus,
853 1524 1053 1593 Carus,
1088 1524 1436 1591 Parthenius,
1467 1525 1682 1581 Licinus

146 1624 185 1666 ct
210 1612 386 1667 Pallas.
421 1613 485 1666 lli
513 1623 636 1667 sunt
663 1617 750 1683 qui
784 1615 1022 1670 imident
1050 1617 1298 1671 tunicatis
1325 1618 1453 1685 otia,
1482 1616 1685 1685 stipen-

144 1706 210 1758 dia
234 1704 508 1772 paludatis,
539 1703 726 1758 viatica
748 1704 1058 1769 veredariis,
1085 1706 1681 1763 mercatoribusnundi-

1782 533 2143 601 perbieudutn
2164 534 2322 600 tauri,
2350 535 2414 589 ad
2439 535 2864 590 consumendum
2893 537 3195 590 minotauri.
3218 536 3363 606 Spes.

1782 625 1963 682 firmas
2007 627 2061 680 in
2106 642 2293 682 rerum
2331 627 2564 682 motibus
2625 628 2849 691 habent,
2902 628 3060 682 dubia
3115 638 3363 698 tempora-

1780 718 1989 774 certius
2007 727 2206 786 amant,
2236 730 2288 773 et
2321 720 2541 788 ignavia,
2562 721 2763 787 pariter
2784 719 3215 790 conscientiaque
3242 730 3367 775 tre-l

1782 808 2051 876 pidantes,
2080 825 2199 864 cum
2228 810 2336 864 sint
2362 812 2414 864 in
2444 811 2709 880 prtetoriis
2736 810 2949 877 leones,
2979 811 3031 864 in
3062 810 3251 865 castris
3279 810 3355 864 le-

1783 915 1974 967 pores,
2021 901 2219 959 timent,
2257 901 2482 965 findere,
2534 916 2603 957 ne
2648 900 3027 964 discutiantur;
3067 899 3239 965 bella,
3287 914 3356 954 ne

1784 999 2039 1058 pugnent.
2077 990 2323 1055 Quorum
2350 992 2393 1045 si
2438 1006 2594 1046 nares
2627 990 2890 1045 afﬂaverit
2917 990 3124 1058 uspiam
3155 989 3356 1058 rubigi-

1783 1080 1899 1134 nosi
1926 1095 2062 1135 aura
2095 1082 2380 1147 marsupii,
2413 1079 2692 1135 confestim
2722 1079 2926 1134 videbis
2952 1079 3058 1134 illic
3083 1088 3136 1135 et
3170 1079 3355 1134 oculos

1781 1169 1907 1236 Argi
1946 1182 2015 1223 et-
2043 1185 2231 1224 manus
2272 1171 2505 1236 Briarei,
2538 1179 2592 1224 et
2632 1169 2984 1237 Sphingarum
3027 1183 3262 1238 ungues,
3301 1176 3355 1221 et

1783 1260 2013 1328 periuria
2044 1261 2444 1326 Laomedontis,
2474 1269 2528 1315 et
2550 1260 2753 1330 Ulyssis
2775 1259 3028 1327 argutias,
3059 1266 3115 1312 et
3137 1256 3355 1313 Sinonis

1784 1350 2061 1416 fallacias,
2084 1360 2139 1404 et
2171 1351 2326 1405 fidem
2359 1349 2779 1419 Polymnestoris
2800 1388 2814 1409 .
2846 1356 2901 1403 et
2928 1348 3177 1417 pietatem
3218 1348 3354 1417 Pyg-

1783 1440 2030 1495 malionis
2057 1440 2318 1495 adhiberi.
2360 1439 2453 1494 llis
2496 1438 2734 1493 moribus
2759 1438 3005 1493 obruunt,
3031 1439 3201 1491 virum
3246 1453 3352 1491 non

1784 1532 1957 1584 minus
1984 1531 2219 1585 bonitate
2242 1545 2400 1597 quam
2427 1538 2687 1599 potestate
2711 1538 3069 1599 praestantem.
3087 1527 3200 1593 Sed
3226 1527 3352 1597 quid

1784 1618 1941 1673 faciat
1985 1634 2121 1674 unus
2170 1619 2399 1683 undique
2449 1628 2713 1674 venenato
2756 1618 2983 1672 vallatus
3028 1616 3354 1685 interprete?

1784 1712 2173 1780 Quidinquam.
2198 1710 2373 1775 faciat,
2404 1712 2488 1766 cui
2521 1720 2707 1765 natura
2735 1725 2855 1764 cum
2878 1708 3065 1773 bonis,
3096 1710 3201 1762 vita
3230 1723 3353 1761 cum

147 1810 245 1857 nas,
278 1794 585 1848 munuscula
625 1794 840 1862 legatis,
875 1795 1106 1863 portoria
1151 1795 1676 1865 quadruplatoribus,
1714 1803 1756 1861 Β
1786 1803 1937 1855 malis
1962 1816 2036 1855 εει
2061 1801 2084 1853 ?
2114 1801 2192 1855 Ad
2215 1816 2438 1870 quorum
2472 1802 2622 1870 137
2654 1800 2875 1854 consilia
2906 1799 3142 1853 Phalaris
3164 1812 3355 1853 cruen-

144 1885 310 1955 przedia
334 1885 748 1953 provincialibus
770 1925 786 1950 ,
814 1882 843 1922 δ
872 1885 1119 1941 ﬂamonia
1164 1885 1548 1954 municipibus,
1590 1901 1676 1940 ar-

143 1976 267 2030 cariis
290 1975 547 2044 pondera,
579 1989 860 2029 mensuras
887 1976 1090 2030 allectis
1109 2017 1124 2039 ,
1155 1975 1344 2031 salaria
1373 1976 1678 2044 tabulariis,

143 2066 485 2134 dispositiones
513 2066 869 2132 numerariis,
899 2067 1233 2134 praetorianis
1268 2068 1565 2137 Sportulas,
1604 2068 1680 2122 ci-

142 2158 352 2211 vitatibus
384 2157 646 2222 inducias,
673 2156 947 2225 vectigalia
980 2157 1295 2227 publicanis,
1329 2159 1678 2213 reverentiam

143 2250 344 2309 clericis,
391 2246 661 2319 originem
695 2250 990 2314 nobilibus,
1035 2266 1349 2306 consessum
1380 2251 1695 2322 prioribus,

143 2357 449 2409 congressum
482 2341 808 2409 aequalibus,
831 2341 1021 2395 cinctis
1054 2341 1341 2412 136.jura
1361 2381 1377 2407 ,
1409 2342 1681 2398 discinctis

140 2433 398 2501 priuilegia,
426 2431 643 2485 scholas
670 2431 1034 2500 instituendis,
1064 2433 1337 2487 mercedes
1360 2432 1681 2486 instituenti-

140 2522 233 2584 bus,
258 2522 458 2578 litteras
482 2521 757 2575 institutis.
786 2522 848 2577 Hi
869 2531 993 2577 sunt
1018 2524 1106 2593 qtti
1132 2524 1288 2579 novis
1313 2524 1501 2592 Opibus
1523 2523 1693 2588 ebrii,

139 2622 242 2667 utet
266 2613 483 2668 minima
509 2628 832 2682 cognoscas,
878 2630 972 2684 per
1001 2616 1183 2670 utendi
1214 2616 1677 2684 intemperantiam

139 2707 334 2770 predum
385 2706 704 2776 imperitiam
748 2707 1073 2775 possidendi.
1107 2708 1238 2763 Nam
1285 2709 1509 2762 libenter
1536 2707 1681 2762 ince-

140 2800 243 2850 dunt
271 2799 458 2852 armati
486 2800 551 2852 ad
580 2800 786 2865 epulas,
816 2800 978 2855 albati
1005 2799 1069 2853 ad
1093 2804 1392 2871 exsequias,
1420 2800 1589 2870 pelliti
1612 2799 1679 2855 ad

134 2888 382 2952 ecclesias,
410 2890 593 2959 pullati
616 2891 679 2944 ad
708 2892 939 2957 nuptias,
969 2902 990 2929 ε
1017 2892 1325 2946 castorinati
1352 2892 1417 2945 ad
1444 2891 1675 2946 litanias.

135 2979 313 3035 Nullum
344 2982 454 3036 illis
486 2998 653 3051 genus
681 2982 956 3039 hominum
976 3022 991 3048 ,
1029 2983 1305 3048 ordinum,
1341 2995 1640 3052 temporum
1662 3023 1677 3047 ,

132 3073 253 3125 cordi
287 3082 392 3126 est.
440 3071 495 3126 In
541 3072 657 3128 foro
697 3072 939 3142 Seytbre,
984 3076 1037 3126 in
1082 3073 1325 3129 cubiculo
1360 3074 1593 3143 viperze,
1625 3074 1677 3128 in

1788 1894 1911 1953 tior.
1945 1892 2082 1947 Mida
2112 1891 2374 1958 cupidior,
2405 1893 2582 1943 Ancus
2599 1890 2904 1958 iactantior,
2932 1888 3254 1957 Tarquinius
3275 1902 3355 1941 suc

1787 1983 2020 2051 perbior,
2052 1982 2297 2036 Tiberius
2323 1981 2588 2045 callidior,
2620 1979 2783 2034 Caius
2808 1979 3175 2048 periculosior,
3198 1977 3357 2031 Clau-

1785 2073 1904 2125 dius
1946 2072 2243 2136 socordior,
2282 2071 2420 2125 Nero
2452 2069 2731 2135 impurior,
2763 2068 2928 2124 Galba
2960 2070 3191 2131 avarior,
3219 2066 3359 2121 Otho

1783 2162 2053 2225 audacior,
2097 2160 2338 2215 Vitellius
2386 2160 2770 2229 sumptuosior,
2815 2157 3146 2212 Domitianus
3182 2166 3360 2210 trucu-

1784 2254 1979 2309 lentior
2012 2253 2345 2308 redderetur.
2377 2252 2516 2307 Sane
2542 2251 2682 2322 quod
2714 2250 3079 2321 principaliter
3117 2248 3359 2302 medetur

1783 2345 2027 2405 afﬂictis.
2052 2330 2322 2414 temperat
2351 2341 2377 2381 ά
2414 2343 2778 2398 Lucumonem
2820 2351 3059 2395 nostrum
3100 2336 3357 2406 Tanaquil

1782 2453 1912 2503 sna,
1946 2448 1999 2493 et
2028 2453 2186 2492 aures
2227 2437 2401 2492 mariti
2431 2437 2606 2490 virosa
2646 2450 2994 2488 susurronum
3041 2430 3169 2484 faece
3206 2444 3356 2483 eom-

1792 2530 1962 2598 pletas
1991 2528 2384 2597 opportunitate
2416 2527 2540 2581 salsi
2586 2526 2848 2579 sermonis
2894 2523 3161 2581 eruderat.
3195 2519 3357 2587 Cujus

1783 2620 1956 2673 studio
1984 2620 2124 2673 scire
2150 2632 2243 2670 vos
2274 2632 2368 2685 par
2388 2624 2500 2680 est;
2531 2614 2662 2668 nihil
2697 2614 2906 2668 interim
2934 2612 3101 2680 quieti
3133 2609 3354 2675 fratrum

1780 2710 2138 2765 communium
2182 2708 2323 2774 apud
2360 2708 2594 2761 animum
2640 2706 2940 2759 communis
2984 2702 3190 2771 patroni
3224 2711 3248 2739 ε
3277 2701 3355 2768 ju-

1782 2802 1989 2855 niorum
2019 2798 2386 2870 Cibyratarum
2429 2812 2631 2852 venena
2680 2796 2959 2859 nocuisse,
3001 2808 3171 2861 neque
3208 2791 3356 2861 quid-

1779 2907 1939 2961 quam
1970 2891 2104 2961 (Deo
2152 2888 2811 2959 propitiante)nocitura;
2853 2887 2894 2940 si
2934 2885 3092 2940 modo
3121 2884 3354 2953 quandiu

1783 2993 2019 3049 prrcsens
2044 2988 2278 3050 potestas
2303 2980 2317 3009 ¹
2346 2978 2752 3046 Lugdunensem
2781 2973 3120 3029 Germaniam
3147 2972 3166 3010 ί
3192 2973 3351 3041 regit,

1783 3079 2021 3124 nostrum
2065 3083 2327 3138 suumque
2369 3067 2747 3124 Germanicum
2789 3079 3028 3136 praesens
3070 3063 3355 3134 Agrippina

132 3163 346 3217 convivio
380 3177 583 3218 scurrae
604 3204 619 3227 ,
652 3164 703 3217 in
734 3163 1100 3219 exactionibus
1129 3165 1363 3234 harpyia:
1384 3205 1399 3230 ,
1440 3165 1491 3218 in
1519 3165 1681 3219 collo-
1707 3165 1752 3226 C
1785 3162 2111 3219 moderetur.
2144 3159 2294 3217 Vale.

130 3255 405 3310 cntionibus
433 3255 732 3322 statum,_in
756 3256 1139 3327 quaestionibus
1168 3257 1372 3322 bestico,
1404 3258 1453 3310 in
1484 3267 1677 3311 tracta-

131 3344 244 3398 tibus
269 3345 538 3411 cochleae,
570 3345 625 3399 in
650 3347 1017 3401 contractibus
1046 3346 1350 3416 trapezitae;
1382 3347 1447 3400 ad
1478 3347 1677 3401 intelli-

127 3436 319 3500 gendum
342 3436 530 3499 saxei,
560 3436 625 3488 ad
648 3435 993 3503 iudicandum
1023 3437 1180 3505 lignei
1202 3477 1216 3497 .
1260 3435 1325 3490 ad
1354 3450 1676 3491 succensen-

128 3522 228 3577 tlutn
251 3524 481 3581 ﬂammei
504 3565 519 3591 ,
551 3524 620 3581 ad
656 3524 1034 3595 ignoscendum
1066 3525 1266 3590 ferrei,
1307 3524 1373 3578 ad
1413 3525 1680 3581 amicitias

180 3661 274 3733 56
301 3671 324 3697 ι
355 3660 649 3733 Ctesariani
676 3660 1086 3733 omnesilibcrti,
1104 3675 1282 3733 pravo
1306 3661 1556 3733 ingenio,
1584 3659 1675 3733 de-

127 3728 469 3799 latfot'tumque
509 3731 719 3784 infamia
757 3732 884 3785 clari
915 3749 928 3782 :
962 3730 1269 3789 Narcissus,
1305 3731 1475 3783 Pallas
1502 3745 1547 3782 et
1584 3730 1673 3784 Li-

125 3801 267 3853 cinius
308 3800 522 3853 Claudii
563 3801 814 3867 Augusti;
856 3801 1053 3863 Massa,
1092 3800 1370 3853 Marcellus
1415 3810 1464 3854 et
1513 3800 1679 3853 Carus

125 3867 354 3934 Neronis;
404 3872 674 3924 Asiaticus
707 3871 935 3935 Vitellii;
986 3869 1300 3923 Parthenius
1352 3868 1677 3923 Domitiani:

126 3940 176 3989 de
199 3941 381 4007 quibus
410 3940 643 4002 Seneca,
675 3940 919 4003 Persius,
943 3939 1244 3998 iuvenalis,
1274 3939 1545 4003 Martialis,
1576 3939 1678 3993 Ta-

123 4007 253 4077 citus.
285 4009 501 4063 Plinius
530 4019 772 4077 uterque,
809 4009 1095 4065 Suetonius
1124 4017 1178 4061 et
1208 4008 1324 4061 Dio.

177 4076 200 4114 δ
230 4079 492 4132 Flaminia
515 4119 527 4136 .
561 4076 828 4133 ﬂaminum
859 4079 1176 4133 sacerdotia.
1209 4077 1467 4131 Flatnonii
1494 4092 1681 4132 vocem

125 4158 204 4213 pro
228 4150 467 4205 ﬂaminio
498 4158 1020 4218 agnoscuntveteres
1048 4148 1271 4217 glossae,
1313 4156 1369 4202 et
1410 4147 1685 4218 inscriptio

124 4217 444 4278 Alliteluliaz.
537 4217 552 4218 ί
639 4287 681 4343 L
743 4287 806 4342 Η
888 4287 1155 4342 VALENS

600 4322 701 4412 o'ii
744 4322 803 4410 ’ἀί
810 4322 864 4411 ’ὸ
886 4322 1189 4413 ιιῗόῑῖἒῖι

743 4427 1060 4482 FLAMONII

764 4498 825 4551 Β.
867 4497 930 4550 Ρ.
972 4497 1034 4550 D.

120 4628 160 4679 Id
198 4632 529 4689 ﬂaminicum
569 4646 761 4687 munus
790 4630 979 4684 dicitur
1004 4631 1054 4685 in
1086 4630 1186 4684 alia
1219 4630 1560 4697 inscriptione
1587 4645 1686 4683 an-

121 4701 256 4762 tiqua.
289 4704 572 4757 Ftamines
598 4716 772 4755 autem
801 4702 852 4753 in
878 4703 1173 4769 municipiis
1199 4701 1362 4753 fuiSst‘
1385 4710 1612 4764 constat,
1633 4710 1689 4753 et

120 4774 443 4831 peculiariter
477 4772 780 4837 municipiis
810 4772 1068 4836 tributos,
1106 4780 1160 4823 ttt
1189 4771 1475 4835 provinciis
1511 4786 1687 4824 sacer-

118 4839 264 4895 dotes.
310 4844 619 4911 lirepanius
649 4840 870 4894 Pacatus
907 4841 958 4894 in
1002 4842 1347 4910 panegyrico,
1391 4841 1687 4893 reuerendos

117 4914 392 4983 municipali
425 4910 667 4983 purpura
703 4910 988 4983 ﬂatitincs,_
1006 4911 1242 4983 insignes!
1264 4911 1489 4983 apicibus
1530 4925 1690 4983 socer-

117 4979 252 5032 dotex.
282 4978 792 5035 Ntivélla‘Martiani
820 4981 906 5043 l5,
938 4978 1019 5032 Ne
1043 4981 1243 5049 ﬂamini
1270 4979 1585 5049 municipali,
1609 4996 1693 5033 sa-

117 5054 283 5121 cerdoti
310 5053 602 5121 provincia?
622 5051 792 5121 liceret
815 5050 997 5103 habere
1021 5048 1229 5103 uxorem
1253 5048 1513 5121 ancillam.

174 5128 193 5155 ε
220 5118 511 5176 Castorna
530 5162 547 5184 ,
580 5136 672 5173 seu
699 5120 884 5173 fibrina
914 5128 1059 5173 veste
1089 5121 1286 5173 amicti.
1328 5119 1556 5172 Isidorus
1584 5118 1690 5172 ori-

118 5186 275 5247 ginum
299 5208 389 5245 xu
421 5209 439 5248 :
477 5190 769 5252 Fibrinum,
794 5190 984 5258 inquit,
1009 5189 1128 5242 lana
1149 5200 1419 5251 castorum,
1443 5199 1487 5242 et
1509 5189 1692 5255 ﬁbrina

115 5260 258 5319 vestis,
291 5272 531 5315 tramam
556 5263 616 5314 de
637 5260 752 5325 ﬁbri
781 5260 899 5311 lana
920 5258 1128 5324 habens,
1156 5261 1434 5310 castorina.
1463 5259 1691 5312 Anthro-

114 5325 207 5381 sius
242 5330 308 5384 de
349 5332 623 5400 dignitate
657 5330 937 5383 sacerdotii
969 5346 981 5380 :
1017 5328 1311 5383 Castorinas
1340 5329 1611 5400 quwrintus
1642 5336 1689 5381 et

113 5399 274 5451 micas
301 5398 469 5455 vestes
495 5416 518 5453 :
548 5413 593 5452 et
614 5400 701 5453 ille
723 5416 777 5452 se
802 5401 931 5453 inter
953 5400 1214 5468 episc0pos
1234 5398 1392 5451 credit
1416 5398 1647 5468 altiorem
1666 5438 1680 5461 ,

113 5470 375 5528 IIuiralem
398 5471 636 5524 induerit
659 5471 945 5522 clariorem.
977 5466 1178 5524 Eodem
1204 5476 1446 5537 spectant
1474 5466 1686 5521 latrinae

113 5538 255 5600 Pelles
278 5545 335 5599 in
366 5540 581 5596 Carolo
613 5539 907 5607 Eginartbi.

2326 3254 2651 3309 EPISTULA
2692 3253 2807 3307 VIII

2068 3346 2316 3401 Sidonius
2346 3357 2370 3393 ε
2400 3346 2696 3402 Secundino
2722 3360 2814 3398 suo
2839 3343 3070 3396 salutem.

1855 3439 1956 3493 Diu
1980 3438 2192 3507 quidem
2216 3439 2479 3505 est,quod
2512 3447 2562 3491 te
2595 3436 2919 3489 hexametris
2940 3434 3248 3487 familiarius
3271 3433 3355 3486 in-

1786 3530 2113 3583 servientem
2150 3537 2424 3596 stupentes
2465 3527 2919 3596 prazdieantesque
2963 3522 3357 3577 lectitabamus.

1858 3658 1885 3697 ά
1918 3658 2270 3728 Chilpericum
2304 3673 2478 3725 regem
2516 3672 2667 3728 uror.
2694 3656 2832 3728 Quia
2868 3653 3221 3728 Lucumonis,
3243 3652 3354 3728 hoc

1786 3740 1869 3783 est
1898 3724 2167 3796 Tarquinii
2202 3724 2383 3786 Ptisci,
2411 3744 2543 3779 uxor
2572 3727 2664 3778 fttit
2692 3726 2966 3791 Tanaquil,
3000 3726 3217 3792 figurate
3242 3724 3355 3796 haec

1788 3801 1997 3853 nomina
2024 3797 2275 3852 transfert
2297 3798 2359 3849 ad
2384 3797 2737 3864 Chilpericum
2759 3806 2809 3849 et
2829 3810 3051 3848 uxorem
3081 3811 3092 3845 :
3119 3804 3175 3845 ut
3196 3795 3354 3864 paulo

1786 3869 2025 3932 inferius,
2054 3868 2351 3923 Germanici
2384 3876 2435 3921 el
2481 3862 2779 3933 Agrippina!
2807 3864 3106 3918 nominibus
3132 3862 3347 3933 eosdem

1785 3939 2057 4004 designat,
2087 3940 2208 4006 quia
2248 3932 2545 4006 Agrippina
2570 3951 2703 3989 uxor
2736 3935 2833 3989 fuit
2861 3932 3161 3990 Germanici
3191 3932 3355 4002 patris

1790 4008 2062 4061 Calicnlaz.

1860 4023 2272 4144 LI’l[lgiiinr’noribtts
2289 4075 2523 4130 referant
2550 4072 2743 4128 fratres
2771 4072 2891 4125 illos
2909 4071 3270 4144 Tlepolemum
3302 4080 3357 4125 et

1786 4139 2073 4202 Hieronem
2100 4162 2130 4201 e
2152 4146 2362 4215 Cybiris
2391 4144 3070 4215 (ᾷὶιὶεὶσξεν(ιιιρνιιῐῐξμοβιξνειΔ
3082 4154 3208 4215 u_s_us
3227 4139 3357 4215 Ver-

1788 4232 1878 4272 res
1908 4217 1961 4270 in
1985 4208 2338 4281 deprazdanda
2367 4214 2567 4270 Sicilia.
2602 4208 2679 4267 De
2707 4213 2788 4266 his
2823 4211 3014 4281 Cicero
3034 4209 3073 4262 ιϐ
3106 4208 3352 4281 Verriua.

1789 4285 1946 4339 Urbis
1979 4280 2109 4341 vero
2140 4300 2331 4340 nomen
2364 4292 2739 4350 corrumpunt,
2781 4281 2868 4349 qtti
2923 4280 3078 4333 aliter
3118 4280 3357 4332 scribunt

1784 4356 1865 4410 vel
1889 4356 2185 4410 enuntiarit.
2227 4357 2315 4408 Sic
2348 4354 2490 4408 enim
2530 4353 2896 4423 Cybiratarnm
2945 4350 3176 4416 ipsorum
3203 4363 3357 4401 num-

1792 4441 1907 4477 mus
1933 4427 2179 4492 antiquus
2206 4468 2218 4486 ,
2254 4426 2306 4476 in
2334 4440 2440 4492 quo
2484 4428 2738 4492 scripturn
2772 4428 2853 4492 est
2882 4428 3253 4492 KIBTPATQNl,
3303 4428 3357 4472 et

1711 4469 1764 4530 Β
2336 4469 2681 4565 ἶέξῐρῖνέίιῖίῆ-
2692 4469 2945 4565 Tacitum
3026 4469 3354 4565 :Kitttaliitm.

1864 4562 1884 4602 ί
1910 4564 1999 4617 Sic
2028 4564 2260 4633 appellat
2283 4556 2685 4633 Lugdunensem
2709 4559 3010 4633 regionem,
3027 4556 3357 4633 inquamn-

1794 4626 2386 4702 gundione's'Germaui
2415 4626 2841 4683 dominabantur.
2875 4626 3013 4702 Nihil
3041 4627 3261 4702 Sidonio
3282 4626 3358 4679 fa-

1792 4697 2051 4757 iniliarius
2081 4718 2236 4769 quam
2268 4703 2318 4754 in
2342 4701 2725 4755 Germanorum
2757 4697 3203 4769 Immineludcre,
3234 4711 3355 4750 cum

1791 4774 1857 4827 de
1886 4766 2452 4842 Bnrguudionibusiest
2490 4784 2684 4842 sermo,
2714 4768 2801 4842 qui
2832 4781 2899 4820 es
2952 4766 3267 4842 Germania,
3301 4778 3359 4818 ut

1792 4844 1924 4907 dixi,
1974 4835 2298 4910 prodierant.
2339 4841 2507 4910 Supra
2529 4839 2693 4910 epist.
2728 4836 2787 4910 5.
2815 4851 2969 4910 curvo
2988 4835 3357 4910 Germanorum

1791 4905 2039 4966 senectus.
2063 4911 2312 4965 Carmine
2335 4908 2421 4970 12,
2444 4917 2491 4962 et
2514 4905 2814 4961 Germanica
2838 4905 2986 4957 verba
3006 4906 3354 4958 sustinentem.

1794 4982 2130 5036 Germaniam
2162 4997 2291 5035 sane
2322 4990 2522 5049 partem
2557 4978 2698 5030 illam
2730 4976 2913 5049 Gallia:
2936 4990 3092 5049 quam
3117 4974 3357 5049 Burgun-

1793 5051 1981 5122 diones
2010 5054 2111 5122 5'7
2148 5043 2489 5118 occuparant,
2521 5063 2637 5116 quae
2682 5046 2896 5122 proprio
2918 5045 3117 5122 dehinc
3147 5043 3358 5122 nomine

1796 5114 2094 5189 Burguudia
2132 5114 2428 5188 nuncupata
2470 5114 2584 5179 est,
2617 5114 2693 5189 eo,
2712 5115 2869 5189 modo
2898 5115 3001 5168 dici
3045 5114 3224 5189 licuit,
3252 5130 3358 5181 quo

1795 5186 2122 5244 Britanniam
2148 5186 2375 5245 insulam
2406 5190 2601 5242 scimus
2630 5187 2913 5241 Saxoniam
2948 5186 3355 5237 transmarinam

1793 5277 1820 5311 ει
1848 5263 2113 5315 nonnullis
2157 5259 2507 5327 scriptoribus
2535 5258 2799 5313 interdum
2831 5254 3133 5320 vocitatam,
3161 5252 3229 5306 ab
3250 5252 3359 5307 At.-

1794 5331 1892 5399 glis
1920 5334 2006 5400 qui
2036 5348 2065 5385 e
2092 5332 2319 5385 Saxonia
2352 5343 2417 5382 eo
2456 5328 2792 5400 trajecerant.
3054 5395 3064 5400 _
3134 5388 3155 5400 _
3189 5389 3221 5400 ,Α
3255 5388 3288 5400 ν

1862 5409 1888 5446 8
1912 5387 2272 5526 L'ugdt‘tgensi,
2302 5400 2455 5467 cujus
2478 5387 2548 5450 ιη’
2564 5406 2736 5467 poetae
2756 5395 2865 5466 jam
2899 5395 3104 5448 mentio
3130 5388 3227 5444 fuit
3255 5387 3351 5442 lib.

1882 5481 2039 5526 CDlSi.
2136 5507 2152 5524 ο

1792 5483 1850 5535 tt,
1882 5481 2039 5540 epist.
2066 5481 2152 5526 tu.

168 5654 487 5713 'Sirmondi
521 5664 702 5713 notam
748 5654 799 5711 in
838 5653 981 5713 hunc
1003 5655 1176 5713 locum
1217 5664 1401 5714 contra
1432 5655 1753 5713 Savaronem
1791 5656 2072 5714 confirmat
2099 5654 2487 5727 Wesselingius
2506 5653 2574 5711 ad
2606 5653 2744 5712 Vett.
2767 5651 3126 5708 Romanorum
3149 5647 3356 5720 ltiner.,

112 5739 210 5794 pag.
236 5728 359 5784 568.
