3946 6176
108 359 172 413 5ll

103 470 274 525 riiiiiiui
297 465 451 516 simul
477 467 909 516 exsecrarentur.
937 458 1220 527 dilatoque
1246 461 1438 522 media,
1457 469 1633 525 patres
1662 465 1709 520 Λ

110 564 231 615 nostri
261 556 355 608 sub
388 569 495 606 uno
520 552 875 604 contubernio
898 590 913 613 ,
963 552 1043 603 vix
1077 551 1202 603 dum
1231 566 1259 603 a
1293 553 1510 617 pueritia
1531 593 1545 616 ,
1579 554 1630 603 in

110 663 230 706 tutam
268 645 680 699 adolescentium
721 643 913 707 evecti,
946 643 1169 711 priiic'pi
1221 643 1457 696 Honorio
1486 652 1509 678 α
1537 643 1632 695 ui-

110 742 204 797 liuni
238 738 529 805 notariique
579 736 894 801 militavere,
950 744 1087 787 tanta
1134 736 1356 789 caritate
1400 736 1637 803 peregri-

112 841 233 884 nante
256 839 303 881 ut
336 829 476 880 inter
514 840 610 878 eos
650 825 866 877 minima
918 826 1078 878 luerit
1108 839 1266 877 causa
1295 824 1595 878 concordiae
1618 865 1634 889 ,

113 922 214 984 quod
236 917 315 970 lilii
342 918 636 968 amicorum
669 915 1242 968 commemorabantur.
1263 914 1315 967 In
1344 914 1637 983 principatu

68 1062 69 1069 η
117 1008 419 1063 Valentiniani
466 1007 803 1074 imperatoris
832 1003 858 1041 δ
900 1019 1036 1057 unus
1091 1002 1383 1058 Galliarum
1434 1005 1640 1073 praefuit

114 1101 236 1168 parii,
262 1098 387 1149 alter
414 1094 688 1148 soliditati.
731 1092 833 1148 Sed
866 1094 934 1146 ita
965 1108 1023 1149 se
1052 1095 1280 1163 quodam
1318 1094 1474 1147 modo
1503 1095 1637 1149 tituli

114 1193 345 1244 amborum
376 1188 812 1254 compensatione
839 1186 1069 1238 fraterna
1098 1186 1546 1254 ponderaverunt,
1582 1195 1641 1240 ut

114 1282 231 1345 trior
256 1276 406 1331 feeit
439 1276 656 1330 fascium
688 1286 709 1313 ο
745 1285 1002 1341 tempore,
1028 1278 1114 1338 qui
1140 1286 1253 1327 erat
1277 1276 1536 1341 posterior
1562 1276 1637 1327 di-

112 1373 298 1439 giiilate.
329 1370 551 1424 \‘emum
585 1366 649 1418 ad
684 1382 801 1430 nos,
835 1366 1011 1428 idest,
1038 1380 1251 1419 ventum
1279 1376 1357 1418 cst
1385 1366 1448 1417 ad
1483 1380 1642 1433 nepo-

114 1477 202 1516 tes:
223 1478 343 1531 qIIOs
377 1462 445 1513 nil
467 1460 705 1513 decuerit
736 1459 852 1526 plus
881 1474 1071 1512 cavere
1099 1475 1254 1526 quam
1281 1474 1344 1512 ne
1367 1468 1639 1526 parentum

113 1556 519 1621 antiquorumque
552 1563 855 1601 ttuSll‘Ot‘tltll
891 1563 983 1615 per
1007 1564 1101 1601 nos
1129 1550 1262 1603 forte
1287 1549 1525 1601 vdeatur
1550 1566 1643 1601 au-

115 1646 280 1711 ῑίψιθιη
304 1642 535 1693 dilectio.
579 1640 660 1695 Ad
707 1639 806 1692 hoc
847 1641 896 1691 in
940 1640 1167 1692 similem
1203 1639 1640 1704 familiaritatem,

117 1743 277 1800 praeter
316 1730 697 1784 haereditariam
732 1732 1129 1798 prmrngzitivam
1158 1770 1171 1794 ,
1219 1730 1506 1783 multifaria
1549 1746 1643 1797 0p-

1314 342 1791 400 EI‘ISTUI.ARU.\I
1835 345 1959 399 LIB.
2003 345 2065 397 V.

3200 346 3299 403 5i?

1740 473 1945 515 remur.
1974 463 2075 517 Sed
2102 471 2155 514 ut
2182 463 2435 531 comperi,
2465 464 2810 520 erubescebat
2833 480 2940 535 jam
2986 464 3143 520 etiam
3174 481 3299 520 tunc

1734 552 1817 603 vir
1837 552 2009 605 serius
2039 561 2091 604 et
2115 554 2296 606 forina-
2320 553 2445 607 dote.
2468 556 2762 622 placuisse;
2787 557 2980 625 quippe
3005 557 3087 611 cui
3108 558 3299 612 merito

1736 640 1932 709 ingenii
1954 642 2251 697 suffecisset
2280 645 2547 709 adamari;
2577 656 2629 699 et
2671 662 2794 701 vere
2824 649 3056 715 optimus
3078 651 3300 718 quisque

1737 747 1942 785 morum
1959 734 2298 799 prmstautius
2316 735 2702 802 pulchritudine
2724 738 2910 804 placet.
2938 738 3102 792 Porro
3123 750 3298 793 autem

1738 823 2165 888 praetervolantia
2206 825 2443 892 corporis
2486 824 2857 880 decoramenta
2890 831 3155 881 currentis
3198 830 3297 881 aivi

1741 914 1976 979 profectu
1998 913 2312 981 defectuque
2337 915 2626 969 labascunt.
2656 917 2804 969 llnnc
2824 933 3034 985 quoque
3057 927 3302 972 manente

1738 1004 2021 1063 sententia,
2042 1003 2209 1057 Gallis
2235 1015 2345 1071 post
2372 1004 2651 1072 pra-fectus
2676 1003 2700 1041 “
2728 1007 2783 1059 Pi
2801 1008 2943 1061 iscus
2971 1008 3303 1070 Valerianus,

1738 1090 1975 1145 consiliis
2016 1092 2126 1144 suis
2159 1094 2614 1161 tribunalibusque
2648 1095 2893 1156 sociavit;
2921 1096 3177 1165 jndicimn
3211 1117 3306 1152 ειη-

1741 1181 1939 1245 tiquuni
1981 1184 2508 1249 perseverantissime
2557 1193 2783 1248 tenens,
2830 1197 2889 1240 ut
2930 1189 3015 1241 cui
3070 1190 3307 1243 scientia;

1740 1270 1959 1323 obtentu
1987 1271 2245 1339 jltﬂXt’l‘ul
2298 1273 2540 1327 sobolem
2561 1316 2575 1336 ,
2620 1277 2863 1343 jungcret
2888 1285 2937 1329 et
2968 1276 3301 1344 dignitatem.

1742 1357 1852 1411 Tua
1881 1373 2008 1412 vero
2040 1348 2145 1413 tam
2175 1356 2349 1425 clara,
2369 1373 2472 1414 tam
2505 1365 2807 1430 spectabilis
2834 1365 2995 1418 dictio
3016 1378 3117 1430 est,
3146 1378 3201 1419 ut
3229 1368 3304 1420 illi

1742 1446 1979 1501 divisio'3
2014 1449 2346 1516 Palmimiiiis,
2397 1454 2630 1521 gravitas
2685 1452 2938 1509 Gallionis
2983 1457 3305 1509 abundantia

1744 1537 2029 1607 Delphidii,
2056 1542 2282 1609 Agroecii
2315 1543 2614 1612 disciplina,
2640 1545 2893 1602 fortitudo
2916 1549 3125 1613 Alcimi,
3150 1549 3307 1603 Adel-

1747 1630 1854 1696 pliii
1895 1631 2222 1695 teneritudo,
2256 1635 2401 1703 rigor
2431 1636 2631 1701 Magni,
2657 1637 2882 1692 dulcedo
2912 1639 3155 1702 Victorii,
3206 1656 3308 1693 min

1747 1723 1904 1776 modo
1936 1739 2040 1777 non
2089 1725 2403 1793 Superiora,
2447 1727 2597 1798 1&1
2644 1730 2739 1785 sed
2788 1731 2873 1785 vix
2917 1732 3309 1801 azquiparabilia

121 1823 408 1891 portunitate
431 1823 835 1889 compellimur:
866 1831 994 1873 artas
1040 1821 1311 1887 utriusque
1341 1836 1444 1874 non
1470 1820 1643 1873 minus
1674 1805 1718 1863 Β
1750 1813 2070 1867 εοΐίῢῦηιυτ.
2107 1815 2246 1869 Sane
2280 1832 2344 1869 ne
2367 1818 2544 1871 \‘idear
2567 1818 2658 1871 tibi
2690 1819 2788 1873 sub
2813 1821 2912 1873 hoc
2942 1822 3088 1886 quasi
3121 1822 3313 1891 hyper-

116 1917 264 1980 juncta
294 1928 445 1981 quam
476 1911 666 1980 patria.
704 1914 846 1965 Unus
886 1926 983 1965 nos
1014 1913 1250 1964 exercuit
1281 1912 1456 1979 ludus,
1483 1912 1643 1980 magi-

118 2015 206 2057 sier
232 2005 474 2066 instituit;
529 2017 629 2055 una
688 2017 787 2056 nos
844 2003 1021 2054 lwiitia
1074 2002 1341 2066 dissolvit,
1390 2003 1646 2056 severitas

117 2097 335 2155 coercuit,
366 2093 648 2163 disciplina
671 2094 931 2146 formavit.
969 2094 1040 2148 De
1068 2103 1285 2157 ca-tero,
1312 2096 1354 2147 si
1383 2096 1517 2147 Dens
1546 2110 1644 2146 an-

120 2190 232 2254 nuit,
259 2190 305 2241 in
344 2188 495 2240 auui~
521 2188 629 2256 jam
662 2187 948 2241 senectutis
980 2187 1125 2240 initia
1172 2188 1527 2255 pulsantibus,
1573 2186 1646 2240 si-

120 2293 234 2343 tuus,
266 2279 354 2330 nisi
398 2277 625 2344 resimis,
671 2276 860 2329 anima:
911 2276 1050 2339 dum,
1102 2277 1310 2329 animus
1342 2291 1510 2339 unus;
1552 2277 1649 2329 im-

120 2371 410 2435 buamusque
466 2366 661 2419 liberos
714 2365 937 2418 invicem
967 2365 1270 2434 diligentes,
1302 2367 1439 2420 idem
1482 2369 1647 2433 velle,

123 2459 259 2522 nolle,
289 2456 547 2525 refugere,
573 2457 786 2509 sectari.
826 2456 934 2509 Hoc
965 2466 1170 2524 patrum
1203 2472 1330 2510 vero
1352 2458 1457 2525 jam
1488 2473 1648 2525 supra

117 2564 230 2611 vim,
257 2550 301 2601 si
331 2564 421 2615 per
453 2548 724 2600 Rusticum
774 2547 1241 2616 Apollinaremque
1262 2591 1275 2615 ,
1334 2564 1647 2616 proaviirum

120 2640 521 2707 puedicab‘liuui,
542 2649 645 2692 tam
670 2637 1023 2693 reformentur
1045 2640 1204 2693 COl'dLI
1223 2655 1379 2708 quam
1411 2642 1645 2694 nomina.

120 2734 243 2787 Vtile.

559 2824 713 2895 ιω
751 2823 1074 2879 EPISTULA
1115 2823 1184 2881 Χ.

404 2917 649 2971 Sidonius
682 2917 931 2983 Sapaudo
972 2933 1064 2969 suo
1098 2916 1334 2968 salutent.

169 3007 217 3062 Si
260 3007 381 3078 quid
425 3008 644 3060 omnino
694 3006 1020 3075 Pragmatius
1051 3008 1275 3061 illustris
1302 3048 1315 3071 ,
1367 3006 1467 3061 huc
1517 3008 1654 3061 inter

117 3100 317 3166 reliquas
357 3099 516 3152 animi
554 3099 777 3151 virtutes
829 3098 1027 3164 optime
1076 3098 1234 3162 facit;
1290 3096 1432 3166 quod
1464 3112 1649 3152 amore

116 3191 378 3242 studiorum
401 3201 451 3243 te
470 3189 807 3257 singulariter
823 3195 987 3251 amat,
1012 3189 1063 3240 in
1087 3203 1190 3257 quo
1211 3187 1348 3251 solo,
1374 3189 1454 3240 vel
1481 3186 1647 3240 maxi-

114 3297 178 3335 me
209 3282 447 3336 animum
479 3282 735 3345 advertit,
767 3282 963 3335 veteris
1001 3280 1224 3350 perime,
1255 3280 1649 3350 diligentiaeque

112 3377 356 3429 resedisse
381 3375 620 3443 vestigia.
656 3374 719 3427 Et
738 3374 948 3443 quidem
983 3389 1085 3425 non
1124 3372 1309 3441 injuria
1350 3372 1441 3425 tibi
1478 3373 1649 3425 fautor

112 3478 203 3516 e~l:
234 3482 358 3519 nam
400 3466 627 3519 debetur
657 3466 724 3518 ab
762 3480 825 3517 co
870 3465 1210 3533 percopiosus
1242 3463 1431 3517 litteris
1461 3464 1649 3518 honor.

113 3555 237 3608 llunc
264 3557 388 3609 olim
420 3566 751 3623 perorantem
782 3564 834 3609 et
860 3555 1123 3610 rhetorica
1153 3555 1339 3607 sedilia
1388 3555 1652 3622 plausibili

112 3650 323 3700 natione
376 3646 703 3714 frangentem
726 3684 741 3709 ,
788 3659 939 3698 socer
968 3644 1220 3713 eloquens
1251 3647 1388 3699 ultro
1421 3648 1469 3699 in
1501 3646 1651 3699 fami-

113 3736 210 3787 liam
240 3738 514 3804 patriciam
539 3737 757 3789 ascivit:
787 3736 906 3791 licet
938 3736 1010 3789 illi
1041 3736 1106 3789 ad
1137 3736 1237 3791 hoc
1266 3736 1347 3808 (ut
1371 3738 1558 3793 sileam
1589 3738 1656 3792 de

112 3840 276 3893 genere
305 3830 391 3884 vel
418 3828 608 3899 censu)
648 3837 797 3894 aetas,
830 3836 1102 3893 venustas,
1136 3828 1325 3897 pudor,
1360 3832 1658 3897 patrocina-

1675 3156 1719 3216 C

166 4001 240 4054 E'l‘
263 4001 474 4055 NEVIA
505 3999 735 4055 GALLA
772 3997 971 4052 (ILAR.
1021 3998 1107 4051 ΕΤ
1135 3997 1261 4052 INL.
1291 3998 1448 4051 FI‘ZM.
1486 3998 1577 4051 MA

162 4072 459 4127 TERFAM.
503 4070 665 4124 EJUS
698 4068 872 4123 LOCU
910 4068 1022 4121 CUI
1052 4067 1279 4121 NOMI‘LN
1312 4068 1583 4121 ΤΙΙΕΟΡΟ

165 4141 214 4194 LI
246 4144 372 4196 EST
414 4140 675 4195 VIARUM
734 4138 918 4194 USUM
955 4138 1173 4193 GA‘ISIS
1229 4137 1580 4205 UTIlIMQUE

225 4212 538 4267 MON'I'IUSI
582 4210 899 4264 LA'I‘ERIB.
939 4207 1505 4262 PBES’I'ITERUN'I‘.

209 4282 443 4337 MUROS
489 4281 575 4334 ET
618 4278 881 4333 PORTAS
919 4278 1307 4332 DEDEHUN'I’.
1349 4276 1536 4343 QUOD

212 4353 272 4405 IN
312 4352 509 4406 AGRO
550 4349 838 4403 PROPRIO
877 4348 1355 4402 CONSTITUTUM
1392 4345 1529 4403 TUE

207 4422 387 4476 TIUNI
435 4419 697 4475 OMNIUM
742 4418 1155 4472 VOLUERUNT
1196 4419 1358 4471 ESSE
1398 4416 1533 4471 CUM

163 4492 364 4546 MUNB.
414 4490 807 4546 ADNITENTE
861 4488 1065 4541 ETIAM
1124 4487 1186 4541 V.
1248 4487 1378 4541 INL.
1426 4487 1586 4541 CUM.

160 4563 237 4615 AG
288 4561 576 4615 FHATIKE
626 4558 983 4613 MEMORATI
1025 4557 1159 4611 VIBI
1198 4558 1301 4610 (ιι.
1345 4557 1591 4611 LEPIDO

195 4628 674 4686 EXGONSULARI
724 4626 1100 4682 GENMANIIE
1153 4627 1408 4682 PRIMIE.
1462 4626 1555 4680 EX

162 4700 314 4753 MAG.
361 4697 707 4754 MEMORIKE
749 4697 995 4751 EXCOM.
1041 4698 1275 4751 IiEIiUM
1319 4696 1589 4750 I’lilVA'l‘.

226 4771 313 4825 υἷ’
357 4771 557 4826 ERGA
604 4768 869 4823 OMNIUM
918 4767 1230 4822 SALUTEM
1287 4768 1517 4821 bUliUM

76 4871 83 4887 ι
161 4841 469 4897 STUDIUM
528 4838 615 4893 ET
672 4838 1076 4892 DEVOTIONIS
1125 4838 1334 4895 PUDL;
1378 4855 1392 4890 :
1433 4836 1589 4893 TI'IU

78 4908 85 4957 ἴ
486 4909 617 4964 LIJS
648 4909 810 4963 PUSS
842 4926 855 4960 :
898 4924 913 4960 :
956 4908 1271 4963 OSTENDI.

110 5036 367 5107 Egregium
412 5038 643 5107 insignis
663 5038 839 5106 operis
869 5047 1303 5107 monumentum:
1332 5053 1394 5089 ex
1425 5051 1531 5105 quo
1562 5053 1665 5090 non

108 5105 256 5163 solum
288 5105 550 5163 Dardani
582 5119 634 5160 et
664 5105 841 5162 Nevia:
880 5105 1043 5159 Galla:
1076 5109 1262 5160 uxiiris
1289 5108 1501 5160 nomina
1526 5107 1665 5160 didi-

107 5180 273 5242 cimus,
305 5180 404 5231 sed
425 5179 608 5231 varias
634 5190 886 5245 pr.eterea
916 5177 1151 5243 ejusdem
1176 5186 1228 5228 et
1250 5177 1455 5230 Claudii
1482 5177 1665 5242 Lepidi

109 5249 265 5303 fratris
286 5250 609 5317 dignitates.
645 5251 884 5301 Dardano
908 5247 1029 5300 item
1056 5247 1294 5300 scribunt
1321 5248 1668 5317 Hieronymus

110 5328 151 5370 rt
169 5316 504 5387 Augustinus
524 5334 537 5369 :
558 5320 652 5372 sed
674 5317 991 5388 Augus'iuus
1016 5318 1273 5369 honorum
1297 5316 1411 5382 ejus
1434 5332 1536 5369 non
1561 5331 1672 5370 nie-

110 5391 260 5454 iuinii,
294 5391 665 5456 Hieronymus
686 5389 949 5457 duplicem
983 5389 1098 5455 ejus
1127 5391 1490 5455 przclecturam
1518 5401 1669 5440 coui-

111 5470 369 5511 ωειιιοτεῑ.

169 5542 189 5565 ³
218 5531 498 5590 Principis
528 5527 795 5583 sccrctarii
826 5569 836 5579 .
866 5527 955 5595 qui
997 5526 1174 5580 aditus
1210 5524 1468 5578 honorum
1507 5525 1668 5595 nobili

111 5600 505 5654 adolescentiae.
550 5600 785 5652 Cassiod.
823 5593 1051 5653 Senator
1074 5597 1164 5649 lili.
1195 5610 1209 5647 ι
1250 5595 1484 5647 Variam:
1517 5593 1674 5648 Pater

112 5670 354 5725 raudidati
398 5671 501 5723 sub
547 5666 895 5721 Valentiniano
948 5666 1181 5735 principe
1202 5666 1351 5736 gessit
1402 5665 1585 5717 tribuni
1626 5677 1672 5718 et

112 5745 276 5796 κικκαήὶ
300 5738 647 5796 laudabiliter
676 5738 972 5811 dignitatem
998 5754 1016 5792 :
1067 5740 1227 5790 honor
1253 5737 1339 5805 qui
1372 5747 1487 5791 tunc
1519 5736 1674 5791 daba-

1752 1904 1925 1958 bolico
1956 1904 2230 1959 rhetorum
2280 1907 2521 1974 catalogo
2554 1908 2817 1962 blanditus
2843 1910 3107 1978 quippiam
3144 1912 3311 1979 grati-

1751 1996 2042 2065 ﬁcatusque
2066 2037 2080 2060 ,
2114 1998 2281 2050 solam
2335 1997 2424 2051 tibi
2456 2001 2799 2053 acrimoniam
2831 2001 3134 2067 Qiiiutiliani
3169 2017 3315 2069 pom-

1751 2102 1979 2156 pamque
2011 2089 2227 2143 Palladii
2270 2093 2564 2159 comparari
2590 2108 2693 2146 nou
2733 2095 2976 2163 ambigo,
3008 2095 3101 2148 sed
3142 2094 3316 2163 potius

1749 2180 2053 2246 acquiesco.
2081 2182 2414 2249 Quapropter
2434 2183 2476 2235 si
2507 2183 2625 2252 quis
2656 2194 2772 2253 post
2820 2200 2915 2239 vos
2940 2185 3142 2240 Latina:
3175 2187 3315 2241 favet

1750 2269 2069 2331 eruditioni,
2121 2272 2236 2326 huic
2270 2272 2516 2327 amicitia:
2566 2276 2762 2342 gratias
2793 2276 2927 2344 agit,
2958 2286 3012 2330 et
3054 2276 3316 2331 sodalitati

1752 2371 1967 2425 vestrm,
1996 2364 2038 2415 si
2066 2365 2189 2431 quid
2219 2363 2445 2417 hominis
2468 2365 2643 2427 habet,
2671 2367 2860 2420 tertius
2885 2376 3030 2435 Optat
3053 2368 3313 2421 adhiberi.

1751 2457 2061 2523 Quinquaui
2095 2458 2233 2525 quod
2281 2466 2364 2510 est
2403 2460 2634 2526 gravius,
2670 2475 2773 2512 non
2815 2459 2886 2511 sit
2933 2460 3060 2512 satis
3090 2463 3318 2511 ambitus

1755 2549 1853 2601 iste
1879 2546 2144 2599 fastidium
2200 2546 2354 2598 vobis
2393 2547 2755 2611 excitaturus,
2786 2548 2907 2615 quia
2955 2549 3101 2615 pauci
3148 2550 3318 2601 studia

1754 2655 1894 2693 nunc
1926 2638 2208 2692 honorant.
2241 2637 2407 2691 Simul
2438 2648 2486 2693 et
2520 2639 2743 2692 naturali
2777 2639 2906 2692 vitio
2939 2639 3098 2692 fixum
3130 2650 3209 2693 est
3234 2655 3319 2690 ra-

1752 2733 2091 2801 dientuuique
2124 2732 2425 2800 pectoribus
2456 2734 2733 2796 humanis,
2766 2744 2819 2786 ut
2855 2737 2941 2800 qui
2976 2748 3078 2785 non
3125 2733 3318 2786 intelli-

1754 2833 1881 2893 gunt
1903 2834 2063 2889 artes,
2096 2840 2202 2877 non
2232 2823 2491 2876 inirentur
2531 2822 2781 2876 artiliccs.
2814 2822 2962 2876 Vale.

2316 2912 2642 2967 EPISTOLA
2676 2912 2768 2966 XI.

2072 3009 2316 3063 Sidonius
2346 3006 2614 3059 Potentin
2644 3023 2738 3059 suo
2768 3005 3007 3058 salutem.

1829 3102 2045 3159 Multum
2077 3112 2129 3155 te
2176 3112 2415 3154 amamus
2445 3115 2459 3151 :
2494 3108 2546 3152 et
2582 3098 2795 3165 quidem
2827 3097 3044 3163 hujusce
3087 3096 3324 3149 dilectio-

1758 3197 1839 3250 nis
1888 3211 1993 3248 non
2022 3202 2105 3248 est
2149 3206 2406 3247 erroneus
2454 3199 2544 3243 aut
2585 3189 2830 3243 fortuitus
2876 3188 3114 3242 affectus.
3161 3187 3322 3241 Nam-

1756 3302 1860 3355 que
1904 3294 1963 3339 ut
2007 3283 2205 3339 sodalis
2236 3282 2328 3336 tibi
2359 3281 2652 3335 devinctior
2682 3280 2892 3345 fierem,
2938 3276 3186 3347 jndiravi.
3234 3277 3327 3331 Esi.

1756 3378 1898 3431 enim
1924 3373 2326 3429 consuetudinis
2357 3386 2511 3437 mea},
2543 3380 2600 3424 ut
2640 3370 2828 3436 eligam
2867 3379 2989 3421 ante
3010 3409 3022 3431 ,
3053 3378 3171 3435 post
3206 3368 3327 3419 dili-

1761 3481 1900 3533 gam.
1924 3465 2199 3531 Quaenam,
2221 3460 2414 3528 inquis,
2449 3459 2499 3511 iu
2527 3474 2611 3512 me
2634 3458 2725 3511 tibi
2754 3455 3019 3523 probanda
3049 3456 3327 3523 placuere?

1762 3558 1941 3611 Dicam
1967 3553 2191 3606 libenter
2210 3559 2262 3603 et
2283 3548 2544 3602 breviter:
2565 3563 2787 3614 quorum
2812 3561 2973 3599 unum
3000 3545 3109 3598 fieri
3133 3545 3326 3613 gratia,

1758 3651 1980 3702 alterum
2011 3647 2193 3700 charta
2222 3642 2509 3709 compellit.
2539 3640 2773 3694 Veneror
2800 3640 2850 3693 in
2880 3639 3173 3692 actionibus
3200 3636 3330 3699 tuis,

1756 3739 1895 3808 quod
1948 3738 2107 3790 multa
2158 3736 2296 3789 bono
2336 3733 2524 3800 cuique
2563 3730 2838 3784 imitabilia
2884 3730 3043 3798 geris.
3089 3728 3234 3781 (Iulis
3273 3738 3331 3780 ut

1759 3830 1848 3901 qui
1877 3827 2224 3885 solertissime
2243 3865 2259 3891 ,
2305 3824 2537 3878 mdillcas
2565 3831 2622 3877 ut
2649 3822 2736 3890 qui
2767 3821 3172 3890 dispositissime
3192 3860 3206 3883 ,
3236 3834 3330 3872 ve-

1758 4011 1839 4052 tur
1883 3996 2116 4065 egregiis,
2147 3994 2269 4046 dum
2298 3997 2366 4065 ad
2386 3992 2651 4060 imperiale
2696 4004 2942 4065 secretum
2981 3994 3108 4065 tales
3145 4001 3334 4065 constet

1756 4069 1875 4133 eligi
1902 4062 1956 4119 in
1986 4062 2163 4133 quibus
2193 4062 2599 4132 reprehensionis
2632 4064 2807 4116 vitium
2844 4073 3055 4127 nequeat
3090 4063 3329 4133 inveniri.

1884 4136 2230 4189 Consularem
2277 4141 2368 4186 aut
2414 4133 2694 4200 praesidem
2742 4135 2793 4185 iii
2835 4133 3009 4201 aliqua
3058 4132 3327 4201 provincia

1762 4206 1951 4261 Gallia:
1982 4205 2146 4258 fuisse
2189 4213 2400 4271 Oportet
2417 4199 2634 4271 patrem
2671 4199 3105 4271 AquiliniiNain
3126 4199 3330 4271 Sidonii

1763 4285 1914 4345 pater
1942 4270 2610 4344 praaleclus’prmtoriototi
2638 4271 2823 4327 Gallia:
2846 4271 3075 4341 praefuit,
3096 4270 3190 4323 lib.
3216 4284 3328 4333 vni,

1762 4346 1921 4400 epist.
1946 4346 1999 4400 6.

1797 4361 2234 4482 plemloiitiiliquibus
2258 4411 2429 4475 libris,
2459 4420 2645 4465 tenore.

1688 4464 1740 4525 D
1834 4482 1858 4521 ἀ
2008 4464 2719 4549 Ῠριῗᾷεΐξξείυίὲἱῠς.⁷Ρινωίιοοιιιε
2760 4480 2901 4533 enim
2934 4477 3180 4545 primori"
3207 4475 3331 4527 na"

1762 4556 1951 4610 Iiarum
1977 4553 2168 4615 fuerat,
2197 4555 2246 4605 in
2269 4566 2439 4618 eoque
2462 4551 2767 4618 magistratu
2796 4563 3065 4601 assessore
3088 4562 3209 4600 usu-
3235 4562 3332 4618 ges

1763 4642 1894 4680 nero
1921 4639 2019 4678 suo
2050 4616 2369 4691 Pragmatio;
2405 4621 2466 4673 Et
2489 4616 2605 4691 jain
2655 4617 3018 4691 praefectorius
3047 4628 3161 4691 erat
3192 4616 3330 4669 Aviti

1763 4699 1900 4757 Aug.
1935 4688 2250 4762 principatu,
2282 4702 2339 4743 ut
2365 4688 2521 4762 docet
2549 4690 2731 4762 titulus
2761 4688 3015 4762 carminis
3044 4688 3097 4739 8.

1832 4758 1990 4835 60"
2026 4758 2652 4835 l-IormnAomniomnihil
2688 4758 2847 4835 hodie
2869 4766 3335 4835 superesrpraiti-r

1765 4826 2181 4890 dcamnatioues
2205 4831 2535 4896 Quintiliani.
2567 4829 2882 4882 Palaemonis
2913 4840 3086 4879 tamen
3113 4826 3334 4879 Hadria-

1766 4908 1819 4960 ni
1844 4915 2138 4970 temporum
2169 4903 2398 4955 rhetoris
2423 4900 2659 4953 meminit
2682 4898 2940 4970 Eusebius
2964 4897 3015 4970 in
3037 4896 3332 4970 Glminico;

1766 4966 2022 5030 Gallionis
2041 4972 2217 5026 fratris
2243 4970 2324 5024 sui
2347 4971 2547 5024 Seneca
2572 4971 2621 5023 in
2643 4967 2954 5037 przefatione
2974 4966 3335 5037 Quaestionum

1770 5043 2113 5099 naturalium.
2172 5041 2406 5094 Atticum
2466 5035 2716 5093 Tironem
2768 5036 3101 5103 Delphidiqu
3161 5035 3343 5089 laudat

1770 5114 2039 5168 Ausonius
2074 5112 2313 5164 carmine
2342 5108 2375 5161 5
2412 5108 2798 5163 Professorum.
2846 5105 2987 5159 Idem
3019 5105 3178 5159 etiam
3206 5104 3343 5157 Cen-

1771 5184 1974 5237 sorium
2005 5182 2238 5236 Atticum
2267 5178 2825 5249 Agrmciumcarmiue
2854 5175 2939 5229 t5.
2956 5177 3188 5249 Atticum
3222 5175 3344 5249 Ilie-

1773 5267 2027 5321 ronymus
2053 5250 2103 5303 in
2133 5246 2418 5321 Chronico.
2463 5247 2707 5321 Adelphii
2744 5246 3001 5321 memoria
3041 5246 3337 5321 obscurior.

1774 5315 1948 5390 Magni
1996 5319 2226 5374 oratoris
2261 5318 2484 5390 Romani
2513 5318 2706 5390 clarior
2743 5320 3016 5390 ex_epist._
3049 5315 3342 5390 81_lliero-

1775 5382 1939 5463 nymi,
1964 5400 2018 5444 et
2038 5389 2369 5463 ex_apol_o_gia
2398 5388 2497 5463 diu
2521 5387 2793 5463 Rufinum.
2823 5385 3085 5439 Victorius
3121 5382 3341 5463 fortasse

1775 5451 1960 5516 ri'ieto'r
1988 5451 2464 5530 estlilassilicnsis,
2492 5457 2644 5530 cujus
2676 5464 2887 5530 exstant
2930 5463 3198 5530 poemata.
3225 5451 3345 5526 Pal-

1778 5532 1946 5587 ladius
1976 5530 2019 5583 is
2048 5528 2256 5598 videtur
2277 5528 2345 5582 de
2382 5520 2487 5598 quo
2516 5520 2871 5598 Symmachus
2903 5520 3158 5598 tum‘aliis
3188 5520 3349 5598 lueis—

1780 5612 1888 5656 tuui
1916 5602 2076 5668 epist.
2101 5599 2154 5662 9,
2187 5597 2279 5652 lib.
2304 5613 2357 5668 ig:
2384 5589 2577 5668 Movet:
2604 5596 2791 5668 inquit,
2824 5607 2979 5644 novus
3015 5589 3230 5668 dthenrci
3254 5590 3345 5640 lio—

1777 5687 1887 5740 spes
1933 5659 2150 5725 Latiare
2176 5666 2468 5740 concilium,
2516 5659 2773 5740 divisionis
2821 5670 2950 5723 arte,
3001 5659 3343 5714 inventionum

1778 5732 1941 5810 copia,
1970 5754 2202 5794 sensuum
2233 5737 2499 5807 gravitate,
2534 5735 2644 5790 luce
2671 5732 2951 5791 verborum.
