3946 6176
220 279 323 336 525

221 391 442 446 cunilam
471 394 870 459 pervagaturus.
912 378 1367 450 exspectationem
1397 383 1628 429 nostram
1659 386 1781 442 spe—
1811 373 1863 431 Α

221 482 302 535 cie
329 458 587 533 breviaris
617 472 822 529 itineris
851 468 1029 525 elusit.
1061 468 1124 521 Et
1152 479 1291 520 nunc
1320 473 1373 517 tu
1403 461 1516 530 ipse
1542 459 1621 514 sic
1649 458 1786 513 mul-

224 576 292 625 tis
325 577 510 625 contra
543 565 701 620 ﬁdem
731 562 917 617 diebus
957 556 1298 619 otiabundus,
1330 552 1407 606 ais
1440 551 1555 616 tibi,
1582 550 1624 604 si
1656 561 1788 618 quas

224 673 406 731 postea
439 658 656 713 luserim
702 663 873 709 metro
911 666 1093 720 nugas,
1125 647 1260 701 mitti
1296 653 1565 713 oportere.
1600 644 1789 695 Annua

226 752 497 823 injunctis,
530 748 651 819 quia
680 746 870 816 dgnus
893 758 951 798 cs
983 750 1038 793 ut
1070 739 1190 793 talia
1222 736 1385 805 legas.
1414 732 1545 788 Nam
1571 745 1790 785 carmen

225 820 397 914 ipsum
431 840 570 910 quod
608 851 748 892 nunc
784 849 816 889 e
856 831 1100 886 manibus
1143 826 1392 889 elabitur,
1422 833 1526 877 tam
1569 820 1793 875 rustica-

224 909 351 989 num
400 909 481 987 eSt
529 937 742 996 tamque
790 923 1121 991 impolitum.
1172 925 1229 970 ut
1258 930 1342 969 me
1391 928 1493 967 non
1550 910 1675 964 illud
1726 909 1791 961 ad

231 1025 429 1085 villam,
466 1019 557 1074 sed
591 1018 765 1087 potius
797 1029 828 1068 e
858 1011 981 1066 villa
1014 1009 1222 1063 mittere
1253 1013 1424 1074 putes.
1461 1012 1486 1039 °
1515 1000 1793 1055 Basilicam

228 1112 397 1167 sancti
441 1106 709 1179 pontificis
758 1097 1186 1167 confessorisque
1234 1093 1466 1157 Martini,
1510 1091 1798 1158 Perpetuus

228 1203 532 1272 episcopus,
574 1193 918 1265 dignissimus
957 1197 1106 1242 tanto
1144 1184 1540 1255 praedecessore
1578 1193 1796 1235 succes-

229 1309 342 1356 sor,
388 1290 607 1343 multum
637 1283 821 1353 priori,
865 1296 982 1351 quin
1019 1279 1114 1332 luit
1153 1276 1430 1336 hactenus,
1469 1272 1798 1341 capaciorem

231 1381 463 1436 novavit.
502 1377 744 1444 Magnum
776 1380 876 1431 est,
912 1378 969 1424 ut
1001 1372 1199 1433 lerunt,
1233 1380 1365 1435 opus
1386 1360 1799 1417 nominandum-

230 1487 353 1537 que;
378 1467 516 1539 quod
537 1467 589 1520 in
610 1464 869 1519 honorem
893 1460 1012 1514 talis
1031 1459 1127 1513 viri
1150 1459 1367 1519 factum,
1387 1454 1506 1508 talis
1524 1453 1603 1506 vir
1620 1451 1805 1506 iecisse

232 1560 493 1617 debuerit.
528 1555 691 1625 llujus
721 1567 804 1607 me
833 1550 1123 1621 parietibus
1151 1546 1445 1602 inscribere
1473 1543 1805 1613 supradictus

232 1650 484 1717 sacerdos
511 1647 612 1701 hoc
640 1646 964 1714 epigramma
991 1637 1280 1709 compellit,
1305 1635 1444 1706 quod
1471 1632 1801 1693 recensebis;

1466 259 1708 317 SIDONII
1746 255 2197 315 APOLLINARIS

3355 230 3487 296 εει

2073 362 2285 426 Septima
2306 374 2414 423 qua:
2436 360 2612 408 mundo
2641 357 2698 406 fa‘
2722 358 2818 426 rica
2842 358 2961 426 mira
2987 356 3093 426 tpit.

2009 413 2133 477 Nam
2146 413 2375 486 gemmis,
2400 434 2536 486 auro,
2560 427 2764 479 argento
2782 419 2820 464 si
2844 414 3085 486 splendid}
3114 413 3250 471 illud,

2074 476 2208 536 Istud
2227 476 2578 543 transgrediiur
2603 476 2771 526 cuncta
2797 476 2989 529 metalla
3014 476 3128 543 lide.

2012 548 2154 597 Livor
2180 549 2254 595 abi
2279 539 2501 598 moi-dux,
2533 543 2937 598 aliso’vanturque
2957 539 3157 596 priores,

2076 608 2148 657 Nil
2172 614 2335 663 novet,
2374 610 2455 651 aut
2476 602 2613 650 addat
2636 601 2826 663 garrula
2851 599 3127 663 posteritas.

2012 670 2234 725 Dumque
2256 660 2386 715 venit
2405 665 2640 725 Christus,
2664 660 2865 725 populos
2887 661 2966 721 qui
2989 660 3194 725 suscitet
3216 668 3401 716 omnes,

2079 723 2324 790 Perpetuo
2342 727 2522 775 durent
2545 724 2751 772 culmina
2779 723 3029 781 l'erpi-tui.

1962 830 2291 893 Obtulimus,
2339 837 2398 881 ut
2444 827 2647 886 cernis,
2708 821 2846 891 quod
2895 820 3179 875 cantilena:
3232 820 3464 873 recentis

1894 922 2105 976 obviam
2148 917 2324 973 manui
2372 915 2498 978 fuit;
2542 914 2639 967 sed
2686 928 2785 967 nec
2823 912 2924 965 hoc
2968 911 3166 976 minus,
3204 911 3249 964 si
3293 926 3465 964 mons

1897 1010 2088 1077 nectis,
2120 1017 2265 1063 astra
2301 1006 2619 1076 quatiemus,
2650 1003 2891 1056 versibus
2919 1015 3135 1069 quoque
3179 1015 3206 1053 s
3226 1002 3463 1068 .tirogra-

1899 1103 2039 1173 phis,
2070 1100 2114 1155 si
2142 1113 2226 1153 res
2254 1094 2512 1165 exegerit,
2543 1093 2690 1147 usuri
2719 1108 2733 1145 :
2763 1106 2898 1159 quos
2926 1091 3048 1144 huic
3078 1090 3299 1143 carmini
3333 1090 3467 1143 leni-

1900 1203 2007 1248 tale
2052 1190 2410 1257 adaequandos
2457 1185 2588 1238 falso
2628 1181 2852 1251 putabis.
2904 1179 3142 1248 Namque
3179 1177 3466 1240 efﬁcacius,

1901 1284 2086 1349 citius,
2139 1278 2416 1334 ardentius
2460 1285 2648 1329 natura
2696 1272 2998 1327 mortalum
3049 1269 3229 1338 culpat
3275 1270 3470 1339 aliqua,

1901 1387 2058 1442 quam
2092 1370 2290 1424 laudet.
2326 1366 2476 1420 Vale.

2340 1455 2492 1526 115
2534 1450 2858 1508 EPiSTOLA
2900 1448 3036 1503 XIX.

2213 1548 2458 1601 Sidonius
2487 1543 2788 1597 Florentino
2813 1559 2905 1595 suo
2932 1541 3166 1595 salutem.

1979 1642 2046 1696 Et
2070 1652 2246 1693 moras
2271 1647 2500 1699 nostras,
2525 1645 2579 1689 et
2602 1633 2873 1687 silentium
2902 1645 3121 1685 accusas
3150 1647 3163 1682 :
3196 1640 3475 1698 utrumque

232 1752 289 1795 ut
318 1749 400 1795 est
433 1743 485 1791 in
517 1737 598 1789 bis
627 1747 955 1804 quaecunque
984 1729 1226 1797 deposcit
1261 1725 1541 1796 privilegio
1571 1721 1807 1776 caritatis
1838 1716 1882 1774 B
1912 1731 2185 1803 ρυι-εεδειει,
2234 1738 2353 1795 esi;
2406 1742 2633 1795 namque
2681 1737 2737 1780 ει
2785 1730 3028 1779 venimus
3076 1733 3130 1778 ει
3177 1722 3474 1777 sumimus,

231 1826 719 1900 imperiOsissimus.
747 1826 918 1891 Atque
948 1823 1149 1874 utinam
1180 1818 1334 1874 molis
1367 1816 1504 1869 illius
1536 1828 1804 1884 pompam,

232 1921 346 1977 sive
388 1919 648 1981 donaria,
708 1917 780 1970 nil
829 1913 985 1982 hujus
1042 1910 1281 1978 obsequii
1339 1915 1515 1974 turpet
1566 1905 1803 1959 oblatio:

233 2009 373 2080 quod
405 2022 562 2063 secus
600 2006 713 2060 lore
747 2003 1031 2074 plurimum
1065 2001 1247 2054 timeo.
1283 1997 1390 2051 Nisi
1424 1996 1642 2049 forsitan
1670 1996 1810 2047 inter

234 2101 410 2155 omnia
451 2107 670 2152 venusta
711 2096 789 2150 sic
826 2092 1223 2163 epigrammatis
1266 2091 1418 2144 istius
1463 2088 1672 2143 [inditas
1699 2087 1811 2157 pla-

234 2202 349 2246 eeat
380 2233 395 2257 ,
463 2197 519 2243 ut
568 2188 718 2257 niger
764 2200 948 2239 nzevus
996 2182 1222 2237 candido
1273 2181 1329 2234 in
1375 2194 1601 2247 corpore
1646 2195 1660 2232 :
1721 2178 1810 2246 qui

235 2284 448 2354 quidem
481 2280 615 2335 solet
650 2280 728 2333 sic
757 2278 930 2331 facere
956 2279 1141 2341 risum,
1172 2272 1312 2341 quod
1342 2272 1588 2338 accipere
1614 2270 1810 2323 sull‘ra-

236 2374 403 2442 gium.
452 2370 556 2425 Ssd
599 2369 725 2439 quid
769 2367 892 2423 hinc
937 2365 1206 2434 amplius?
1272 2377 1408 2432 pone
1454 2362 1654 2416 ﬁstulas
1699 2361 1813 2428 ipse

239 2462 521 2532 pastorias,
566 2470 621 2515 et
670 2460 854 2529 elegiae
900 2468 1128 2523 nostrae,
1177 2456 1297 2526 quia
1348 2454 1481 2524 pede
1527 2452 1810 2517 claudicat,

239 2570 455 2609 manum
504 2553 733 2623 porrige.

366 2667 522 2739 114
550 2675 736 2725 Martini
762 2685 955 2739 corpus,
994 2670 1105 2719 totis
1128 2665 1412 2739 venerabile
1436 2667 1603 2726 terris,

427 2730 475 2785 ﬁt
491 2730 593 2799 'quo
604 2744 720 2799 post
742 2730 860 2799 vitai
877 2740 1094 2799 tempora
1120 2731 1236 2778 vivit
1260 2730 1440 2799 _b_onor,

358 2788 577 2848 Texefat
603 2788 680 2845 hic
704 2797 909 2856 primum
934 2788 1130 2856 plebeio
1153 2790 1367 2838 machina
1391 2788 1541 2846 cultu,

428 2861 546 2917 Quae
576 2857 837 2906 cciifessori
862 2868 956 2903 non
982 2862 1087 2902 erat
1104 2863 1349 2917 aaqua_suo
1372 2865 1383 2899 :

360 2912 463 2971 Nec.
485 2919 753 2968 desistebat
777 2919 908 2965 cives
926 2926 1133 2962 onerare
1163 2912 1345 2973 pudore

426 2980 588 3030 Gloria
609 2991 780 3039 magna
804 2979 910 3037 viri,
933 2976 1084 3035 gratia
1108 2986 1250 3039 parva
1274 2974 1383 3021 loci.

360 3041 575 3090 Antistes
597 3033 789 3097 sedvqtti
810 3033 1091 3097 numeratur
1112 3033 1140 3072 ὶ)
1167 3045 1341 3097 sextus
1362 3033 1423 3080 ab
1442 3034 1562 3094 ipso,

426 3102 637 3159 Longam
656 3095 930 3157 Perpetuus
945 3095 1139 3159 sustulit
1158 3095 1382 3159 invidiam
1407 3108 1419 3143 :

361 3153 611 3210 Interdum
637 3153 893 3207 removens
916 3157 1085 3203 modici
1111 3155 1360 3209 penetrale
1385 3153 1571 3215 sacelli,

425 3219 690 3279 Amplaqne
710 3224 839 3268 tecta
859 3218 1025 3279 levans
1048 3217 1299 3279 exteriore
1318 3216 1477 3262 domo.

362 3276 733 3350 Creve'run'tque
755 3278 917 3350 simul,
943 3276 1098 3350 valido
1122 3276 1609 3350 tribuentepatrono,

424 3346 449 3374 ε
480 3342 530 3389 ln
553 3337 720 3398 spatiis
741 3340 891 3398 aedes,
907 3337 1130 3386 conditor
1156 3338 1204 3385 in
1226 3337 1413 3385 meritis
1435 3349 1446 3384 :

363 3407 486 3466 Qua
507 3395 838 3453 Salomouiaco
860 3395 988 3462 potis
1011 3408 1086 3447 est
1109 3398 1378 3458 conﬂigere
1403 3395 1604 3456 templo,

242 3555 310 3608 ad
340 3554 597 3623 episcopos
644 3546 915 3623 propinciw
956 3542 1156 3623 Tertia.
1205 3542 1294 3596 Sic
1321 3541 1552 3623 eiiim_ex
1583 3537 1814 3620 antiquis

242 3609 654 3691 exeu'iplar'ibus
685 3617 754 3669 ibi
800 3614 1095 3691 legendum
1134 3622 1248 3691 est;
1308 3627 1410 3665 nou
1455 3609 1716 3691 Thraciae,
1760 3617 1817 3661 ut

242 3678 413 3760 vulgo.
430 3692 618 3756 legitur
640 3690 780 3760 inter
805 3678 1060 3754 epiStolas
1078 3683 1269 3760 Leonis
1296 3697 1464 3751 papae,
1490 3679 1678 3760 quibus
1705 3678 1817 3730 haec

243 3748 429 3832 parum
459 3748 614 3832 caute
653 3748 853 3810 inserta
896 3764 998 3832 est,
1029 3768 1149 3832 cum
1181 3748 1309 3832 ejus
1336 3748 1455 3832 non.
1479 3752 1567 3803 sit.
1600 3748 1816 3832 Quarta:

244 3818 559 3895 inelropolis
581 3828 842 3887 Senones,
870 3823 1007 3895 und_e
1027 3821 1260 3895 Senonia
1287 3818 1695 3895 appellatur_lib.
1719 3833 1811 3878 vn,

244 3903 400 3969 (‘pisL
427 3888 480 3963 Β,
504 3908 555 3950 et
579 3899 630 3949 in
654 3896 842 3969 Notitia
870 3893 936 3969 de
954 3893 1145 3944 Trac1u
1169 3888 1817 3969 Armoricano-(iacterum

247 3959 626 4038 Lugdunenses
674 3962 979 4038 provincia),
1011 3974 1130 4013 cum
1171 3959 1602 4038 prirnutnplividi
1644 3972 1823 4038 ς-οςψε-

247 4027 390 4103 τιιιῖι,
420 4039 536 4091 dua:
566 4042 765 4088 tantum
794 4032 939 4103 fuere
965 4048 977 4083 :
1009 4040 1125 4103 post
1152 4027 1377 4103 quatt‘tor
1404 4029 1574 4103 facta},
1601 4042 1630 4079 a
1652 4027 1824 4080 Theo-

248 4099 426 4173 dosio,
452 4117 510 4159 ut
550 4101 979 4173 conjicioaNaiu
1026 4116 1054 4152 a
1088 4101 1244 4173 [lotio
1275 4099 1431 4173 Festo
1470 4099 1823 4173 du:p_lantum_

253 4166 621 4240 numerantur,
652 4166 751 4225 nec
780 4171 959 4239 plures
986 4173 1051 4223 ab
1075 4172 1355 4240 Ammiano
1380 4166 1705 4240 Marcellino,
1732 4167 1825 4240 qni

250 4249 491 4303 Turonos
517 4247 566 4297 in
597 4235 722 4297 seru
752 4235 830 4294 da
860 4240 1196 4304 Lugdunensi
1226 4239 1473 4297 collocat.
1499 4237 1738 4289 Senones
1768 4235 1819 4287 in

253 4319 421 4387 prima
453 4332 466 4367 :
501 4324 569 4387 ut_
586 4313 716 4367 satis
746 4320 994 4377 appareat
1022 4309 1231 4363 tertiam
1271 4322 1334 4360 ex
1378 4305 1633 4369 secunda,
1664 4319 1823 4373 quar-

256 4384 361 4442 tam
396 4401 459 4438 ex
494 4384 660 4452 prima
690 4391 865 4452 natam
897 4392 1035 4452 esse.

1908 1826 2061 1880 Vale.

2456 1907 2781 1964 EPISTULA
2825 1906 2940 1961 XX.

2254 2003 2504 2059 Sidonius
2536 1999 2760 2053 Domitio
2789 2016 2880 2051 suo
2907 1998 3139 2051 salutem.

1991 2107 2071 2161 Tu
2112 2106 2197 2160 cui
2236 2104 2540 2174 frequenter
2577 2116 2721 2155 arma
2760 2111 2814 2155 et
2851 2108 3110 2153 armatum
3160 2107 3213 2151 et
3253 2106 3485 2150 armatos

1912 2197 2174 2266 inSpicere
2206 2194 2497 2263 jucundum
2538 2202 2650 2254 est;
2682 2206 2838 2260 qnam
2883 2192 3207 2254 voluptatem
3241 2196 3484 2256 putamus

1912 2300 2094 2346 mente
2122 2292 2451 2359 conciperes,
2486 2290 2527 2341 si
2551 2285 2575 2325 δ
2605 2289 2946 2356 Sigismerem
2979 2285 3181 2353 regium
3207 2288 3478 2353 juvenem,

1913 2384 2018 2437 ritu
2043 2392 2203 2452 atque
2229 2382 2373 2435 cultu
2399 2379 2665 2449 gentiliiio‘
2686 2389 2952 2441 ornatum,
2980 2386 3037 2429 ut
3063 2384 3184 2443 pote
3206 2389 3483 2443 sponsum,

1912 2490 2007 2530 seu
2044 2475 2347 2544 petitorem,
2382 2471 2685 2541 praetorium
2724 2452 2897 2523 soceri
2939 2476 3192 2537 expetere
3223 2465 3485 2519 vidisses?

1912 2568 2060 2623 Illum
2124 2580 2293 2635 equus
2359 2564 2573 2631 quidem
2621 2560 2850 2630 phaleris
2906 2568 3181 2627 comptus,
3232 2558 3337 2612 imo
3363 2555 3486 2624 equi

1914 2656 2238 2711 radiantibus
2274 2653 2503 2722 gemmis
2542 2652 2717 2704 onusti
2754 2650 3169 2715 antecedebant,
3199 2647 3285 2701 vel
3325 2646 3485 2700 etiam

1914 2744 2373 2815 subsequebantur
2402 2760 2414 2795 :
2447 2757 2567 2797 cum
2600 2754 2776 2796 tamen
2804 2740 2903 2793 hoc
2934 2738 3102 2808 magis
3132 2737 3203 2790 ibi
3232 2737 3483 2790 decorum

1915 2835 2360 2903 conspiciebatur,
2393 2833 2532 2902 quod
2564 2830 2979 2901 prmcursoribus
3018 2827 3148 2893 suis,
3176 2827 3286 2880 sive
3314 2826 3487 2896 pedis-

1914 2927 2135 2996 sequis,
2185 2924 2346 2993 pedes
2387 2933 2442 2977 et
2488 2923 2602 2991 ipse
2653 2920 2859 2975 medius
2909 2920 3164 2980 incessit,
3214 2917 3491 2971 ﬂanimeus

1918 3032 2101 3082 cocco,
2127 3016 2323 3070 rutilus
2351 3028 2502 3076 auro,
2540 3014 2743 3066 lacteus
2772 3015 2966 3073 ser'co,
2998 3018 3107 3063 tum
3130 3007 3291 3061 cultui
3324 3014 3489 3068 tanto,

1923 3124 2098 3175 coma,
2149 3108 2366 3169 rubore,
2417 3115 2539 3159 cute
2587 3104 2859 3159 concolor.
2927 3101 3244 3171 Regulorum
3291 3112 3488 3158 autem.

1923 3200 2301 3266 sociorumque
2325 3196 2671 3251 comitantum
2698 3194 2862 3249 forma
2890 3203 2943 3247 et
2971 3196 3021 3246 in
3049 3207 3177 3262 pace
3200 3190 3446 3245 terribilis
3472 3206 3488 3243 :

1923 3307 2147 3363 quorum
2197 3289 2361 3359 pedes
2410 3288 2565 3357 primi
2615 3301 2814 3356 perone
2859 3296 3036 3340 setoso
3083 3286 3218 3337 talos
3257 3284 3493 3352 adusque

1929 3381 2324 3442 vinciebantur;
2357 3393 2562 3445 genua,
2594 3392 2779 3442 crura,
2805 3390 3051 3444 surasque
3090 3375 3204 3429 sine
3243 3373 3488 3442 tegmine.

1922 3533 1958 3588 ii
1983 3532 2181 3587 scilicet
2205 3546 2335 3601 quos
2358 3545 2513 3593 super
2534 3529 2717 3581 ostium
2738 3544 2768 3601 a_
2791 3536 2929 3601 parte
2950 3527 3230 3601 meridiana
3258 3524 3319 3578 ad
3323 3526 3492 3601 jectol

1924 3596 2319 3726 poste§7lui'sse
2373 3609 2560 3653 auctor
2615 3606 2696 3652 est
2758 3598 2895 3652 idem
2952 3596 3240 3666 Gregorius
3297 3596 3385 3649 lib.
3436 3611 3489 3661 ν,

1924 3686 2037 3726 can.
2138 3711 2150 3725 .

1921 3674 2150 3727 can.37.

1988 3686 2250 3796 ﬁglinum
2282 3754 2308 3790 a
2337 3740 2559 3791 Martino
2581 3736 2897 3804 Perpetnum
2923 3736 3078 3799 dixit,
3099 3735 3217 3804 quia
3242 3733 3492 3789 Justinia-

1923 3827 2068 3872 num,
2092 3812 2299 3877 opinor,
2315 3816 2367 3861 et
2392 3809 2717 3862 Armentinm
2743 3815 2984 3877 numerat
3010 3807 3095 3874 qui
3122 3805 3322 3858 Briccio
3345 3806 3495 3877 pulso

1923 3882 2103 3934 sedem
2132 3874 2248 3947 ejus
2280 3888 2587 3941 tenuerunt;
2620 3891 2751 3941 quos
2782 3876 2831 3928 in
2860 3882 3225 3947 episcoporum
3257 3874 3489 3926 iudiculo

1928 3944 2476 4019 prmterit'Gregorius
2506 3964 2521 4019 :7
2550 3946 2773 4019 proinde
2796 3956 3038 4019 quartum
3059 3945 3177 4019 illic
3208 3961 3236 3996 δ
3268 3944 3493 3997 Martini)

1927 4015 2109 4073 Statuit
2131 4018 2471 4083 Perpetuum.
2502 4018 2569 4071 At
2596 4017 2686 4070 lib.
2731 4030 2764 4067 it
2799 4016 2959 4067 alium
2990 4015 3253 4068 calculum
3283 4026 3495 4068 secutus

1929 4091 2171 4159 quintum
2200 4088 2342 4140 facit.
2781 4152 2809 4159 __
3054 4154 3066 4159 _
3204 4152 3215 4159 _
3294 4152 3305 4159 _

2005 4168 2026 4195 ο
2055 4157 2201 4210 Ilanc
2228 4171 2368 4218 δεῖευρ
2407 4169 2618 4208 causam
2660 4152 2945 4218 ascribunt,
2980 4154 3067 4221 qui
3110 4152 3337 4220 antiquis
3370 4150 3500 4204 tedi-

1928 4227 2060 4281 liciis
2090 4241 2225 4280 nova
2247 4226 2567 4279 substiiuunt
2591 4240 2604 4277 :
2630 4223 2769 4293 quod
2798 4225 2981 4277 videre
3002 4232 3083 4276 est
3111 4222 3500 4293 incuri-tionis

1925 4298 2283 4351 monumentis
2309 4291 2658 4363 antiquarum
2687 4294 3112 4363 inscriptionum.
3143 4291 3290 4363 Nola:
3317 4301 3494 4344 autem

1925 4368 1975 4421 in
2006 4366 2307 4419 suburbana
2334 4364 2389 4418 S.
2409 4361 2600 4418 Felicis
2640 4361 2863 4417 ecclesia
2906 4378 3065 4430 quam
3097 4362 3346 4415 Paulinus
3387 4363 3502 4424 epi-

322 4431 361 4494 ί·
486 4431 677 4507 ιῖᾱέζέ.
693 4431 914 4504 Martini
948 4447 1164 4502 basilica
1205 4460 1361 4514 quam
1395 4444 1687 4512 Perpetuus
1715 4443 1821 4497 Tu-
1849 4444 1900 4503 Ι)
1926 4451 2117 4514 scopas
2140 4435 2403 4514 condidit,_
2424 4431 2908 4514 restant__hodicque
2931 4448 3111 4486 versus
3137 4447 3269 4514 quos
3295 4431 3501 4483 Paulini

250 4540 441 4579 ronum
498 4522 779 4590 episcOpus
858 4517 1124 4590 condidit,
1195 4524 1636 4590 remota_vetere
1694 4529 1819 4590 par-

252 4597 396 4655 vula,
440 4583 600 4659 quam
632 4591 867 4659 Brit-crus
916 4588 1237 4659 aediﬁcarat,
1268 4586 1376 4659 agit
1404 4583 1689 4659 Gregorius
1717 4586 1825 4637 'l‘u-

254 4680 371 4717 ron.
398 4655 490 4714 lib.
516 4676 569 4723 ιι,
597 4674 712 4725 cap.
734 4658 822 4717 l4,
843 4667 898 4710 et
928 4658 1018 4710 lib.
1045 4672 1077 4710 χ
1103 4657 1153 4709 in
1182 4656 1405 4710 elencho
1426 4655 1818 4720 episc0pornui.

256 4734 381 4802 Ejus
437 4724 727 4802 parietibus
767 4728 1009 4802 Perpetui
1062 4738 1246 4802 rogatu
1299 4724 1444 4777 varia
1490 4724 1819 4802 diversorum

254 4794 527 4872 poetarum
570 4796 818 4872 inscripta
848 4796 1058 4872 fuerunt
1088 4794 1466 4872 epigrammata
1500 4794 1819 4872 :Aquicplim

254 4862 500 4932 collecta.
536 4882 675 4922 nunc
702 4866 860 4920 etiam
894 4866 945 4917 in
976 4862 1239 4933 plerisipie
1264 4863 1481 4930 Sulpicii
1513 4862 1694 4917 Severi
1726 4878 1820 4915 eo-

255 4942 460 4995 dicibus
496 4939 560 4992 ad
594 4938 723 4990 Vita:
754 4936 808 4989 S.
830 4934 1034 4987 Martini
1071 4945 1268 4987 ca‘cein
1312 4936 1517 5001 adjecta
1549 4938 1823 5001 reperiun—

260 5024 347 5064 tur
373 5027 385 5061 :
411 5018 569 5074 atque
601 5008 737 5060 inter
777 5006 875 5058 alia
904 5004 1251 5059 Sidoniauum
1284 5004 1404 5069 hoc,
1435 5002 1572 5074 quod
1605 5003 1823 5055 nobilis-

255 5081 392 5134 simo
432 5073 661 5132 basilica:
686 5078 821 5140 loco,
851 5074 902 5127 ill
942 5084 1023 5127 est
1052 5091 1100 5125 In
1132 5074 1334 5136 abside,
1360 5073 1583 5126 incisum
1616 5080 1821 5133 notant,

259 5152 309 5203 in
338 5164 493 5217 quam
524 5146 579 5199 ὃ.
601 5145 811 5217 Martini
834 5143 1220 5217 corpusl‘uerat
1252 5145 1560 5217 translatum
1588 5158 1600 5193 :
1630 5142 1822 5217 dciude

256 5210 482 5272 alterum
536 5217 736 5270 Paulini
785 5210 1091 5275 PetrOcorii,
1134 5229 1289 5278 supra
1333 5215 1515 5264 ostium
1547 5210 1823 5264 basilicrra

257 5298 402 5359 parte
430 5288 620 5355 Ligeris
651 5302 668 5339 :
700 5288 836 5354 quod
867 5286 1104 5336 versibus
1132 5294 1337 5335 CttnSltll
1368 5282 1458 5345 23,
1512 5283 1610 5333 hoc
1641 5280 1820 5333 modo.

382 5367 598 5427 Quisque
616 5362 717 5413 solo
734 5361 930 5411 adclinis
956 5362 1166 5409 mersisti
1196 5362 1245 5408 in
1273 5361 1476 5421 pulvere
1496 5359 1697 5419 vultum,

260 5450 366 5520 50
389 5459 442 5503 et
471 5451 556 5520 qui
588 5454 901 5520 sequuntur.
954 5444 1089 5520 Editi
1121 5444 1259 5520 enim
1292 5444 1743 5520 sunt_snb_linetn-
1766 5442 1828 5495 li—

263 5513 556 5572 brorum-tu
586 5519 650 5570 de
669 5513 793 5571 Vita
819 5515 1045 5577 Martini,
1068 5518 1161 5567 sed
1190 5514 1303 5564 sine
1330 5514 1481 5566 titulo
1505 5531 1515 5564 :
1544 5513 1609 5567 dc
1637 5513 1828 5582 quibus

262 5598 315 5639 et
346 5588 592 5640 Paulinus
640 5591 748 5653 ipse
794 5586 977 5638 scribit
1025 5586 1076 5636 in
1118 5583 1338 5648 epistula
1391 5583 1454 5635 ad
1487 5584 1826 5651 l'erpetnum.

262 5656 397 5710 Sunt
434 5652 684 5724 praetcrea
740 5656 932 5709 ibidem
965 5654 1168 5709 Marini
1204 5652 1497 5707 lluinicusis
1542 5654 1821 5706 versiculi:

1927 4502 2091 4575 ipsius
2127 4518 2244 4575 esse
2276 4503 2511 4575 plerique
2544 4502 2801 4575 jndicaut.
2831 4512 3083 4555 renovata
3117 4502 3184 4554 ab
3221 4516 3304 4565 eo,
3333 4512 3388 4553 ut
3416 4511 3503 4554 est

1924 4572 1980 4630 iii
2009 4574 2178 4628 Natali
2205 4589 2258 4640 κ,
2291 4572 2509 4627 basilica
2538 4572 2881 4642 compositos.

2056 4686 2240 4735 Parvus
2264 4693 2371 4733 erat
2391 4683 2529 4731 locus
2552 4691 2685 4740 ante,
2711 4684 2861 4730 sacris
2880 4690 3110 4743 angustus
3129 4681 3347 4741 agendis,

2116 4745 2527 4807 Supplicibusque
2549 4757 2736 4803 negans
2758 4746 2971 4807 pandere
3002 4756 3145 4807 posse
3169 4756 3340 4790 manus

2048 4805 2198 4857 Nnuc'
2211 4805 2386 4868 populo
2406 4805 2615 4866 spatiosa
2639 4810 2791 4853 sacris
2814 4805 2979 4853 altaria
3018 4806 3201 4866 praebet

2112 4868 2307 4927 Ofﬁciis,
2332 4868 2477 4915 medii
2502 4868 2719 4928 martyris
2738 4869 2784 4915 in
2807 4868 3007 4926 gremio.

2053 4930 2234 4980 Cuncta
2258 4929 2363 4977 Deo
2386 4927 2846 4987 renovataplaceut,
2870 4941 2952 4974 nov
2964 4937 3011 4975 at
3033 4928 3191 4988 omnia
3210 4937 3407 4988 semper

2119 4988 2353 5047 Christus,
2389 4996 2439 5037 et
2462 5003 2506 5037 In
2530 4985 2772 5037 cumulum
2798 4988 2992 5035 luminis
3018 4985 3273 5048 ampliﬁcat

2052 5050 2133 5099 Sic
2154 5057 2202 5099 et
2227 5050 2392 5098 dilecti
2415 5049 2587 5097 solium
2614 5048 2789 5098 Felicis
2812 5048 3074 5108 honorans,

2109 5110 2169 5160 Et
2189 5112 2449 5172 splendore
2474 5109 2615 5158 simul
2639 5110 2837 5171 protulit
2858 5119 2910 5158 et
2926 5110 3094 5171 Spatio.

2000 5232 2024 5271 ά
2051 5234 2371 5295 Gothumne,
2413 5232 2710 5295 Francum,
2767 5248 2832 5285 an
2879 5231 3304 5299 Burgundionem
3331 5272 3346 5295 ,
3395 5244 3508 5283 non

1930 5306 2060 5357 satis
2079 5310 2432 5369 eXploratum.
2466 5305 2593 5356 Illud
2620 5316 2822 5355 ci-rtum
2848 5311 2948 5365 est,
2975 5302 3315 5368 Sigiswerem
3342 5302 3506 5358 hunc.

1933 5385 2115 5427 contra
2148 5390 2303 5443 quam
2342 5376 2456 5427 viro
2490 5374 2645 5426 docto
2676 5375 2843 5443 visum
2884 5375 2974 5443 sit,
3009 5372 3281 5443 diversum
3318 5382 3440 5422 esse
3477 5384 3511 5422 a

1936 5439 2223 5507 Sigismere
2243 5445 2436 5498 eomite
2458 5442 2743 5498 Athalarici
2768 5457 2859 5510 reg
2883 5458 2907 5494 s
2929 5441 3108 5503 Italiin,
3133 5439 3283 5508 cujus
3305 5439 3512 5492 mentio

1937 5514 2073 5582 apud
2107 5513 2415 5567 Senatorem
2458 5512 2548 5565 lib.
2576 5527 2686 5576 vni,
2719 5513 2876 5579 epist.
2907 5510 2962 5575 2,
3005 5520 3112 5562 tum
3144 5524 3265 5582 quia
3307 5511 3419 5562 loca
3452 5520 3513 5563 et

1938 5580 2175 5651 tempora
2216 5584 2537 5650 discrepant,
2585 5592 2693 5635 tum
2732 5585 2853 5647 quia
2889 5582 3135 5651 comitem
3164 5580 3313 5651 illum
3358 5582 3507 5648 regis:

1937 5649 2193 5715 sanguine
2220 5664 2394 5707 οτιιςηι
2426 5654 2586 5705 luisse
2616 5651 2742 5704 nihil
2775 5661 2855 5704 cst
2878 5649 3015 5717 quod
3047 5649 3283 5704 suadeat.
