3946 6176
456 228 552 280 53.”:

1678 218 2151 277 EPISTULARUM
2193 220 2316 273 LIB.
2362 221 2445 275 IV.

3598 228 3699 281 526

452 340 650 391 l‘raater
692 338 791 391 hoc
829 338 992 391 vestis
1026 338 1129 390 alta
1150 377 1163 399 ,
1198 339 1413 402 stricta,
1448 336 1760 400 versicolor,
1800 336 1885 388 vix
1924 351 2019 402 ap-
2050 338 2099 394 Α
2130 332 2215 387 hic
2240 335 2497 403 vagientis
2528 335 2760 389 infantia:
2790 339 3034 393 lactentia
3060 341 3297 395 membra
3323 340 3695 405 formavimus;

454 431 812 495 prepiuqnans
851 428 1140 496 peplitibus
1185 428 1433 491 exsertis,
1478 424 1698 480 manica:
1743 427 1853 479 sola
1901 426 2020 479 bra.

450 520 687 573 cbiorum
732 518 989 587 principia
1032 519 1303 579 velantes,
1352 516 1631 570 viridantia
1675 531 1797 585 saga
1849 516 2023 569 limbis

452 612 740 680 marginata
772 611 1012 678 puniceis
1043 626 1057 662 :
1092 611 1246 679 116
1277 608 1491 677 penduli
1518 624 1581 663 ex
1615 606 1836 660 humero
1864 606 2020 675 gladii

453 703 637 756 balteis
675 702 1178 769 supercurrentibus
1217 701 1551 753 strinxerant
1589 700 1764 752 clausa
1806 698 2024 751 bullatis

453 793 612 846 latera
653 790 996 845 rhenonibus.
1035 790 1112 842 Eo
1136 804 1242 855 quo
1275 788 1626 842 comebantur
1654 795 1866 849 ornatu,
1906 803 2023 840 mu-

455 884 732 936 niebantur
757 898 770 931 τ
796 881 997 934 lanceis
1024 878 1250 940 uncatis,
1274 879 1657 946 securibusque
1684 876 2025 930 missibilibus

453 975 650 1027 dextrae
690 972 923 1036 refertze,
962 972 1163 1042 elypeis
1199 973 1382 1026 laevam
1425 983 1627 1039 partem
1665 969 2025 1023 adumbranti-

454 1066 570 1130 bus,
594 1079 819 1131 quorum
854 1062 938 1115 lux
972 1062 1024 1115 in
1055 1062 1275 1116 orbibus
1305 1062 1479 1123 nivea,
1523 1060 1659 1113 fulva
1692 1059 1743 1112 in
1775 1060 2023 1113 umboni-

458 1159 568 1219 bus,
606 1155 673 1208 ita
703 1168 919 1207 censum
952 1151 1231 1221 prodebat,
1266 1159 1323 1204 ut
1350 1149 1607 1205 studium.
1636 1149 1839 1203 Cuncta
1872 1163 2027 1217 pror-

453 1260 543 1300 sus
574 1245 899 1311 huiusmodi,
940 1255 993 1296 nt
1024 1245 1076 1296 in
1105 1243 1312 1296 actione
1341 1242 1690 1295 thalamorum
1722 1255 1828 1292 non
1862 1254 2023 1308 appa-

457 1348 593 1393 reret
636 1337 812 1389 minor
842 1338 1020 1390 Martis
1063 1351 1250 1404 pompa
1285 1350 1442 1404 quam
1476 1333 1717 1388 Veneris.
1769 1334 1870 1387 Sed
1901 1332 2025 1401 quid

457 1429 565 1481 baae
612 1426 891 1496 pluribus?
934 1426 1249 1495 Spt‘clat'ttio
1303 1426 1390 1478 tali
1440 1424 1554 1478 sola
1603 1424 1886 1492 prtesentia
1939 1431 2027 1475 tua

455 1518 637 1573 defuit.
680 1517 809 1570 Nam
850 1531 969 1569 eum
1017 1526 1313 1583 snectarem
1355 1529 1473 1591 quae
1516 1514 1607 1567 tibi
1641 1513 1861 1582 pulchra
1904 1520 2029 1565 sunt

454 1625 557 1663 non
586 1618 637 1663 te
666 1608 870 1672 videre,
902 1609 1069 1675 ipsam
1101 1622 1167 1661 eo
1198 1614 1439 1675 tempore
1468 1604 1718 1660 desiderii
1751 1605 1823 1658 tui
1862 1605 2029 1673 impa-

455 1699 692 1754 tientiam
724 1698 1048 1751 desideravi.
1086 1696 1233 1749 Vale.

981 1786 1309 1842 EPISTULA
1349 1784 1489 1840 XXI.

852 1878 1098 1933 Sidonius
1128 1880 1265 1946 Apro
1286 1894 1379 1931 suo
1399 1880 1633 1931 salutrnt.

527 1975 623 2029 Est
663 1973 874 2043 quidem
904 1974 1152 2040 princeps
1183 1973 1232 2024 iu
1261 1985 1457 2039 genere
1489 1971 1836 2024 monstrando
1868 1970 2030 2039 partis

454 2076 691 2137 paterna:
738 2063 1085 2132 prarrogatixa
1126 2081 1138 2113 :
1176 2063 1269 2115 sed
1303 2071 1477 2115 tamen
1510 2063 1731 2115 multum
1772 2070 1854 2115 est
1892 2061 2030 2130 quod

453 2158 711 2211 debemus
740 2166 795 2210 et
823 2156 1095 2209 matribus.
1123 2154 1235 2208 Non
1264 2156 1403 2207 enim
1427 2170 1455 2207 a
1485 2156 1639 2208 nobis
1666 2156 1862 2222 aliquid
1892 2156 2031 2208 exsi-

455 2248 559 2302 lius
607 2246 685 2300 fas
736 2256 817 2301 est
850 2246 1121 2308 honorari,
1166 2246 1307 2314 quod
1344 2244 1575 2312 pondera
1609 2232 2029 2314 illaruatpquam

453 2337 597 2407 quod
648 2339 869 2392 isttzrnm
917 2339 1118 2391 semina
1164 2352 1368 2389 sumus.
1412 2336 1517 2391 Sed
1567 2337 1786 2406 originis
1834 2352 2031 2392 nosu'ae

454 2429 772 2483 definiendus
800 2428 1019 2482 materia
1050 2430 1129 2481 vel
1180 2428 1316 2481 ratio
1346 2429 1415 2480 sit
1443 2442 1607 2497 penes
1635 2429 1915 2498 physicos:
1938 2446 2033 2483 nos

456 2518 598 2571 unde
647 2518 759 2571 lucc
791 2519 889 2570 ista
922 2517 1274 2584 pra-misimus
1320 2529 1723 2585 persequamur.
1753 2528 1778 2554 ³
1821 2519 2033 2571 lleduus

457 2619 607 2677 pater
638 2610 753 2676 tibi,
786 2618 954 2661 mater
1000 2611 1235 2661 Arverna
1278 2617 1380 2661 est.
1414 2608 1606 2661 Primis
1646 2608 1841 2662 Ileduis
1872 2609 2035 2663 debe-

460 2701 537 2755 ris
565 2718 578 2752 :
615 2717 743 2769 ergo
772 2716 872 2753 ron
905 2700 1053 2762 Solis,
1085 2700 1166 2754 vel
1206 2708 1424 2768 propter
1454 2699 1583 2753 illud
1610 2702 1911 2767 exemplum
1941 2717 2035 2753 no-

460 2795 558 2847 stri
589 2793 861 2855 Maronis,
914 2808 1019 2860 quo
1070 2803 1204 2846 teste
1252 2792 1425 2845 Pallas
1470 2791 1547 2844 sic
1593 2790 1804 2845 habitus
1844 2793 2029 2857 Arcas,

461 2883 599 2953 quod
634 2884 830 2951 pariter
856 2896 905 2937 et
954 2882 1195 2943 Samnis,
1242 2882 1293 2935 in
1326 2882 1640 2935 Mezentium
1687 2898 1902 2936 movere
1944 2896 2036 2951 po-

462 2976 669 3036 luisset,
703 2985 758 3027 ut
784 2974 1114 3043 peregrinus.
1146 2989 1292 3026 arma
1323 2974 1721 3038 lletruscorum,
1753 2974 1807 3027 ni
1836 2974 2032 3028 mixtus

2127 426 2209 477 hic
2225 426 2510 479 civicarum
2536 427 2774 494 bujulaba
2787 446 2841 483 re
2866 433 3346 497 putnlusulnarutu.
3376 433 3504 485 llinc
3528 432 3553 469 ι’
3576 448 3704 485 avus

2129 518 2330 572 Fronto
2361 518 2587 572 blandus
2616 520 2733 580 tibi,
2779 522 2876 574 sibi
2908 540 3122 576 severus
3142 566 3156 587 ,
3187 525 3274 593 qui
3308 525 3554 591 exemplo
3583 540 3701 575 e~sn

2128 613 2387 677 potuisset
2434 612 2517 664 bis
2564 626 2696 680 ques
2743 612 2997 666 habemus
3044 631 3140 667 nos
3182 617 3231 668 in
3263 619 3535 683 exemplo;
3580 615 3703 667 hinc

2128 702 2242 752 avia
2274 701 2521 765 AuSpicia
2549 741 2562 761 ,
2592 718 2708 767 qua:
2758 703 2845 754 tibi
2883 716 2997 769 post
3045 716 3147 757 illi!)
3188 706 3371 758 matris
3398 708 3579 759 orbata
3608 707 3703 758 de-

2129 805 2359 850 cessum,
2391 789 2649 856 dependit
2681 807 2781 843 una
2812 807 2992 845 curam
3022 794 3265 846 duarum.
3298 794 3400 848 Sed
3433 806 3484 848 et
3511 810 3707 849 tna‘er-

2130 892 2240 936 tera
2270 892 2355 935 tua
2388 883 2512 936 hinc
2538 928 2551 948 ,
2600 892 2651 935 tt
2682 885 2800 936 hine
2842 886 2935 936 fuit
2961 900 3070 937 sant
3093 886 3195 938 tior
3224 886 3419 939 sanctis
3450 886 3701 939 Frontina

2128 972 2423 1041 virginibus
2445 1014 2461 1038 ,
2512 990 2666 1042 quam
2711 976 2993 1028 verebatur
3021 988 3207 1041 mater,
3238 986 3391 1044 pater
3418 978 3707 1030 veneraba-

2131 1074 2236 1129 tur,
2286 1081 2507 1119 summte
2557 1066 2893 1119 abstinentia:
2925 1069 3139 1134 puella,
3185 1069 3379 1121 summi
3428 1068 3617 1137 rigoris
3648 1086 3706 1119 ac

2132 1155 2254 1209 fidei
2284 1156 2550 1224 ingentis,
2597 1156 2674 1210 sic
2701 1157 2864 1209 Deum
2910 1158 3140 1222 timens,
3190 1169 3248 1210 ut
3295 1158 3362 1212 ab
3405 1159 3708 1211 hominibus

2132 1247 2430 1302 timeretur.
2460 1249 2555 1302 llic
2586 1256 2636 1301 te
2669 1249 3007 1302 imbuendqu
3042 1249 3350 1303 liberalibus
3391 1252 3707 1319 disciplinis,

2131 1339 2483 1407 grammatici,
2522 1338 2854 1405 rhetorisque
2884 1338 3055 1392 studia
3090 1340 3329 1391 florentia
3361 1341 3562 1392 monitu
3595 1356 3708 1394 cer-

2135 1440 2277 1483 tante
2306 1430 2583 1484 foverunt:
2611 1429 2749 1483 unde
2776 1440 2827 1482 tu
2860 1446 2962 1483 non
2993 1441 3097 1483 tam
3130 1430 3472 1485 mediocriter
3502 1432 3707 1484 institn~

2132 1525 2216 1582 ms
2241 1519 2431 1573 existis
2451 1560 2466 1582 ,
2501 1529 2555 1571 ut
2603 1519 2695 1571 tibi
2730 1520 2885 1573 liceat
2913 1520 3181 1573 Arvernos
3210 1520 3292 1574 vel
3325 1532 3537 1588 propter
3564 1521 3707 1573 litte-

2132 1626 2219 1665 ras
2244 1628 2351 1666 non
2378 1627 2579 1665 amare.
2612 1612 2791 1666 Taceo
2823 1622 2845 1650 ε
2881 1613 3131 1665 territorii
3163 1611 3482 1681 peculiarem
3521 1611 3709 1677 jocun-

2057 1698 2378 1766 Bditatem;
2418 1713 2570 1756 taren
2604 1703 2733 1755 illud
2779 1718 2960 1768 aequor
3006 1718 3249 1769 agrorum
3277 1745 3291 1766 ,
3342 1703 3393 1755 in
3443 1717 3547 1769 quo
3593 1702 3708 1755 sine

2131 1794 2370 1863 periculo
2418 1805 2734 1861 qtm'sluosm
2797 1794 3052 1847 ﬂuctuant
3101 1796 3151 1847 in
3198 1794 3468 1863 segetibus
3516 1794 3704 1846 undas:

2130 1883 2271 1950 quod
2306 1884 2601 1937 industrius
2630 1884 2858 1951 quisque
2898 1897 3004 1951 quo
3036 1883 3152 1949 plus
3189 1885 3345 1953 118
3386 1882 3706 1951 frequentat,

2132 1976 2233 2027 hoc
2262 1973 2436 2026 minus
2468 1972 2745 2041 naufragat
2781 1988 2796 2026 :
2841 1972 3130 2025 viatoribus
3163 1972 3352 2036 molle,
3385 1971 3706 2025 fructuosum

2131 2068 2452 2130 aratoribus,
2480 2065 2823 2121 venatoribus
2844 2070 3249 2134 voluptuosum;
3279 2065 3419 2134 quod
3450 2065 3706 2117 montium

2134 2160 2353 2227 cingunt
2382 2160 2535 2212 dorsa
2571 2158 2781 2225 pascuis
2803 2197 2818 2219 .
2857 2158 3024 2211 latera
3056 2156 3267 2219 vinetis,
3304 2167 3515 2210 terrena
3546 2156 3703 2218 villis,

2133 2262 2322 2302 saxosa
2350 2248 2608 2311 castellis,
2640 2262 2801 2314 opaea
2848 2246 3052 2312 lustris,
3085 2255 3265 2314 aperta
3296 2245 3543 2308 culturis,
3574 2260 3705 2298 con-

2133 2356 2259 2393 cava
2313 2340 2580 2404 fontibus,
2628 2340 2850 2406 abrupta
2897 2338 3232 2401 ﬂuminibus;
3290 2336 3429 2405 quod
3480 2337 3707 2403 denique

2135 2433 2435 2500 hujusmodi
2468 2442 2568 2493 est,
2594 2442 2650 2484 ut
2678 2429 2843 2484 semel
2866 2432 3033 2483 visum
3062 2430 3299 2493 advenis,
3325 2428 3504 2480 multis
3527 2429 3708 2494 patria:

2134 2525 2454 2577 oblivionem
2486 2538 2627 2591 szepe
2660 2522 2994 2588 persuadeat.
3018 2520 3195 2573 Taceo
3218 2518 3483 2573 civitatem
3517 2518 3704 2585 ipsam,

2134 2615 2208 2665 tui
2239 2629 2369 2678 sem;
2389 2628 2449 2667 er
2474 2612 2551 2667 sic
2580 2612 3023 2674 amantissimam,
3068 2620 3124 2662 ut
3167 2609 3265 2663 soli
3296 2607 3548 2662 nobilium
3580 2623 3708 2661 con-

2136 2705 2380 2759 tubetnio
2424 2703 2675 2771 praferre
2712 2703 2785 2755 nll
2831 2702 3057 2765 debeas;
3097 2700 3178 2754 cui
3226 2710 3279 2753 tu
3329 2714 3485 2753 manu
3517 2699 3706 2767 injecta

2135 2796 2357 2851 feliciter
2388 2802 2569 2862 raptus
2601 2792 2907 2847 inserebare
2938 2810 2948 2843 :
2980 2792 3161 2859 sicque
3192 2804 3379 2844 omnes
3410 2788 3708 2857 prmsentie

2136 2900 2326 2942 vestrze
2372 2888 2650 2954 voluptas,
2706 2883 2846 2953 quod
2897 2893 3070 2935 tamen
3122 2882 3322 2935 nullum
3354 2882 3518 2935 satias
3546 2881 3705 2946 cepit.

2137 2979 2251 3032 lam
2283 2977 2408 3045 quid
2440 2976 2559 3029 istic
2591 2975 2655 3029 de
2691 2989 2747 3027 re
2794 2973 3037 3026 familiari
3072 2982 3157 3026 tua
3191 2972 3397 3035 dicam,
3446 2972 3597 3038 cujus
3627 2970 3709 3024 bic

462 3072 633 3118 matre
682 3064 889 3117 Sabella
917 3104 930 3125 ,
987 3074 1189 3131 partem
1220 3078 1432 3132 quoque
1482 3064 1632 3134 117
1684 3066 1866 3131 patria;
1918 3065 2041 3119 inde
2069 3058 2114 3121 C
2144 3078 2315 3121 status
2341 3077 2443 3131 est,
2478 3073 2533 3119 ut
2562 3074 2703 3118 tuam
2734 3078 3023 3132 expensam
3056 3063 3156 3117 hoc
3185 3062 3254 3116 sit
3279 3063 3486 3119 facilius
3516 3062 3678 3115 tolera
3698 3090 3712 3099 -

463 3155 734 3210 traxisset.
767 3155 903 3208 Ecce
934 3154 1096 3207 Iubes
1138 3170 1384 3223 magnum
1422 3157 1654 3208 maximo
1696 3166 1913 3209 auctore
1943 3157 2037 3209 do-

463 3254 793 3308 cumentum,
819 3246 956 3313 quod
988 3246 1171 3313 patria:
1197 3259 1322 3313 pars
1347 3247 1697 3314 computanda
1725 3249 1791 3300 sit
1814 3259 1865 3301 et
1892 3248 2036 3314 regio

465 3346 704 3391 materna
747 3355 759 3390 :
802 3337 899 3390 nisi
943 3348 1144 3405 poetas,
1176 3346 1231 3390 et
1260 3351 1379 3390 cum
1410 3338 1477 3389 ab
1502 3336 1720 3391 hiStoria
1754 3355 1857 3391 non
1890 3354 2037 3393 rece‘

466 3433 599 3486 dunt
625 3474 639 3497 ,
688 3430 899 3483 mentiri
929 3429 1279 3483 existimabin
1316 3430 1473 3497 Igitur
1503 3430 1723 3485 Arverni
1764 3434 1806 3485 si
1839 3434 2037 3501 portio-

466 3538 588 3576 nem
616 3522 687 3573 tui
719 3520 889 3573 saltim
923 3520 1291 3588 vicissimjure
1320 3520 1417 3573 sibi
1446 3521 1732 3583 vindicant,
1779 3526 2039 3589 patienter

468 3614 684 3667 admitte
732 3612 1113 3677 querimoniam
1173 3611 1599 3675 desiderantum;
1658 3614 1745 3681 qui
1790 3614 1879 3666 tibi
1944 3632 2039 3678 per

472 3706 624 3758 unius
652 3721 703 3757 οι
720 3704 764 3757 is
793 3704 894 3757 mei
926 3702 1159 3756 officium
1191 3743 1207 3767 ,
1254 3718 1357 3755 non
1403 3702 1561 3756 unius
1603 3705 1831 3771 pecteris
1863 3704 2040 3772 profu-

468 3796 596 3850 dere
642 3808 771 3847 Secr‘
797 3802 928 3846 tmn.
962 3792 1106 3859 Quos
1156 3793 1330 3859 palam
1379 3806 1430 3845 et
1458 3806 1638 3846 coram
1669 3793 1845 3847 dicere
1878 3808 2035 3862 puta:

469 3885 603 3951 Quid
651 3886 703 3937 in
756 3894 806 3937 te
851 3884 973 3936 mali
1021 3890 1259 3943 tantum,
1304 3886 1528 3952 ingrate,
1558 3886 1947 3950 commisimus,
1984 3897 2039 3939 ut

473 3992 565 4043 per
594 3986 672 4029 tot
700 3988 868 4027 annos
897 3973 1166 4042 quondam
1197 3973 1414 4026 humum
1457 3975 1696 4029 altricem
1732 3992 1869 4029 nunc
1900 3978 2043 4031 velut

473 4068 733 4121 hosticum
761 4065 934 4119 solum
962 4064 1166 4133 fugias?
1205 4064 1299 4118 liic
1326 4064 1639 4119 incunabula
1670 4074 1755 4120 tua
1783 4068 2040 4136 fovimus;

547 4226 763 4279 ‘lledui
808 4224 1059 4278 Arvernis
1106 4229 1165 4275 ut
1213 4222 1430 4276 sedibus
1486 4224 1701 4287 vicinis,
1747 4227 1816 4278 ita
1862 4228 2045 4283 multis

475 4312 617 4362 sa-pe
650 4298 864 4363 privatis
897 4314 941 4356 ιιι
968 4293 1220 4358 blicisque
1241 4293 1527 4347 fmderibns
1551 4295 1839 4362 conjuncti.
1860 4297 2043 4351 Fidem

479 4370 542 4419 fat
565 4368 636 4418 iat
670 4374 820 4417 vetus
862 4380 950 4415 ara
986 4377 1312 4425 marmorea,
1345 4379 1461 4430 qum
1488 4363 1658 4417 Genio
1685 4366 2043 4421 Arvernorum

2142 3171 2283 3221 tura,
2318 3159 2460 3227 quod
2487 3155 2763 3211 crebrius?
2786 3155 2917 3210 Nam
2947 3155 3195 3209 dominus
3220 3157 3452 3225 agricola
3478 3159 3520 3211 si
3551 3159 3712 3213 larem

2142 3251 2227 3304 hic
2257 3250 2450 3313 foveat,
2480 3248 2556 3302 sic
2582 3247 2705 3300 facit
2726 3255 3015 3314 sumptum,
3038 3247 3175 3314 quod
3209 3255 3366 3316 anget
3387 3256 3442 3302 et
3467 3249 3713 3302 reditum.

2140 3342 2268 3395 “me
2293 3354 2429 3393 unus
2459 3338 2549 3392 tibi
2582 3338 2841 3402 omnium,
2871 3346 3018 3390 certe
3048 3338 3306 3390 bOnorum
3342 3338 3535 3391 (ivittnt
3569 3350 3712 3401 voto,

2140 3432 2325 3500 petitu,
2351 3430 2469 3481 vice
2496 3426 2672 3495 garrio
2692 3442 2704 3475 :
2725 3424 2815 3493 qui
2846 3440 2963 3477 cum
2997 3433 3141 3475 tanto
3174 3424 3372 3478 honore
3398 3435 3447 3477 te
3476 3438 3713 3492 poscant,

2143 3532 2288 3577 tanto
2330 3534 2512 3572 amore
2542 3517 2879 3579 desiderent,
2922 3515 3145 3582 intelligi
3172 3515 3347 3577 datur,
3392 3517 3567 3584 gaudii
3600 3519 3716 3585 plus

2142 3623 2214 3679 te,
2244 3612 2369 3665 dum
2403 3609 2589 3663 tribuis
2617 3607 2755 3674 quod
2790 3604 3012 3672 rogaris,
3038 3614 3425 3659 asSecuturum.
3462 3607 3606 3661 Vale.

2662 3694 2992 3749 EPISTOLA
3034 3694 3195 3747 XXII.

2490 3789 2735 3845 Sidonius
2762 3784 2789 3824 δ
2825 3787 2979 3840 Leoni
3005 3804 3095 3840 suo
3125 3789 3357 3843 salutem.

2216 3884 2312 3937 Vir
2352 3880 2669 3949 magnificus
2699 3879 2988 3946 Hesperius
3015 3920 3029 3944 ,
3075 3894 3280 3945 gemina
3310 3893 3596 3931 anucmuu.
3630 3880 3716 3933 lit-

2148 3988 2489 4043 terarumque
2514 4015 2526 4033 .
2576 3987 2741 4039 nuper
2772 3973 2900 4024 urbe
2948 3986 3068 4023 cum
3101 3972 3253 4023 rediit
3284 3987 3313 4024 e
3343 3971 3669 4023 Tolosatium
3702 4018 3714 4036 _

2152 4069 2442 4140 prmeipere
2472 4075 2521 4119 te
2543 4064 2695 4129 dixit,
2731 4074 2786 4115 ttt
2815 4062 3157 4127 epistularum
3186 4077 3385 4121 turam,
3406 4062 3512 4127 jam
3544 4065 3726 4116 tenni-

2152 4225 2392 4283 versibus
2422 4229 2577 4275 ornat
2606 4220 2656 4273 in
2694 4218 3011 4287 panegyricn
3042 4216 3199 4271 Aviti.
3233 4214 3410 4287 Certat
3441 4217 3581 4268 enim
3617 4217 3718 4269 Le-

2153 4296 2341 4350 maniei
2374 4294 2483 4359 agri
2515 4294 2790 4345 amoenitas
2818 4285 3327 4366 (εὴ-ιη.-[ιξρυηάῇιειιιξζ
3364 4285 3465 4339 Sed
3483 4290 3715 4366 Iamwni.

2156 4367 2280 4419 tatis
2328 4355 2518 4415 famam
2562 4370 2820 4414 testantur
2855 4358 3175 4410 Childeberti
3223 4355 3360 4421 regis
3386 4355 3568 4420 verba,
3604 4373 3721 4423 qun.

478 4453 505 4488 a
538 4436 693 4489 Suavi
725 4434 989 4501 quondam
1039 4432 1217 4486 {Eduo
1250 4425 1439 4499 pttsiltl,
1471 4433 1523 4487 in
1559 4434 1822 4503 lticomagi
1854 4448 2050 4490 nostra:
2080 4444 2127 4501 ο
2157 4437 2342 4489 recitat
2368 4432 2678 4498 Gregorius,
2716 4438 2770 4481 et
2800 4430 2910 4503 ipse
2942 4430 3230 4503 Arvernus,
3266 4425 3356 4476 lib.
3390 4441 3466 4485 Ill,
3496 4440 3612 4503 cap.
3646 4428 3715 4479 9:

478 4508 779 4561 suburbano
798 4503 1145 4558 Mausiaceusi
1176 4504 1422 4557 ctenobio
1453 4512 1621 4556 restat
1649 4506 1727 4559 his
1760 4505 1935 4558 verbis
1961 4524 1976 4560 :

903 4615 1108 4670 GENIO
1140 4616 1614 4670 ARVERNORUM

914 4686 1068 4743 SEX.
1100 4685 1344 4739 ORCIUS
1384 4686 1627 4742 SUAVIS

1133 4754 1406 4811 EDUUS.

548 4848 576 4887 δ
606 4850 699 4903 Hic
724 4848 861 4901 idem
896 4846 1064 4901 \idcri
1091 4856 1285 4916 potest,
1316 4846 1457 4916 quod
1486 4861 1590 4901 non
1630 4847 1784 4902 facile
1813 4848 2050 4901 afﬁrma-

484 4921 616 4984 rim,
666 4918 864 4974 Fronto
916 4932 1129 4983 comes,
1178 4918 1386 4987 gemina
1431 4919 1695 4987 legatione
1738 4920 1948 4972 functus
1984 4919 2049 4972 ad

484 4991 687 5044 Suevos
728 4991 781 5043 in
838 4988 1144 5057 Hispaniam
1173 5032 1186 5053 ,
1232 4988 1460 5056 primum
1511 4988 1609 5040 sub
1646 4988 2049 5054 Valentiniano,

480 5063 675 5114 deinde
726 5062 826 5113 sub
871 5058 1049 5111 Avito.
1096 5057 1381 5126 Utriusque
1425 5059 1668 5111 meminit
1707 5058 1810 5128 51
1862 5059 2055 5111 ldatius

481 5140 695 5184 noster:
722 5131 912 5196 prioris
938 5143 1079 5181 anno
1112 5128 1169 5181 Η
1202 5127 1460 5187 Martiaui,
1490 5127 1807 5196 posterioris
1833 5129 2059 5181 triennio

519 5211 619 5264 ost,
656 5195 736 5252 his
763 5200 937 5251 verbis
976 5215 991 5251 :
1028 5196 1129 5249 Per
1158 5197 1355 5248 Auitum
1379 5198 1655 5265 Augustum
1678 5195 1875 5252 Fronto
1896 5214 2060 5251 comes

519 5217 619 5264 osr,
656 5217 736 5252 nts
763 5217 937 5251 vernis
976 5217 991 5251 :
1028 5217 1129 5249 rer
1158 5217 1355 5248 Atmum
1379 5217 1655 5265 augustum
1678 5217 1713 5247 ιτ
1730 5217 1875 5252 ranto
1896 5217 2060 5251 comes

480 5217 676 5338 ﬁgulus
707 5269 920 5321 mittitur
943 5269 1008 5319 ad
1033 5267 1223 5322 Suevos
1240 5283 1259 5320 :
1276 5267 1504 5318 similiter
1523 5277 1570 5319 et
1598 5284 1627 5319 a
1647 5283 1762 5335 rege
1784 5267 2061 5320 Gothorum

485 5337 819 5399 Theuderico.
852 5340 970 5406 quia
998 5339 1134 5407 ﬁdus
1166 5337 1395 5407 Romano
1421 5348 1547 5389 esset
1576 5338 1785 5407 imperia
1813 5352 1830 5390 :
1858 5348 1911 5389 ut
1939 5340 2057 5406 quia

484 5427 587 5463 uno
613 5417 773 5463 essent
796 5408 937 5479 pacis
964 5406 1150 5479 {crdere
1177 5406 1420 5477 copulati,
1437 5410 1563 5477 jura
1591 5407 1792 5476 fmderis
1813 5411 2060 5476 promissa

482 5488 757 5533 servarent.

559 5561 583 5588 ε
609 5549 878 5604 inferiOris
912 5548 1180 5602 Arvernize
1228 5554 1446 5611 nostras,
1475 5560 1595 5616 qum
1625 5547 1876 5613 peculiari
1906 5563 2064 5599 voca-

486 5620 613 5676 bulo
659 5623 893 5676 Lemane
939 5619 1103 5673 dicta.
1152 5617 1317 5682 llnjus
1354 5620 1651 5672 ubertatem
1692 5620 1870 5673 mu'tis
1902 5622 2061 5673 etiun

2160 4506 2357 4563 Dicere,
2390 4494 2581 4566 inquit,
2613 4508 2717 4550 erat
2745 4498 2919 4550 solitus
2940 4513 3063 4555 rex,
3099 4494 3257 4566 Velini
3293 4511 3517 4563 unquam
3546 4497 3723 4547 Arver~

2157 4590 2274 4627 nam
2299 4565 2587 4629 Lemanem,
2613 4584 2725 4636 qua!
2755 4575 2908 4618 tanta:
2925 4565 3262 4634 jocuuditatis
3285 4566 3449 4633 gratia
3479 4568 3727 4634 refulgere

2155 4645 2360 4702 dicitur,
2391 4640 2549 4691 oculis
2578 4652 2797 4689 cernere.

2227 4712 2252 4748 ά
2273 4707 2589 4764 Cousibarin
2617 4706 2786 4775 Eurici
2818 4704 2959 4775 regis
2989 4703 3303 4765 Gothorum,
3333 4712 3388 4756 et
3419 4706 3555 4757 ve‘ut
3587 4722 3729 4771 qum-

2158 4782 2285 4835 slori
2318 4799 2331 4832 :
2368 4782 2466 4831 hoc
2494 4774 2964 4843 enim’signiﬁcant
3004 4790 3120 4841 qua:
3162 4774 3226 4827 ad
3266 4775 3510 4826 eumdem
3543 4776 3729 4827 scribit

2160 4852 2254 4906 lib.
2293 4865 2419 4912 vttt,
2456 4848 2610 4913 epist.
2653 4849 2705 4900 5.
2738 4847 2974 4911 Quantus
3015 4856 3267 4913 pra'terea
3306 4844 3386 4895 vir
3425 4844 3583 4896 fuerit
3621 4845 3729 4897 elo-

2158 4921 2392 4991 quentiae
2426 4933 2487 4971 ac
2524 4922 2743 4991 poeticae
2781 4912 3510 4991 studiis,"jurisque_civilis
3535 4914 3731 4991 eximia

2159 4982 2460 5056 cognitione
2481 5029 2496 5049 ,
2527 4982 2742 5056 'inultis
2765 4986 2957 5052 passim
3004 4983 3417 5056 locis‘prazdicat
3454 4982 3728 5056 Sidonius.

2161 5052 2292 5115 Item
2334 5058 2607 5113 Eunodius
2645 5057 2695 5109 in
2728 5055 2844 5108 Vita
2897 5056 3045 5121 Epipl
3071 5054 3174 5105 anii
3206 5095 3220 5115 ,
3270 5054 3337 5107 de
3378 5052 3535 5121 hujus
3574 5069 3733 5120 agens

2162 5130 2426 5199 legatione
2459 5128 2523 5179 ad
2566 5126 2818 5199 Euricttm
2854 5142 2867 5175 :
2906 5122 3066 5181 Erat,
3112 5124 3307 5190 inquit,
3339 5140 3404 5199 ea
3444 5134 3733 5199 trntpestata

2165 5190 2491 5252 covnsiliorum
2524 5196 2769 5263 principis
2799 5204 2845 5245 et
2875 5198 3161 5247 moderator
3191 5203 3236 5246 et
3270 5194 3476 5256 arbiter,
3517 5190 3613 5263 Leo
3645 5209 3734 5263 "tl-

2166 5270 2319 5335 mine,
2349 5284 2493 5335 quem
2528 5262 2947 5337 rprrgeloquentia'
2984 5264 3215 5337 mcri'u‘m
3253 5279 3348 5314 non
3380 5278 3478 5311 una
3498 5262 3611 5328 jum
3649 5262 3735 5337 rfe-

2165 5333 2720 5405 clantatianum'palma
2742 5333 3028 5402 susceperat
3049 5349 3066 5385 :
3088 5333 3171 5401 qui
3192 5348 3305 5405 cum
3335 5346 3528 5405 summa
3550 5333 3735 5405 gaudio

2167 5410 2439 5462 adventum
2474 5399 2728 5474 pontiﬁcis
2769 5399 3011 5457 indicavit
3054 5399 3245 5453 nutttia'
3274 5399 3508 5468 publica}.
3549 5402 3652 5474 Sed
3683 5410 3737 5474 et

2168 5490 2439 5547 superstes
2471 5470 2665 5530 Eurico
2695 5476 2831 5547 Leo;
2875 5474 3011 5547 idem
3048 5485 3255 5547 quoque
3296 5470 3655 5547 munus_cbiit
3686 5472 3736 5547 iu

2170 5538 2287 5602 aula
2314 5548 2505 5602 Alarici
2537 5547 2628 5599 filii
2667 5564 2680 5598 :
2719 5546 2868 5609 cujus
2899 5544 3019 5595 item
3060 5539 3393 5592 consiliarius
3420 5554 3448 5591 a
3482 5538 3736 5609 Gregorio

2175 5620 2365 5673 dcitur
2390 5619 2479 5672 lib.
2514 5632 2527 5670 ι
2564 5615 2955 5677 Miraculerum,
2986 5626 3084 5680 cap
3138 5611 3225 5663 92.
