3946 6176
318 225 416 280 527

1560 217 1801 274 SIDONII
1839 217 2294 275 APOLLINARIS

3462 229 3561 287 528

316 341 457 396 natis
486 339 633 395 libris
658 353 840 395 earum
865 379 881 404 ,
921 344 1354 392 converteremus
1380 335 1446 389 ad
1486 335 1680 406 stylum
1714 334 1883 390 liisto-
1911 338 1964 398 Α
1992 353 2209 409 monum
2241 339 2391 406 copia
2442 337 2689 409 impletus
2716 347 2864 405 ante,
2898 353 3036 394 nunc
3066 353 3265 407 rerum,
3298 354 3404 394 non
3432 343 3559 397 reli-

316 436 432 486 rizc.
481 430 800 486 Reverentia
850 443 1086 493 summa,
1138 442 1348 482 summo
1388 435 1443 480 et
1470 427 1693 489 affectu,
1728 427 1885 505 119

315 524 475 577 talem
510 531 669 590 atque
697 530 893 592 tantam
924 519 1241 573 sententiam
1274 517 1568 586 amplector
1595 533 1608 569 :
1634 516 1882 587 idoneum

313 613 510 681 quippe
529 610 838 680 pronuntias
871 608 937 663 ad
961 623 1121 678 opera
1154 607 1379 677 majora,
1410 622 1566 676 quem
1598 606 1883 660 mediocria

315 710 471 772 putas
497 701 750 756 deserere
777 699 994 754 debere.
1024 698 1127 754 Sed
1157 698 1296 768 quod
1329 697 1601 751 fatendum
1630 706 1715 751 est
1737 737 1753 763 ,
1800 695 1884 750 fa-

313 793 469 847 cilius
513 793 686 846 audeo
731 789 1035 858 hujusmodi
1083 789 1354 856 suSpicere
1397 786 1675 855 judicium,
1723 803 1881 854 quam

313 883 586 953 suscipere
636 883 939 936 consilium.
1007 880 1112 934 Res
1157 879 1370 950 quidem
1419 878 1575 947 digna
1623 866 1780 944 quam
1831 886 1883 930 tu

311 978 556 1045 juberes:
576 975 669 1030 sed
703 990 805 1029 non
836 974 1009 1027 minus
1034 974 1190 1040 digna
1215 987 1371 1041 quam
1402 971 1623 1025 faceres.
1649 969 1885 1039 Namque

290 1077 369 1121 ‘ct
411 1066 698 1136 antiquitus
722 1106 738 1131 ,
789 1082 911 1120 cum
955 1064 1017 1118 C.
1051 1062 1328 1117 Cornelius
1358 1064 1420 1117 C.
1445 1064 1690 1131 Secundo
1732 1065 1881 1135 paria

312 1158 589 1220 suasisset,
624 1158 736 1225 ipse
778 1155 1115 1226 postmodum
1158 1155 1298 1223 quod
1345 1155 1575 1224 iujuuvit
1622 1157 1878 1224 arripuit:

315 1249 474 1318 idque
504 1247 571 1301 ab
600 1246 844 1314 exemplo
886 1260 1028 1299 nunc
1072 1246 1261 1299 melius
1290 1246 1594 1315 aggrederis
1622 1262 1637 1299 :
1678 1234 1798 1315 quia
1829 1253 1885 1301 et

233 1394 235 1398 ι
311 1356 412 1410 ego
442 1339 611 1393 Plinio
640 1348 697 1391 ut
727 1337 1017 1406 disc‘pulus
1061 1351 1281 1406 assurgo
1308 1376 1325 1401 ,
1376 1345 1430 1390 et
1472 1347 1528 1390 tu
1559 1346 1767 1391 vetusto
1792 1352 1883 1407 ge-

311 1445 439 1503 nere
455 1428 700 1484 narrandi
710 1428 831 1496 jure
844 1426 1144 1482 Cornelium
1161 1428 1455 1495 antevenis;
1468 1412 1562 1496 qui
1577 1431 1775 1482 sarculo
1789 1446 1884 1482 no-

311 1530 423 1576 stro
459 1522 503 1573 si
528 1520 890 1584 revivisceret,
916 1528 1072 1588 teque
1098 1518 1268 1586 qualis
1291 1518 1344 1571 in
1370 1508 1561 1575 litteris
1582 1530 1634 1574 et
1654 1533 1882 1590 quantus

311 1614 541 1667 habeare
565 1653 581 1678 ,
621 1612 1021 1680 conspicaretur
1042 1649 1058 1673 ,
1092 1609 1251 1673 modo
1279 1610 1457 1675 verius
1482 1610 1695 1685 Tacitus
1715 1622 1876 1685 esset.

1988 428 2150 497 quisti
2179 443 2277 481 cur
2305 440 2566 484 venenato
2597 443 2777 483 morsu
2801 444 3007 484 secere.
3055 434 3227 500 Atque
3256 431 3378 486 ideo
3421 442 3474 487 te
3510 434 3563 488 in

1987 529 2261 589 posterum
2291 519 2495 589 consuli
2538 519 2771 591 utilitas,
2805 521 2980 583 audiri
3018 522 3293 591 voluptas,
3325 522 3428 591 legi
3471 538 3563 577 au-

1985 610 2204 663 ctoritas
2232 610 2353 664 erit.
2380 609 2523 664 Vale.

2412 703 2562 771 121
2587 700 2915 767 EPISTULA
2952 700 3139 755 XXIII.

2317 778 2564 843 Sidonius
2594 800 2619 827 ἰ
2651 790 2874 845 Proculo
2900 808 2993 845 suo
3020 791 3238 844 salutem

2056 877 2223 932 Filius
2248 888 2412 952 tuus,
2448 881 2553 947 imo
2580 881 2910 947 communis,
2942 882 3006 935 ad
3048 897 3134 936 me
3161 882 3432 949 cucurrit;
3473 884 3562 950 qui

1988 978 2039 1045 te
2082 969 2268 1025 relicto
2306 969 2597 1039 deliquisse
2635 986 2696 1027 se
2735 983 2954 1041 niteret.
2998 973 3227 1037 obrutus
3268 975 3560 1042 paenitendi

1988 1061 2194 1130 pudore
2224 1062 2522 1135 transfugii.
2557 1062 2718 1132 Igitur
2746 1067 2928 1123 audito
2961 1067 3130 1135 culpa:
3164 1076 3392 1130 tenore,
3435 1082 3559 1120 cor-

1990 1153 2126 1222 ripui
2170 1140 2555 1225 latitabundum
2596 1157 2773 1219 verbis
2812 1160 3038 1223 amaris.
3068 1158 3214 1211 vultu
3245 1158 3473 1222 minaci,
3507 1168 3559 1211 et

1984 1258 2102 1298 mea
2133 1244 2346 1311 quidem
2374 1261 2525 1310 voce,
2559 1246 2652 1300 sed
2681 1248 2795 1300 vice
2823 1248 3172 1316 tua:dignum
3199 1247 3555 1307 abdicatione,

1982 1347 2174 1401 cruce,
2202 1335 2357 1389 culeo
2382 1336 2618 1403 clamans
2635 1378 2650 1402 ,
2687 1337 3003 1405 ett-terisque
3028 1337 3304 1406 suppliciis
3327 1338 3553 1405 parrici-

1983 1423 2213 1479 dalibus.
2237 1425 2315 1491 Ad
2342 1424 2457 1479 haec
2486 1426 2573 1480 ille
2598 1427 2851 1497 confusus
2878 1428 3122 1493 irrubuit,
3155 1427 3226 1481 nil
3260 1427 3552 1496 impudenti

1985 1517 2327 1569 excusatione
2352 1517 2669 1585 deprecatus
2696 1534 2964 1585 errorem;
3004 1519 3097 1573 sed
3126 1518 3188 1572 ad
3220 1529 3409 1573 cuncta
3433 1535 3556 1573 con-

1983 1609 2180 1663 victum
2204 1625 2324 1664 cum
2359 1611 2753 1685 redarguerem,
2771 1612 3108 1680 ῖθτβειεηάἱω
3134 1612 3309 1681 junxit
3334 1614 3557 1666 comites

312 1703 492 1772 Itaque
520 1711 574 1755 tu
602 1702 796 1772 molem
842 1699 1091 1765 thematis
1134 1701 1280 1753 missi
1328 1709 1474 1755 recte
1507 1703 1761 1769 capessis,
1792 1704 1876 1756 cui
1912 1686 1952 1749 Β
1982 1700 2261 1770 lacrymas,
2294 1700 2364 1753 ita
2396 1701 2627 1768 profluas
2670 1701 3002 1773 ubertimque
3047 1712 3340 1767 manantes,
3377 1711 3435 1754 ut
3471 1717 3556 1754 se-

310 1805 507 1863 prtcter
550 1794 904 1861 eloqui-titiam
949 1790 1313 1861 singularem,
1362 1791 1601 1846 scientiae
1654 1794 1879 1861 ingentis

311 1899 501 1954 magna
549 1883 935 1953 Opportunitas.
965 1884 1215 1949 QuOIidie
1244 1898 1473 1952 namque
1501 1901 1595 1952 per
1624 1887 1879 1954 potenti--

307 1976 428 2029 simi
470 1976 687 2028 cousdia
735 1974 914 2042 regis,
967 1974 1123 2027 totius
1164 1974 1425 2028 sollicitus
1460 1976 1637 2041 orbis,
1680 1979 1879 2044 pariter

307 2065 422 2134 cjus
472 2067 682 2133 negotia
730 2073 783 2116 et
826 2065 966 2132 jura,
996 2062 1196 2117 fmdera
1243 2078 1295 2116 et
1327 2064 1486 2124 bella,
1516 2063 1653 2130 loca,
1681 2073 1874 2133 spata.

308 2154 494 2209 merita
541 2154 837 2223 cognoscis.
896 2152 1046 2221 Unde
1094 2155 1213 2222 quis
1256 2153 1450 2225 justius
1494 2170 1614 2207 sese
1661 2155 1727 2207 ad
1777 2157 1876 2209 ista

306 2234 824 2314 succinxeritpquam
857 2245 964 2311 ille,
995 2261 1150 2315 quem
1177 2253 1385 2299 constat
1410 2248 1643 2313 gentium
1676 2258 1873 2315 motus,

308 2336 627 2405 legationum
672 2322 989 2399 varietates,
1035 2337 1168 2389 facta
1214 2335 1438 2399 ducum,
1474 2347 1623 2406 pacta
1654 2352 1877 2408 regnan-

308 2436 417 2480 tum
443 2466 458 2490 ,
506 2436 613 2478 tota
658 2425 885 2494 denique
918 2426 1244 2492 publicarum
1292 2441 1466 2479 rerurn
1498 2435 1704 2479 secreta
1735 2426 1875 2480 didi-

306 2517 479 2572 cisse?
532 2517 727 2587 quique
771 2518 1040 2586 prtcstanti
1103 2518 1305 2585 positus
1354 2518 1407 2571 in
1454 2518 1717 2585 culmine,
1770 2534 1873 2573 non

282 2626 528 2677 necesse
567 2610 767 2686 habet,
819 2610 901 2663 vel
945 2610 1279 2678 supprimere
1307 2625 1512 2674 verum,
1550 2612 1633 2666 vel
1661 2614 1875 2665 concin-

307 2715 434 2759 nare
464 2699 832 2763 mendacium?
870 2699 937 2752 At
982 2710 1160 2754 nostra
1207 2699 1363 2769 longe
1404 2701 1640 2771 conditio
1668 2701 1869 2771 dispar,

302 2790 495 2860 quibus
516 2787 688 2845 dolori
722 2791 1069 2859 peregrinatio
1114 2805 1275 2855 nova,
1310 2806 1407 2861 nec
1440 2791 1555 2844 usui
1599 2791 1758 2847 lectio
1782 2808 1873 2846 ve-

304 2891 443 2949 tusta
484 2899 495 2935 :
538 2891 647 2955 tum
697 2880 883 2950 religio
915 2881 1230 2948 professioni
1258 2892 1360 2945 est,
1402 2881 1672 2949 humilitas
1712 2898 1876 2953 appe-

304 2973 419 3028 titui
447 3014 462 3036 ,
510 2973 850 3027 mediocritas
897 2974 1238 3037 obscuritati;
1278 2989 1375 3027 nec
1422 2973 1475 3026 in
1523 2976 1871 3045 przescntibus

1980 1804 2180 1845 Ctl‘ll‘tB
2225 1792 2543 1846 correctioni
2588 1791 2741 1853 ﬁdem
2791 1792 3038 1847 fecerint.
3102 1793 3250 1862 Rogo
3300 1809 3429 1862 ergo
3480 1794 3557 1847 sis

1980 1880 2216 1936 clemens
2247 1881 2297 1934 in
2338 1895 2396 1934 se
2426 1897 2642 1935 severo:
2668 1894 2720 1947 et
2745 1883 3015 1957 dominum
3047 1898 3297 1952 sequens,
3326 1898 3429 1935 non
3461 1885 3557 1934 ba-

1980 1971 2107 2025 beas
2133 1984 2182 2026 te
2207 1971 2387 2043 judice
2412 1986 2558 2045 reum
2591 1988 2648 2025 se
2688 1974 2969 2041 proﬁtente
2997 1972 3555 2042 damnabilernzquem

1978 2064 2020 2116 si
2054 2062 2285 2115 inaudita
2312 2076 2505 2131 genera
2539 2078 2810 2133 paginarum
2849 2063 3037 2133 jubeas
3069 2066 3372 2135 inexoratus
3403 2065 3561 2133 exci-

1982 2167 2131 2220 pere,
2159 2168 2263 2205 non
2296 2162 2466 2220 potest
2494 2152 2719 2221 amplius
2750 2168 2844 2229 per
2874 2166 2926 2207 te
2954 2153 3160 2218 dolore,
3192 2169 3349 2223 quam
3374 2170 3467 2221 per
3490 2168 3561 2211 se

1979 2242 2182 2313 pudore
2225 2244 2479 2310 torqueri.
2517 2242 2706 2298 Libera
2739 2253 2881 2297 metu
2918 2244 3344 2315 deSperationem
3379 2259 3557 2309 suam,

1979 2334 2144 2389 libera
2188 2335 2563 2390 conﬁdentiam
2608 2352 2811 2400 rueam,
2856 2346 2910 2390 et
2948 2337 3160 2405 pit-tatis
3194 2347 3431 2407 paterna:
3459 2353 3558 2392 ue-

1977 2428 2261 2491 cessitate,
2306 2427 2349 2480 si
2392 2427 2527 2480 bene
2567 2429 2912 2495 interpretor,
2963 2437 3014 2482 te
3053 2444 3265 2498 quoque
3294 2429 3550 2491 absolve,

1976 2516 2066 2586 qui
2104 2515 2382 2571 conficeris
2425 2517 2664 2583 occulto,
2714 2517 2852 2583 quid
2900 2516 3035 2570 filius
3075 2518 3285 2586 publico
3324 2533 3557 2573 maerore

1975 2605 2256 2661 conﬁcitur
2276 2624 2287 2658 :
2311 2607 2393 2669 cui
2423 2605 2611 2661 fecisse
2642 2623 2726 2660 rue
2756 2617 2966 2662 constat
3001 2608 3282 2678 plurimum
3312 2609 3556 2676 injuriae;

1976 2698 2018 2750 si
2050 2704 2103 2750 tu
2137 2706 2311 2751 tamen
2343 2698 2428 2751 vel
2467 2713 2651 2766 parum
2687 2699 2875 2753 feceris
2910 2717 2923 2753 :
2955 2716 3111 2769 qualn
3140 2712 3283 2756 certe
3310 2713 3363 2754 ut
3394 2718 3556 2771 spem

1976 2803 2080 2842 non
2110 2789 2291 2853 facies,
2331 2789 2432 2844 nisi
2459 2792 2691 2857 scopulis
2719 2791 2905 2861 durior
2933 2793 3115 2860 duras,
3146 2804 3238 2847 aut
3264 2794 3554 2849 adamanti-

1975 2880 2072 2933 bus
2118 2879 2338 2948 rigidior
2383 2896 2695 2949 perseveras
2758 2881 3156 2937 insecabilibus.
3207 2884 3347 2953 Ergo
3393 2884 3438 2938 si
3486 2885 3556 2939 do

1976 2970 2213 3025 moribus
2247 2972 2351 3024 tuis
2372 2952 2542 3040 deque
2569 2973 2815 3027 amicitiis
2841 2979 2985 3039 juste
3012 2975 3231 3029 meliora
3255 2990 3552 3045 praesumo,

306 3066 380 3119 rei
411 3074 632 3135 tantum,
669 3073 923 3131 quantum
970 3065 1019 3117 in
1052 3063 1242 3117 futuris
1288 3066 1400 3133 spei
1429 3066 1678 3121 locatum.
1717 3069 1871 3139 120
1897 3047 1944 3107 ο
1974 3071 2225 3116 excusato
2258 3063 2515 3130 propitius
2544 3063 2760 3133 indulge
2785 3083 2797 3117 :
2818 3081 2973 3136 quem
3011 3069 3163 3137 122
3197 3067 3554 3125 reconcilians

306 3155 575 3210 Postremo
624 3154 844 3223 languor
900 3153 1307 3222 impedimento;
1361 3155 1576 3223 jamque
1618 3156 1701 3210 vel
1750 3171 1871 3210 sero

302 3254 517 3315 propter
566 3243 705 3297 hunc
755 3242 929 3313 ipsum
978 3242 1179 3297 desidia
1222 3244 1370 3300 cordi
1418 3260 1671 3315 aequaeva.
1714 3247 1871 3301 Certe

297 3338 405 3405 jam
436 3349 593 3403 super
619 3332 806 3386 studiis
838 3333 977 3386 nulla
1016 3334 1131 3387 laus
1159 3350 1323 3401 utrm,
1354 3335 1446 3411 sed
1493 3350 1560 3413 ne
1589 3335 1867 3403 postltuma

295 3424 507 3494 quidem
530 3441 546 3477 :
567 3426 828 3493 prmt‘ipue
873 3424 1096 3493 gloriam
1129 3425 1283 3481 nobis
1315 3441 1525 3494 parvam
1553 3426 1619 3480 ab
1650 3427 1864 3480 historia

298 3524 480 3581 petere
527 3516 744 3579 lixnm;
804 3515 921 3584 quia
974 3530 1068 3584 per
1115 3514 1354 3569 homines
1398 3516 1661 3583 clericalis
1704 3516 1811 3570 olli.
1830 3517 1865 3571 ii

300 3607 579 3665 temerarie
606 3618 787 3660 nostra
810 3644 826 3669 ,
854 3606 1119 3674 jactanter
1144 3606 1311 3660 aliena
1331 3648 1346 3671 ,
1399 3608 1660 3680 praeterita
1692 3607 1863 3685 infrit-

294 3706 481 3751 ctuose
508 3742 521 3761 ,
568 3698 850 3766 praesentia
895 3697 1191 3765 semiplene
1217 3737 1231 3761 ,
1261 3698 1486 3763 turpiter
1514 3698 1647 3752 falsa
1671 3739 1685 3762 ,
1724 3701 1865 3768 peri-

294 3788 474 3841 culoso
515 3802 638 3840 vera
680 3788 945 3839 dicuntur.
989 3787 1082 3839 Est
1128 3789 1269 3841 enim
1318 3772 1615 3856 ltujusmodi
1660 3782 1857 3855 thema,

296 3880 373 3932 vel
424 3890 596 3945 opus,
649 3876 699 3927 iu
749 3891 854 3943 quo
900 3876 1156 3929 bonorum
1200 3877 1244 3930 si
1290 3877 1372 3931 fac
1392 3893 1449 3931 as
1492 3880 1813 3934 mentionem
1840 3919 1856 3945 ,

296 3966 499 4021 modica
539 3964 706 4035 gratia
754 3971 998 4031 paratur;
1036 3967 1078 4016 si
1119 3964 1456 4031 notabilium,
1500 3970 1731 4021 maxima
1773 3971 1857 4021 ol-

302 4058 461 4111 rensa.
511 4054 602 4109 Sic
644 4069 702 4108 se
748 4053 837 4107 ille
880 4054 1120 4123 protinus
1146 4056 1363 4109 dict'oni
1395 4057 1579 4119 color.
1620 4061 1857 4127 odorque

293 4148 552 4217 satyricus
588 4146 866 4200 admiscet.
903 4146 1046 4199 Ilicet
1084 4148 1303 4215 scriptio
1352 4147 1603 4203 historica
1648 4151 1856 4205 videtur

291 4238 479 4293 ordine
506 4252 534 4290 a
574 4246 759 4291 nosuo
791 4235 1012 4289 multtrm
1043 4235 1361 4305 abhorrere,
1392 4237 1541 4304 cujus
1587 4239 1855 4311 inchoatio

292 4329 507 4393 invidia,
546 4328 877 4383 continuatio
909 4327 1075 4389 labor,
1108 4326 1225 4378 linis
1248 4337 1330 4380 est
1355 4326 1554 4381 odium.
1589 4329 1693 4383 Sed
1729 4340 1853 4387 tunc

292 4424 391 4474 ista
422 4421 773 4489 proveniunt,
823 4417 1034 4472 clericis
1062 4418 1105 4471 si
1136 4418 1330 4486 aliquid
1361 4419 1591 4474 dictetur
1618 4427 1849 4477 auctori-
1882 4398 1932 4458 Ῐ)

296 4514 389 4569 ltus
415 4554 429 4578 ,
481 4511 570 4578 qui
619 4510 912 4565 colubrinis
939 4509 1319 4565 oblatratorum
1351 4511 1642 4577 molaribus
1670 4514 1779 4576 fixi,
1807 4518 1849 4570 si

293 4601 415 4668 qttid
460 4600 771 4666 simpliciter
818 4586 1075 4667 edamus,
1130 4601 1329 4666 insani;
1383 4602 1426 4656 si
1471 4604 1593 4672 quid
1630 4616 1846 4671 exacte,

295 4705 549 4745 vorantur
576 4690 983 4757 praesuinptiosi.
1015 4694 1081 4745 At
1117 4692 1162 4745 si
1196 4702 1248 4746 ttt
1279 4694 1422 4761 ipse,
1452 4696 1533 4749 cui
1563 4696 1741 4751 datum
1774 4709 1855 4752 est

288 4780 513 4836 saltibus
533 4780 714 4849 gl0riac
739 4790 1008 4847 proterere
1033 4796 1187 4848 posse
1205 4783 1438 4838 cervices
1457 4787 1849 4855 vituperonum,

288 4886 381 4927 seu
408 4884 810 4938 supercurrere,
843 4873 1074 4923 materia:
1112 4872 1262 4927 istius
1300 4874 1470 4931 libens
1509 4880 1835 4945 provinciam

291 4961 542 5018 sortiare:
568 4977 724 5014 nemo
755 4970 806 5015 te
833 4961 1027 5015 celsius
1054 4964 1351 5031 scripserit,
1380 4981 1537 5021 nemo
1557 4970 1845 5040 antiquius,

287 5054 444 5107 etiam
476 5055 517 5107 si
561 5054 762 5120 placeat
788 5057 1019 5107 recentia
1050 5054 1226 5124 loqui;
1268 5058 1692 5130 quandoquidem
1728 5080 1846 5120 ser-

360 5202 382 5231 ι
405 5190 652 5266 Ejusdem
691 5198 772 5251 est
810 5192 1100 5266 argumenti
1138 5192 1524 5266 (-um__epislola
1569 5194 1723 5253 Plinii
1751 5197 1842 5266 22,

287 5264 376 5316 lib.
420 5258 507 5324 Ill,
545 5262 644 5315 nisi
686 5258 824 5321 quod
868 5260 1068 5312 Plinius
1112 5277 1206 5329 pro
1263 5258 1456 5317 liberto
1496 5258 1842 5324 Sabinianum

286 5341 588 5400 patronum,
617 5330 864 5385 Sidonius
893 5344 991 5397 pro
1022 5332 1130 5383 lilio
1160 5340 1356 5397 patrem
1384 5344 1588 5387 exorat.

356 5399 381 5438 ⁵
403 5400 482 5474 Et
510 5416 694 5474 verum
724 5413 938 5474 amre.
962 5400 1172 5474 opiner.
1195 5402 1282 5468 qui
1313 5405 1479 5474 sacris
1508 5414 1599 5457 aut
1628 5408 1843 5474 privatis

284 5470 648 5536 largitionibus
676 5470 991 5532 militabant,
1020 5478 1073 5522 et
1103 5469 1152 5521 in
1187 5469 1483 5537 provincias
1509 5487 1538 5526 a
1564 5469 1844 5534 comitibus

286 5537 437 5606 dirigi
463 5539 739 5602 solebant,
780 5539 815 5592 Ι.
847 5540 871 5593 1
906 5541 1024 5592 cod.
1056 5538 1260 5603 Tlteod.
1305 5540 1371 5594 de
1404 5543 1647 5601 palatinis
1674 5563 1842 5605 sacra-

286 5620 399 5661 rutu
430 5607 757 5672 largitionum
786 5618 837 5664 et
868 5624 1044 5665 rerum
1074 5612 1415 5679 privatarum.

1973 3153 2086 3207 fore
2117 3152 2324 3207 ﬁdelem
2356 3165 2663 3209 constanter
2703 3155 2756 3210 in
2798 3167 3067 3225 iostcrum
3094 3152 3374 3227 Spondeo;
3413 3176 3553 3229 quo-

1971 3259 2075 3314 que
2100 3246 2359 3301 velociter
2385 3249 2537 3317 culpa
2562 3233 2776 3314 soluto,
2808 3266 2907 3319 ego
2943 3251 3206 3306 beneﬂcio
3236 3253 3370 3321 ligor
3394 3270 3408 3307 :
3437 3270 3552 3307 ma-

1967 3349 2201 3406 gnopere
2224 3336 2548 3405 deposcens,
2580 3357 2682 3394 non
2722 3350 2777 3394 ut
2804 3342 3045 3411 iguoscns
3068 3344 3246 3409 modo,
3280 3360 3461 3398 verum
3496 3354 3552 3407 ut

1967 3436 2022 3481 et
2052 3429 2328 3496 protinus,
2374 3440 2428 3483 ct
2458 3442 2814 3487 revertentem
2861 3449 2965 3488 non
3004 3435 3165 3489 domo
3197 3435 3411 3501 solum,
3450 3437 3549 3492 sed

1966 3527 2021 3572 et
2050 3530 2262 3588 pectore
2292 3520 2560 3589 admittas.
2593 3523 2737 3577 Deus
2764 3524 2985 3591 magne!
3026 3540 3185 3593 quam
3219 3524 3375 3579 lactus
3405 3528 3549 3580 orie-

1968 3616 2053 3662 tur
2079 3608 2170 3662 tibi
2194 3609 2326 3673 des,
2355 3612 2478 3675 mihi
2514 3615 2756 3682 nuntius,
2790 3613 2999 3668 animus
3029 3615 3124 3682 illi,
3157 3630 3276 3670 cum
3309 3619 3550 3686 paternis

1964 3698 2189 3767 pedibus
2216 3701 2415 3755 atl‘usus
2441 3743 2457 3767 ,
2503 3720 2565 3756 ex
2615 3705 2704 3756 illo
2734 3720 2828 3758 ore
2859 3705 2985 3758 la-so
3006 3746 3021 3770 ,
3050 3722 3143 3777 ore
3173 3708 3390 3761 terribili
3417 3724 3549 3763 con-

1962 3789 2154 3842 vicium
2186 3801 2524 3863 exspectans,
2555 3795 2794 3860 osculum
2821 3796 3115 3864 exceperit.
3153 3796 3298 3851 Vale.

2469 3941 2799 3997 EPISTULA
2841 3943 3027 3998 XXIV.

2333 4050 2581 4106 Sidonius
2613 4052 2782 4107 Turno
2810 4071 2904 4108 suo
2927 4058 3162 4110 salutem.

2029 4159 2171 4215 Bene
2198 4163 2397 4217 nomini
2420 4204 2434 4226 ,
2467 4165 2602 4219 bene
2646 4168 2854 4236 negorio
2885 4183 2972 4222 tuo
3001 4170 3245 4238 congruit
3274 4170 3542 4231 Mantuani

1957 4247 2121 4303 illud:

2076 4340 2260 4410 Turne,
2280 4343 2412 4410 quod
2428 4346 2791 4410 Optantitlirum
2813 4351 3099 4410 promittere
3118 4365 3263 4401 nemo

2076 4404 2316 4462 Auderet,
2343 4404 2573 4456 volvenda
2594 4408 2702 4457 dies
2726 4422 2788 4458 en
2808 4404 2969 4460 attulit
2995 4412 3039 4459 ttl
3065 4426 3135 4463 ro.

1959 4520 2241 4577 Pecuniam
2292 4534 2443 4594 pater
2490 4538 2608 4591 tuus
2638 4530 2871 4599 Turpio,
2903 4535 2985 4587 vir
3023 4535 3365 4603 tribunitius,
3410 4552 3537 4593 mu-

1959 4621 2100 4665 tuom
2132 4616 2332 4682 pridem
2358 4659 2373 4678 ,
2418 4619 2462 4673 si
2510 4621 2807 4699 recordaris
2832 4664 2848 4686 ,
2899 4621 2931 4677 ιγ
2967 4640 2997 4679 a
3027 4623 3255 4681 Maximo
3291 4626 3536 4684 Palatino

1959 4704 2283 4770 postulavit,
2336 4707 2767 4778 impetravitque;
2809 4715 2884 4768 nil
2913 4714 3128 4783 quidem
3159 4718 3279 4771 loco
3322 4718 3533 4774 ﬁducita

1956 4798 2334 4870 pignorisque,
2382 4804 2461 4857 vel
2503 4807 2704 4873 argenti
2737 4819 3115 4877 sequestrans,
3162 4812 3247 4864 vel
3290 4812 3532 4880 obligans

1957 4890 2271 4959 prmdiorum
2296 4912 2308 4945 :
2331 4894 2448 4957 sed,
2471 4907 2523 4948 ut
2559 4892 2912 4968 eltirographo
2942 4903 3080 4955 lar-to
3107 4900 3348 4966 docetur,
3372 4912 3529 4957 cauta

1953 4983 2239 5035 centesima
2267 4991 2349 5037 est
2371 4984 2654 5057 feneratori
2697 5007 2708 5040 :
2753 5005 2868 5059 qua)
2901 5007 2993 5059 per
3024 4993 3253 5063 bilustre‘
3269 4994 3527 5067 producta

1952 5079 2160 5143 tempus
2190 5074 2400 5129 modum
2435 5086 2457 5122 ε
2482 5080 2642 5133 sortis
2669 5081 2733 5133 ad
2764 5080 2979 5149 duplum
3007 5084 3245 5139 adduxit.
3268 5076 3372 5141 Sed
3402 5101 3525 5140 cum

2028 5204 2258 5293 {psum
2300 5212 2608 5293 .centesima
2665 5214 2944 5293 duodecim
3008 5233 3256 5287 nummos
3300 5220 3524 5293 singulis

1952 5279 2104 5357 an.an
2134 5279 2337 5357 peragit
2364 5279 2414 5357 in
2444 5292 2715 5357 centenos
2762 5284 2979 5355 Fuerint
3007 5284 3137 5357 ergo
3167 5279 3525 5344 centutn'au-

1952 5345 2029 5401 rei
2061 5345 2316 5425 Ittrpioni
2363 5348 2463 5425 hac
2500 5353 2612 5423 lege
2652 5352 2817 5408 dati'a
2850 5345 3123 5411 Maximo“:
3162 5374 3319 5415 usura
3348 5360 3397 5413 in
3425 5361 3523 5414 de-

1950 5421 2198 5495 cennium
2257 5421 2509 5491 producta
2558 5421 2677 5495 cum
2734 5426 2909 5491 capite
2955 5427 3202 5487 conficiet
3264 5431 3523 5484 ducentos

1954 5493 2169 5567 vicenos
2188 5493 2797 5567 :qutefurmnaduplum
2818 5497 2978 5549 sortis
3001 5513 3105 5550 non
3138 5509 3311 5567 aequat
3338 5499 3518 5565 modo,

1949 5556 2043 5608 sed
2074 5566 2307 5622 snperat.
2340 5558 2531 5615 Verum
2562 5556 2814 5617 S:donins
2837 5604 2853 5629 ,
2885 5576 2941 5619 ut
2968 5568 3061 5620 viri
3089 5556 3231 5622 docti
3262 5556 3517 5623 Observa;

1950 5636 2112 5689 runt,
2155 5636 2486 5685 cxcurrentis
2533 5647 2689 5697 supra
2738 5634 2955 5699 duplunt
2986 5652 3209 5693 summa:
3256 5640 3516 5695 rationem
