3946 6176
345 426 450 483 529

1602 424 2078 480 EPIS’I‘OLARUM
2121 424 2246 480 ΜΒ.
2289 424 2377 478 ιγ.

3502 434 3602 488 5Ἶο

345 553 495 610 pater
522 551 643 592 tuus
675 539 828 593 morti
864 539 1170 608 propinqua:
1213 536 1398 590 morbo
1431 537 1772 591 incumbente
1801 554 1923 591 suc-
1952 541 1999 599 Α
2034 537 2313 592 barbaram
2340 538 2647 592 instantiam
2677 539 2893 597 indultis
2928 544 3189 612 tantisper
3232 544 3459 599 induciis
3488 562 3605 600 nio-

342 631 650 693 cuuiberet;
700 638 859 697 atque
902 629 970 681 ob
1020 628 1118 682 hoc
1160 624 1341 693 ipsum
1383 628 1588 695 publica
1634 628 1925 685 auctoritas

344 723 482 775 male
526 722 789 775 valentem
829 719 1271 786 patremfamilias
1321 702 1608 773 violentius
1654 720 1719 772 ad
1760 720 1928 774 refor-

345 811 594 866 iiiandnm
626 810 865 864 debitum
889 817 1149 873 arctaret,
1186 824 1284 863 nec
1314 811 1565 863 sustineri
1599 811 1800 863 valeret
1831 810 1930 862 iiii-

346 903 583 964 probitas
622 910 1030 965 exsecutorum;
1072 901 1431 969 proficiscenti
1475 901 1603 954 inibi
1646 898 1928 965 Tolosam,

345 993 449 1063 jam
493 993 810 1061 desperatus
848 990 1003 1062 123
1043 988 1247 1046 litteris
1278 990 1598 1058 imperavit,
1650 1000 1705 1042 iit
1730 1004 1815 1043 me
1845 1006 1930 1043 ro-

345 1094 498 1154 gante
525 1084 760 1138 creditor
789 1092 965 1137 vester
1002 1082 1242 1135 modicas
1286 1081 1480 1135 saltem
1526 1082 1811 1150 largiretur
1838 1082 1927 1134 in-

346 1176 545 1231 dui-ias.
568 1174 819 1230 Precibus
834 1172 1038 1228 orantis
1058 1171 1198 1227 citus
1216 1173 1376 1226 annui
1392 1189 1406 1226 :
1422 1172 1543 1239 quia
1563 1189 1681 1227 cum
1699 1172 1929 1226 Maximo

347 1267 472 1321 mihi
512 1283 620 1320 non
662 1262 865 1320 notitiai
911 1264 1124 1331 solum,
1171 1280 1355 1318 verum
1397 1274 1453 1318 et
1492 1263 1707 1331 ltOSpitii
1748 1275 1929 1318 vetera

346 1360 478 1430 jura.
529 1358 692 1428 Igitur
738 1356 803 1411 ad
859 1358 1091 1412 amicum
1134 1357 1306 1410 libens
1339 1373 1405 1410 ex
1444 1357 1634 1411 itinere
1681 1357 1925 1424 perrexi,

344 1464 646 1519 quanquam
682 1448 805 1501 viéla
844 1462 950 1501 non
999 1446 1181 1516 paucis
1218 1462 1411 1517 aggere
1453 1462 1483 1500 a
1526 1447 1735 1515 publico
1766 1447 1927 1500 milli-

350 1539 445 1593 bus
472 1541 707 1593 alicsset.
738 1538 807 1594 Ut
834 1538 988 1602 veni,
1018 1536 1256 1593 occurrit
1293 1538 1424 1591 milii
1457 1540 1572 1606 ipse
1593 1578 1607 1600 ,
1646 1553 1802 1607 quem
1834 1554 1931 1591 no-

346 1649 524 1688 veram
557 1633 799 1687 anterius
832 1633 1060 1701 corpore
1090 1638 1570 1701 erectum,‘grcssu
1600 1631 1927 1699 expeditum,

348 1738 477 1779 voce
540 1724 799 1788 liberum,
858 1724 991 1778 facie
1051 1722 1357 1788 liberalem,
1412 1724 1638 1777 multum
1680 1722 1747 1776 ab
1793 1723 1933 1776 anti-

346 1830 451 1882 quo
476 1814 757 1868 dissimilis
782 1816 1015 1868 incessu.
1048 1812 1265 1868 llab‘tus
1297 1818 1442 1880 viro,
1473 1813 1670 1883 gradus
1690 1852 1706 1879 ,
1735 1814 1923 1881 pudor,

2028 628 2309 683 dei-aretur
2332 648 2345 683 :
2370 630 2485 684 etsi
2508 629 2823 685 decessisset
2858 648 2996 700 .egcr
3022 678 3035 700 ,
3083 637 3339 691 tribueret
3383 636 3606 692 liasredi-

2030 720 2127 772 lius
2154 721 2315 774 annui
2346 721 2521 774 luctus
2553 731 2763 790 tempus
2792 724 3052 779 immune:
3076 728 3143 791 si,
3166 728 3306 797 quod
3334 738 3603 797 optarem,

2031 810 2307 878 pristinam
2334 810 2531 879 Turpio
2571 815 2801 867 salutem
2853 826 3260 882 recuperasset,
3305 819 3607 887 indulgeret

2030 902 2288 957 exhausto
2316 920 2412 973 per
2437 906 2603 959 otium
2629 905 2936 962 facultatem
2961 910 3391 964 convalescendi.
3419 912 3607 966 Adhuc

2030 996 2299 1064 rogabam,
2324 1012 2444 1051 cum
2468 1008 2686 1066 repente
2715 1001 2792 1053 vir
2816 1000 2976 1053 tutius
3005 1002 3243 1054 raritatis
3286 1003 3411 1056 ﬂere
3449 1019 3607 1072 gran-

2030 1086 2170 1139 diter
2198 1087 2359 1151 rtepit
2384 1102 2487 1139 non
2522 1103 2724 1140 moram
2756 1087 2915 1143 debiti
2941 1129 2955 1149 ,
2990 1091 3083 1143 scil
3128 1093 3418 1157 periculum
3458 1093 3607 1146 debi-

2031 1178 2190 1242 toris;
2218 1178 2250 1228 fi
2266 1188 2532 1245 citatoque
2555 1179 2811 1248 singultu,
2842 1179 2993 1233 Absit
3016 1198 3043 1231 a
3068 1196 3173 1247 me,
3201 1182 3389 1251 inquit,
3411 1190 3468 1236 ut
3493 1182 3608 1237 haee

2032 1284 2309 1335 reposcant
2339 1269 2567 1324 clericos
2597 1270 2666 1323 ab
2692 1285 2858 1339 a'gru,
2887 1286 3005 1337 qure
3041 1271 3127 1323 vix
3168 1271 3420 1339 petissem
3453 1272 3607 1326 miles

2030 1376 2057 1413 a
2089 1361 2309 1428 sospite.
2338 1360 2442 1413 Sed
2475 1368 2530 1413 et
2560 1360 2759 1414 liberos
2808 1360 2924 1429 ejus
2954 1361 3023 1414 ita
3063 1362 3254 1429 diligo,
3301 1373 3353 1416 ut
3398 1364 3606 1418 etiamst

2030 1452 2155 1520 quid
2184 1452 2465 1506 adversum
2491 1452 2715 1505 cesserit
2736 1452 2932 1515 amico,
2965 1452 3037 1505 nil
3060 1453 3160 1506 sim
3186 1454 3252 1505 ab
3277 1453 3360 1508 liis
3381 1454 3608 1521 amplius

2034 1546 2239 1611 posm'a
2269 1559 2396 1596 uriis
2431 1558 2590 1613 quam
2640 1543 2742 1598 mei
2770 1544 2933 1597 officii
2967 1545 3104 1599 ratio
3149 1547 3423 1614 perinitzit.
3466 1547 3607 1613 Qua-

2033 1646 2247 1704 propter
2274 1634 2447 1688 scribe
2478 1634 2750 1698 sollicitis;
2779 1649 2989 1704 qiioqne
3011 1634 3231 1689 credant
3265 1636 3383 1704 plus
3416 1635 3608 1692 litteris

2032 1728 2158 1789 tuis,
2185 1726 2533 1795 measjunge,
2560 1726 2802 1794 quisquis
2832 1725 2848 1779 i
2874 1727 2923 1781 le
2955 1727 3111 1781 fuerit
3152 1728 3419 1795 languoris
3449 1744 3609 1782 cvrn-

2033 1826 2115 1870 tus
2148 1818 2325 1885 (quem
2353 1828 2526 1870 tamen
2557 1816 2708 1870 fratri
2733 1832 3047 1886 prosperum
3081 1818 3357 1889 optamus)
3387 1818 3527 1887 quod
3557 1828 3609 1873 et

344 1910 514 1972 color,
560 1921 740 1960 sermo
779 1904 1088 1974 religiosus;
1131 1916 1239 1957 tum
1271 1913 1298 1940 ιι
1333 1918 1484 1957 coma
1522 1903 1731 1967 brevis,
1765 1904 1925 1957 barba
1962 1898 2002 1955 B
2031 1924 2263 1962 animum
2290 1909 2541 1962 solutioni
2570 1911 2800 1976 spatium
2840 1912 3172 1978 prorogabo,
3210 1921 3265 1965 et
3300 1912 3609 1980 super-pagi.

347 1998 590 2067 prolixa,
642 1996 878 2065 tripodes
935 1995 1120 2061 sellae,
1174 1996 1383 2048 cilicum
1426 1995 1540 2047 vela
1586 1994 1788 2048 foribus
1830 2008 1924 2063 ap-

346 2105 535 2160 pensa,
566 2089 735 2143 lectus
766 2088 839 2141 nil
872 2088 1073 2142 habens
1103 2088 1314 2157 pluiiim,
1347 2103 1528 2141 mensa
1556 2088 1625 2142 nil
1656 2103 1921 2157 purpurte;

344 2180 653 2237 humanitas
681 2183 794 2252 ipsa
816 2183 893 2237 sic
926 2183 1177 2251 benigna,
1211 2183 1348 2250 quod
1385 2182 1538 2251 frugi,
1573 2198 1672 2235 nec
1707 2183 1780 2236 ita
1805 2197 1924 2236 car-

340 2278 499 2331 nibus
531 2274 833 2340 abundans,
864 2286 919 2329 ut
949 2275 1326 2343 leguminibus.
1350 2275 1510 2331 Certe
1534 2276 1577 2329 si
1605 2275 1732 2344 qttid
1766 2276 1819 2328 in
1846 2274 1925 2329 ci-

340 2369 424 2422 bis
454 2366 683 2432 unctius,
709 2382 813 2421 non
842 2367 965 2431 sibi,
998 2365 1092 2420 sed
1130 2366 1427 2432 IIOSleIbIIS
1458 2366 1759 2434 indulgens.
1789 2364 1922 2419 Cum

337 2473 720 2529 surgeremus,
753 2458 800 2513 cl
839 2473 889 2512 tu
934 2466 1222 2528 peicontor
1269 2466 1538 2518 astantes.
1581 2456 1720 2526 quod
1754 2470 1921 2526 genus

336 2552 466 2605 vita:
502 2553 572 2605 de
603 2550 775 2604 tribus
805 2549 1117 2617 arripuisset
1163 2548 1469 2611 ordinibus;
1516 2546 1541 2585 ιι
1597 2548 1917 2601 monachum

336 2652 545 2712 ageret,
577 2657 643 2696 an
665 2643 940 2708 clericum,
968 2640 1431 2711 ptenitentemue?
1463 2640 1921 2707 dixerunt,nupcr

337 2735 574 2802 impacto
599 2734 901 2789 sacerdotio
930 2734 1095 2803 fungi,
1122 2749 1228 2803 quo
1252 2742 1587 2788 recusantem
1612 2731 1835 2786 factiose
1859 2730 1921 2785 li-

336 2838 517 2894 gasset
543 2826 744 2879 civicus
774 2841 943 2878 amor.
973 2825 1116 2879 Luce
1145 2824 1406 2889 revoluta,
1436 2822 1562 2877 dum
1591 2823 1743 2892 pueri
1758 2822 1923 2876 clien-

338 2929 528 2988 tesque
554 2918 830 2987 capiendis
866 2918 1187 2972 animalibus
1227 2925 1655 2984 occuparentur,
1696 2924 1923 2969 secreta:

336 3008 719 3063 collocutionis
755 3015 879 3078 peto
918 3009 1144 3077 copiam.
1199 3007 1427 3061 Prmstat
1458 3024 1471 3060 :
1504 3006 1801 3075 amplector
1849 3005 1922 3059 nil

336 3100 674 3167 oiiinantem,
705 3100 1069 3169 gratularique
1099 3104 1185 3154 me
1229 3100 1456 3168 primum
1503 3113 1600 3168 pro
1638 3098 1716 3152 sui
1752 3106 1921 3177 status

335 3194 495 3260 apice
525 3192 808 3253 conﬁrmo.
855 3201 968 3246 tum
1015 3199 1408 3260 consequentes
1460 3190 1664 3245 misceo
1711 3204 1917 3259 preces.

335 3282 829 3352 Turpionis'nostri
851 3284 1031 3352 rogata
1064 3283 1298 3352 profero,
1332 3282 1507 3352 allego
1528 3282 1879 3337 necessitates
1901 3322 1916 3347 ,
1948 3261 1996 3323 C

336 3382 585 3427 extrema
606 3372 829 3441 deploro
853 3416 868 3440 ,
908 3387 1028 3442 quae
1069 3371 1284 3427 duriora
1326 3371 1678 3427 maerentibus
1729 3370 1919 3425 amicis

339 3464 475 3518 hinc
504 3464 835 3530 viderentur,
868 3464 1010 3535 quod
1043 3466 1227 3519 fenore
1258 3465 1450 3534 ligatus
1472 3479 1701 3533 corpore
1744 3463 1923 3518 solve~

332 3566 488 3609 retur
512 3574 525 3607 :
548 3557 877 3610 meminisset
902 3572 1031 3625 ergo
1060 3555 1415 3626 professionis
1437 3571 1548 3609 suae
1576 3570 1748 3620 novae,
1769 3553 1939 3625 124·

332 3646 644 3702 sodalitatis
663 3649 925 3717 antiquae,
955 3656 1375 3715 exactorumque
1416 3645 1911 3700 circumlatrantum

331 3899 444 3937 non
474 3883 677 3946 habuit,
705 3882 825 3951 quia
850 3882 1051 3935 sciebat
1072 3895 1268 3951 usuras
1296 3892 1609 3951 communes
1635 3892 1795 3951 supra
1816 3878 1916 3951 du-

334 3956 485 4022 plum
516 3970 616 4008 nec
641 3949 843 4014 deberi,
875 3968 974 4005 nec
998 3950 1134 4021 exigi
1168 3966 1345 4022 posse,
1377 3952 1414 4005 ι.
1444 3950 1515 4005 26
1537 3951 1600 4022 _l).
1623 3950 1691 4022 de
1713 3949 1913 4022 condit.

334 4019 546 4085 indeb..
578 4032 634 4078 et
661 4024 700 4080 l.
732 4024 764 4076 4
794 4024 857 4077 D.
887 4022 954 4076 de
981 4019 1428 4077 fenorenautico.
1454 4020 1616 4089 Cujus
1644 4019 1773 4087 legis
1802 4034 1917 4089 me-

332 4096 491 4148 minit
521 4094 855 4157 Plutarchus,
881 4093 973 4146 sed
1004 4094 1241 4160 privata),
1271 4091 1477 4146 Asianis
1505 4088 1537 4144 a
1566 4089 1785 4144 Lucullo
1810 4088 1915 4142 im-

331 4166 527 4239 positi;
548 4184 560 4216 ε
580 4168 705 4239 Τορς
743 4166 1116 4239 μᾳκροτέρρνςε
1142 4162 1330 4239 inquit,
1360 4168 1450 4215 τοῦ
1472 4164 1709 4239 ⁸ἀρχαίῳ)
1733 4160 1915 4239 τέξους-

332 4227 611 4304 animi”.
644 4227 877 4287 Meminit
907 4227 1257 4304 et'Qiodoru's
1279 4232 1370 4286 lib.
1400 4246 1435 4286 ιι
1458 4227 1715 4304 Antiquis.
1744 4227 1912 4300 Egy-

334 4310 465 4373 ptiis
494 4302 620 4359 olim
653 4305 770 4359 lata:
798 4306 904 4376 52
928 4320 958 4358 a
1003 4302 1364 4356 Bocclioride:
1391 4308 1518 4361 Τοὺς
1569 4304 1660 4356 mi
1687 4302 1911 4372 ξυγγρα-

334 4385 427 4424 εῆς
476 4374 805 4424 δανείσαντας
846 4378 1025 4424 ἐκώλυε
1054 4371 1135 4424 διὰ
1170 4379 1262 4424 τοῦ
1300 4368 1454 4424 τόκου
1488 4324 1662 4424 πῖιῑην
1701 4379 1861 4424 ποιεῖν
1884 4370 1911 4424 ἧ

342 4368 427 4437 ia;
476 4368 1025 4435 δανείσαντας-δῶκε
1054 4371 1135 4427 διὰ
1170 4379 1262 4429 τοῦ
1300 4368 1454 4428 τόκου
1488 4368 1662 4427 πλεῖον
1701 4368 1861 4425 «sui»
1884 4370 1915 4429 ἢ

342 4399 427 4437 εης
476 4399 804 4435 οανεισαντας
846 4399 1025 4429 summu
1054 4399 1135 4427 οια
1170 4399 1262 4429 του
1300 4399 1454 4428 τοκου
1488 4399 1662 4427 πλευ-ν
1701 4399 1861 4425 noun:
1884 4399 1915 4429 η

329 4399 596 4502 ἓιπλάσιον
618 4462 633 4498 :
656 4444 755 4497 Eos
775 4446 863 4513 qui
886 4461 949 4498 ex
974 4443 1267 4513 syngrapha
1295 4444 1599 4513 (onerarent,
1631 4441 1781 4492 vetuit
1805 4455 1916 4493 am-

330 4518 474 4587 plius
500 4531 649 4583 quam
680 4512 893 4587 duplam
922 4512 1256 4587 sortisqusiira
1280 4512 1543 4587 conﬁcere.

404 4597 433 4622 ει
476 4581 777 4639 Observare
820 4586 941 4639 licet
987 4586 1040 4637 in
1089 4584 1170 4636 bis
1218 4582 1395 4635 veibis
1427 4592 1659 4635 veterem
1712 4581 1914 4633 cultum

329 4656 467 4710 cieri
498 4654 756 4709 Gallicani
801 4671 864 4709 ac
894 4654 1057 4707 totius
1109 4653 1361 4707 Ecclesia:
1386 4651 1744 4706 Occiilcntalis
1775 4667 1789 4703 :
1826 4652 1912 4702 ubi

330 4742 545 4779 ciimain
598 4727 850 4779 fluentem
891 4735 1071 4777 statim
1114 4724 1417 4791 ponebant,
1468 4730 1556 4791 qui
1607 4736 1667 4791 se
1712 4720 1916 4775 militiai
1946 4693 1998 4754 θ

330 4811 504 4851 sacra:
541 4797 897 4849 acciiixerant.
932 4790 1252 4848 Prudentius
1285 4792 1353 4847 de
1388 4790 1573 4846 sancto
1609 4790 1914 4860 Cypriane:

458 4893 630 4944 Deflua
652 4896 878 4944 casaries
895 4895 1221 4956 compescitur
1244 4892 1302 4941 ad
1326 4894 1506 4941 breves
1525 4891 1742 4953 capillos.

332 5002 400 5055 Et
432 5008 653 5054 manent
681 5000 837 5066 liujus
867 5001 1033 5055 moi'is
1083 5000 1305 5069 vestigia
1357 5000 1408 5053 in
1461 5013 1615 5052 sacro
1658 4997 1763 5053 ritu
1813 5012 1918 5066 quo

331 5074 473 5124 limit
500 5071 701 5125 Clerici.
741 5072 1033 5140 Episcoiius
1073 5070 1214 5125 enim
1259 5084 1392 5138 quos
1429 5079 1679 5137 cooptat,
1730 5070 1793 5121 iis
1829 5087 1917 5120 ca-

330 5142 585 5209 pilloruni
615 5142 801 5195 ciiinos
847 5141 968 5195 hinc
1017 5142 1138 5194 inde
1166 5141 1393 5203 delibat,
1444 5155 1565 5207 quae
1597 5154 1764 5206 prima
1800 5152 1917 5191 tou-

328 5228 456 5263 sura
500 5214 825 5277 nominatur,
866 5220 921 5265 et
961 5218 1096 5264 tonsi
1136 5212 1266 5264 olim
1305 5212 1423 5275 ejus
1458 5210 1655 5278 gradus
1697 5210 1899 5262 cleiici.

329 5284 473 5335 Ulini
508 5286 650 5335 (’llllll
684 5299 867 5336 revera
902 5283 1277 5341 tondebantur,
1308 5298 1403 5332 nec
1437 5291 1615 5347 postea
1640 5280 1908 5348 integrum

327 5364 449 5403 erat
496 5368 701 5404 romam
745 5353 906 5407 alere.
967 5352 1213 5421 Synodus
1270 5350 1588 5421 Agathe-isis
1636 5367 1753 5403 can.
1816 5350 1905 5404 l5:

329 5424 521 5475 L'lrrici
559 5425 643 5488 qui
674 5440 868 5475 comam
903 5420 1167 5484 nutriunt,
1202 5425 1263 5473 ab
1292 5420 1655 5472 ai'cht'tliacono
1684 5423 1836 5471 etiam
1867 5422 1910 5473 si

331 5495 610 5555 noluerint,
638 5494 780 5545 inviti
807 5493 1195 5545 detonileaiitur.
1230 5490 1354 5544 Indo
1384 5490 1591 5543 concilii
1625 5504 1675 5541 tv
1698 5490 1910 5543 (Zaitha-

328 5578 362 5630 g
388 5578 524 5616 oens
546 5579 571 5615 s
592 5606 607 5627 ,
649 5578 769 5616 can.
810 5563 879 5617 44
912 5581 923 5614 :
959 5563 1185 5615 Clericus
1215 5578 1307 5616 nec
1334 5575 1529 5612 commit
1559 5561 1780 5619 nutriat,
1821 5577 1910 5613 nec

331 5634 539 5685 barbam
561 5634 733 5697 radat,
764 5635 842 5686 vel
878 5644 932 5687 tit
955 5635 1041 5687 alii
1069 5641 1274 5687 vi-teres
1306 5631 1420 5684 libri
1453 5632 1651 5699 legunt,
1677 5631 1898 5682 tondeat.

334 5703 558 5756 Bai-bam
594 5707 748 5773 igitur
773 5705 1011 5767 alebant,
1046 5712 1101 5754 ut
1132 5702 1392 5770 liidieque
1421 5701 1622 5764 Cra-ci,
1652 5713 1698 5753 cl
1730 5701 1900 5773 Latini

334 5791 449 5825 inin
478 5768 662 5843 pauci:
684 5787 739 5828 ut
770 5791 987 5841 prorsa.
1018 5794 1028 5821 i
1053 5787 1121 5823 oii
1149 5768 1375 5841 capiam,
1400 5774 1535 5840 quod
1560 5772 1742 5824 scribit
1769 5768 1897 5824 Gre-

334 5845 519 5912 gorius
548 5846 631 5901 Vll
658 5847 721 5900 ad
747 5843 1354 5915 judttcutCaralitununi
1382 5845 1470 5898 lib.
1505 5860 1577 5911 ix,
1606 5851 1763 5912 epist.
1793 5846 1893 5898 l0;

2031 2010 2136 2052 tam
2159 1999 2501 2053 medietatem
2525 2014 2642 2067 quae
2669 2016 2763 2068 per
2784 2015 2963 2055 usurte
2994 2017 3186 2055 nomen
3212 2004 3481 2068 accrevit,
3526 2003 3608 2056 iii-

2025 2092 2292 2161 dulgeam,
2318 2093 2427 2145 Sola
2457 2092 2633 2160 simpli
2681 2093 3021 2149 restitutione
3057 2105 3361 2149 contentus.
3412 2095 3505 2164 Egi
3543 2096 3609 2149 ad

2028 2181 2143 2235 lucc
2170 2181 2394 2251 gratias,
2428 2180 2538 2235 Deo
2568 2183 2854 2248 maximas,
2884 2183 3079 2252 hospiti
3124 2200 3343 2252 magnas
3363 2225 3379 2249 ,
3410 2185 3499 2253 qtti
3529 2185 3610 2240 sit:

2024 2281 2227 2326 amaret
2251 2282 2356 2327 tam
2387 2287 2537 2326 suam
2569 2272 2762 2328 famam
2791 2289 2946 2342 quam
2967 2275 3352 2331 coiiscieiitiam
3372 2317 3387 2341 ,
3410 2277 3608 2330 contir-

2027 2380 2178 2417 ηιςιιεε
2202 2366 2433 2418 Μυῖα-ιλιι»
2459 2368 2791 2433 prtemlttere
2817 2366 2915 2419 sibi
2941 2366 3082 2434 quod
3111 2366 3404 2421 dimitteret
3434 2368 3607 2431 vobis,

2025 2466 2184 2525 atque
2212 2457 2335 2510 liiuc
2361 2471 2595 2523 superna
2652 2473 2816 2528 regna
2868 2458 3127 2523 mercari,
3160 2459 3300 2528 quod
3350 2458 3607 2515 benefit-ia

2028 2558 2237 2601 terrena
2261 2562 2366 2603 non
2397 2549 2675 2602 venderet.
2712 2549 2850 2617 Ergo
2879 2549 3019 2619 quod
3046 2558 3241 2612 restat,
3272 2550 3511 2617 enitere,
3552 2560 3607 2606 ut

2024 2647 2244 2691 auctore
2272 2647 2321 2691 te
2346 2638 2590 2706 protinus
2614 2639 2792 2692 saltim
2815 2640 3153 2694 commodata
3192 2655 3400 2694 summa
3433 2643 3605 2696 solva-

2027 2740 2111 2782 tur
2142 2746 2153 2780 :
2186 2729 2264 2783 sic
2284 2736 2344 2782 ut
2366 2729 2606 2798 ingentes
2646 2728 2994 2782 nihilominus
3039 2729 3237 2798 gratias
3272 2745 3400 2799 agas
3445 2732 3605 2785 etiam

2027 2820 2241 2873 nomine
2267 2819 2482 2874 illorum
2510 2821 2598 2889 qui
2630 2819 2723 2873 tibi
2754 2820 3108 2888 germanitate
3133 2821 3446 2889 conjuncti,
3495 2822 3607 2877 fors

2029 2926 2122 2979 per
2142 2920 2351 2964 inlatum
2374 2926 2568 2980 sapere
2618 2927 2723 2965 non
2772 2922 2992 2979 possunt
3019 2913 3146 2983 quid
3189 2914 3429 2968 muneris
3478 2929 3605 2969 con-

2025 3011 2339 3070 chttantur.
2377 3002 2531 3073 125
2562 3000 2679 3056 Non
2706 3014 2783 3056 εει
2812 3018 2908 3057 cur
2928 3004 3108 3059 dicere
3134 3005 3356 3073 incipias
3376 3046 3391 3071 ,
3425 3005 3605 3061 Habeo

2025 3102 2339 3161 Consortes,
2389 3092 2616 3148 neidum
2668 3093 2940 3149 celebrata
2997 3094 3187 3150 divisio
3228 3107 3339 3159 est;
3397 3096 3605 3151 avarius

2026 3192 2235 3238 constat
2262 3198 2500 3239 meiesse
2528 3192 2813 3238 tractatum
2845 3199 3003 3253 quam
3050 3185 3399 3250 colizereiles;
3442 3188 3605 3240 frater

2025 3284 2081 3329 ct
2107 3290 2261 3331 soror
2289 3276 2389 3330 sub
2413 3275 2574 3330 annis
2597 3275 2771 3331 adhuc
2786 3276 3109 3331 tutelaribus
3146 3287 3307 3347 agunt
3332 3294 3347 3342 ;
3382 3278 3605 3332 necdum

2024 3366 2198 3421 sorori
2229 3367 2474 3433 maritus,
2510 3366 2658 3421 fratri
2683 3368 2910 3423 necdum
2939 3377 3180 3431 curator,
3208 3369 3441 3424 curatori
3483 3384 3605 3424 nec:

2025 3458 2150 3511 dum
2202 3459 2494 3512 Satisdator
2550 3460 2798 3511 inventus
2846 3470 2961 3521 est;
3004 3460 3143 3527 quod
3173 3461 3388 3528 quidem
3437 3470 3602 3515 totum

2024 3549 2381 3605 c‘t'editoribus
2409 3550 2564 3613 bene,
2598 3549 2689 3603 sed
2723 3548 2879 3602 malis
2921 3549 3136 3602 dicitur.
3182 3550 3252 3602 At
3291 3562 3411 3602 cum
3446 3549 3603 3605 liab‘el

2027 3642 2148 3697 talis
2169 3646 2396 3711 persona
2423 3651 2910 3710 c0iitractum,qu:e
2928 3641 3053 3695 velit
3080 3640 3311 3696 medium
3335 3642 3513 3696 relaxa
3524 3658 3600 3706 rc,

2025 3876 2205 3930 Totius
2246 3875 2587 3930 Occidentalis
2622 3874 2867 3929 Ecclesia:
2898 3876 3086 3928 clerum
3122 3875 3182 3927 ab
3207 3878 3331 3941 ipsis
3366 3874 3602 3928 Ecclesia:

2023 3946 2211 4019 Christi
2237 3948 2529 4019 primordiis
2559 3948 2767 4019 baritum
2796 3947 3008 4019 radendi
3038 3962 3227 4019 morem
3254 3946 3487 4019 tenuisse.
3511 3945 3601 3999 La-

2023 4018 2119 4073 liiii
2144 4015 2318 4072 tanien
2348 4030 2530 4082 postea
2550 4017 2777 4070 barbam
2806 4016 3045 4083 plerique
3095 4016 3403 4069 rasitarunt.
3438 4015 3601 4084 quue

2022 4087 2309 4142 discrimen
2354 4086 2523 4142 (ἓτωοί
2574 4087 2856 4155 Latinique
2924 4086 3103 4155 cli-ri:
3170 4086 3304 4155 quod
3356 4085 3598 4155 religioni

2022 4169 2220 4213 nostra:
2264 4158 2393 4213 nihil
2436 4159 2656 4212 oflicere
2703 4154 2950 4209 accurate
2995 4154 3208 4207 (liss'erit
3236 4156 3469 4222 synodus
3498 4154 3599 4208 Le-

2022 4228 2285 4283 moviciua
2309 4244 2326 4284 :
2349 4229 2403 4283 in
2435 4228 2585 4296 cujus
2615 4227 2749 4279 actis
2775 4226 2881 4278 diei
2914 4223 3161 4278 secunda:
3190 4226 3599 4296 recitanturca-

2022 4315 2188 4353 nones
2218 4299 2408 4370 synodi
2440 4294 2804 4370 Biturit‘eiisis,
2835 4310 3061 4370 quorum
3091 4294 3356 4370 septimus
3373 4294 3600 4370 clericos

2020 4384 2208 4422 Olllnl‘S
2247 4362 2527 4423 'tonsuram
2576 4366 2990 4422 ecclesiasticam
3044 4366 3238 4417 habere
3283 4362 3461 4429 jubet,
3497 4363 3600 4417 hoc

2020 4449 2102 4492 est
2130 4440 2345 4493 barbam
2379 4453 2550 4492 raszim
2581 4448 2636 4493 et
2662 4452 2913 4491 coronam
2942 4435 2994 4487 in
3026 4437 3217 4502 capite.
3256 4434 3403 4487 Adeo
3437 4436 3599 4488 varia:

2022 4510 2119 4563 liae
2149 4511 2309 4562 etiam
2344 4512 2393 4560 in
2428 4520 2576 4577 parte
2607 4511 2751 4561 vices
2778 4519 3074 4573 temporum
3105 4506 3341 4577 fuerunt.

2092 4577 2119 4617 δ
2143 4579 2290 4633 Facit
2319 4573 2525 4634 Sidonii
2572 4577 2857 4639 dubitatio,
2891 4588 2943 4627 ut
2988 4573 3344 4642 intelligamus
3380 4574 3594 4627 brevem

2022 4662 2252 4710 comam,
2283 4648 2503 4702 barbam
2532 4647 2818 4715 prolixam.
2860 4644 3135 4715 monachis
3181 4662 3251 4697 ac
3291 4645 3586 4711 paiiiitcnti-

2026 4722 2121 4772 bus
2146 4720 2308 4771 fuisse
2334 4735 2454 4773 cum
2480 4714 2691 4771 clericis
2719 4731 3079 4769 communem.
3105 4714 3180 4769 De
3211 4716 3484 4766 llltlllat‘IIiS
3501 4720 3586 4767 do.

2025 4799 2109 4843 cet
2139 4788 2371 4842 Hilarius
2400 4786 2732 4841 Arelatensis
2760 4787 2811 4839 iti
2846 4786 2959 4838 Vita
2999 4784 3250 4839 IIonOrati
3284 4804 3297 4837 :
3340 4783 3590 4850 RedigunA

2025 4870 2109 4911 tur
2130 4861 2197 4912 ad
2228 4860 2392 4912 breves
2415 4857 2629 4928 capillos
2650 4857 2962 4928 luxuriantes
2989 4870 3163 4928 comta,
3199 4858 3503 4928 transfertur
3527 4855 3613 4906 ad‘

2025 4930 2237 4983 nitorem
2268 4931 2449 4983 mentis
2472 4924 2680 4981 restium
2700 4927 2967 4993 splendor,
2995 4926 3196 4978 cervicis
3232 4929 3404 4977 lactea:
3441 4924 3593 4977 decus

2022 4999 2195 5066 palliis
2225 5000 2499 5071 rigentibus
2525 5007 2840 5071 occupatur;
2863 4998 3053 5066 quibus
3076 4996 3251 5071 verbis
3273 4994 3592 5071 monachum

2023 5063 2293 5136 designat:
2315 5069 2443 5125 Item
2475 5063 2756 5125 Salvianus
2785 5063 2996 5121 libivnt
3030 5082 3044 5119 :
3091 5064 3240 5119 Intra
3269 5063 3595 5133 Carthaginis

2023 5155 2195 5193 muros
2224 5140 2515 5208 palliatum,
2534 5147 2580 5190 et
2603 5136 2872 5205 pallidum,
2887 5147 2930 5188 et
2950 5136 3125 5189 recisis
3141 5152 3414 5208 comarum
3429 5139 3594 5208 [litari-'-

2022 5210 2146 5262 tium
2180 5206 2325 5281 jitbis
2353 5226 2511 5277 usque
2539 5209 2607 5261 ad
2638 5219 2800 5281 cutem
2829 5216 3031 5281 tonsum
3056 5211 3223 5281 videre
3258 5206 3477 5276 populiis
3509 5206 3586 5256 via

2015 5276 2213 5347 poterat
2234 5296 2252 5334 :
2277 5281 2326 5333 id
2352 5276 2435 5334 est
2464 5280 2807 5333 ttionacltuni.
2840 5276 2915 5331 De
2954 5280 3333 5344 paenitentibus
3364 5284 3540 5347 atilent
3560 5313 3584 5347 A,

2012 5345 2220 5404 comam
2249 5351 2428 5404 itidem
2454 5350 2677 5405 tondere
2708 5348 2891 5401 solitos
2931 5358 3138 5401 constat
3187 5362 3251 5400 ex
3288 5360 3493 5398 canone
3523 5345 3587 5397 15

2014 5423 2203 5489 synodi
2239 5420 2583 5491 Agatliensis,
2610 5428 2663 5491 et
2693 5435 2814 5491 can.
2852 5417 3133 5491 12‘syii_odi
3184 5416 3585 5491 itt__'_l‘oletatia:,

2016 5485 2107 5544 lii.
2133 5507 2185 5553 v,
2209 5485 2576 5559 capitulariuin
2603 5490 2691 5544 52.
2712 5485 3001 5557 Gregorius
3022 5485 3332 5559 Turon.lili.
3364 5498 3433 5546 vi,
3464 5498 3582 5559 cap.

2014 5561 2079 5615 57
2108 5579 2120 5614 :
2153 5554 2339 5629 Caput,
2366 5561 2565 5629 inquit.
2599 5554 2848 5629 totondit,
2882 5567 3032 5623 atque
3069 5554 3410 5629 pmiiitcntiinu
3441 5555 3581 5629 arci:-

2012 5633 2153 5700 picns
2181 5624 2417 5700 spiritum
2439 5624 2723 5700 exltttlavit._
2746 5628 2871 5680 Inde
2891 5638 2977 5700 ‘est
2999 5629 3138 5692 quod
3170 5625 3222 5678 iii
3268 5624 3583 5700 Onit‘ocriti-

2008 5696 2085 5753 cis
2109 5696 2298 5770 legitur
2321 5718 2336 5757 ε
2359 5699 2473 5756 Ἐάν
2493 5723 2570 5760 τις
2593 5700 2672 5772 ἴδῃ
2698 5697 2774 5753 ὅτι
2796 5697 3060 5769 ἐκούρευσε
3084 5701 3175 5772 ςήν
3200 5696 3405 5772 xta-ialm
3427 5696 3581 5772 (³9)ῖοῦ

2006 5764 2186 5913 ὠςψένν
2210 5776 2356 5847 τύπῳ
2400 5764 2661 5847 μοναχῶς
2708 5764 3001 5826 uanitatis"
3050 5764 3230 5832 οὗτος,
3257 5766 3288 5825 ἦ
3338 5764 3581 5821 ἀποϐαλιί

2006 5842 2079 5895 θλί
2126 5866 2183 5898 ιν.

2006 5842 2183 5898 9λίώιν.
