3946 6176
304 377 398 432 551

1558 374 1799 429 διυοΝιι
1840 373 2284 433 APOLLlNARiS

3434 364 3537 419 551

303 503 420 543 cum
453 490 620 543 totum
647 487 812 557 possit
848 488 1091 553 exigere;
1133 489 1174 539 si
1218 503 1420 541 moram
1476 489 1673 555 patitur
1720 487 1865 555 quid-
1895 490 1937 544 Α
1970 504 2125 553 quant
2149 490 2319 556 palam
2351 490 2577 555 prodito,
2603 490 2930 556 strepituque
2973 486 3223 552 despecto
3263 483 3429 537 turba:
3458 486 3524 539 lu-

301 580 425 645 quid
460 587 675 647 propter
722 577 832 631 tuis.
858 578 1140 631 ricordiatu
1186 587 1523 632 Concesscrat
1563 578 1644 646 pie
1670 618 1683 641 ,
1724 576 1866 646 justc

302 673 534 740 reposcit
563 678 780 739 propter
809 668 1076 735 iniuriam.
1117 670 1263 723 Vale.

816 759 1145 814 EPISTULA
1184 759 1349 813 XXV.

631 851 915 905 Sidonius"
942 850 1194 903 Domnulo
1224 866 1314 902 suo
1336 850 1571 902 salutem.

370 940 586 1008 Nequeo
610 939 843 1009 dillerre,
878 942 1001 1008 quin
1032 939 1243 1008 grandis
1271 942 1645 992 communione
1674 949 1723 991 te
1743 954 1871 1003 gau-

304 1033 374 1085 dii
408 1031 629 1085 festinus
661 1034 958 1098 impertiam
994 1050 1004 1083 :
1038 1031 1289 1084 nimirum
1327 1045 1492 1084 nosse
1532 1031 1866 1095 cupientem,

304 1122 427 1189 quid
458 1134 605 1188 pater
635 1132 815 1174 noster
836 1120 889 1173 in
920 1120 1151 1185 Christo,
1180 1120 1373 1188 pariter
1403 1130 1456 1173 et
1485 1121 1718 1187 pontifex
1763 1123 1861 1173 l'a-

306 1213 466 1275 tiens,
490 1210 517 1249 1’
549 1211 879 1265 Cabillonum
904 1210 1189 1277 prolectus,
1223 1226 1370 1264 more
1400 1212 1697 1280 religionis,
1722 1225 1870 1264 more

305 1301 616 1355 constantia:
662 1316 771 1353 sua:
808 1300 1014 1353 fecerit.
1063 1301 1193 1352 Cum
1242 1303 1476 1355 venisset
1522 1302 1572 1355 itt
1621 1301 1870 1369 oppidum

304 1393 758 1459 suprascriptum,
815 1390 1214 1456 provincialium
1285 1382 1619 1445 sacerdotum
1676 1391 1873 1459 praevio

304 1481 520 1549 partim,
556 1480 743 1548 partim
772 1482 1057 1535 contitau'e
1086 1482 1333 1550 collegio,
1365 1483 1567 1537 scilicet
1599 1492 1655 1537 ut
1703 1485 1874 1537 muni-

305 1573 446 1643 cipio
477 1588 717 1627 summus
739 1574 925 1643 aliquis
950 1578 1171 1627 antistes
1192 1576 1529 1629 ordinaretur
1560 1593 1572 1627 :
1606 1576 1759 1641 cuius
1785 1592 1874 1631 ec-

306 1667 483 1720 clesize
507 1666 782 1733 disciplina
815 1670 1049 1730 nutabat,
1086 1676 1360 1736 postquam
1382 1667 1564 1736 junior
1592 1669 1875 1736 episcopus

307 1756 499 1810 Paulus
534 1757 849 1811 discesserat
878 1758 1282 1826 decesseratque
1310 1775 1322 1811 :
1354 1769 1673 1825 exceperunt
1704 1762 1874 1828 ponti-

1970 580 2153 642 rentis,
2201 580 2356 648 jaetis
2394 589 2610 648 repente
2656 581 2899 634 manibus
2944 588 3211 643 arteptutn
3238 619 3253 641 ,
3301 577 3533 645 nihilque

1976 678 2085 723 tum
2115 669 2289 724 minus
2316 685 2473 738 quam
2496 684 2615 739 qua:
2636 671 2927 738 agebantur
2949 677 3222 735 optantem
3252 668 3531 737 suSpican-

1975 771 2208 828 temque,
2236 773 2477 814 sanctum
2507 761 2763 814 Joannem
2788 803 2803 826 ,
2836 761 3007 813 virum
3042 759 3353 824 hom-state,
3393 775 3535 811 tnan-

1968 850 2249 904 suetudine
2278 851 2535 918 insignem
2569 850 2759 917 (lector
2789 850 2875 902 hic
2905 852 3128 917 primunt
3154 891 3167 909 .
3194 849 3271 902 sic
3296 848 3538 902 tninister

1968 938 2173 1001 altaris,
2200 938 2360 1006 idque
2389 938 2456 991 ab
2481 937 2734 1000 infantia;
2780 948 2898 1005 post
2937 938 3175 990 laborum
3216 947 3536 1003 temporum-

1970 1043 2073 1092 que
2105 1042 2375 1095 proces~u,
2409 1027 2843 1091 archidiaconus;
2878 1031 2926 1078 in
2959 1041 3061 1091 quo
3090 1042 3180 1079 sru
3210 1025 3371 1093 gradu
3401 1064 3417 1090 ,
3447 1041 3537 1078 seu

1971 1118 2265 1171 ministerio
2292 1118 2515 1170 multum
2543 1126 2783 1171 retentus
2811 1127 3029 1185 propter
3067 1116 3409 1179 industriam,
3453 1117 3538 1169 diu

1972 1209 2226 1276 dignitate
2252 1224 2357 1263 nan
2388 1210 2555 1275 putuit
2584 1210 2789 1277 augeri,
2819 1224 2884 1262 ne
2926 1217 3192 1277 potestate
3240 1214 3423 1274 posset
3450 1205 3539 1257 ab-

1971 1302 2150 1369 solvi),
2178 1310 2410 1354 attamen
2443 1301 2584 1354 hunc
2618 1311 2640 1338 ο
2669 1301 2777 1367 jam
2808 1298 3027 1354 secundi
3068 1298 3271 1353 ordinis
3298 1298 3541 1351 sacerdo—

1975 1405 2101 1460 tem,
2137 1394 2381 1447 dissonas
2411 1394 2553 1447 inter
2584 1392 2809 1459 partium
2839 1406 3016 1455 voces,
3058 1406 3179 1460 quae
3220 1390 3537 1444 dill'erebant

1975 1483 2189 1536 laudare
2227 1499 2332 1536 non
2368 1483 2726 1547 ambientem,
2766 1482 2857 1535 sed
2898 1497 2995 1536 nec
3028 1482 3293 1535 audebattt
3330 1480 3541 1549 culpare

1975 1574 2326 1639 laudabilem;
2382 1574 2722 1651 stupeptibus
2777 1573 3055 1640 factiosis,
3108 1573 3541 1627 erubescentibus

1975 1668 2148 1732 malis,
2171 1666 2586 1721 acclamantibus
2637 1665 2825 1730 bonis,
2876 1666 3287 1719 reclamantibus
3345 1666 3536 1729 nullis,

1973 1761 2228 1815 colleaatn
2258 1759 2358 1812 sibi
2389 1773 2787 1812 consecravere.
2820 1757 2971 1811 Nunc
2998 1774 3123 1825 ergo
3165 1758 3191 1792 ά
3217 1757 3461 1812 Jureosia
3499 1758 3540 1810 al

310 1849 457 1900 lit-ale
477 1848 760 1901 concilium
794 1849 949 1901 variae
976 1848 1279 1902 voluntates
1306 1849 1726 1917 oppidanorum,
1778 1866 1873 1904 nec
1908 1828 1950 1885 Β
1979 1861 2028 1905 te
2052 1851 2325 1903 remittunt
2352 1850 2457 1918 jam
2494 1848 2820 1902 ntooasIeria
2866 1853 2916 1900 in
2955 1864 3069 1915 qur.
3102 1848 3326 1900 libenter
3357 1847 3541 1900 solitus

308 1954 410 1992 non
448 1948 501 1992 et
530 1939 640 2004 illa,
665 1956 784 2007 qua:
811 1941 1003 1994 bonum
1039 1940 1299 2007 publicum
1331 1955 1543 2009 semper
1583 1950 1869 2006 evertunt,

309 2035 474 2087 studia
500 2036 733 2102 privata;
764 2049 882 2100 qua:
925 2034 1136 2103 quidam
1170 2034 1531 2088 triumviratus
1558 2037 1876 2089 accenderat

314 2124 468 2194 126
501 2124 906 2191 competitorum
957 2142 968 2174 :
1002 2140 1225 2192 quorum
1258 2124 1381 2177 hinc
1422 2125 1691 2192 antiquam
1730 2108 1874 2177 nata-

309 2217 437 2267 lium
483 2215 885 2283 pmrogatixam
928 2214 1128 2283 reliqua
1175 2214 1460 2267 destitutus
1501 2228 1706 2267 tuorum
1753 2215 1877 2268 dote

312 2305 552 2359 ructabat
577 2322 590 2357 :
615 2305 700 2358 hic
723 2319 816 2371 per
836 2304 1073 2373 fragoris
1096 2303 1428 2371 parasiticos,
1454 2304 1747 2358 culinarum
1772 2305 1881 2357 Sul-

312 2395 480 2466 l'ragio
505 2406 861 2465 comparatos,
896 2396 1162 2465 Apicianis
1192 2395 1461 2464 plausibus
1499 2396 1871 2465 ingerebatur;

312 2486 398 2540 hic
427 2487 574 2555 apice
593 2488 778 2540 votivo
805 2486 848 2539 si
874 2487 1152 2555 potiretur,
1181 2486 1338 2540 tacita
1384 2487 1628 2554 pactione
1679 2489 1881 2555 promi-

315 2585 457 2629 serat
511 2575 869 2629 ecclesiastica
916 2575 1250 2642 plausoribus
1296 2576 1408 2630 suis
1446 2576 1638 2643 praeda:
1686 2577 1880 2645 praedia

313 2668 445 2720 lore.
478 2666 629 2731 Quod
661 2666 747 2719 ubi
776 2666 1018 2720 viderunt
1058 2677 1273 2719 sanctus
1316 2665 1529 2720 Patiens
1571 2675 1628 2720 et
1665 2678 1880 2722 sanctus

318 2756 692 2835 Euphronius,
734 2757 821 2825 qui
868 2757 1097 2826 rigorem
1146 2755 1556 2825 ﬁrmitatemque
1603 2759 1881 2811 sententia:

314 2847 557 2911 sanioris,
584 2856 777 2915 przeter
804 2846 984 2901 odium
1015 2847 1367 2915 gratiamque,
1399 2848 1555 2915 primi
1590 2849 1839 2901 tenebant
1866 2865 1878 2911 ;

314 2938 539 2993 consilio
568 2952 687 2993 cum
717 2939 1047 3007 coepiscopis
1097 2938 1243 3006 prius
1272 2940 1409 2992 clam
1456 2941 1877 3003 communicato,

1980 1941 2288 2002 ascendere,
2313 1940 2420 2006 jant
2454 1939 2763 1993 ctelestibus
2786 1938 3136 2007 supernisque
3181 1938 3427 2006 prrelndis
3455 1938 3544 1989 ha-

1983 2031 2242 2093 bitaCuIis,
2268 2029 2497 2099 gaudere
2529 2039 2577 2083 te
2606 2044 2699 2098 par
2725 2039 2806 2084 est
2841 2030 2909 2083 de
2951 2032 3306 2085 communiunt
3343 2039 3543 2096 patrum

1984 2123 2063 2177 \‘el
2098 2132 2460 2190 |)'ll'0lt0l'llllt,
2505 2123 2655 2191 127
2690 2138 2780 2174 seu
2813 2120 2889 2175 sit:
2925 2121 3186 2174 sentiente
3228 2120 3543 2181 t'oacorlia,

1984 2226 2077 2267 seu
2108 2215 2184 2266 sic
2213 2215 2572 2267 concordante
2601 2211 2885 2267 sententia.
2918 2212 3060 2264 lllius
3094 2227 3304 2279 quoque
3334 2211 3543 2264 nomine

1985 2303 2217 2366 exsulta,
2249 2316 2404 2371 quem
2435 2311 2759 2357 creaverunt
2812 2301 3152 2370 Euphronius
3203 2302 3544 2365 teSIintouio,

1986 2392 2201 2445 Patiens
2226 2408 2403 2455 manu,
2434 2392 2591 2445 atnho
2616 2393 2838 2460 judicio.
2868 2394 2919 2445 ltt
2948 2408 3053 2458 quo
3076 2393 3193 2447 fecit
3216 2392 3546 2460 Euphronius

1984 2485 2124 2551 quod
2155 2468 2461 2539 con'veniret
2493 2502 2596 2538 non
2624 2486 2915 2539 senectutis
2959 2485 3118 2537 modo
3160 2496 3267 2538 Suae
3294 2526 3309 2550 ,
3364 2500 3547 2538 verum

1984 2576 2143 2630 etiam
2193 2575 2462 2645 dignitatis
2514 2576 2832 2644 long-.evitati
2883 2591 2898 2629 :
2945 2576 3072 2630 fecit
3117 2585 3171 2630 et
3220 2576 3427 2631 Patiens
3473 2578 3548 2630 vir

1986 2668 2271 2737 quamlibet
2299 2667 2502 2733 magnis
2534 2681 2627 2735 par
2649 2676 2822 2720 tamen
2855 2665 3118 2729 laudibus,
3142 2667 3280 2735 quod
3311 2667 3440 2720 satis
3461 2668 3550 2721 dc-

1987 2758 2095 2811 cuit
2120 2758 2291 2811 lacere
2324 2772 2625 2826 personam,
2654 2771 2770 2823 quae
2799 2764 2959 2823 caput
2986 2765 3067 2809 est
3091 2766 3113 2793 ε
3140 2756 3342 2809 civitati
3362 2768 3550 2809 nosmu

1992 2867 2084 2914 per
2112 2849 2483 2912 sarertlotitnn,
2521 2847 2808 2917 provincia:
2840 2863 2965 2902 vero
3005 2862 3070 2901 re
3104 2857 3197 2901 ιη’
3232 2832 3327 2916 per
3374 2847 3551 2901 civita~

1993 2950 2117 2994 tem.
2154 2940 2300 2993 Vale.

383 3044 488 3114 53
519 3052 545 3080 ι
572 3044 721 3118 Afro,
754 3046 870 3118 viro
902 3045 1157 3118 docto,_et
1203 3045 1277 3118 ob
1308 3045 1515 3118 litteras
1545 3048 1867 3115 quaestorio:
1898 3052 1944 3112 C
1977 3051 2258 3117 epistolam
2286 3051 2343 3104 ll
2372 3049 2439 3103 de
2469 3049 2779 3104 Claudiano.
2809 3052 3065 3115 Joannes,
3092 3052 3286 3118 inquit,
3314 3069 3431 3106 cum
3462 3051 3553 3105 diu

317 3113 535 3182 quorum
559 3114 779 3166 alterum
810 3113 999 3166 docent
1020 3116 1178 3179 epist.
1213 3115 1279 3166 1⁸5
1299 3124 1354 3169 et
1386 3116 1476 3178 15,
1504 3113 1598 3171 liti.
1625 3133 1699 3181 tx,
1746 3118 1874 3171 alte-

317 3196 429 3256 rum
451 3182 768 3256 epi5tola_ad
798 3182 1122 3256 Polemium,
1156 3198 1272 3256 quas
1321 3185 1575 3249 praecedit
1611 3187 1728 3254 ejus
1770 3188 1882 3256 epi-

317 3253 645 3304 thalamium.
680 3252 1000 3305 Dontnttlum
1031 3254 1190 3305 etiam
1226 3255 1371 3323 inter
1406 3270 1501 3307 eos
1534 3252 1876 3323 (tUiVSCt‘lp‘liS

316 3324 426 3375 suis
452 3323 714 3387 claruerc,
749 3333 992 3376 numerat
1021 3331 1202 3375 auctor
1226 3320 1360 3375 Vita:
1394 3323 1576 3378 llilarii
1599 3320 1878 3381 Arelaten-

318 3392 411 3467 sis.
447 3391 554 3444 Vox
586 3404 666 3467 est
687 3394 1076 3467 diremptam-ni,
1105 3408 1132 3444 a
1158 3394 1354 3467 domno
1379 3408 1471 3446 seu
1502 3395 1740 3467 domino.
1766 3396 1881 3450 Sal-

317 3461 504 3515 vianus
530 3461 752 3528 epistola
778 3461 1159 3531 ad'llypatium
1196 3480 1208 3515 :
1239 3461 1345 3514 Illa
1372 3479 1465 3531 ego
1502 3476 1663 3519 νείατα
1704 3466 1881 3519 Palla-

319 3532 427 3591 dm,
456 3541 620 3584 vestra
642 3534 874 3602 gracula,
898 3542 1059 3584 vestra
1088 3534 1331 3585 domnula
1360 3548 1378 3586 :
1408 3550 1522 3586 cum
1560 3551 1661 3603 qua
1704 3534 1781 3591 his
1811 3550 1881 3591 tot

318 3602 571 3671 vocabulis
599 3604 855 3671 quondam
883 3602 1319 3671 indulgentissinm
1344 3603 1528 3669 pietate
1554 3605 1762 3659 lusistis.

388 3669 415 3708 ι)
446 3669 882 3724 γοιιιεἘοςΙ··εὶειε
916 3669 1042 3724 nios'
1060 3682 1170 3724 rrat
1194 3674 1244 3725 in
1266 3674 1529 3741 episc0pis
1555 3679 1885 3732 constituen-

318 3739 419 3803 dis,
446 3749 501 3793 ιιι
523 3756 680 3813 quem
733 3745 907 3794 Cll‘l‘llS
961 3742 1212 3795 Ecclesia:
1261 3739 1316 3797 et
1366 3739 1642 3813 utriusque
1678 3747 1883 3802 ordinis

321 3812 544 3882 pupulus
574 3810 874 3877 delegisset,
894 3815 1032 3865 hunc
1061 3813 1162 3882 sibi
1191 3814 1514 3882 collegisque
1545 3810 1882 3882 provinctali-

320 3882 417 3931 bus
447 3880 533 3946 qui
561 3889 964 3954 convenerant,_
988 3881 1262 3954 probatum
1304 3880 1745 3954 ttietropolitanus
1769 3888 1883 3954 epi-

318 3963 537 4019 scOpntn
568 3949 909 4019 renuntiat-ot.
948 3949 1053 4002 Leo
1081 3952 1345 4019 episcopis
1368 3949 1552 4006 Gallias
1573 3955 1639 4009 de
1665 3949 1884 4010 electio-

321 4034 387 4071 ne
418 4017 706 4070 liaveuuii:
735 4019 881 4081 Quod
902 4034 1040 4086 ergo,
1068 4019 1237 4089 inquit
1266 4017 1325 4073 in
1356 4023 1638 4076 Arelatensi
1658 4027 1878 4089 civitate,

321 4089 560 4153 defuncto
583 4089 741 4140 beata:
767 4092 1021 4142 memoria:
1056 4087 1295 4156 Hilario,
1348 4094 1509 4144 t-irum
1547 4096 1698 4146 etiam
1741 4087 1883 4150 nobis

321 4158 605 4223 probatum,
653 4158 860 4227 fratrem
912 4159 1264 4220 llavennium,
1311 4163 1584 4214 secundum
1632 4165 1883 4218 desideria

319 4227 461 4292 cieri,
498 4227 857 4299 honoratorum
891 4239 935 4279 et
969 4230 1125 4299 plebis
1166 4232 1470 4282 unanimiter
1507 4235 1838 4287 consecrastis
1864 4276 1879 4296 ,

319 4302 505 4349 bonum
532 4298 865 4364 fraternitatis
893 4298 1068 4351 vestra:
1094 4316 1222 4365 opus
1252 4310 1424 4352 nostro
1440 4301 1638 4368 judicio
1667 4304 1880 4357 roboru-

322 4384 452 4420 mus.
483 4368 621 4420 Idem
653 4370 716 4419 ad
742 4371 1022 4435 episcopos
1059 4368 1372 4422 Viennensis
1416 4372 1700 4435 provinciae
1733 4392 1744 4424 :
1781 4372 1883 4426 Per

320 4453 496 4503 pacem
523 4447 568 4489 et
596 4440 810 4506 quietem
832 4441 916 4504 qui
945 4439 1215 4508 prtt’futuri
1239 4449 1354 4491 sunt
1395 4441 1732 4505 postulentur.
1781 4443 1876 4496 Te-

320 4518 496 4558 tteutur
529 4510 828 4576 subscriptio
871 4510 1196 4569 clericorum,
1246 4508 1609 4562 honoratorum
1655 4516 1877 4566 testimo-

321 4591 479 4649 ntunt,
512 4577 700 4649 ordinis
722 4592 992 4631 consensus
1018 4588 1062 4630 et
1093 4580 1249 4648 plebis
1279 4595 1297 4632 :
1339 4580 1424 4644 qui
1466 4584 1773 4649 prmfuturus
1804 4592 1877 4637 est
1906 4632 1912 4637 .

322 4644 571 4721 omnibus,
631 4644 691 4695 ab
738 4650 967 4721 omnibus
1019 4644 1286 4721 deligatur.
1330 4644 1701 4721 Conveneraot
1750 4670 1878 4721 ergo

320 4712 535 4789 Patiens
592 4718 1031 4781 tnetropolitanus
1086 4712 1491 4789 Lvugdunensiw
1543 4712 1880 4789 Euphronius

321 4785 598 4849 episcopus
655 4785 1403 4855 Augustodunensisfaliique
1439 4785 1788 4856 provinciales
1823 4803 1881 4847 ut

323 4856 422 4904 rite
451 4868 515 4905 ex
548 4867 695 4906 more
720 4865 955 4921 agerent.
982 4858 1080 4920 Qui
1108 4870 1228 4911 cum
1276 4860 1483 4912 diversa
1528 4863 1665 4914 nacti
1702 4877 1882 4918 essent

321 4921 513 4974 civium
545 4924 739 5001 studia,
791 4925 886 4990 ipsi
924 4925 1228 5001 episc0pum
1272 4929 1411 5001 inter
1445 4945 1503 4983 se
1539 4930 1852 5001 delegerunt

322 5005 481 5065 qui-nt
505 4997 729 5059 populus
758 4996 1115 5047 renuntiatum
1145 4998 1459 5065 susciperet.

396 5071 416 5096 ε
446 5063 555 5133 lloc
589 5071 671 5113 est
709 5065 1074 5132 presbyterum
1103 5106 1117 5130 ,
1166 5068 1252 5133 qui
1293 5063 1526 5121 ﬁsrcundi
1579 5071 1783 5123 ordinis
1834 5083 1888 5126 et

325 5131 547 5197 proximi
581 5143 697 5195 post
727 5131 1031 5200 episcopum
1063 5147 1141 5187 est
1166 5131 1382 5204 gradus,
1417 5148 1471 5190 ut
1496 5140 1690 5191 dictum
1714 5151 1792 5192 est
1823 5142 1885 5192 ad

351 5216 1375 5242 W

701 5445 857 5514 128
898 5441 1217 5496 EPISTULA
1260 5444 1492 5497 PRIMA.

631 5531 873 5588 Sidonius
902 5542 926 5569 α
960 5533 1199 5586 Petronio
1228 5548 1316 5586 suo
1341 5534 1576 5587 salutem.

393 5623 562 5676 Audio
584 5626 724 5680 uuod
749 5626 1045 5680 lectitandis
1074 5626 1314 5695 epistolis
1344 5628 1477 5681 meis
1507 5628 1883 5696 voluptuosam

392 5760 417 5789 ⁸
447 5752 770 5809 Arelatensis
796 5757 893 5811 lori
922 5767 1125 5828 togato,
1160 5776 1313 5829 quem
1352 5762 1570 5815 Romam
1598 5774 1717 5815 cum
1760 5761 1877 5816 aliis

1912 4407 1959 4464 D

1988 3121 2037 3171 in
2070 3120 2427 3175 archidiactmi
2459 3121 2622 3188 gradu
2655 3121 2903 3175 detentus
2934 3125 3117 3176 luisset
3147 3135 3363 3190 promer
3396 3123 3555 3176 indu-

1985 3190 2324 3257 striam.jatn
2364 3201 2539 3261 tamen
2579 3202 2731 3244 aucta
2778 3193 3038 3259 dignitate
3080 3194 3358 3261 presbyter
3401 3202 3555 3253 erat,

1984 3274 2103 3312 cum
2130 3262 2329 3312 elecms
2354 3271 2434 3312 est
2463 3260 2513 3312 in
2544 3263 2873 3328 episcopum.
2896 3260 3401 3316 Archidiacon’orttm
3422 3261 3556 3315 ordo

1984 3338 2040 3381 et
2068 3330 2261 3397 gradus
2313 3331 2438 3382 olim
2490 3332 2626 3383 alius
2685 3348 2787 3384 non
2839 3346 2953 3385 erat
3002 3348 3159 3399 quam
3185 3333 3554 3387 diaconoruut.

1986 3399 2160 3465 Quare
2181 3415 2302 3452 cunt
2329 3400 2621 3468 presbyteri
2654 3401 2871 3464 ﬁebant,
2899 3401 3325 3457 archidiaconatu
3365 3402 3556 3456 delun-

1985 3470 2262 3535 gebautur,
2293 3468 2432 3535 qttod
2452 3484 2517 3522 ex
2549 3472 2779 3539 antiquis
2801 3472 3050 3526 omnibus
3080 3473 3316 3527 ltiStoriis
3346 3471 3557 3539 perspi-

1984 3554 2138 3592 cuutn
2166 3549 2268 3592 est.
2306 3540 2425 3593 Ideo
2451 3553 2684 3594 canones
2712 3542 2798 3607 qui
2829 3542 3046 3595 ordines
3070 3556 3248 3595 sacros
3290 3541 3556 3596 archidia-

1984 3608 2133 3661 conis
2162 3609 2421 3676 indicunt,
2448 3623 2550 3661 nou
2583 3610 2743 3663 alium
2767 3626 2922 3676 quam
2956 3611 3286 3665 diaconatum
3307 3610 3554 3679 praescri-

1986 3684 2137 3731 bunt.
2164 3679 2410 3748 Synodus
2430 3681 2717 3733 Arvernica
2754 3680 2947 3735 Urbani
2972 3680 3032 3744 ll,
3060 3696 3182 3735 can.
3224 3683 3257 3736 5
3288 3699 3302 3735 :
3330 3682 3395 3735 Ut
3435 3682 3558 3732 nul-

1984 3749 2201 3820 lusﬁat
2250 3749 2571 3820 decanusrin
2625 3751 2831 3803 ecclesia
2889 3751 2984 3802 nisi
3038 3751 3329 3820 presbyter,
3379 3751 3557 3820 nullus

1983 3818 2373 3871 archidiaconus
2407 3819 2505 3870 nisi
2561 3820 2731 3873 levita.
2785 3820 2983 3873 Laxata
3027 3818 3221 3873 exinde
3274 3819 3555 3887 disciplina

1986 3904 2111 3960 usus
2136 3889 2363 3941 obtinuit
2408 3897 2463 3941 ttt
2505 3888 2964 3943 archidiaconatus
3011 3891 3171 3944 etiam
3229 3890 3556 3960 presbyteris

1984 3958 2299 4010 deferretur.

2053 4024 2239 4098 d__Qu-e
2285 4030 2336 4080 itt
2382 4028 2507 4082 Jura
2541 4038 2720 4082 monte
2770 4028 2976 4098 crebra.
3019 4028 3306 4098 Gregorius
3346 4031 3548 4085 Turno.

1984 4097 2037 4150 in
2076 4095 2197 4150 Vita
2242 4099 2482 4164 Lupicini
2529 4107 2584 4151 et
2629 4098 2849 4153 llomani
2902 4117 2912 4150 :
2950 4097 3052 4151 Illa
3098 4095 3329 4153 Iurensia
3373 4104 3559 4153 deserti

1986 4176 2197 4240 secreta,
2228 4184 2340 4236 qua:
2381 4171 2510 4221 inter
2557 4167 2912 4240 Burgundioni
2961 4169 3415 4240 Alamanniamque
3458 4172 3561 4222 sita

1985 4238 2235 4291 Aventine
2283 4240 2538 4309 adjacent
2568 4240 2777 4290 civitati.
2836 4238 3032 4309 llorum
3091 4241 3245 4293 facile
3311 4238 3561 4309 princeps

1986 4306 2366 4361 monasterium
2398 4308 2454 4361 S.
2504 4308 2771 4376 Engendi,
2821 4307 2959 4376 quod
3008 4306 3064 4362 S.
3113 4306 3327 4363 Claudii
3374 4318 3560 4373 postea

1989 4386 2363 4444 nuncupatum.
2396 4378 2458 4431 Ut
2493 4387 2667 4431 autem
2698 4379 2809 4430 hate
2856 4378 3132 4440 Jurensia,
3184 4384 3260 4431 sic
3305 4380 3562 4433 .lurensi‘s

1987 4444 2289 4532 sarreges
2340 4446 3025 4532 Flodoardpniu"Chronico
3066 4447 3195 4532 dicti
3231 4448 3562 4532 llodulphus

1985 4516 2462 4586 etConradus,qui
2514 4519 2566 4571 in
2610 4517 2700 4571 illo
2740 4516 3058 4585 Burgundue
3111 4527 3279 4573 tractu
3321 4519 3557 4587 impera-

1987 4588 2132 4639 bant.

2059 4666 2082 4692 θ
2115 4656 2388 4724 Lngduno,
2418 4656 2569 4723 cuius
2599 4664 2756 4722 caput
2785 4655 3029 4719 Patiens,
3070 4655 3191 4724 quia
3232 4656 3513 4724 episcopus
3540 4677 3559 4719 ;

1987 4740 2081 4788 per
2107 4727 2375 4780 civitatem
2404 4742 2533 4780 vero
2554 4766 2568 4787 ,
2603 4728 2725 4792 quia
2766 4726 3077 4793 Lugdunum
3134 4728 3443 4793 tnetrotiolis
3473 4740 3564 4780 est

1990 4797 2295 4861 provincias,
2314 4796 2453 4849 idem
2476 4811 2684 4862 quoque
2706 4804 2865 4861 caput
2892 4797 3051 4849 totius
3067 4797 3347 4862 provincia:
3371 4799 3564 4863 prima:

1990 4864 2376 4933 Lugdunensis.
2407 4865 2715 4931 Lugdunum
2747 4880 2906 4932 porro
2935 4864 3127 4916 civitas
3163 4875 3213 4919 et
3263 4869 3434 4932 patria
3480 4866 3565 4918 Si-

1990 4935 2135 4987 donii
2169 4936 2318 5000 :ejus
2347 4935 2649 5001 episcopus,
2677 4948 2797 4986 cum
2841 4936 2951 4987 ha-c
2976 4934 3257 5000 scriberet,
3300 4935 3513 4987 Patiens
3543 4978 3561 5001 ,

1995 5019 2152 5061 attettt
2188 5014 2462 5069 pronterea
2491 5006 2639 5058 initio
2668 5003 2907 5071 epistolae
2946 5018 3099 5057 suum
3139 5007 3190 5057 itt
3231 5005 3438 5059 Christo
3468 5021 3566 5074 pa-

1993 5084 2127 5127 trem
2158 5082 2330 5127 vocat.

1951 5228 3541 5251 —-——-._-——_—-l———_——-—

1284 5230 1943 5410 ἱΙἙῙῇ-ἶᾷ

1992 5446 2298 5512 patientiam
2332 5447 2625 5517 impendas.
2660 5449 2899 5517 Magnum
2930 5443 3150 5512 hocest,
3182 5456 3236 5501 et
3267 5448 3565 5503 litterarum

1992 5537 2108 5591 viro
2128 5540 2731 5604 convenientissimum,
2774 5554 2893 5593 cum
2942 5540 3128 5593 studiis
3167 5540 3278 5608 ipse
3318 5541 3569 5592 maximis

1994 5630 2217 5697 polleas,
2245 5645 2305 5684 ea
2333 5630 2459 5683 etin
2484 5631 2599 5684 aliis
2639 5632 2798 5684 etiam
2838 5631 3051 5684 miaitna
3099 5630 3402 5697 complecti.
3453 5630 3566 5685 Sed

1986 5762 2070 5830 leg
2107 5773 2212 5816 tum
2245 5763 2469 5817 viditnus
2514 5764 2565 5817 in
2612 5778 2771 5818 causa
2817 5765 3044 5819 Arvandi
3095 5765 3185 5821 lib.
3226 5781 3270 5831 t,
3307 5764 3463 5834 epist.
3502 5766 3563 5819 Ἰ.
