3946 6176
352 346 454 400 553
1585 339 1900 394 EPISTULA

2017 339 2063 394 Μ
2105 339 2229 395 Llll.
2276 339 2333 394 ι’.
3489 344 3591 397 538

350 475 411 513 es
444 460 545 512 hoc
574 459 689 524 ipso
709 457 1221 511 consummatissima
1253 456 1343 509 tibi
1376 457 1539 523 gloria
1589 454 1908 520 repondera-
1938 456 1983 511 Α
2015 454 2116 507 tlte
2166 455 2383 508 habenis
2429 455 2741 524 obsequium
2791 456 3012 525 alloquii
3058 458 3378 524 impudentis
3429 460 3587 512 iteia-

350 562 465 612 tnr,
493 564 614 601 nam
653 557 782 601 sats
832 548 1032 602 eminet
1066 547 1268 600 meritis
1306 547 1498 613 ingenii
1547 546 1784 613 proprii,
1826 544 1918 613 qui
2023 560 2157 599 mus.
2192 545 2357 613 Cujus
2393 545 2699 613 improbitas
2726 548 2805 599 vel
2834 547 2957 600 hinc
2987 551 3212 603 maxime
3240 550 3584 617 dignoscitur,

350 642 506 692 fuerit
538 642 714 693 fautor
735 640 914 693 alieni.
956 639 1282 693 Commendo
1319 639 1618 692 Vindicium
1669 652 1917 692 necessa-
2018 636 2156 703 qutI
2194 640 2397 691 taretis.
2432 639 2568 707 Ergo
2602 654 2667 691 ne
2696 637 2819 706 quid
2854 646 3090 704 tempore
3132 641 3179 692 bi
3202 639 3433 693 stilitatis
3464 655 3589 707 age-

350 732 484 783 rium
514 731 669 799 129
696 745 893 789 meum,
920 731 1087 783 virum
1121 730 1448 798 religiosum,
1487 739 1540 781 rt
1583 729 1807 782 leviticae
1836 728 1917 778 di-
2018 725 2165 790 retis,
2191 727 2373 789 frater,
2402 742 2561 782 nosse
2589 744 2692 781 non
2730 729 2934 782 merui?
2971 729 3348 785 Dissitnulastis
3380 732 3586 795 trepido

349 821 531 885 gnitati
550 836 707 888 quam
723 820 1148 888 nuperindeptus
1162 833 1262 887 ρει,
1277 819 1909 874 aCtrommodatissimum.

349 910 448 975 Qui
474 912 607 963 meis
633 926 662 962 c
696 910 1039 978 pugillaribus
1072 909 1362 962 transferre
1391 926 1510 977 qua:
1546 909 1783 978 jusseras
1810 923 1912 961 non

352 1014 564 1064 vacans,
598 1016 692 1068 per
722 1013 880 1068 quam
908 1000 1127 1067 provinc
1152 1016 1235 1051 ant
1270 1000 1384 1063 lttit,
1415 999 1499 1053 hic
1530 999 1677 1052 vobis
1719 996 1913 1064 aliquid

353 1088 641 1143 naeniarum
686 1090 991 1143 munusculi
1022 1090 1139 1142 vice
1168 1090 1355 1142 detulit
1388 1105 1402 1141 :
1450 1103 1747 1157 quanquam
1797 1104 1914 1155 quze

355 1188 437 1232 tua
457 1178 740 1241 Sanctitas,
763 1193 976 1245 semper
997 1177 1216 1247 grandia
1250 1180 1452 1231 litteras
1473 1188 1677 1230 tmstras
1697 1178 1911 1244 pra-mia

357 1279 521 1335 putes.
564 1269 767 1322 Interea
814 1270 1185 1321 necessitatem
1231 1266 1434 1335 praefati
1477 1267 1745 1335 portitoris
1791 1267 1916 1319 insi-

357 1374 473 1422 nuo,
507 1374 662 1425 quem
691 1360 851 1412 traxit
879 1358 979 1411 isto
1007 1358 1201 1427 negotii
1234 1358 1404 1412 oborti
1452 1357 1699 1424 bipartita
1731 1357 1913 1410 condi-

356 1450 445 1503 tio.
472 1448 745 1517 Siquidem
779 1449 877 1503 bac
901 1449 1210 1503 definitione
1240 1449 1505 1516 perrexit,
1552 1457 1608 1501 ut
1642 1458 1730 1501 aut
1770 1448 1912 1501 ineat

356 1542 515 1603 litem,
545 1550 639 1592 aut
660 1539 814 1593 adeat
841 1541 1225 1594 luereditatem.
1256 1540 1385 1593 Nam
1408 1540 1650 1617 .patrueli
1691 1550 1911 1609 paterno

355 1631 517 1687 οωιίὺὶ
545 1634 899 1699 intestatoque
927 1632 1209 1699 defuncto,
1260 1648 1352 1700 per
1387 1632 1682 1699 agnationis
1723 1646 1911 1699 praero-

356 1725 573 1791 gativam
604 1724 892 1777 succedere
914 1736 1065 1792 parat
1093 1740 1106 1789 ;
1132 1725 1231 1778 nisi
1260 1733 1435 1778 tamen
1460 1725 1650 1788 emptis
1690 1723 1907 1777 factiosa

2018 830 2112 883 pro
2154 817 2302 869 \obis
2350 818 2521 870 amico
2570 819 2652 871 vel
2699 819 3036 871 securitatem
3088 820 3344 885 prodi-re,
3383 822 3466 873 vel
3515 822 3581 873 ti-

2015 909 2254 960 morem?
2283 906 2414 972 Quid
2444 916 2526 960 e~t
2554 908 2694 960 aliud
2713 949 2728 973 ,
2758 909 2800 961 si
2835 908 3124 977 requirenti
3157 918 3272 962 tuas
3299 911 3582 975 supprimis

2014 997 2271 1058 actiones,
2307 997 2456 1067 131
2489 1013 2645 1067 quam
2686 999 2944 1067 suspicari
2984 1014 3103 1053 eum
3136 999 3223 1066 qui
3256 1001 3328 1051 tui
3370 1001 3581 1055 sollici—

2014 1095 2099 1139 tus
2153 1088 2385 1154 existat,
2440 1098 2531 1142 aut
2591 1098 2737 1143 certe
2788 1106 2892 1142 non
2942 1090 3242 1157 gavi.urum
3293 1092 3581 1159 compertis

2016 1178 2317 1245 prosperis,
2359 1191 2443 1231 aut
2493 1181 2729 1247 tri—tem,
2773 1181 2816 1233 si
2860 1181 3067 1234 diversa
3124 1180 3418 1243 cesserint,
3472 1196 3577 1233 non

2014 1270 2279 1322 futurum?
2318 1271 2567 1325 Faciessat
2609 1272 2721 1324 haec
2751 1286 2779 1323 a
2820 1272 2971 1325 bonis
3017 1272 3252 1324 moribus
3294 1271 3579 1339 impietatis

2015 1358 2220 1428 opinio,
2254 1369 2308 1414 et
2342 1376 2371 1414 a
2414 1361 2647 1414 candore
2684 1375 2781 1414 Sno
2825 1375 2948 1414 vera
2986 1361 3181 1415 caritas
3220 1376 3423 1414 naevum
3472 1370 3576 1412 tam

2013 1452 2221 1506 misera:
2270 1452 2588 1519 snSpicionis
2632 1452 2889 1506 eliminet.
2940 1452 3207 1519 Namque,
3261 1461 3316 1506 ut
3359 1450 3577 1520 Crispus

2013 1554 2185 1595 vester
2224 1542 2479 1608 aflirntat,
2533 1542 2670 1596 idem
2712 1544 2876 1608 velle,
2920 1554 3077 1612 atque
3122 1542 3261 1597 idem
3309 1543 3469 1605 nolle,
3513 1558 3574 1595 ea

2009 1632 2224 1685 demum
2273 1634 2423 1686 ftrtna
2461 1634 2689 1686 amicitia
2734 1642 2834 1687 est.
2882 1633 3083 1686 Interea
3132 1633 3174 1685 si
3219 1632 3300 1685 vel
3344 1648 3439 1685 vos
3482 1647 3575 1685 va-

2012 1723 2162 1787 letis,
2221 1726 2353 1777 bene
2416 1734 2515 1777 est.
2571 1724 2681 1793 Ego
2736 1732 2915 1777 autem
2968 1723 3189 1777 infelicis
3235 1722 3575 1776 conscivntiac

356 1814 429 1865 \‘is
448 1812 643 1867 obviet.
665 1810 862 1866 Contra
893 1829 1025 1882 quas
1067 1825 1243 1868 tamen
1286 1825 1505 1868 cunctas
1547 1814 1907 1877 difficultates,
1945 1798 1988 1857 Β
2017 1816 2151 1868 tnole
2177 1817 2484 1880 deprcsms,
2518 1816 2568 1869 vi
2602 1816 2823 1869 felnium
2863 1831 3030 1884 nuper
3059 1824 3351 1868 extremum
3390 1811 3575 1865 salutis

355 1903 493 1956 solus
523 1913 641 1971 post
669 1919 825 1972 opem
852 1905 1050 1959 Christi
1101 1906 1325 1975 supplici
1363 1917 1453 1958 tuo
1490 1905 1689 1959 sul'licis
1720 1921 1732 1955 :
1761 1903 1912 1970 cujus

354 1996 580 2056 confido,
611 1996 753 2065 quod
784 1998 827 2050 si
868 1998 1124 2051 tneruerit
1166 2012 1392 2066 persona
1426 1997 1682 2066 gratiam,
1722 2010 1911 2051 consc-

352 2098 535 2154 quetur
554 2101 716 2140 causa
748 2087 1045 2141 victoriam.
1091 2087 1235 2142 Vale.

912 2177 1239 2233 EI’ISTOLA
1280 2178 1341 2233 II.

636 2270 885 2324 Sidonius
914 2269 1234 2341 Nymphidio
1264 2288 1356 2325 suo
1385 2273 1619 2326 salutem.

417 2370 439 2396 ι
471 2360 683 2414 Librum
714 2362 780 2416 de
817 2362 966 2416 Statu
995 2362 1217 2423 animte,
1250 2364 1416 2417 tribus
1456 2362 1807 2418 voluminibus
1844 2362 1909 2418 il-

351 2450 596 2515 lustrem,
629 2453 914 2506 Mamertus
951 2451 1274 2505 Claudianus
1298 2494 1313 2515 ,
1370 2452 1719 2521 peritissimus
1759 2452 1939 2507 Cbri-'

348 2543 637 2596 stianorutn
672 2544 1038 2613 philosophus,
1071 2555 1125 2598 et
1146 2545 1509 2613 quorumlibet
1548 2547 1748 2615 primus
1790 2560 1911 2599 eru-

347 2633 570 2687 ditorum
600 2638 725 2689 totis
755 2646 968 2690 sectata:
998 2637 1350 2705 philosophia:
1377 2638 1653 2704 membris,
1686 2638 1906 2703 artibus,

348 2728 683 2793 partibusque
714 2742 925 2781 tomere
950 2739 1001 2781 et
1027 2730 1275 2784 excolere
1304 2732 1532 2797 curavit,
1563 2748 1751 2787 novem
1776 2750 1907 2802 quas

345 2833 523 2873 vocant
556 2818 753 2885 Musas,
776 2820 1084 2889 disciplinas
1122 2822 1371 2890 aperiens
1402 2839 1527 2879 esse
1548 2864 1564 2890 ,
1613 2840 1719 2879 non
1752 2824 1907 2878 lenti-

344 2925 455 2962 nas.
485 2909 723 2978 Namque
755 2916 803 2963 In
845 2913 1046 2980 paginis
1081 2913 1197 2979 ejus
1236 2914 1429 2981 vigilax
1482 2915 1648 2968 lector
1678 2916 1909 2971 inveniet

343 3000 543 3053 veriora
579 3002 795 3054 numina
824 3002 1223 3069 Catnmnarum,
1256 3020 1376 3073 qua:
1426 3006 1695 3073 propriam
1742 3007 1808 3061 de
1850 3022 1907 3061 se

337 3088 436 3141 sibi
490 3092 703 3157 pariunt
759 3095 1228 3162 nuncupationem.
1294 3097 1449 3166 130
1508 3098 1618 3152 Illic
1659 3099 1802 3152 enim
1850 3108 1907 3153 et

2012 1906 2243 1966 accc-si;
2282 1919 2329 1957 nt
2376 1915 2499 1973 pote
2534 1906 2616 1958 cui
2646 1905 3010 1973 indignissimo
3042 1912 3199 1957 tantm.
3230 1903 3574 1971 professionis

2013 1996 2217 2063 pondus
2279 1998 2561 2061 inpactum
2618 2005 2698 2051 est
2746 2014 2758 2047 :
2814 1995 2902 2063 qui
2964 1997 3125 2047 miser
3172 1994 3195 2031 ιι
3247 2004 3369 2047 ante
3423 2008 3571 2047 eom-

2015 2090 2194 2155 pulsus
2247 2088 2443 2143 docere
2488 2103 2646 2157 quam
2694 2088 2928 2152 discere,
2978 2095 3031 2140 et
3074 2098 3197 2140 ante
3247 2099 3573 2154 prmsumetis

2013 2180 2208 2234 bonum
2265 2180 2558 2249 pradicare
2609 2193 2765 2247 quam
2820 2180 3027 2243 facere,
3076 2188 3321 2245 tanquam
3379 2174 3573 2229 sterilis

2012 2273 2189 2338 arbor,
2232 2289 2351 2327 cum
2394 2288 2499 2327 non
2548 2273 2769 2326 habeam
2803 2286 2962 2338 opera
3009 2286 3042 2339 p
3072 2285 3105 2324 ο
3146 2272 3338 2339 pomis,
3383 2282 3573 2335 Spargo

2010 2365 2170 2419 verba
2227 2381 2323 2435 pro
2385 2363 2545 2418 foliis.
2602 2362 2752 2429 Quod
2806 2371 2998 2422 restat,
3050 2370 3221 2424 orate,
3276 2368 3336 2412 ut
3395 2373 3572 2425 opera:

2013 2456 2237 2523 pretium
2289 2457 2388 2519 sit,
2431 2453 2571 2523 quod
2629 2454 2697 2506 ab
2752 2453 2951 2506 inferna
3015 2449 3393 2519 proliemodnm
3447 2447 3572 2500 sede

2011 2546 2363 2600 remeavimus
2397 2561 2411 2596 :
2452 2560 2517 2597 ne
2554 2544 2597 2596 si
2652 2543 2700 2595 in
2745 2540 3026 2610 praeteritis
3072 2538 3384 2594 criminibus
3424 2551 3572 2589 man-

2009 2636 2272 2697 serimus,
2315 2634 2529 2701 incipiat
2569 2633 2635 2686 ad
2686 2638 2877 2685 anima:
2919 2632 3093 2700 potius
3137 2638 3359 2683 mortem
3411 2628 3572 2696 perti-

2011 2743 2159 2792 nere,
2214 2726 2354 2795 quod
2402 2725 2644 2779 vivimus.
2702 2722 2837 2776 Ecce
2884 2720 3021 2789 quod
3071 2721 3273 2787 agimus
3322 2717 3569 2771 indicavi-

2012 2835 2168 2883 mus;
2216 2833 2344 2874 ecce
2393 2817 2565 2871 adhuc
2612 2814 2737 2884 quid
2789 2814 2957 2882 agatis
3015 2810 3349 2880 inquirimus.
3410 2808 3495 2861 Fit
3542 2824 3571 2861 a

2011 2921 2188 2964 nostra
2238 2917 2385 2974 parte
2427 2904 2565 2974 quod
2614 2906 2756 2972 pium
2799 2912 2925 2957 cst:
2969 2916 3062 2955 vos
3115 2902 3367 2969 deinceps
3417 2898 3571 2953 facile

2008 3002 2147 3069 quod
2187 3001 2410 3055 videtur.
2445 2998 2571 3052 Illttd
2604 3011 2733 3051 sane
2760 2997 2903 3049 velut
2937 2995 3136 3048 Atticus
3171 2994 3315 3063 leges
3356 2992 3426 3046 ita
3465 3007 3571 3046 aere

2009 3094 2208 3147 credite
2241 3092 2463 3145 incisum
2490 3131 2505 3155 ,
2538 3103 2636 3142 nos
2674 3088 2774 3142 sub
2810 3102 2913 3156 0pc
2941 3084 3134 3140 Christi
3169 3101 3437 3152 nunquam
3478 3084 3571 3137 ad-

334 3182 681 3246 grammatica
707 3183 849 3237 divid
878 3194 915 3249 t,
946 3195 999 3239 et
1027 3187 1256 3241 oratoria
1283 3187 1583 3256 deelamat,
1634 3199 1685 3242 ct
1731 3191 1900 3244 arith-
1930 3156 1975 3218 Ο
2008 3188 2262 3240 missuros
2290 3183 2486 3237 amoris
2510 3182 2815 3248 terminum,
2848 3179 2999 3250 cujus
3027 3177 3327 3234 studuimus
3352 3176 3571 3233 fundare

335 3272 527 3325 tnetica
555 3283 834 3336 numerat,
876 3285 930 3329 et
968 3278 1256 3347 geometria
1300 3281 1555 3344 metitur,
1599 3291 1651 3334 et
1704 3284 1904 3336 musica

336 3360 614 3428 ponderat,
640 3373 694 3417 et
721 3364 989 3418 dialectira
1018 3367 1273 3434 disputat,
1306 3376 1359 3422 et
1383 3370 1666 3435 astrologia
1700 3386 1904 3437 pramo-

332 3451 451 3513 scit,
482 3460 535 3504 et
560 3452 971 3507 architectonica
996 3458 1172 3521 struit,
1222 3468 1275 3511 et
1324 3460 1540 3512 metrica
1579 3459 1899 3515 modulatur.

340 3539 507 3608 llnjus
537 3541 779 3596 lectionis
808 3548 1041 3600 novitate
1071 3548 1297 3615 lzetatus,
1330 3548 1699 3618 excitatusque
1730 3560 1903 3603 matu-

333 3632 513 3698 ritate,
540 3640 729 3701 raptun
763 3637 1141 3691 recensendam
1168 3638 1715 3707 transferendamque,
1741 3650 1795 3694 ut
1827 3641 1904 3693 vi-

329 3724 511 3785 deras,
547 3726 747 3791 ροιιίειί,
781 3736 834 3780 ut
863 3728 1090 3795 petieras
1115 3728 1442 3795 impetrasti,
1471 3730 1571 3783 sub
1614 3730 1901 3801 sponsione

328 3816 450 3866 cita:
472 3815 860 3870 redhibitionis.
884 3817 991 3871 Nec
1021 3835 1104 3873 me
1126 3817 1256 3885 falli,
1283 3834 1379 3873 nec
1412 3830 1462 3873 te
1493 3820 1677 3875 fallere
1713 3820 1889 3875 decet.

327 3904 562 3973 Tempus
589 3916 671 3959 est
698 3908 1028 3961 commodata
1057 3910 1261 3964 restitui
1298 3924 1313 3964 :
1342 3911 1462 3980 quia
1494 3912 1630 3966 liber
1675 3913 1808 3980 ipse,
1851 3913 1895 3966 si

326 3994 547 4062 placuit,
576 3996 754 4049 dtvbuit
783 3997 1037 4053 exhibere
1059 4001 1390 4063 satietatem,
1416 4001 1461 4054 si
1490 4002 1779 4070 displicuit,
1802 4003 1894 4056 de-

325 4086 445 4140 buit
471 4103 687 4142 movere
710 4091 999 4145 fastidium.
1031 4091 1109 4144 Tu
1129 4102 1305 4146 autem
1330 4092 1581 4162 quidquid
1629 4093 1758 4148 illud
1784 4103 1895 4158 est,

324 4177 486 4232 fidem
520 4189 661 4233 tuam
692 4182 942 4235 celeriter
968 4180 1183 4236 absolve
1211 4199 1224 4235 :
1258 4199 1324 4236 ne
1354 4183 1397 4236 si
1440 4185 1719 4252 repetitum
1754 4186 1896 4241 libel-

320 4270 434 4323 lum
465 4273 635 4325 serius
666 4274 887 4329 reddere
912 4290 1085 4343 paras,
1108 4274 1450 4330 membranas
1469 4279 1642 4345 potius
1668 4279 1895 4336 videaris

320 4374 530 4427 amare,
560 4377 717 4431 quam
742 4364 965 4417 litteras.
988 4364 1140 4419 Vale.

879 4455 1203 4511 EPISTULA
1246 4457 1332 4511 III.

637 4546 879 4600 Sidonius
908 4550 1196 4616 Apollinari
1224 4566 1314 4605 suo
1337 4552 1573 4605 salutem.

394 4640 499 4689 Par
517 4645 629 4689 crat
652 4640 864 4705 quidem
894 4642 1258 4707 garrulitatem
1292 4653 1527 4694 nosmtm
1559 4643 1757 4697 silenlii
1798 4660 1890 4699 ve-

313 4730 415 4777 stri
445 4725 640 4777 talione
680 4726 899 4781 frenari.
948 4729 1051 4782 Sed
1086 4731 1335 4795 quoniam
1384 4729 1614 4796 perfecta
1670 4732 1885 4787 dilectio

313 4826 425 4865 non
460 4824 564 4865 tam
587 4815 747 4868 debet
774 4818 1010 4871 recolere
1031 4819 1156 4885 quid
1184 4820 1479 4873 officiorum
1511 4821 1701 4887 solvat,
1727 4838 1884 4889 quam

315 4905 778 4975 meminissequid
801 4909 1023 4974 debeat;
1048 4911 1208 4964 etiam
1242 4928 1380 4966 nunc
1412 4913 1601 4966 laxatis
1636 4930 1890 4971 verecun-

314 5036 456 5091 IIuic
504 5053 632 5106 ergo
678 5052 727 5089 ut
780 5040 1151 5101 jurisconsulto
1206 5042 1542 5096 commendat
1584 5043 1881 5101 Vindicium

310 5109 560 5181 ecclesige
588 5125 698 5181 sua:
727 5110 1036 5175 diaconum,
1072 5113 1225 5181 cujus
1271 5114 1462 5166 iterum
1509 5114 1748 5168 meminit
1788 5117 1884 5171 lib.

310 5192 419 5239 vn,
447 5178 603 5243 epist.
626 5180 679 5232 4.

391 5256 417 5282 σι
450 5246 657 5323 l_)e_quo
680 5249 901 5320 ejusque
928 5260 1143 5305 auctore
1186 5250 1496 5318 Claudiano,
1532 5258 1694 5307 multa
1722 5256 1880 5323 epist.

311 5317 350 5369 2
376 5327 429 5368 ct
455 5320 508 5383 '5,
535 5318 628 5370 lib.
654 5335 723 5371 tv.

392 5385 418 5463 ξ’
447 5388 762 5463 Ambrosius
783 5390 834 5442 in
862 5406 918 5463 re
945 5390 1075 5463 pari,
1102 5390 1200 5443 hoc
1221 5390 1375 5463 estin
1403 5392 1651 5456 auSpiciis
1675 5394 1882 5463 impac'i

312 5455 677 5534 episcopatus,
710 5460 845 5534 libat
875 5455 1165 5534 deOfliciis
1191 5455 1548 5534 ministrurlttll
1583 5455 1884 5534 {Cum-lam

312 5524 549 5597 effugere
570 5544 668 5579 non
694 5532 938 5591 possimus
966 5531 1179 5597 officium
1205 5531 1449 5589 docendi,
1480 5532 1613 5595 quod
1644 5524 1787 5586 nobis
1811 5552 1887 5587 re-

312 5596 625 5668 fugientibus
672 5600 910 5663 inposuit
955 5596 1223 5652 sacerdotii
1272 5601 1603 5653 ttrcessitudo.
1658 5604 1722 5653 Et
1772 5616 1890 5668 post

314 5667 424 5716 alia
456 5683 471 5738 :_
502 5664 609 5735 Ego
648 5670 777 5721 enim
809 5680 981 5737 raptus
1016 5671 1078 5721 (le
1114 5670 1444 5722 tribunalibus
1484 5682 1630 5738 atque
1663 5664 1889 5725 admini-

319 5735 579 5789 strotionts
618 5738 793 5800 infulis
823 5735 890 5790 ad
918 5742 1126 5793 sacculo
1151 5742 1269 5804 ium,
1299 5740 1476 5794 docere
1497 5735 1579 5794 vos
1606 5743 1731 5809 arpi
1752 5745 1886 5810 quod

2004 3279 2341 3349 principium.
2367 3276 2514 3331 Vale.

2464 3367 2616 3437 132
2657 3364 2982 3421 EPISTOL.\
3023 3363 3109 3417 tv.

2321 3458 2563 3513 Sidonius
2598 3458 2864 3524 Simplicio
2899 3472 2990 3509 suo
3017 3456 3254 3508 salutem.

2075 3547 2226 3614 Quod
2257 3562 2362 3601 non
2392 3546 2564 3612 recepi
2594 3548 2787 3614 scripta
2809 3547 2896 3615 qui
2922 3546 3189 3603 miseram,
3214 3543 3415 3612 imputo
3434 3542 3569 3595 ami-

2001 3641 2160 3708 citiae,
2183 3640 2274 3695 sed
2297 3641 2491 3709 deputo
2512 3640 2629 3709 plus
2649 3639 2855 3707 pudori.
2873 3639 3023 3699 Nam,
3049 3638 3147 3690 nisi
3167 3645 3354 3703 praeter
3374 3650 3566 3702 equum

2000 3740 2239 3797 autumo,
2269 3743 2321 3785 nt
2349 3731 2596 3786 salutatio
2628 3730 2755 3783 mihi
2782 3729 2957 3785 debita
2986 3727 3426 3790 dissimularetur,
3460 3740 3565 3780 non

2002 3823 2129 3876 illud
2155 3822 2484 3876 contumacia
2506 3860 2520 3884 ,
2563 3819 2654 3875 sed
2685 3820 2999 3874 verecundia
3031 3822 3145 3873 fuit.
3177 3820 3243 3873 At
3272 3820 3315 3872 si
3346 3817 3567 3871 ulterius

2003 3914 2205 3981 pagina:
2241 3912 2493 3980 garrienti
2541 3911 2707 3965 forem
2747 3911 2978 3970 claudis.
3014 3910 3276 3979 pessnlum
3313 3909 3563 3979 opponis:

1998 4003 2160 4075 quieti
2202 4003 2413 4069 quidem
2460 4010 2564 4055 tute
2610 4016 2712 4055 non
2761 4001 2954 4055 invitus
3002 4002 3276 4069 indulgeo,
3323 4001 3414 4052 sed
3460 4015 3564 4052 non

1998 4094 2180 4166 procul
2204 4109 2235 4146 a
2262 4105 2313 4147 te
2346 4107 2465 4145 rcos
2495 4106 2639 4146 meos
2662 4092 2998 4145 inventurum
3028 4106 3112 4143 mc
3138 4104 3259 4143 esse
3287 4090 3563 4143 denuntio.

1997 4188 2128 4242 Nam
2154 4196 2313 4240 totam
2344 4184 2537 4238 silentii
2560 4180 2716 4235 veslti
2746 4180 2995 4234 invidiam
3023 4180 3153 4233 verti
3184 4193 3285 4231 non
3316 4176 3562 4244 injurium

1996 4278 2174 4333 estad
2203 4275 2501 4345 superbiam
2545 4272 2801 4333 filiorum,
2834 4272 2922 4340 qui
2969 4286 3027 4324 se
3065 4268 3208 4335 diligi
3239 4268 3558 4329 sentientes,

1996 4367 2261 4435 quoddam
2294 4365 2567 4434 patiuntur
2602 4365 2668 4417 de
2720 4373 2895 4415 nostra
2940 4359 3217 4414 sedulitate
3248 4355 3513 4409 fastidium
3547 4372 3559 4405 :

1996 4473 2129 4529 quos
2160 4468 2377 4510 monere
2410 4471 2504 4522 pro
2535 4454 2701 4522 patria
2734 4452 3049 4505 auctoritate
3077 4446 3314 4507 debetis,
3346 4455 3401 4499 ut
3436 4458 3565 4498 con-

2000 4558 2181 4603 tracta:
2207 4547 2341 4615 apud
2370 4564 2417 4598 nt
2440 4561 2466 4598 s
2495 4544 2711 4597 nll‘ensze
2737 4540 3141 4595 amaritudinem
3181 4536 3359 4607 politis
3387 4535 3563 4589 allati.

1997 4640 2096 4693 bus
2127 4638 2343 4691 dulcare
2375 4651 2477 4687 non
2509 4634 2771 4686 desinant.
2807 4630 2950 4683 Vale.

2562 4716 2885 4776 EPISTUL\
2932 4720 2993 4772 V.

2310 4818 2552 4873 Sidonius
2584 4826 2605 4853 ε
2645 4815 2866 4885 Syagrio
2893 4828 2985 4865 suo
3014 4811 3246 4863 salutem.

2065 4915 2197 4968 Cum
2230 4912 2302 4965 sis
2328 4908 2561 4963 consulis
2593 4920 2881 4975 pronepos,
2906 4906 3065 4971 idque
3092 4916 3186 4969 per
3211 4898 3415 4952 virilem
3442 4911 3564 4952 suc-

1990 5050 2098 5114 ipse
2122 5062 2222 5099 non
2251 5044 2427 5114 didici.
2453 5040 2631 5109 Itaque
2651 5040 2843 5109 factum
2865 5048 2959 5102 est,
2989 5047 3044 5091 ut
3065 5038 3207 5107 prius
3226 5038 3406 5092 docere
3430 5036 3561 5092 inci-

1991 5113 2157 5188 prrent
2185 5131 2334 5188 quant
2359 5113 2570 5188 discere.

2069 5201 2089 5224 ο
2126 5177 2322 5239 Afranii
2358 5182 2561 5251 Syagrii
2606 5181 2729 5232 olim
2774 5179 3013 5251 consulis
3045 5177 3357 5251 pronepgti,
3398 5193 3427 5227 a
3451 5192 3563 5251 quo

1993 5260 2176 5314 etiam.
2208 5257 2297 5306 sed
2328 5245 2522 5321 genere
2554 5261 2814 5312 materno,
2845 5266 2907 5321 es
2935 5245 3223 5321 liliaortus
3242 5245 3559 5321 Tonantius,

1994 5328 2086 5380 lib.
2118 5342 2155 5390 t,
2182 5316 2351 5388 cpi~t.'
2373 5324 2421 5375 7.
2451 5321 2525 5374 Ad
2561 5323 2699 5373 hunc
2729 5337 2855 5372 \‘ertt
2887 5319 3073 5390 iterum
3104 5317 3285 5390 scribit
3312 5316 3402 5390 lib_.
3432 5330 3560 5390 vnt_,_

1992 5384 2154 5464 epist.
2194 5384 2247 5448 8.
2286 5395 2489 5463 Syagrii
2543 5391 2921 5464 Lugduni-uses
2964 5385 3311 5464 fuerezv‘Nam
3356 5384 3561 5464 Syagrii

1991 5452 2225 5519 consolis
2268 5452 2874 5534 sepulcrtnn‘Lttgilnni,
2916 5456 3134 5534 epist.hl
3150 5455 3187 5534 Ξ.
3222 5452 3381 5534 hujus
3402 5452 3562 5519 libri;

1990 5545 2043 5588 et
2078 5552 2140 5589 ex
2181 5522 2364 5586 eadem
2395 5542 2552 5592 gente
2581 5522 2795 5600 Syagria
2815 5567 2829 5590 ,
2861 5540 3030 5600 quam
3072 5524 3316 5600 Ecclesia:
3347 5522 3560 5600 thesau-

1992 5622 2105 5659 tum
2139 5606 2363 5671 appellat
2392 5593 2661 5671 Eunoditis
2694 5602 2745 5650 in
2762 5594 3092 5671 Epiphanio,
3128 5593 3368 5661 Lugduni
3391 5593 3558 5671 _llorco

1989 5675 2078 5729 bat
2108 5664 2580 5727 ειιίίϐιιιιιιοὺειιιιο
2610 5684 2731 5735 rege
2762 5664 3188 5735 Burgundionum
3214 5680 3233 5735 ξ
3266 5665 3403 5728 apud
3426 5680 3560 5730 qttos

1989 5755 2042 5800 et
2075 5746 2157 5799 hic
2204 5743 2454 5811 Syagrius
2494 5742 2546 5795 in
2590 5731 2778 5808 pretio.
2822 5735 3002 5803 Itaque
3038 5734 3179 5804 quod
3209 5731 3558 5804 Symmachus
