3946 6176
320 293 424 347 555

322 404 613 459 cessionem
663 402 997 472 (quanquam
1044 399 1093 453 id
1136 398 1200 452 ad
1247 412 1460 452 causam
1498 396 1877 464 subjiciendam
1912 398 1961 454 Δ

322 492 493 546 minus
522 490 756 559 attinet);
784 506 904 544 cum
946 490 1022 543 sis
1063 490 1220 559 igitur
1265 505 1297 543 e
1333 490 1537 542 semine
1578 500 1774 555 poetae,
1805 489 1887 541 cui

323 588 502 654 procul
528 584 689 638 dubio
716 596 917 637 Statuas
942 583 1202 637 dedemnt
1224 583 1447 645 litterae,
1480 584 1523 635 si
1556 581 1751 636 trabea:
1783 597 1885 634 non

324 678 593 733 dedissent
627 695 640 729 :
683 677 821 740 quod
852 679 1009 730 etiam
1050 691 1191 730 nunc
1219 677 1451 729 auctoris
1480 676 1616 728 culta
1651 675 1890 728 versibus

324 770 482 821 verba
517 776 793 831 testantur,
826 783 855 821 a
885 783 988 836 quo
1018 768 1192 821 studia
1223 776 1576 835 posterorum,
1610 782 1677 819 ne
1708 782 1890 833 parum

324 858 535 923 quidem
558 896 575 921 ,
606 858 798 926 quippe
828 857 880 910 in
913 856 1011 910 Itae
1053 866 1230 926 parte,
1260 856 1718 924 degeneraverunt
1747 872 1761 909 :
1796 857 1894 908 itu-

325 962 480 1001 mane
509 958 720 1006 narratu
751 958 854 1009 est,
884 957 1139 1016 quantum
1176 946 1329 1015 133
1360 954 1600 1014 stupeam
1628 944 1892 998 sermonis

332 1049 383 1091 te
409 1038 710 1091 Germanici
733 1037 973 1090 notitiam
1006 1045 1148 1089 tanta
1172 1034 1428 1090 facilitate
1451 1037 1707 1106 rapuisse.
1735 1034 1892 1103 Atqui

327 1129 607 1194 pueritiam
644 1136 785 1180 tuam
818 1135 1180 1193 competenter
1206 1125 1405 1180 scholis
1444 1108 1761 1180 liberalibus
1779 1140 1897 1179 tne-

328 1216 452 1268 mitti
480 1216 764 1281 imbutam,
790 1225 841 1267 et
864 1229 1233 1284 saepenumero
1262 1216 1456 1269 acriter
1482 1215 1897 1283 eloquenterque

328 1305 653 1359 declamasse
686 1320 863 1358 coram
893 1314 1138 1370 oratore,
1175 1309 1304 1360 satis
1342 1303 1513 1359 habeo
1541 1317 1893 1375 compertum.

328 1402 501 1463 Atque
532 1398 645 1450 lucc
688 1412 809 1449 cum
850 1397 921 1450 ita
950 1397 1090 1461 sint,
1142 1398 1297 1451 velim
1345 1397 1514 1462 dicas,
1559 1398 1698 1451 unde
1725 1398 1897 1451 subito

329 1488 622 1541 hauserunt
651 1497 863 1556 pectora
903 1499 991 1539 tua
1037 1488 1357 1555 euphoniam
1395 1489 1567 1557 gentis
1596 1489 1812 1551 alienae;
1843 1497 1899 1542 ut

330 1578 490 1631 modo
519 1577 644 1630 mihi
680 1588 798 1644 post
819 1578 1014 1631 ferulas
1042 1578 1281 1631 lectionis
1304 1578 1644 1645 Maronianae,
1678 1592 1899 1648 postque

330 1667 639 1719 (iCSlltialalll
677 1668 906 1720 varicosi
946 1668 1218 1734 Arpinatis
1245 1668 1568 1736 opulentam
1608 1670 1897 1737 loquacita-

1555 282 1795 338 SlDONII
1839 278 2284 336 APOLUNARIS
3456 270 3516 323 5'5

2450 391 2604 463 135
2641 390 2970 447 EPISTOLA
3012 388 3097 444 Vl.

2275 484 2521 539 Sidonius
2554 494 2577 522 ε
2611 484 2897 551 Apollinari
2923 499 3017 535 suo
3045 480 3279 536 salutem.

2064 575 2196 629 Cum
2230 577 2454 644 primunt
2492 584 2652 627 a'stas
2679 574 2907 628 deceSsit
2946 582 3232 636 autumno,
3279 580 3335 625 et
3372 572 3561 625 Arver-

1997 683 2186 721 n-trnm
2218 669 2379 720 timor
2426 668 2591 734 potuit
2632 666 3014 735 aliquantisper
3059 665 3273 719 ratione
3312 664 3561 731 temporis

1997 756 2310 824 temperari,
2342 756 2595 810 Viennam
2622 757 2743 809 veni
2780 773 2794 810 :
2825 755 2915 808 ubi
2937 754 3318 807 Thaumastum
3347 768 3560 821 germa-

1996 864 2120 901 num
2151 855 2330 909 tuttm,
2366 861 2523 914 quem
2566 860 2659 913 pro
2684 844 2803 913 jure
2830 845 2913 898 vel
2942 843 3211 912 sanguinis
3247 845 3327 897 vel
3354 843 3561 907 aetatis,

1997 940 2285 995 reverenda
2338 938 2695 992 familiaritate
2745 936 3106 1004 complector,
3164 933 3564 989 mmstissimum

1998 1030 2194 1086 inveni.
2226 1030 2324 1095 Qui
2356 1042 2656 1098 quanquam
2688 1027 2887 1082 recenti
2916 1025 3160 1080 ctelibatu
3190 1024 3464 1094 granditer
3488 1022 3566 1076 afa-

1999 1123 2292 1185 lieiebatur,
2323 1135 2418 1189 pro
2462 1129 2516 1173 te
2555 1127 2733 1173 tamen
2765 1132 2949 1185 parum
2989 1116 3164 1170 minus
3200 1114 3391 1168 anxius
3428 1122 3564 1167 erat.

1998 1212 2239 1265 'l‘itnebat
2270 1211 2410 1263 enim
2447 1208 2871 1274 verebaturque,
2920 1220 2990 1260 ne
3030 1220 3187 1275 quam
3228 1202 3322 1257 tibi
3367 1201 3571 1257 calum-

2000 1305 2140 1356 niam
2172 1301 2324 1355 turbo
2356 1299 2687 1365 barbaricus,
2721 1307 2809 1349 aut
2838 1297 3086 1351 militaris
3105 1294 3455 1349 concinnaret
3471 1290 3571 1345 ἰηι-

1998 1394 2255 1463 probitas.
2291 1392 2527 1458 Namque
2552 1390 2831 1443 confirmat
2852 1384 2879 1425 ἀ
2908 1388 3159 1455 magistro
3182 1385 3409 1439 militum
3430 1382 3574 1437 Chil-

2002 1485 2215 1551 perico,
2256 1480 2696 1536 victoriosissimo
2740 1480 2884 1543 viro,
2926 1479 3097 1533 relatu
3144 1485 3404 1531 venenato
3443 1490 3576 1544 quo-

2000 1576 2261 1642 rntnpiam
2300 1574 2679 1629 sceleratorum
2712 1571 2873 1626 fuisse
2910 1581 3119 1624 secreto
3148 1570 3577 1631 insusurratum,

2002 1679 2092 1722 tuo
2137 1667 2402 1737 praecipue
2445 1665 2782 1727 machinatu,
2822 1673 2846 1701 ε
2892 1663 3146 1730 oppidum
3173 1659 3503 1714 Vasionense
3552 1656 3573 1696 ί

332 1768 565 1828 temque,
597 1768 622 1795 ι
653 1762 802 1827 quasi
832 1757 861 1797 δ
884 1760 951 1813 de
983 1760 1184 1814 llilario
1208 1774 1389 1815 vetere
1418 1777 1589 1815 novus
1616 1761 1749 1815 falco
1781 1777 1901 1829 pro-
1934 1745 1979 1803 Β
2006 1759 2242 1827 partibus
2281 1757 2401 1811 novi
2434 1756 2683 1826 principis
2722 1754 2997 1825 applicari.
3040 1754 3095 1808 Si
3141 1752 3264 1820 quid
3312 1751 3435 1806 hinc
3481 1751 3578 1805 tibi

331 1849 583 1917 rumpas?
612 1848 881 1904 Estitnari
915 1850 1133 1905 minime
1174 1859 1376 1919 potest,
1407 1860 1606 1916 quanto
1634 1851 1762 1905 mihi
1798 1865 1903 1905 ca!-

333 1942 564 2009 tet'isque
594 1942 662 1994 sit
700 1941 865 2009 risui,
897 1941 1103 2010 quoties
1144 1942 1301 1995 audio
1322 1980 1338 2005 ,
1377 1942 1516 2010 quod
1562 1950 1615 1995 te
1642 1950 1904 2009 prasente

331 2032 583 2085 formidet
620 2031 794 2085 facere
822 2032 1016 2099 linguae
1057 2047 1168 2085 sua:
1200 2032 1454 2086 barbarus
1494 2030 1902 2086 barbarismum.

335 2123 558 2190 Asmpet
590 2121 686 2175 tibi
713 2122 965 2191 epistolas
1003 2123 1368 2192 interpretanti
1403 2137 1563 2176 curva
1605 2120 1905 2175 Germano-

332 2227 450 2265 rum
479 2222 758 2277 senectus,
795 2221 849 2265 et
876 2212 1104 2281 negotiis
1131 2212 1329 2266 mutuis
1368 2212 1625 2266 arbitrum
1654 2223 1705 2266 te
1732 2212 1904 2267 disce-

334 2313 701 2381 ptatoremque
723 2301 975 2360 desumit.
1001 2304 1181 2357 Novus
1210 2304 1639 2373 Burgundionum
1669 2304 1831 2358 Solon
1854 2304 1906 2357 in

334 2392 539 2462 legibus
566 2394 926 2458 di~serendis;
959 2408 1125 2448 novus
1155 2395 1421 2463 Amphion
1451 2394 1503 2447 in
1533 2394 1778 2457 citharis,
1812 2394 1906 2447 sed

336 2482 656 2536 tricordibns
682 2486 1065 2552 temperandis,
1095 2485 1312 2552 amaris,
1345 2484 1721 2551 frequentaris,
1749 2498 1909 2550 ext-e-

335 2573 487 2640 teris,
517 2575 776 2640 oblectas,
807 2577 1042 2643 eligeris,
1070 2577 1361 2641 adhiberis,
1386 2577 1652 2641 decernis,
1683 2578 1905 2630 audiris.

339 2663 403 2715 Et
427 2679 727 2733 quanquam
756 2680 908 2733 teque
948 2667 1257 2733 corporibus
1296 2682 1361 2719 ac
1399 2680 1558 2720 sensu
1605 2666 1757 2734 rigidi
1802 2668 1909 2721 sint

336 2752 744 2823 indolatilesque
766 2794 781 2819 ,
812 2758 1204 2825 amplectuntur
1234 2757 1284 2810 in
1319 2767 1371 2811 te
1398 2756 1596 2824 pariter
1624 2764 1679 2810 et
1698 2756 1911 2812 discunt

334 2857 636 2899 sermonem
670 2845 894 2914 patrium
914 2887 929 2909 ,
961 2863 1054 2901 cor
1082 2848 1350 2902 Latinum.
1384 2848 1567 2902 Restat
1600 2847 1699 2902 ltoc
1723 2863 1906 2913 unum,

335 2935 417 2987 vir
447 2935 795 3003 facetissime,
827 2948 881 2992 ιιι
926 2940 1093 2994 nihilo
1118 2943 1363 3010 segnius,
1404 2942 1484 2995 vel
1511 2956 1631 2996 cum
1666 2942 1906 3009 vacabit,

336 3026 535 3097 aliquid
572 3030 784 3084 lectioni
818 3032 995 3099 operis
1024 3032 1329 3101 impendas,
1370 3034 1743 3104 custodiasque
1771 3033 1903 3098 hoc,

2007 1851 2216 1917 tuisque
2235 1847 2552 1916 suspicionis
2578 1846 2847 1911 incutitur,
2874 1846 3065 1913 raptim
3094 1845 3226 1899 doce
3256 1857 3480 1898 recursu
3509 1841 3585 1895 fa-

2005 1943 2289 1996 miliarium
2346 1941 2693 2012 paginarum;
2746 1955 2813 1995 ne
2862 1940 3011 1994 vobis
3064 1938 3440 1993 sollicitudinis
3490 1946 3584 1990 aut

2006 2033 2303 2102 pra'sentiae
2332 2047 2463 2086 mea:
2491 2030 2859 2100 opportunitas
2892 2039 3092 2095 pereat.
3130 2029 3285 2083 Curre
3324 2027 3457 2082 mihi
3489 2041 3586 2095 pe-

2006 2122 2279 2176 culiariter
2304 2122 2428 2185 erit,
2460 2121 2503 2175 si
2534 2119 2659 2188 quid
2692 2106 2866 2173 tamen
2897 2117 3203 2173 cavendum
3223 2116 3584 2179 existimabis,

2009 2220 2065 2265 ut
2094 2220 2145 2266 te
2175 2210 2330 2266 faciat
2353 2219 2445 2264 aut
2472 2209 2637 2279 gratia
2668 2209 2947 2277 impetrata
2975 2222 3241 2269 securum,
3273 2214 3365 2260 aut
3392 2204 3588 2275 explo-

2008 2315 2119 2358 rata
2146 2302 2418 2358 iracundia
2450 2302 2763 2357 cautiorem.
2794 2300 2944 2355 Vale.
3043 2327 3052 2334 -

2552 2392 2880 2446 EPISTULA
2924 2392 3029 2445 VII.

2302 2481 2551 2536 Sidonius
2580 2481 2891 2535 Thaumasto
2918 2498 3011 2535 suo
3039 2482 3275 2534 salutem.

2082 2580 2450 2649 Indagavimus
2481 2578 2691 2633 tandem
2714 2619 2729 2641 ,
2772 2577 2860 2646 qui
2889 2577 3029 2646 apud
3067 2586 3091 2623 ε
3131 2575 3449 2630 tetrarcham
3492 2589 3590 2629 no-

2009 2679 2176 2724 strum
2206 2669 2444 2738 germani
2478 2670 2573 2733 ttti,
2605 2676 2659 2722 et
2684 2682 2715 2721 e
2736 2667 2949 2721 diverso
2980 2666 3239 2737 partium,
3273 2666 3393 2719 novi
3428 2666 3590 2737 135

2014 2760 2270 2829 principis
2298 2760 2559 2814 amicitias
2581 2760 3012 2823 criminarentur,
3040 2759 3082 2811 si
3112 2768 3286 2811 tamen
3316 2757 3474 2810 ﬁdam
3501 2771 3587 2811 so-

2010 2851 2209 2905 dalium
2239 2850 2584 2920 sagacitatem
2616 2848 2942 2903 clandestina
2970 2847 3264 2901 delatorum
3303 2862 3407 2900 non
3437 2846 3593 2901 fefel-

2012 2941 2124 2997 lere
2152 2941 2394 3010 vestigia.
2427 2940 2487 2994 lii
2520 2941 2767 2995 nimirum
2799 2949 2940 3002 sunt,
2974 2949 3031 2993 ut
3062 2938 3199 2993 idrm
3230 2952 3410 2992 coram
3443 2937 3593 3005 posi-

2013 3040 2098 3085 tus
2121 3032 2333 3107 audisti,
2360 3045 2495 3100 quos
2520 3045 2576 3083 se
2599 3031 2708 3100 jam
2740 3028 2936 3084 dudum
2961 3028 3164 3097 perpeti
3192 3030 3330 3082 inter
3355 3027 3595 3082 elemen-

339 3128 499 3185 prout
539 3133 599 3173 es
642 3092 1117 3188 elegantissimus;
1151 3131 1626 3192 temperamentum
1642 3092 1671 3194 ,⁵
1708 3136 1766 3179 ut
1812 3126 1910 3179 ista
1937 3092 1983 3155 α
2016 3123 2180 3177 tiores
2227 3092 2482 3177 barbaros
2526 3092 2696 3177 Gallia
2737 3120 2922 3191 gemit.
2973 3119 3035 3173 lli
3060 3092 3187 3173 sunt
3231 3133 3365 3188 quos
3401 3118 3598 3174 timent

339 3206 433 3262 tibi
463 3208 637 3275 lingua
670 3218 936 3278 teneatur,
984 3226 1052 3266 ne
1080 3212 1337 3279 ridearis;
1364 3213 1451 3267 illa
1487 3224 1823 3275 exerceatur.
1856 3223 1915 3269 ut

340 3298 536 3354 rideas.
566 3298 719 3356 Vale.

340 3584 477 3663 ᾔδει
515 3585 861 3663 epistularum
906 3588 1199 3663 Syagrium
1233 3590 1504 3663 consulem
1556 3601 1703 3663 trans
1751 3592 1909 3658 Alpes

340 3654 609 3728 habitasse
634 3657 895 3728 signiﬁcat
914 3703 928 3725 ,
947 3654 1036 3713 'dei
1059 3659 1312 3728 Lugdune
1344 3661 1738 3728 intelligendum
1768 3654 1868 3715 est.

410 3733 437 3761 ι
468 3723 654 3785 Petrus
687 3723 997 3781 Colvius'ox
1024 3744 1124 3782 ms.
1140 3723 1581 3783 'Claronmntensi
1616 3747 1630 3785 :
1662 3735 1823 3799 quasi,
1847 3733 1911 3783 de

342 3793 559 3852 Syagrio
586 3806 745 3849 vetere
766 3814 921 3850 novus
949 3796 1154 3851 Franco
1183 3816 1425 3852 orornmn
1447 3801 1522 3851 's?

384 3811 559 3862 yagrio
586 3811 745 3849 vetere
766 3814 921 3850 novus
949 3811 1154 3851 rt'ranco
1183 3816 1425 3863 prornntp
1447 3811 1522 3851 ’δι’

410 3860 554 3934 bASic
581 3864 701 3918 libri
734 3867 970 3933 plerique
999 3884 1011 3919 :
1044 3868 1132 3918 alii
1164 3883 1307 3923 varie
1333 3871 1529 3922 harilao
1564 3868 1648 3922 vel
1678 3868 1867 3921 harilio
1886 3912 1900 3934 ,

342 3942 398 4007 ut
429 3932 640 4007 :liflicile
665 3934 732 3984 sit
760 3932 992 4007 statuere
1017 3936 1139 4007 quid
1170 3938 1498 4000 potissimum
1524 3940 1798 4007 scripserit
1828 3932 1909 3992 Si-
1950 3950 1953 3953 '

341 4003 551 4073 donius.
584 4014 783 4057 sensus
811 4013 916 4067 est,
948 4004 1016 4059 Ut
1037 4003 1270 4060 vidi-aris
1294 4007 1421 4061 mihi
1452 4025 1513 4061 ex
1540 4003 1821 4073 avi'patria
1856 4008 1911 4061 in

341 4071 604 4125 exoticam
647 4086 907 4138 mutatus,
958 4091 1023 4128 ex
1053 4074 1251 4129 Gallica
1284 4078 1335 4130 itt
1366 4071 1755 4137 Germanicam.
1790 4078 1911 4131 Pari

342 4142 598 4213 elegantia
632 4141 874 4213 Ituricius
915 4143 1005 4200 lib.
1033 4161 1080 4207 l,
1123 4146 1279 4212 epist.
1313 4149 1345 4201 5
1373 4148 1436 4200 ad
1474 4147 1816 4213 Hesperium,
1844 4162 1913 4199 ex

342 4211 542 4283 Arione
567 4210 617 4264 in
644 4212 911 4281 Orpheum
936 4210 1366 4282 repentermutari
1391 4217 1543 4274 dixit.
1568 4210 1664 4282 pro
1684 4231 1749 4268 eo
1771 4216 1925 4283 quod

340 4289 452 4357 est,
482 4280 696 4334 doctum
733 4280 1047 4357 subitofieri
1084 4299 1148 4337 ex
1181 4289 1396 4357 rustico.
1437 4286 1547 4357 55
1570 4280 1804 4357 Scilicet,
1828 4285 1918 4357 in-

342 4354 477 4424 quit,
499 4360 610 4424 tam
632 4354 1015 4424 consuetudinis
1032 4369 1154 4405 mete
1174 4354 1474 4418 immemor:
1481 4354 1637 4424 quam
1660 4355 1919 4408 rusticita-

342 4422 404 4485 tis
422 4420 639 4494 oblitus,
668 4423 815 4494 quasi
838 4439 901 4475 ea:
928 4423 1114 4494 Arione
1149 4425 1199 4475 in
1233 4420 1503 4493 Urplteum'
1523 4436 1725 4494 repente
1758 4434 1919 4477 muta-

342 4500 455 4551 tus,
492 4489 643 4565 velint
683 4489 1032 4565 disertissimis
1064 4489 1415 4565 aut'ibusr'tuis
1454 4511 1540 4548 ore
1577 4489 1787 4565 garrulo
1819 4510 1919 4548 non

342 4566 447 4610 tam
472 4559 724 4633 ofﬁciosus
743 4577 892 4633 quam
914 4562 1195 4633 injuriosus
1217 4564 1449 4617 existere.

416 4637 439 4703 ξ
472 4628 777 4703 '_l_'hauttta_sti
812 4628 979 4691 fratri,
1009 4631 1211 4703 Sidettii
1234 4635 1651 4703 consanguineo.

414 4694 903 4776 {Burgundionum
946 4702 1090 4767 regi,
1132 4703 1376 4776 Cloti_ldis
1416 4694 1643 4776 n'ostrtc,
1686 4712 1746 4757 ut
1777 4718 1916 4768 reor,

343 4767 501 4841 patri.
546 4765 782 4841 Quatuor
826 4768 937 4841 hoc
976 4765 1212 4841 tempore
1259 4773 1720 4839 Burgundionibus
1768 4765 1920 4841 roges

345 4836 695 4910 imperabant,
735 4836 1128 4910 Gundo_bald_us,
1159 4836 1562 4910 Gundegisclus,
1588 4836 1922 4910 Chilpericus

343 4917 397 4957 et
443 4904 847 4978 Gundomarus,
876 4906 1203 4978 iGundeuci,
1255 4924 1309 4964 ttt
1349 4904 1672 4978 Cregorius,
1714 4904 1807 4965 lib.
1849 4928 1917 4975 ll,

344 4990 464 5054 cap.
494 4975 585 5038 28,
616 4975 799 5041 docet,
834 4977 960 5038 lilii,
1003 4978 1119 5054 ejus
1151 4980 1254 5054 qui
1293 4994 1408 5048 post
1443 4975 1819 5054 Cttttdicariutn
1852 4985 1918 5035 ab

346 5048 505 5118 Aetio
530 5059 762 5111 cassum,
803 5061 1020 5115 regnum
1056 5048 1442 5105 obtinnitcntn
1483 5054 1654 5107 altero
1698 5049 1918 5118 Cbilpe~

346 5128 458 5167 rtco
488 5116 648 5184 fratre
675 5131 690 5168 :
719 5130 945 5184 quorum
975 5118 1215 5171 meminit
1237 5119 1533 5175 Jornandcs
1556 5124 1608 5175 in
1635 5122 1796 5175 rebus
1816 5116 1921 5175 Ce-

348 5184 484 5266 ticis.
516 5182 697 5266 itaque
728 5182 954 5266 ambigi
979 5200 1157 5254 posset
1204 5191 1271 5266 de
1315 5201 1431 5244 ntro
1467 5192 1770 5266 Chilperico
1797 5201 1917 5259 agat

344 5254 623 5329 Sidonius,
642 5254 743 5308 nisi
766 5254 989 5329 epistola
1006 5260 1243 5324 sequenti
1267 5254 1915 5329 tetrarcltatn'appellaret,

343 5322 1109 5399 quatuor-fratresdesignans
1139 5330 1225 5395 qui
1257 5331 1411 5384 simul
1446 5322 1754 5399 regnabant.
1800 5322 1914 5384 Jam

343 5396 499 5469 quod
527 5395 882 5459 Cltilperictttn
914 5395 1051 5448 hunc
1065 5411 1185 5469 _no_n
1217 5414 1391 5466 regem
1413 5442 1427 5460 .
1473 5395 1564 5455 scd
1606 5402 1915 5469 magistrum

346 5464 572 5536 militum
598 5476 771 5536 vocat,
797 5480 1036 5536 eogmure
1059 5465 1201 5525 fat-it.
1232 5464 1334 5535 quo
1354 5464 1745 5536 Sigismunduin
1771 5470 1917 5525 Gun-

345 5533 551 5606 dobaltli
606 5534 767 5606 lilium
819 5534 1054 5606 Alcimus
1100 5533 1285 5590 Avitus
1335 5533 1612 5606 patricium
1640 5581 1656 5603 ,
1703 5540 1916 5593 Hilarus

346 5613 477 5675 papa
505 5601 852 5675 Gunduicium
878 5621 972 5675 seu
1011 5601 1357 5662 Gundcucum
1379 5650 1392 5673 ,
1425 5620 1540 5673 aut,
1587 5601 1747 5662 ut'est
1772 5610 1911 5675 apud

345 5667 371 5722 .l
412 5671 687 5735 rutndcm,
716 5673 1041 5729 Gundiacum
1076 5678 1262 5733 borum
1292 5667 1780 5749 quatuor'patt'em,
1802 5667 1909 5734 nta-

1947 4395 1997 4455 D

2017 3214 2175 3269 etiam
2218 3214 2305 3283 qui
2337 3214 2609 3267 timentur.
2654 3213 2716 3267 Hi
2764 3222 2886 3267 sunt
2914 3227 3046 3282 quos
3099 3212 3213 3265 luet:
3254 3211 3599 3279 peculiariter

2018 3306 2290 3375 provincia
2315 3314 2495 3360 manet
2518 3305 2718 3361 inferre
2741 3306 3059 3371 calumnias,
3079 3303 3290 3358 deferre
3311 3317 3599 3372 personas,

2016 3589 2238 3655 gistrum
2273 3588 2396 3641 item
2433 3586 2950 3654 militum-appellat,
2981 3587 3033 3641 in
3075 3585 3300 3654 cpistola
3330 3584 3602 3640 ad‘Leon-

2020 3663 2148 3714 tium
2176 3662 2479 3724 episcopum
2507 3658 2896 3712 Arelatensem.

2090 3739 2113 3765 ε
2157 3728 2305 3793 Quod
2352 3725 2510 3780 Vasio
2560 3727 2935 3780 Vocontiorum
2995 3725 3290 3790 Pomponio
3342 3724 3492 3782 Mela:
3547 3735 3601 3780 et

2017 3798 2219 3860 Plinio,
2264 3800 2499 3851 Οὐασίων
2535 3796 2844 3851 l‘tulemtco.
2897 3796 3162 3850 Posterior
3204 3804 3331 3847 aetas
3360 3795 3601 3851 Vasense

2016 3868 2150 3921 dixit
2198 3882 2293 3935 pro
2330 3866 2661 3920 Vasionensi.
2710 3866 2817 3921 Sed
2858 3865 3232 3919 Vocontiorum
3287 3864 3598 3935 “"8370”!!!

2020 3939 2072 3990 in
2121 3934 2390 4003 provincia
2436 3936 2722 3990 Viennensi
2783 3936 3037 3989 latissime
3084 3943 3381 4000 patuerunt.
3434 3934 3599 3989 Plinii

2022 4008 2183 4071 verba
2209 4017 2332 4062 sunt
2367 4007 2457 4059 Μ).
2487 4021 2572 4071 ιιι,
2601 4021 2718 4074 cap.
2746 4007 2778 4060 4
2805 4024 2817 4058 :
2859 4004 3221 4058 Vocontiorum
3248 4005 3462 4057 civitatis
3499 4006 3600 4073 fir-

2019 4078 2207 4130 derata:
2243 4078 2345 4129 duo
2375 4076 2577 4145 capita.
2618 4075 2773 4139 Vasio
2802 4085 2853 4145 et
2894 4074 3063 4127 Lucus
3099 4075 3315 4145 Augusti
3344 4088 3366 4127 :
3401 4078 3601 4145 Oppida

2019 4162 2134 4217 itero
2159 4146 2399 4217 ignobilia
2409 4144 2516 4217 _‘l9.
2540 4147 2621 4217 _At_
2642 4144 2957 4217 Lucihodie
2999 4144 3191 4217 nomen
3230 4144 3519 4217 obscurum
3549 4154 3604 4198 et

2015 4216 2123 4282 jam
2167 4214 2292 4269 olim
2333 4230 2363 4268 a
2406 4214 2552 4268 Fabii
2585 4215 2820 4269 Valentis
2862 4214 3113 4268 exercitu.
3139 4214 3387 4267 incendio
3417 4214 3603 4267 defor-

2021 4296 2219 4341 matum
2258 4293 2440 4339 narrat
2463 4284 2680 4339 Tacitus
2721 4284 2817 4338 lib.
2856 4300 2871 4337 ι
2911 4284 3179 4338 Historiae.
3215 4282 3427 4339 Clarior,
3458 4284 3601 4337 fama

2024 4355 2168 4409 urbis
2201 4355 2450 4420 Deensis,
2483 4369 2600 4423 qua:
2638 4353 2853 4408 Colonia
2901 4352 3275 4423 DeaiAugustt
3311 4352 3602 4423 Vocontio-

2024 4441 2138 4478 rum
2162 4425 2356 4479 dicitur
2378 4424 2429 4478 in
2462 4422 2978 4491 lapideArelatensi.
3005 4422 3124 4476 Fuit
3152 4433 3207 4477 et
3230 4423 3375 4475 Mons
3402 4422 3600 4476 Seleu—

2020 4508 2114 4548 cus
2159 4495 2297 4549 inter
2344 4494 2537 4563 oppida
2581 4494 2988 4557 Vocontiorum,
3033 4493 3599 4563 Magnentianagclade

2022 4565 2253 4618 nobilis:
2286 4561 2559 4631 sed‘cujus
2586 4563 2951 4629 nomenapud
2991 4577 3178 4616 omnes
3208 4563 3374 4615 ferme
3402 4561 3601 4629 depra-

2021 4644 2199 4687 vatum
2230 4642 2332 4688 est.
2366 4633 2496 4687 Nam
2529 4635 2668 4699 apud
2714 4634 2987 4687 Socratem
3033 4633 3423 4691 Μιλτοσέλευκος
3462 4633 3594 4699 legi-

2025 4713 2130 4777 tur,
2164 4704 2301 4771 apud
2344 4703 2696 4777 Sozomennm
2738 4703 3186 4777 Μοντιοσέλειέξιρςς
3227 4701 3353 4777 alil_ti
3382 4709 3594 4777 ‘Moﬁpo:

2024 4770 2254 4832 senum
2293 4791 2304 4824 :
2345 4788 2464 4825 vera
2508 4773 2796 4840 appellatio
2841 4787 2997 4840 quam
3046 4772 3270 4824 llistoria
3306 4770 3592 4832 Triparitta

2024 4845 2248 4905 retinet,
2281 4842 2430 4895 Mons
2456 4843 2695 4905 Seleuci,
2728 4842 2924 4894 Lucum
2964 4843 3100 4894 inter
3128 4850 3183 4894 et
3226 4840 3359 4893 fines
3387 4840 3596 4893 Vocon-

2023 4914 2244 4975 tinrutn,
2291 4928 2353 4965 ac
2388 4912 2705 4978 Vapinctun,
2758 4923 2811 4963 ut
2858 4927 2922 4964 ex
2969 4911 3253 4963 Itineratiis
3302 4910 3499 4964 [Etltici
3530 4925 3596 4962 ac

2021 4981 2387 5050 Bnrdigalcnsi
2427 4983 2605 5036 videre
2644 4993 2741 5033 est.
2784 4981 2964 5033 Tridui
3015 4982 3129 5046 plus
3180 4980 3352 5033 minus
3402 4982 3593 5033 itinere

2021 5052 2173 5107 abest
2217 5052 2490 5120 Lugdune.
2528 5054 2702 5117 Quare
2740 5051 2805 5103 ad
2851 5063 3083 5103 montem
3112 5051 3318 5103 Seleuci
3362 5053 3592 5102 relervn-

2019 5122 2144 5244 filim
2174 5132 2259 5176 est
2286 5120 2441 5244 quoad?
2458 5121 2647 5177 Murste
2688 5122 2785 5176 ltac
2831 5121 2883 5174 in
2934 5131 3082 5189 parte
3125 5120 3306 5177 tribuit
3342 5120 3590 5173 Socrates

2045 5217 2053 5243 I
2081 5210 2113 5244 ι.
2144 5208 2198 5244 ιι.
2226 5206 2343 5244 can.
2447 5228 2462 5244 .

2045 5206 2113 5245 ιιι.
2144 5208 2198 5253 ιι,
2226 5206 2343 5253 cap.
2374 5206 2462 5244 τι.

2097 5231 2116 5298 ί
2144 5206 2513 5319 Ιέίοῗῗιὲιιιῗίϊηι
2540 5261 2665 5329 quin
2692 5275 2882 5315 novam
2911 5258 3201 5329 principem
3228 5258 3473 5327 appellet.
3496 5256 3587 5323 qui

2020 5328 2205 5384 Romae
2235 5340 2471 5398 coeperat
2511 5328 2769 5399 imperare
2803 5345 2817 5381 :
2848 5328 2942 5383 sed
2985 5344 3269 5397 quemnam
3300 5329 3587 5399 intelligat,

2018 5400 2073 5454 in
2114 5408 2255 5454 tanta
2288 5396 2597 5469 piineipntn'
2627 5415 2746 5469 qua:
2786 5410 2895 5453 tum
2944 5396 3128 5467 paucis
3168 5398 3323 5452 annis
3357 5396 3586 5461 accidit,

2018 5470 2310 5524 mutatione
2339 5478 2393 5524 et
2422 5470 2675 5524 varietate
2704 5484 2808 5522 non
2840 5469 3025 5536 liquet.

2089 5548 2113 5586 8
2147 5539 2500 5607 Chilpericum
2520 5582 2534 5607 ,
2556 5540 2643 5607 qtti
2672 5535 2911 5607 Lugduni
2948 5553 3123 5592 rerum
3153 5536 3468 5606 potiebatur.
3498 5535 3584 5589 di-

2018 5608 2130 5663 viso
2159 5618 2287 5664 tunc
2316 5611 2365 5665 in
2392 5619 2621 5679 quatuor
2647 5625 2808 5680 regna
2835 5609 3273 5678 Burgundionum
3300 5607 3537 5677 imperio.
