3946 6176
176 332 253 385 532
1385 328 1863 387 EPISTULARUM
1904 330 2033 386 LlB.
2078 330 2141 386 γ,

3286 335 3392 392 538

175 443 332 496 afferre
359 440 561 502 minas,
608 439 820 495 adferre
851 441 1193 498 substantias.
1231 441 1293 496 lli
1322 450 1446 495 sunt
1483 456 1706 510 quorum
1735 446 1794 502 Α.
1813 443 1995 513 pardi,
2027 443 2094 497 ad
2126 444 2347 499 facetias
2376 446 2483 499 nisi
2502 486 2529 510 ,.
2548 444 2615 499 ad
2642 444 2929 500 fallendum
2956 446 3173 515 vulpes,
3200 446 3265 502 ad
3295 463 3400 504 snv

175 530 351 586 laudati
380 530 531 584 audis
561 530 613 584 in
642 531 755 584 οιίο
785 532 1161 599 occupationes
1180 574 1195 597 ,
1234 531 1284 585 in
1315 546 1445 601 pace
1474 532 1679 600 prmdas
1699 570 1715 595 ,

176 626 290 676 inter
327 635 476 674 arma
518 620 698 688 fugas,
725 620 868 674 inter
905 622 1021 675 vina
1052 621 1321 676 victorias.
1371 621 1435 674 lli
1478 628 1602 674 sunt
1628 620 1716 690 qui

174 727 335 768 causas
377 723 653 766 morantur
698 712 951 779 adhibiti,
999 714 1293 782 impediunt
1338 715 1717 784 praztermissi,

176 802 422 856 fastidiunt
446 801 732 869 admoniti,
761 801 1142 858 obliviscuntur
1161 804 1486 872 locupletati.
1515 804 1719 860 Hirsunt

178 894 245 960 qui
284 901 464 949 eruunt
506 894 659 959 lites,
700 895 936 949 vendunt
979 897 1417 960 intercessiones,
1463 897 1717 965 deputant

176 983 400 1047 arbitros,
424 982 712 1049 iudicanda
735 985 954 1050 dictant,
983 986 1173 1040 dictata
1201 988 1526 1053 convellunt,
1552 997 1732 1042 aura--

178 1074 283 1126 hunt
307 1073 631 1142 litigaturos,
684 1076 994 1142 protrahunt
1022 1076 1346 1141 audiendos,
1379 1077 1594 1131 trahunt
1619 1078 1714 1131 ad-

176 1165 342 1229 dictos,
374 1165 655 1221 retrahunt
682 1167 1053 1236 transigentes.
1091 1168 1151 1221 lli
1182 1176 1307 1221 sunt
1337 1183 1471 1237 quos
1494 1169 1537 1223 si
1569 1179 1719 1237 petas

177 1257 311 1306 etiam
338 1253 480 1306 nu'lo
509 1254 826 1311 adiersante
858 1256 1192 1324 beneficium,
1222 1258 1361 1326 piget
1387 1259 1716 1324 promittere,

177 1342 317 1411 pudet
355 1358 580 1410 negare,
614 1347 835 1410 pmnitet
876 1347 1206 1414 praestitisse.
1255 1346 1317 1400 lli
1344 1356 1469 1402 sunt
1494 1362 1716 1417 quorum

176 1433 530 1500 comparationi
560 1434 779 1502 digitum
825 1435 1075 1490 tollerent
1114 1446 1139 1474 ἰ
1179 1437 1489 1504 Narcissus,
1525 1439 1719 1493 Asiati-

176 1538 285 1585 cus,
315 1524 476 1577 Massa
497 1563 514 1588 ,
549 1523 863 1590 Marcellus,
893 1525 1093 1594 Carus,
1128 1526 1475 1592 Parthenius,
1505 1526 1721 1583 Licinus

178 1624 220 1666 ct
245 1613 425 1667 Pallas.
460 1614 524 1667 lli
552 1624 676 1668 sunt
702 1617 789 1684 qui
823 1616 1061 1671 invident
1089 1618 1336 1673 tunicatis
1364 1619 1492 1687 otia,
1521 1618 1724 1687 stipen-

176 1707 245 1759 dia
272 1705 547 1773 paludatis,
579 1704 764 1759 viatica
787 1704 1097 1770 veredariis,
1125 1708 1719 1765 mercatoribusnundi-

1821 535 2181 603 perbiendum
2203 536 2362 602 tauri,
2389 536 2454 591 ad
2478 537 2903 592 consumendum
2933 539 3234 592 minotauri.
3257 538 3403 608 Spes.

1821 627 2002 683 ﬁrmas
2046 628 2101 682 in
2146 644 2324 684 rerum
2371 629 2603 684 motibus
2664 630 2888 693 habent,
2941 629 3099 684 dubia
3154 640 3403 700 tempora.

1819 720 2029 775 certius.
2046 729 2246 787 amant,
2276 733 2327 775 et
2361 722 2581 790 ignavia.
2602 722 2802 790 pariter
2823 721 3254 793 conscientiaque
3281 732 3393 778 tre-

1821 810 2090 878 pidantes,
2120 827 2239 866 cum
2267 812 2381 866 sint
2402 814 2453 867 in
2482 813 2748 882 praetoriis
2775 812 2987 879 leones,
3018 813 3070 866 in
3101 813 3290 867 castris
3318 812 3393 867 le-

1822 917 2013 969 pores,
2060 903 2259 961 timent,
2296 903 2521 967 hedera,
2574 918 2642 958 ne
2687 902 3066 965 discutiantur;
3107 901 3278 967 bella,
3326 916 3394 956 ne

1822 1000 2079 1060 pugnent.
2116 992 2363 1057 Quorum
2389 994 2433 1047 si
2477 1007 2633 1047 nares
2666 993 2929 1047 afflaverit
2956 992 3163 1060 uspiam
3194 991 3394 1060 rubigi-

1821 1082 1937 1136 nosi
1965 1097 2101 1136 aura
2134 1083 2419 1148 marsupii,
2452 1080 2731 1137 confestim
2761 1081 2964 1136 videbis
2991 1081 3097 1136 illic
3122 1090 3175 1137 et
3209 1081 3393 1136 oculos

1820 1170 1946 1238 Argi
1985 1183 2055 1225 et-
2082 1187 2270 1225 manus
2311 1172 2544 1238 Briarei,
2576 1182 2631 1225 et
2671 1170 3023 1239 Sphingarum
3065 1185 3300 1239 ungues,
3340 1178 3394 1223 et

1822 1262 2052 1330 periuria
2084 1263 2483 1327 Laomedontis,
2514 1270 2568 1316 et
2588 1262 2793 1332 Ulyssis
2814 1261 3066 1329 argutias,
3098 1268 3154 1315 et
3176 1258 3394 1314 Sinonis

1824 1352 2091 1418 fallacias,
2123 1362 2177 1406 et
2210 1353 2366 1407 fidem
2398 1351 2818 1421 Polymnestoris
2839 1390 2853 1411 .
2884 1358 2940 1404 et
2967 1351 3216 1419 pietatem
3255 1350 3393 1420 Pyg-

1822 1442 2069 1497 malionis
2096 1442 2357 1497 adhiberi.
2399 1441 2492 1496 llis
2535 1440 2773 1495 moribus
2798 1440 3031 1495 obruunt
3070 1441 3240 1494 virum
3284 1455 3392 1493 non

1823 1534 1996 1586 minus
2023 1533 2259 1587 bonitate
2281 1548 2439 1599 quam
2466 1541 2726 1600 potestate
2750 1541 3108 1601 prazstantem.
3126 1530 3239 1595 Sed
3264 1530 3390 1600 quid

1823 1620 1981 1675 faciat
2024 1636 2161 1675 unus
2209 1622 2439 1686 undique
2489 1630 2752 1675 venenato
2795 1620 3022 1674 vallatus
3066 1619 3392 1688 interprete?

1822 1713 2211 1782 Quidiinquam-
2236 1712 2413 1777 faciat,
2443 1713 2527 1768 cui
2560 1723 2746 1767 natura
2774 1727 2895 1766 cum
2917 1710 3104 1776 bonis,
3135 1712 3239 1764 vita
3269 1726 3390 1763 cum

178 1811 283 1857 nas.
317 1795 623 1849 munuscula
664 1795 879 1863 legatis,
914 1796 1145 1863 portoria
1190 1796 1715 1867 quadrup’atoribus,
1752 1805 1795 1863 Β
1825 1804 1975 1857 malis
2001 1818 2074 1856 es:
2100 1803 2123 1856 2
2152 1803 2231 1857 Ad
2254 1818 2477 1871 quorum
2511 1803 2661 1873 137
2692 1803 2915 1856 consilia
2945 1801 3180 1855 Phalaris
3202 1814 3393 1855 cruen-

174 1886 349 1957 prredia
374 1886 787 1954 provincialibus
809 1926 825 1951 ,
852 1883 881 1923 δ
911 1886 1158 1942 flamonia
1203 1887 1586 1955 municipibus,
1628 1902 1714 1942 aro

172 1977 306 2031 cariis
330 1975 587 2045 pondera,
619 1990 899 2030 mensuras
926 1976 1129 2031 allectis
1148 2018 1163 2041 ,
1194 1976 1383 2032 salaria
1412 1978 1716 2045 tabulariis,

173 2067 524 2134 dispositiones
552 2066 908 2133 numerariis,
938 2069 1271 2135 praetorianis
1307 2069 1604 2138 sportulas,
1642 2070 1718 2123 ci-

171 2158 391 2212 vitatibus
423 2157 685 2223 inducias,
712 2157 986 2227 vectigalia
1019 2159 1333 2227 publicanis,
1367 2160 1716 2214 reverentiam

171 2251 383 2309 clericis.
430 2246 699 2319 originem
733 2250 1029 2316 nubilibus,
1074 2267 1386 2307 consessum
1418 2252 1735 2323 prioribus,

170 2358 487 2409 congressum
520 2341 846 2410 aequalibus,
870 2342 1059 2396 cinctis
1093 2342 1379 2413 136.jura
1399 2382 1415 2407 ,
1447 2342 1719 2399 discinctis

168 2434 436 2502 priuilegia,
464 2431 683 2485 scholas
709 2432 1073 2501 instituendis,
1102 2433 1375 2487 mercedes
1398 2432 1719 2487 instituenti-

167 2523 266 2585 bus,
294 2523 497 2577 litteras
520 2521 796 2576 institutis.
825 2522 886 2577 Hi
907 2532 1032 2577 sunt
1056 2524 1144 2593 qui
1170 2524 1326 2578 novis
1351 2525 1540 2593 Opibus
1562 2524 1731 2591 ebrii,

166 2622 213 2665 ut
231 2626 277 2668 et
302 2614 522 2669 minima
548 2628 870 2682 cognoscas,
916 2630 1011 2685 per
1039 2616 1221 2671 utendi
1251 2617 1715 2685 intemperantiam

164 2708 373 2770 produnt
422 2708 743 2777 imperitiam
786 2708 1111 2776 possidendi.
1145 2709 1276 2763 Nam
1322 2708 1719 2764 libenterince-

166 2800 276 2851 dunt
306 2800 496 2852 armati
525 2800 590 2853 ad
619 2801 824 2865 epulas,
854 2800 1016 2856 albati
1042 2800 1107 2854 ad
1131 2805 1430 2871 exsequias,
1458 2801 1627 2871 pelliti
1650 2800 1717 2856 ad

159 2888 420 2953 ecclesias,
448 2890 632 2960 pullati
654 2891 717 2944 ad
745 2892 978 2957 nuptias,
1007 2902 1027 2929 ο
1054 2894 1363 2947 castorinati
1390 2893 1455 2946 ad
1482 2892 1713 2947 litanias.

160 2980 350 3035 Nullum
383 2982 492 3037 illis
524 2997 691 3052 genus
719 2982 994 3039 hominum
1014 3023 1029 3049 ,
1067 2984 1310 3039 ordinum
1330 3028 1343 3049 ,
1379 2996 1678 3053 temporum
1701 3024 1716 3049 ,

156 3073 285 3125 cordi
322 3083 429 3127 est.
477 3071 533 3126 ln
579 3072 696 3128 foro
735 3073 977 3142 Scythae,
1022 3076 1075 3127 in
1120 3074 1363 3129 cubiculo
1399 3075 1631 3144 viperae,
1663 3075 1715 3128 in

1827 1896 1950 1953 tior.
1983 1894 2121 1949 Mida
2151 1893 2412 1959 cupidior,
2444 1895 2621 1945 Ancus
2637 1892 2943 1960 iactantior,
2972 1891 3292 1959 Tarquinius
3314 1904 3393 1943 su-

1825 1984 2058 2052 perbior,
2091 1984 2336 2038 Tiberius
2362 1982 2627 2047 callidior,
2658 1981 2822 2036 Caius
2848 1981 3213 2050 periculosior,
3237 1979 3395 2033 Clau-

1824 2074 1942 2126 dius
1984 2073 2281 2137 socordior,
2321 2072 2459 2126 Nero
2491 2071 2770 2137 impurior,
2802 2070 2967 2126 Galba
2999 2072 3230 2133 avarior,
3257 2068 3397 2123 Otho

1821 2163 2092 2227 audacior,
2136 2162 2377 2216 Vitellius
2424 2162 2809 2231 sumptuosior,
2854 2159 3184 2213 Domitianus
3220 2168 3398 2211 trucu-

1822 2255 2017 2310 lentior
2051 2255 2383 2309 redderetur.
2415 2253 2554 2308 Sane
2580 2253 2721 2323 quod
2753 2252 3118 2322 principaliter
3155 2249 3397 2304 medetur

1820 2346 2066 2406 afflictis.
2090 2330 2360 2415 temperat
2389 2342 2416 2382 τι
2452 2345 2816 2399 Lucumonem
2858 2352 3098 2396 nostrum
3138 2338 3397 2408 Tanaquil

1820 2454 1950 2505 sua,
1983 2450 2038 2495 et
2066 2455 2224 2494 aures
2264 2439 2440 2493 mariti
2470 2439 2644 2492 virosa
2684 2450 3032 2489 susurronum
3078 2432 3208 2486 fil‘CC
3245 2446 3395 2484 com—

1831 2531 2001 2599 pletas
2029 2529 2422 2599 opportunitate
2455 2528 2578 2583 salsi
2624 2527 2886 2580 sermonis
2932 2524 3199 2581 eruderat.
3234 2520 3397 2589 Cujus

1821 2621 1995 2674 studio
2023 2621 2163 2674 scire
2189 2633 2282 2672 vos
2312 2634 2406 2687 par
2426 2626 2538 2682 est;
2568 2616 2700 2670 nihil
2734 2616 2944 2670 interim
2972 2613 3139 2682 quieti
3171 2611 3393 2663 fratrum

1818 2712 2176 2766 communium
2221 2710 2360 2776 apud
2399 2709 2632 2763 animum
2678 2708 2979 2762 communis
3023 2704 3230 2773 patroni
3263 2712 3286 2740 ε
3316 2704 3394 2770 ju-

1820 2804 2027 2856 niorum
2057 2799 2424 2872 Cibyratarum
2467 2814 2670 2853 venena
2718 2798 2997 2861 nocuisse,
3040 2809 3210 2863 neque
3247 2793 3395 2862 quid«

1818 2908 1977 2962 quam
2008 2892 2142 2963 (Deo
2191 2891 2538 2962 propitiante)
2568 2890 2849 2953 nocitura;
2890 2889 2932 2942 si
2973 2886 3131 2941 modo
3160 2885 3392 2954 quandiu

1821 2994 2057 3050 presens
2082 2989 2316 3051 potestas
2340 2981 2355 3010 ¹
2384 2979 2790 3047 Lugdunensem
2819 2975 3158 3030 Germaniam
3186 2973 3204 3011 ί
3231 2974 3390 3042 regit,

1821 3080 2060 3125 nostrum
2103 3084 2365 3139 suumque
2407 3069 2784 3125 Germanicum
2826 3080 3066 3137 praesens
3109 3064 3394 3135 Agrippina

155 3163 385 3217 Convivia
417 3177 622 3218 scurrae
643 3204 658 3227 ,
690 3164 742 3218 in
772 3164 1138 3220 exactionibus
1167 3166 1401 3235 harpyia:
1422 3206 1437 3231 ,
1479 3166 1529 3219 in
1557 3166 1719 3219 collo-
1745 3166 1789 3227 C
1822 3164 2150 3221 moderetur.
2182 3161 2332 3218 Vale.

152 3255 443 3311 cntionibus
471 3256 770 3323 statum,in
794 3257 1177 3327 quaastionihus
1206 3257 1410 3322 bestiae,
1441 3259 1490 3310 in
1522 3268 1714 3311 tracta-

152 3344 275 3399 tibus
300 3346 576 3411 cochleze,
608 3346 663 3399 in
689 3348 1055 3402 contractibus
1084 3346 1388 3416 trapezitae;
1420 3348 1485 3401 ad
1516 3348 1715 3402 intelli-

148 3436 353 3502 gendum
378 3436 569 3499 saxei,
598 3437 663 3488 ad
686 3435 1031 3503 judicandum
1061 3437 1218 3505 lignei
1239 3478 1253 3498 ,
1298 3436 1363 3491 ad
1393 3451 1714 3492 succensen-

149 3523 255 3578 dum
280 3525 558 3591 flammei,
589 3525 658 3580 ad
694 3525 1071 3595 ignoscendum
1104 3526 1303 3591 ferrei,
1345 3525 1410 3579 ad
1451 3526 1718 3581 amicitias

202 3663 303 3735 56
332 3672 358 3699 α
389 3660 687 3735 Cmsariani
714 3661 1319 3735 omnes_libe_rti,_pravo
1343 3661 1593 3735 ingenio,
1621 3660 1713 3735 de-

147 3729 505 3800 lationumque
547 3732 758 3784 infamia
795 3732 921 3786 clari
953 3749 966 3782 :
1000 3731 1306 3791 Narcissus,
1343 3731 1513 3783 Pallas
1540 3745 1584 3783 ei
1622 3730 1710 3784 Li-

144 3804 294 3855 cinius
339 3801 559 3854 Claudii
601 3802 852 3868 Augusti;
894 3802 1091 3863 Massa,
1129 3800 1407 3853 Marcellus
1453 3810 1501 3854 et
1550 3800 1716 3854 Carus

144 3869 387 3935 Neronis;
440 3872 712 3924 Asiaticus
745 3871 972 3935 Vitellii;
1023 3869 1337 3924 Parthenius
1390 3869 1715 3924 Domitiani:

144 3942 198 3990 de
221 3942 415 4008 quibus
447 3941 681 4001 Seneca,
713 3939 957 4004 Persius,
981 3940 1281 3999 iuvenalis.
1312 3939 1583 4003 Martialis,
1613 3939 1715 3993 Ta—

141 4009 279 4068 citus.
314 4010 538 4064 Plinius
567 4020 810 4077 uterque,
846 4010 1132 4065 Suetonius
1161 4017 1216 4062 et
1247 4009 1362 4061 Dio.

199 4078 223 4116 δ
254 4078 529 4133 Flaminia
552 4119 564 4137 .
598 4079 867 4134 flatninum
897 4079 1213 4133 sacerdotia.
1246 4078 1504 4132 Flatnonii
1532 4092 1719 4133 vocem

144 4161 227 4215 pro
253 4150 504 4205 flaminio
534 4158 827 4219 agnoscunt
849 4160 1058 4204 veteres
1086 4148 1308 4217 glossae,
1350 4156 1407 4202 et
1448 4148 1723 4219 inscriptio

142 4219 271 4275 “In:
291 4220 481 4279 mm.
677 4288 737 4343 L.
780 4287 884 4342 re.
926 4287 1193 4342 VALENS

638 4358 739 4412 OB
796 4358 1227 4414 IIONOREM

781 4427 1099 4482 FLAMONII

801 4499 863 4551 Β.
904 4498 967 4551 Ρ.
1009 4497 1072 4550 D.

138 4631 179 4682 ld
218 4635 567 4690 nan-inicum
606 4647 799 4687 munus
828 4630 1016 4685 dicitur
1042 4631 1093 4685 in
1124 4631 1224 4685 alia
1257 4630 1598 4698 inscriptione
1626 4646 1723 4683 an-

138 4704 279 4767 liqtn.
313 4706 609 4759 Flamines
636 4716 810 4755 autem
839 4702 890 4753 in
916 4703 1211 4769 municipiis
1237 4701 1401 4755 fuisse
1423 4710 1650 4765 constat,
1671 4710 1726 4754 et

136 4777 475 4834 ιιεειυιὶπὶιει·
510 4772 817 4837 municipiis
848 4772 1106 4837 tributos,
1143 4780 1198 4823 ut
1227 4772 1514 4836 provinciis
1550 4786 1725 4825 sacer-

134 4843 287 4897 dotes.
335 4844 656 4913 lircpanius
685 4841 907 4913 Pacatus
944 4841 995 4895 in
1039 4842 1385 4913 pauegyrico,
1426 4841 1724 4913 reverendos

133 4917 421 4986 municipali
454 4911 703 4986 purpura
729 4911 1026 4986 _ﬂairiines,_
1044 4912 1281 4986 insignes
1303 4911 1528 4986 apicibus
1568 4925 1727 4986 socer-

132 4983 273 5037 doles.
304 4978 829 5039 Nrivélla'blarliani
858 4980 944 5044 15,
977 4978 1057 5032 Ne
1081 4981 1281 5049 ﬂamini
1308 4979 1623 5048 municipali,
1648 4995 1731 5032 sa-

133 5057 306 5125 cerdoti
333 5054 639 5125 provincia:
659 5050 1035 5125 liceret/rabere
1059 5048 1266 5125 uxorein
1291 5048 1551 5125 ancillmn.

192 5132 212 5159 ε
240 5119 543 5178 Castrinio
567 5162 584 5184 ,
616 5136 708 5173 seu
736 5120 922 5173 fibrina
951 5127 1098 5173 veste
1128 5121 1324 5173 amicti.
1366 5119 1594 5172 Isidorus
1622 5119 1728 5173 ori-

134 5191 297 5252 sinum
322 5211 415 5247 XIX
449 5211 467 5249 :
507 5191 807 5252 Fibrinum,
831 5190 1021 5258 inquit,
1048 5189 1166 5242 lana
1188 5200 1456 5251 castorum,
1481 5200 1524 5243 et
1547 5190 1729 5256 ﬁbrina

130 5264 279 5323 vestis,
313 5275 563 5315 tramam
593 5262 653 5314 de
673 5260 789 5324 ﬁbri
817 5260 937 5311 lana
957 5259 1166 5323 habens,
1195 5261 1472 5310 castorina.
1500 5260 1729 5311 Ambro-

128 5329 226 5385 sius
261 5334 330 5387 de
374 5332 667 5402 dignitate
682 5328 975 5402 sacerdotii
1008 5345 1019 5379 :
1056 5327 1348 5402 Gastorinas
1377 5330 1657 5402 quiet-intus
1680 5337 1726 5381 et

129 5404 295 5455 micas
322 5398 497 5457 vestes
523 5417 549 5454 :
583 5412 631 5450 et
651 5398 738 5455 ille
760 5415 814 5451 se
840 5400 969 5452 inter
992 5400 1252 5468 episcopos
1272 5398 1430 5451 credit
1455 5398 1684 5468 altiorem
1703 5438 1717 5461 ,

126 5474 399 5533 quivestem
423 5470 672 5525 induerit
696 5469 984 5522 clariorem.
1015 5466 1215 5523 Eodem
1242 5477 1483 5537 spectant
1513 5466 1724 5521 latrinae

127 5544 274 5607 Pelles
299 5549 357 5601 in
388 5541 621 5599 Carolo
650 5538 945 5608 Eginartbi.

2363 3254 2688 3310 EPISTULA
2731 3254 2845 3308 Vlll

2106 3347 2353 3403 Sidonius
2384 3358 2407 3393 Β
2437 3347 2733 3403 Secundino
2760 3362 2851 3399 suo
2877 3344 3108 3397 salutem.

1893 3440 1993 3494 Diu
2018 3439 2229 3508 quidem
2254 3439 2517 3506 est,quud
2550 3448 2600 3492 te
2633 3437 2957 3490 hexametris
2978 3436 3287 3489 familiarius
3310 3435 3394 3489 in-

1824 3530 2150 3584 servientem
2188 3537 2461 3597 stupentes
2503 3528 2957 3597 prtedicantcsqne
3001 3524 3395 3579 lectitabamus.

1896 3658 1922 3698 ἀ
1956 3660 2307 3728 Chilpericnm
2340 3674 2515 3727 regem
2553 3673 2704 3710 utor.
2734 3657 2870 3728 Quia
2904 3655 3260 3718 Lucumonis,
3283 3654 3392 3728 illoc

1824 3740 1907 3784 est
1936 3726 2205 3796 Tarquinii
2238 3726 2421 3786 Prisci.
2448 3744 2580 3781 uxor
2609 3728 2701 3779 fuit
2729 3726 3005 3792 Tanaquil,
3039 3728 3256 3793 figurate
3280 3726 3393 3779 haec

1826 3801 2035 3853 nomina
2062 3798 2313 3853 transfert
2335 3800 2397 3850 ad
2421 3799 2622 3865 Chilpei
2640 3798 2775 3849 icum
2797 3807 2847 3850 et
2868 3812 3090 3850 uxorem
3119 3813 3131 3846 :
3157 3805 3213 3847 ut
3235 3797 3392 3863 paulo

1823 3870 2063 3934 inferius,
2092 3869 2389 3924 Germanici
2421 3878 2471 3921 et
2518 3864 2817 3935 Agrippinte
2845 3866 3145 3919 nominibus
3171 3864 3385 3935 eosdem

1823 3940 2061 4005 designat
2080 3980 2095 4002 ,
2125 3940 2246 4007 quia
2285 3933 2583 4007 Agrippina
2607 3951 2741 3990 uxor
2773 3936 2870 3990 fuit
2899 3933 3199 3991 Germanici
3230 3934 3393 4003 patris

1827 4009 2100 4062 Caligulae.

1898 4024 2309 4145 ἓ’ίδέίξὲῐῖιονίὶηις
2326 4075 2559 4131 referant
2587 4073 2780 4129 fratres
2808 4074 2930 4127 illos
2947 4072 3308 4145 Tlepolemum
3339 4082 3395 4125 et

1824 4140 2111 4203 l’liero'nem
2138 4163 2168 4202 e
2190 4146 2399 4216 Cybiris
2428 4145 2650 4216 Ciliciae,
2677 4157 3108 4216 quorumopera
3121 4155 3245 4216 u_s_us
3265 4140 3395 4216 Ver-

1826 4233 1915 4273 res
1945 4219 1998 4271 in
2022 4210 2375 4283 deliraedanda
2404 4215 2605 4271 Sicilia.
2640 4210 2716 4268 ne
2744 4215 2827 4268 his
2861 4212 3053 4283 Cicero
3072 4210 3111 4263 6
3145 4210 3389 4283 Verr-ina.

1827 4287 1983 4341 Urbis
2016 4280 2146 4342 vero
2178 4302 2369 4341 nomen
2400 4293 2777 4351 corrumpunt,
2818 4282 2906 4350 qui
2961 4281 3116 4334 aliter
3156 4280 3394 4332 scribunt

1822 4357 1903 4411 vel
1926 4358 2222 4412 cnuntiant.
2264 4358 2352 4409 Sic
2385 4356 2528 4409 enim
2567 4354 2934 4425 Cybiratarom
2983 4351 3215 4417 ipsorum
3241 4364 3394 4401 num-

1829 4442 1945 4478 mus
1970 4429 2216 4493 antiquus
2243 4469 2256 4488 ,
2292 4427 2343 4478 in
2371 4440 2477 4492 quo
2521 4432 2777 4493 scriptum
2810 4430 2891 4493 est
2920 4429 3290 4493 KIBTPATQX,
3340 4429 3395 4473 et

1749 4471 1801 4531 Β
2373 4471 2545 4566 Eii;
2554 4471 2720 4558 epitri—
2995 4471 3046 4541 tv
3065 4471 3391 4566 :lbnualijmi.

1902 4563 1922 4603 ί
1948 4565 2037 4619 Sic
2066 4565 2296 4633 apprllat
2320 4557 2723 4633 Lugdunensem
2747 4560 3047 4633 regionem,
3064 4557 3394 4633 inquamn-

1831 4627 2422 4702 gttndiones'Germarii
2452 4627 2878 4684 dominabantur.
2913 4627 3050 4702 Nihil
3078 4628 3298 4702 Sidonio
3320 4628 3396 4681 fa-

1830 4698 2089 4757 miliarius
2118 4719 2272 4771 quam
2304 4705 2355 4755 iu
2378 4702 2763 4757 Germanorutn
2795 4698 3240 4771 nomineludcre,
3272 4712 3392 4751 cum

1829 4775 1895 4827 de
1925 4767 2381 4842 Burgundionibus
2409 4782 2489 4824 est
2527 4785 2721 4842 sermo,
2751 4769 2839 4842 qui
2870 4782 2936 4821 ex
2989 4767 3304 4842 Germania,
3339 4780 3396 4819 ut

1829 4844 1963 4907 dixi,
2012 4836 2335 4910 prodierant.
2375 4841 2544 4910 Supra
2568 4840 2730 4910 epist.
2766 4837 2824 4910 5.
2852 4852 3005 4910 curva
3026 4836 3394 4910 Germanorum

1829 4906 2077 4966 senectus.
2100 4910 2349 4966 Carmine
2372 4909 2458 4970 12,
2481 4917 2528 4963 et
2551 4906 2851 4962 Germanica
2875 4906 3023 4958 verba
3044 4907 3391 4958 sustinentem.

1832 4982 2167 5036 Germaniam
2199 4997 2328 5036 sane
2358 4991 2559 5049 partem
2594 4979 2735 5031 illam
2767 4976 2950 5049 Gallize
2974 4990 3129 5049 quam
3154 4975 3395 5049 Burgun-

1830 5052 2019 5106 diones
2047 5053 2149 5121 57
2185 5045 2527 5119 occuparant,
2558 5064 2674 5118 quae
2718 5046 2933 5121 proprio
2956 5045 3155 5121 dehinc
3184 5045 3396 5121 nomine

1834 5114 2132 5189 Burgundia
2169 5114 2465 5188 nuncupata
2506 5114 2621 5181 est,
2653 5114 2906 5189 colundo
2935 5115 3039 5169 dici
3082 5114 3261 5189 licuit,
3288 5131 3396 5182 quo

1832 5187 2159 5244 Britanniam
2185 5187 2412 5245 insulani
2444 5191 2638 5243 scimus
2667 5188 2951 5242 Saxoniam
2986 5187 3393 5238 transmarinam

1831 5277 1858 5311 ει
1885 5262 2149 5315 nonnullis
2194 5259 2544 5328 scriptoribus
2572 5258 2836 5314 interdum
2868 5255 3171 5321 vocitatam,
3199 5254 3267 5307 ab
3287 5254 3396 5308 AL-

1831 5331 1930 5399 glis
1957 5334 2043 5400 qui
2072 5348 2103 5386 c
2129 5333 2356 5385 Saxonia
2390 5343 2454 5382 eo
2493 5329 2829 5400 trajecerant.
3092 5396 3101 5400 _
3173 5390 3193 5400 η
3227 5390 3257 5400 ,ί
3292 5389 3325 5400 ν

1900 5409 1925 5447 ε
1949 5388 2309 5527 Εμςόῗδθηεί,
2339 5399 2493 5468 cujus
2517 5388 2585 5451 ιη’
2602 5408 2772 5468 poeta:
2793 5397 2903 5468 jam
2937 5396 3141 5450 mentio
3167 5390 3265 5445 fuit
3292 5388 3389 5443 lib.

1919 5482 2076 5527 eoist.
2174 5508 2189 5524 .

1829 5483 1888 5534 ll,
1919 5482 2076 5540 epist.
2102 5482 2189 5527 tu.

184 5661 199 5691 ¹
220 5658 517 5717 Sirmondi
550 5664 739 5713 notam
786 5654 837 5711 in
876 5653 1019 5713 hunc
1041 5655 1213 5714 locum
1255 5665 1439 5715 contra
1470 5655 1790 5714 Savaronem
1828 5656 2110 5714 confirmat
2138 5655 2525 5728 Wesselingius
2544 5655 2613 5713 ad
2645 5655 2781 5714 Vett.
2804 5653 3164 5711 Romanorum
3186 5649 3393 5721 ltiner.,

126 5746 227 5801 pag.
253 5734 381 5790 368.
