3946 6176
509 386 615 443 54³5

1763 379 2005 437 SIDONII
2042 378 2491 435 ΑροιιιΝΑιιτδ

3650 387 3752 439 5η

507 501 652 554 naris
682 508 737 551 ut
763 492 851 566 qui
895 493 1283 560 eﬂicaeissime,
1315 494 1485 560 pascis
1515 501 1569 547 ut
1591 492 1683 563 qui
1710 494 2070 560 exactissime,
2098 496 2152 555 Λ
2176 494 2439 558 evolutus,
2456 493 2569 562 jam
2606 500 2748 547 metu
2780 491 3137 560 exsanguibus
3165 492 3490 548 Gabalitanis
3515 508 3546 548 e
3577 496 3754 561 proxi-

503 594 697 661 joraris
739 601 793 645 ut
821 591 909 661 qui
939 589 1258 643 facetissime
1278 629 1292 651 ,
1320 588 1527 656 judicas
1562 595 1619 640 nt
1641 587 1729 656 qui
1752 587 2069 656 aequissime,

505 684 699 734 suades
742 689 797 733 ut
839 678 925 747 qui
953 676 1313 731 sincerissime
1334 717 1349 741 ,
1376 677 1729 730 commoveris
1758 684 1814 730 ut
1841 676 1929 745 qui
1962 685 2071 730 tar-

505 772 745 832 dissime,
776 769 1007 837 placaris
1041 765 1193 836 142
1225 773 1281 817 ιιι
1305 764 1391 832 qui
1418 764 1719 829 celerrime,
1752 764 1995 817 redamas
2019 773 2075 818 ut

504 863 593 929 qui
616 860 939 913 ﬁdelissime.
965 856 1091 910 Haec
1112 855 1287 908 omnia
1310 853 1552 918 exempla
1578 853 1789 908 vivendi
1811 853 1918 923 jam
1950 854 2076 908 hinc

506 954 573 1004 ab
616 950 768 1003 annis
812 946 1101 1015 puberibus
1146 958 1296 999 meus
1340 942 1663 1011 Apollinaris
1711 944 1755 998 si
1810 945 2072 1013 sequitur,

504 1043 710 1110 gaudeo
741 1050 923 1093 :certe
949 1078 962 1101 ,
1005 1044 1064 1090 ut
1105 1044 1385 1105 sequatur,
1415 1036 1695 1089 admoneo.
1749 1035 1803 1089 lu
1846 1051 1952 1105 quo
1979 1035 2077 1089 do-

504 1132 672 1185 cendo
704 1127 1151 1194 instituendoque,
1191 1125 1350 1178 modo
1398 1125 1495 1179 sub
1525 1140 1626 1194 ope
1655 1124 1848 1180 Cbri-ti
1900 1125 2075 1195 dispo-

504 1223 604 1276 sita
626 1219 935 1282 succedant,
964 1217 1245 1285 plurimum
1272 1215 1422 1269 laetor
1452 1217 1732 1269 maximam
1764 1216 2077 1269 meiformu-

504 1311 612 1365 lam
633 1309 753 1363 vita:
778 1308 844 1363 de
873 1305 1110 1360 moribus
1141 1303 1243 1357 tuis
1273 1311 1659 1359 mutuaturum.
1689 1304 1841 1359 Vale.

1048 1394 1376 1451 EPISTULA
1414 1395 1528 1449 XII.

819 1487 1066 1544 Sidonius
1105 1486 1354 1541 Calminio
1385 1503 1474 1541 suo
1512 1487 1752 1543 salutem.

573 1582 723 1649 Quod
747 1582 919 1636 rarius
947 1580 1011 1634 ad
1044 1595 1136 1633 vos
1150 1594 1187 1632 -θ
1230 1579 1381 1633 nobis
1411 1580 1597 1648 pagina
1638 1587 1807 1643 meat,
1849 1595 1953 1634 non
1982 1593 2078 1634 no-

505 1684 611 1727 stra
655 1672 899 1740 superbia
926 1710 941 1736 ,
990 1670 1084 1724 Sed
1124 1669 1297 1723 aliena
1349 1668 1660 1738 impotentia
1700 1668 1845 1725 facit.
1895 1669 2077 1738 Neque

504 1778 665 1831 super
707 1762 789 1817 his
835 1761 1119 1830 quidquam
1167 1759 1375 1829 planius
1422 1772 1658 1829 quteras;
1708 1760 1904 1829 quippe
1956 1776 2074 1815 cum

2174 601 2263 637 mo
2313 583 2582 638 infertur:
2622 597 2756 651 quos
2800 582 3035 652 singulos
3080 598 3334 653 SparStis,
3392 586 3749 655 inoppidatos,

2176 686 2316 725 nunc
2344 672 2595 726 inauditis
2613 672 2958 726 indictionum
2986 675 3270 742 generibus
3296 677 3578 739 exhaurit,
3613 693 3755 731 nunc

2175 759 2416 814 ﬂexuosa
2456 762 2837 814 calumniarum
2887 762 3070 816 fraude
3115 764 3486 827 circumretit;
3521 775 3589 814 ne
3646 778 3753 819 tum

2177 851 2386 918 quidem
2433 852 2645 905 domum
2676 852 2966 906 laboriosos
3010 852 3187 906 redire
3229 854 3586 919 permittens,
3620 871 3745 909 cum

2178 941 2434 995 tributum
2480 957 2711 995 annuum
2741 941 3011 996 datavere.
3063 942 3283 1010 Signum
3315 955 3368 999 et
3396 944 3500 1000 hoc
3544 954 3755 998 certum

2176 1037 2262 1083 est
2298 1030 2621 1084 imminentis
2661 1030 2949 1093 adventus,
2996 1032 3136 1099 quod
3185 1042 3513 1095 catervatim,
3560 1047 3756 1102 quose

2175 1137 2384 1192 cunque
2417 1122 2776 1187 converterit,
2829 1122 2991 1176 vincti
3040 1124 3325 1177 trahuntur
3381 1123 3599 1179 vincula
3654 1134 3759 1177 tra-

2177 1211 2367 1268 hentes
2416 1230 2430 1265 :
2472 1228 2699 1283 quorum
2741 1212 2928 1266 dolore
2978 1213 3221 1278 laetatur,
3280 1214 3513 1282 pascitur
3564 1214 3759 1269 fame:

2179 1304 2442 1373 prarcipue
2498 1304 2772 1373 pulchrum
2809 1304 3096 1358 arbitratus
3122 1343 3136 1365 .
3180 1314 3306 1359 ante
3343 1314 3559 1374 turpare
3593 1320 3760 1374 quam

2178 1397 2367 1464 pnnire
2401 1396 2765 1451 damnandos:
2791 1396 2994 1451 crinem
3041 1397 3170 1451 viris
3214 1398 3398 1459 nutrit,
3433 1399 3761 1453 mulieribus

2178 1486 2356 1540 incidit
2390 1505 2403 1543 :
2433 1503 2464 1542 e
2490 1488 2679 1554 quibus
2710 1497 2884 1542 tamen
2904 1528 2917 1550 ,
2944 1489 2987 1542 si
3021 1500 3136 1542 rara
3159 1490 3413 1558 quosdam
3460 1492 3624 1543 venia
3672 1507 3757 1546 re-

2177 1577 2439 1643 spexerit,
2492 1576 2589 1632 hos
2636 1576 2890 1631 venalitas
2934 1578 3111 1641 Solvit,
3146 1578 3300 1649 144
3338 1581 3549 1632 vanitas
3599 1581 3758 1644 illos,

2179 1672 2352 1726 nullos
2374 1672 2758 1727 misericordia.
2790 1672 2895 1727 Sed
2920 1672 3247 1740 explicandae
3281 1673 3464 1727 bestiae
3511 1675 3609 1727 ιιΙί
3661 1690 3761 1727 nec

2179 1772 2447 1817 oratorum
2485 1764 2752 1831 .princeps
2803 1763 3007 1816 Marcus
3053 1764 3281 1829 Arpinas
3320 1804 3337 1828 ,
3391 1753 3507 1817 inec
3562 1776 3761 1833 poeta-

504 1854 701 1910 silentii
743 1852 899 1921 hujus
946 1851 1320 1906 necessitatem
1363 1864 1460 1917 par
1483 1849 1621 1917 apud
1649 1864 1741 1904 vos
1788 1860 1960 1906 metus
1997 1853 2078 1907 in-
2107 1856 2152 1916 Β
2183 1870 2294 1905 rum
2328 1854 2541 1908 Publius
2568 1854 2917 1917 Mantuanus,
2957 1853 3203 1908 sufﬁcere
3234 1865 3470 1922 possunt.
3517 1855 3762 1910 Proinde

506 1955 844 2015 terpretetur.
895 1945 1010 1997 lloc
1054 1943 1227 1997 solum
1276 1950 1455 1995 tamen
1502 1941 1670 1996 libere
1706 1957 1895 2011 gemo,
1934 1944 2073 2012 quod

505 2043 715 2095 turbine
768 2039 1141 2095 dissidentium
1174 2041 1403 2107 partium
1433 2052 1682 2107 segreges
1710 2036 1862 2102 facti,
1893 2047 2075 2091 mutuo

505 2132 719 2184 minime
746 2130 972 2184 fruimur
1007 2138 1243 2197 aspectu.
1278 2128 1463 2197 Neque
1499 2142 1730 2196 unquam
1760 2127 1941 2195 patria:
1966 2128 2076 2181 sol-

506 2221 663 2275 licitis
692 2219 902 2273 oll‘erris
932 2219 1239 2282 obtutibus;
1274 2217 1372 2271 nisi
1412 2216 1630 2271 forsitan
1677 2230 1797 2269 cum
1843 2216 1906 2269 ad
1936 2216 2076 2271 arbi-

505 2313 666 2367 trium
713 2310 933 2364 terroris
976 2309 1136 2365 alieni
1158 2350 1173 2374 ,
1207 2322 1302 2362 vos
1330 2307 1526 2372 loriea',
1558 2322 1657 2361 nos
1686 2308 2074 2377 propugnacula

505 2412 715 2469 tegunt.
752 2400 848 2456 Ubi
865 2400 984 2468 ipse
1010 2399 1063 2454 in
1092 2398 1193 2453 hoc
1220 2394 1392 2454 solum
1421 2399 1659 2467 captivus
1687 2399 1989 2464 adduceris,
2020 2409 2077 2453 ut

507 2492 788 2559 pharetras
826 2489 1031 2559 sagittis
1060 2504 1318 2554 vacuare,
1359 2487 1606 2556 lacrymis
1650 2489 1835 2543 oculos
1857 2489 2077 2558 implere

503 2581 742 2650 cogaris;
776 2580 930 2634 nobis
974 2595 1186 2647 quoque
1236 2594 1340 2633 non
1387 2579 1789 2645 recusantibus,
1818 2580 1959 2649 quod
1988 2589 2075 2634 tua

502 2672 633 2725 satis
682 2669 828 2726 aliud
872 2670 1161 2724 moliuntur
1188 2679 1308 2723 vota
1333 2712 1347 2736 ,
1395 2685 1553 2738 qttam
1588 2668 1784 2738 jacula.
1817 2669 1922 2725 Sed
1952 2669 2075 2740 quia

501 2763 766 2818 interdum
787 2801 802 2825 ,
834 2770 890 2816 et
912 2762 959 2815 si
991 2777 1096 2815 non
1128 2776 1222 2829 per
1255 2760 1513 2815 foederum
1546 2763 1855 2827 veritatem,
1888 2762 2076 2816 saltem

502 2871 598 2926 per
638 2856 972 2910 induciarum
1020 2853 1300 2923 imaginem
1326 2893 1341 2918 ,
1372 2852 1614 2923 quaedam
1652 2855 1764 2920 Spei
1792 2863 1987 2908 nostra:
2016 2854 2078 2908 li-

502 2945 720 3002 bertatis
744 2946 976 3000 fenestra
998 2943 1303 3013 resplendet
1326 2960 1340 2998 :
1368 2944 1606 3013 impense
1626 2943 1826 3013 ﬂagito,
1854 2945 1927 2998 uti
1953 2959 2072 3009 nos,

501 3052 622 3090 cum
664 3036 893 3090 maxime
920 3046 1099 3103 potes,
1139 3036 1298 3086 affatu
1328 3032 1535 3102 pagina:
1560 3033 1850 3101 frequentis
1880 3033 2077 3102 imper—

501 3127 637 3189 tias;
666 3126 841 3178 sciens
873 3124 965 3177 tibi
1002 3125 1053 3177 in
1096 3123 1287 3177 animis
1320 3122 1473 3192 143
1503 3122 1846 3176 obsessorum
1873 3122 2068 3176 civium

2178 1943 2298 2009 quia
2328 1942 2522 1997 dicitur
2554 1944 2667 1997 haec
2697 1944 2807 2010 ipsa
2831 1943 3094 2013 pernicies
3118 1945 3553 2013 apprOpinquare
3580 1946 3765 2015 (cuius

2180 2033 2568 2099 proditionibus
2615 2033 2758 2087 Deus
2799 2032 3002 2105 obviet)
3030 2033 3265 2101 praweni
3294 2037 3541 2088 morbum
3576 2036 3764 2103 provi-

2176 2123 2372 2177 dentia:
2416 2124 3087 2193 salubritate;contraque
3132 2126 3252 2180 lites
3278 2128 3690 2195 jnrgiosornm,
3720 2129 3763 2181 si

2175 2226 2296 2281 qua:
2326 2221 2629 2279 moventur,
2650 2214 2984 2283 pactionibus
3003 2215 3253 2280 consule,
3282 2225 3306 2253 ο
3348 2225 3535 2269 contra
3561 2218 3766 2270 tributa

2175 2303 2548 2358 securitatibus
2581 2320 2596 2357 :
2628 2318 2696 2359 ne
2742 2304 2914 2359 malus
2963 2306 3122 2359 homo
3171 2305 3329 2359 rebus
3373 2306 3654 2361 bonorum
3685 2308 3766 2361 vel

2176 2393 2315 2463 quod
2345 2404 2562 2456 noceat,
2591 2386 2689 2447 vel
2720 2394 2860 2463 quod
2906 2405 3123 2462 prmstct
3166 2396 3419 2450 inveniat.
3460 2396 3515 2449 In
3545 2412 3767 2449 summa

2177 2484 2242 2537 de
2271 2484 2531 2539 Seronato
2552 2485 2631 2538 vis
2661 2487 3040 2555 aCciperequid
3067 2487 3325 2540 sentiam?
3344 2480 3556 2540 Caneri
3593 2488 3765 2556 afﬂigi

2179 2593 2271 2647 per
2294 2579 2715 2647 suprascriptum
2746 2580 2939 2633 damno
2970 2588 3249 2646 verentur;
3289 2580 3417 2634 mihi
3448 2581 3687 2635 latronis
3713 2589 3769 2635 et

2178 2670 2434 2726 beneﬁcia
2461 2679 2875 2737 suspecta'suat.
2909 2671 3054 2724 Vale.

2728 2760 3056 2815 EPISTOIA
3086 2760 3224 2813 XIV.

2566 2853 2810 2910 Sidonius
2841 2855 2980 2921 Apro
3005 2871 3096 2907 suo
3128 2855 3355 2906 salutem.

2245 2942 2272 2979 ά
2302 2940 2554 2998 Calenses
2598 2958 2739 2997 nunc
2780 2954 2831 2998 te
2861 2944 2998 2997 ltaize
3021 2985 3037 3008 ,
3082 2955 3136 2997 et
3179 2944 3385 2997 scabris
3424 2944 3775 2998 cavernatim

2176 3042 2378 3088 ructata
2411 3032 2709 3102 pumicibus
2735 3047 2869 3101 aqua
2900 3033 3200 3100 sulphuris,
3229 3043 3385 3102 atque
3404 3032 3685 3100 iecorosis
3713 3047 3777 3089 ac

2179 3123 2615 3191 phtisiscentibus
2637 3122 2896 3192 languidis
2918 3122 3245 3177 medicabilis
3278 3123 3775 3197 piscina'delectat.

503 3218 644 3271 illam
696 3231 910 3271 manere
939 3215 1192 3286 gratiam,
1223 3229 1339 3284 quas
1384 3214 1730 3270 obliviscatur
1777 3211 2141 3273 obsidentisC
2173 3218 2253 3271 An
2296 3217 2521 3271 fortasse
2564 3228 2812 3270 montana
2856 3218 3012 3272 sedes
3051 3219 3250 3271 circum
3294 3219 3552 3282 castella;
3608 3228 3673 3274 et
3723 3221 3777 3274 in

503 3307 779 3363 invidiam.
809 3308 959 3363 Vale.

1009 3397 1329 3453 EPISTOLA
1374 3397 1513 3452 XIII.

789 3491 1032 3544 Sidonius
1050 3500 1075 3527 ει
1104 3490 1402 3560 Pannychio
1436 3506 1530 3543 suo
1552 3491 1784 3545 salutem.

572 3581 599 3621 δ
622 3582 939 3637 Seronatum
972 3580 1166 3636 Tolosa
1218 3582 1566 3637 nostiredirc
1602 3602 1614 3635 :
1656 3585 1698 3638 si
1730 3582 1960 3638 nondum
1993 3585 2071 3653 (et

500 3673 663 3729 credo
690 3672 831 3743 quod
862 3671 1140 3741 nonduin),
1176 3674 1254 3727 vel
1303 3688 1397 3742 per
1426 3679 1538 3727 lure
1562 3673 1728 3729 disce.
1767 3673 1883 3729 Jam
1911 3673 2072 3729 Clau-

503 3769 727 3820 sentiam
756 3767 924 3834 pergit
948 3764 1240 3819 Evantltius
1265 3782 1278 3830 ;
1305 3767 1858 3835 jamqnecontractas
1882 3783 2071 3837 operas

502 3857 639 3924 cogit
670 3856 974 3916 eruderare,
998 3855 1041 3908 si
1072 3855 1196 3921 quid
1227 3855 1361 3910 forte
1388 3856 1595 3923 dejectu
1623 3857 1838 3913 caducae
1872 3859 2071 3913 frondis

502 3958 662 4013 agger
692 3943 971 3997 insorduit.
1002 3941 1159 3997 Certe
1196 3945 1241 3998 si
1270 3945 1394 4013 quid
1427 3947 1799 4015 voraginosum
1828 3959 1932 4009 εει,
1958 3948 2071 4015 ipse

505 4031 665 4084 humo
693 4032 917 4085 advecta
947 4032 1223 4086 scrobibus
1264 4034 1495 4102 oppletis
1527 4034 1763 4101 trepidus
1803 4046 2067 4103 exaequat,

504 4133 559 4175 ut
581 4131 701 4191 pote
724 4122 950 4177 belluam
978 4137 1125 4176 suam
1149 4121 1215 4176 de
1245 4123 1386 4177 valle
1410 4122 1618 4176 Tal-mis
1643 4123 1903 4177 ducaliter
1923 4138 2074 4178 ante—

501 4229 786 4279 cessurus;
808 4214 1067 4268 musculis
1105 4213 1297 4268 similis
1326 4212 1467 4266 inter
1505 4226 1722 4276 Saxosa,
1753 4213 1838 4267 vel
1867 4213 2089 4281 brevia,

504 4305 813 4359 balenarum
850 4300 1236 4370 corpulentiam
1262 4300 1815 4371 praegubernantibus.
1865 4304 1937 4358 At
1981 4304 2072 4360 ille

503 4396 580 4450 sic
607 4393 681 4448 ira
703 4394 868 4458 celer,
895 4391 1036 4462 quod
1067 4391 1217 4461 piger
1242 4391 1405 4458 mole,
1441 4405 1533 4446 seu
1560 4392 1721 4447 draco
1745 4409 1776 4448 e
1799 4406 1960 4464 Specu
1984 4395 2067 4449 vix

575 4539 602 4566 ι
642 4526 991 4595 Bituricensi,
1028 4525 1146 4581 viro
1198 4523 1425 4594 illustri,
1476 4533 1537 4579 ut
1581 4535 1663 4579 est
1709 4526 1761 4579 in
1805 4524 2071 4583 Concione
2104 4531 2152 4591 D

505 4600 602 4653 lib.
629 4613 721 4650 vtt.
1591 4642 1604 4654 .

573 4666 603 4705 ι)
635 4667 709 4720 De
737 4682 841 4735 quo
871 4666 1115 4734 superius
1133 4664 1227 4719 lib.
1259 4678 1318 4727 ιι,
1350 4663 1507 4733 epist.
1542 4665 1592 4718 ί.
1623 4664 1768 4720 Tunc
1792 4666 2071 4722 Aturribus

504 4737 729 4799 redibat,
754 4734 893 4789 nunc
912 4736 1103 4788 Tolosa
1131 4753 1142 4787 :
1164 4734 1449 4806 utrobique
1469 4748 1534 4790 ex
1558 4735 1679 4789 aula
1705 4738 1847 4806 regis
1872 4737 2068 4791 Gotho-

505 4821 647 4868 rum,
678 4820 901 4872 quorum
939 4806 1174 4871 partibus
1205 4804 1431 4860 favebat.

578 4887 601 4915 ο
643 4875 964 4929 Set-irritatos
992 4886 1111 4926 sunt
1138 4872 1355 4940 apoclne
1381 4889 1394 4925 :
1424 4873 1739 4928 documenta
1773 4873 2065 4929 illationnm

504 4946 737 5012 appellat
778 4943 1139 5015 Symmachus
1178 4944 1265 4995 lib.
1302 4958 1365 5009 χ,
1409 4945 1565 5013 epist.
1606 4946 1696 5013 45,
1742 4946 2071 5013 syngraphas

505 5016 776 5077 nimirum,
800 5013 1036 5083 quasqui
1058 5013 1252 5066 tributa
1275 5015 1488 5067 solvunt
1508 5030 1534 5065 a
1564 5015 1958 5080 sttsceptoribus
1982 5031 2072 5071 ac-

508 5082 931 5152 eipiunthduciae
950 5098 1129 5137 causa.
1161 5082 1509 5137 Cassiodorus
1534 5086 1872 5137 canonicario
1902 5084 2073 5138 Vene—

507 5157 695 5206 tiarum
730 5152 995 5207 :‘Vatidas
1014 5164 1188 5205 contra
1208 5163 1252 5206 te
1276 5154 1498 5217 apochas
1523 5154 1836 5215 invenerunt,
1863 5155 2094 5208 invictas

504 5226 799 5278 securitates
829 5223 932 5277 illis
963 5224 1097 5277 dedit
1122 5222 1386 5276 calamitas
1410 5239 1505 5275 sua
1533 5238 1549 5275 :
1581 5224 1823 5276 violenter
1865 5223 2073 5277 abstulit

504 5294 639 5363 quod
678 5295 949 5362 qnmrebas.
996 5293 1156 5355 Hinc,
1193 5294 1587 5347 Pritniscrinius
1635 5302 1977 5348 securitatem
2020 5296 2073 5349 in

503 5364 680 5418 ofllcio
709 5363 917 5418 evnnitis
951 5364 1160 5429 privati.

574 5432 601 5470 ἀ
631 5432 825 5501 Scripti
854 5435 1057 5501 aliquot
1077 5432 1193 5485 libri
1219 5431 1591 5495 Caienset,‘al‘ii‘
1615 5430 1844 5486 Calentes
1872 5433 2072 5501 legunt.

508 5505 645 5557 Italae
683 5514 807 5558 sunt
852 5518 1004 5571 aqua:
1029 5501 1230 5555 calidze.
1270 5502 1335 5554 Et
1379 5512 1502 5554 sunt
1530 5505 1686 5555 hodie
1708 5503 1760 5555 in
1794 5504 2067 5565 Arvernis,

506 5588 624 5640 quae
679 5576 727 5628 id
758 5587 951 5628 nomen
997 5572 1119 5627 viCo
1157 5571 1457 5624 dederunt“:
1500 5585 1620 5624 nam
1665 5573 1866 5625 calidas
1908 5584 2070 5640 aquas

507 5643 671 5708 patria
702 5642 877 5711 lingua
914 5651 1124 5695 vorant.
1158 5640 1439 5711 lni'l‘abula
1466 5641 1980 5711 ctiamPcutingi-ri,
2013 5652 2071 5696 ut

507 5726 667 5777 supra
708 5713 907 5783 dictum
952 5721 1062 5777 est,
1102 5710 1441 5783 nominantur
1468 5713 1643 5783 Aqua:
1667 5710 1866 5783 Calida;
1906 5712 1963 5766 in‘
1987 5714 2069 5769 iti-

509 5794 637 5835 nere
662 5781 802 5847 quod
831 5780 897 5835 ab
924 5786 1374 5848 Augustonemeto
1406 5779 1715 5837 Lucdanutn
1739 5781 1899 5837 ducit.

2177 3308 2418 3378 eligenda
2464 3309 2592 3364 sede
2620 3308 2848 3378 perfugii
2876 3350 2891 3372 ,
2924 3310 3207 3378 quamdam
3250 3311 3448 3377 pateris
3479 3326 3549 3365 ex
3584 3314 3781 3366 muni-

2177 3401 2377 3455 tionum
2409 3399 2704 3470 frequentia
2738 3401 3151 3456 dilficultateml
3188 3402 3451 3472 Quidquid
3486 3403 3632 3457 illud
3666 3414 3779 3473 est,

2175 3492 2315 3562 quod
2342 3493 2427 3547 vel
2457 3492 2667 3563 negotio
2688 3508 2863 3560 vacas,
2898 3495 2949 3548 in
2980 3495 3164 3549 urbem
3198 3496 3462 3559 ta:nen,ni
3489 3496 3774 3566 fallimur,

2178 3594 2202 3622 υ
2257 3585 2590 3653 rogationum
2635 3586 3083 3653 contemplatione
3122 3586 3459 3642 revocabere.
3512 3588 3770 3655 Quarum

2176 3675 2330 3727 nobis
2352 3674 2743 3730 solemnitatem
2768 3677 2967 3744 primus
2998 3676 3282 3730 Mamertus
3314 3689 3462 3745 pater
3488 3690 3544 3731 et
3572 3682 3775 3748 ponti-

2175 3763 2282 3830 fex,
2309 3764 2741 3819 reverentissimo
2761 3768 3030 3835 exemplo,
3052 3766 3330 3820 utilissimo
3350 3769 3773 3839 experimento,

2176 3854 2397 3918 invenit,
2428 3854 2673 3921 instituit,
2710 3856 2936 3910 invexit.
2974 3857 3134 3910 Erant
3163 3857 3375 3925 quidem
3408 3858 3559 3925 prius
3588 3861 3781 3925 (quod

2173 3946 2319 3999 salva
2363 3945 2483 4001 fidei
2528 3962 2660 4015 pace
2710 3948 2778 4001 sit
2817 3947 3036 4015 dictum)
3083 3963 3249 4015 vagze,
3280 3957 3561 4016 tepentes,
3597 3951 3781 4006 infre-

2175 4046 2534 4104 quentesque,
2570 4046 2731 4105 utque
2781 4037 2934 4109 1&5
2983 4039 3057 4091 sic
3085 4037 3343 4106 dixrrim,
3389 4041 3783 4096 oscitabundtc

2174 4128 2614 4195 supplicationes;
2639 4142 2760 4195 quae
2779 4143 2922 4195 saepe
2943 4129 3379 4196 interpellantum
3408 4132 3781 4198 prandiorum

2173 4216 2413 4270 obicibus
2444 4216 2849 4283 hebetabantur,
2882 4219 3111 4273 maxime
3135 4229 3220 4272 aut
3246 4216 3464 4281 imbres,
3484 4230 3595 4274 aut
3616 4237 3788 4277 sere-

2172 4306 2391 4361 nitatem
2423 4306 2814 4374 deprccaturze;
2842 4308 2909 4361 ad
2935 4316 3067 4377 quas
3096 4309 3177 4379 (ut
3201 4310 3274 4365 nil
3298 4310 3784 4385 a‘mplius'dicam)

2173 4397 2330 4465 figulo
2381 4404 2577 4465 pariter
2624 4407 2783 4466 atque
2815 4397 3098 4453 hortulano
3147 4415 3250 4453 non
3282 4401 3523 4468 oportuit
3560 4415 3791 4457 conve-

2250 4538 2273 4566 ε
2309 4530 2382 4583 De
2416 4529 2670 4583 institutis
2700 4544 2726 4580 a
2764 4530 3017 4584 blamerto
3057 4529 3338 4583 Viennensi
3383 4530 3654 4596 episcopo
3686 4546 3786 4584 ro-

2175 4600 2478 4669 gationibus
2498 4608 2672 4655 exstat
2693 4600 2904 4653 humilia
2928 4601 3116 4653 Alcimi
3140 4601 3281 4653 Aviti
3304 4599 3550 4667 ejusdem
3577 4601 3795 4655 Eccle-

2176 4671 2553 4731 siaeantistitis.
2581 4681 2631 4724 et
2654 4670 2994 4724 consentiunt
3015 4672 3215 4739 antiqui
3238 4672 3787 4735 omnesscriptores.

2175 4740 2354 4805 Quare
2385 4746 2578 4793 lruslra
2619 4740 2893 4799 laborant.
2923 4740 3011 4806 qui
3049 4748 3327 4809 propterea
3356 4740 3501 4807 quod
3542 4740 3793 4797 litanias

2176 4810 2696 4877 supplicationesque
2730 4818 2853 4863 ante
2884 4809 3278 4862 Matnrrtum‘in
3320 4809 3562 4862 Ecclesia
3591 4814 3795 4864 exsti-
3835 4850 3844 4862 ρ

2178 4882 2307 4932 tisse
2335 4879 2544 4947 legunt,
2570 4881 2689 4933 ideo
2718 4880 2862 4933 illum
2895 4891 3227 4948 rogatzonutu
3256 4892 3358 4931 non
3397 4877 3642 4948 primum
3682 4897 3798 4934 λιι-
3829 4890 3835 4894 ”

2176 4958 2400 5015 ctorem,
2433 4949 2526 5002 sed
2571 4958 2981 5003 restauratorem
3013 4950 3117 5002 dici
3145 4948 3349 5001 volunt.
3395 4947 3660 5013 Frustra,
3698 4951 3799 5004 in-
3820 5000 3835 5009 ,

2178 5032 2359 5085 quam.
2393 5017 2576 5088 Neque
2601 5020 2740 5072 enim
2768 5018 2992 5088 quzestio
3014 5028 3095 5071 est
3116 5034 3183 5070 an
3212 5019 3413 5084 primus
3443 5016 3827 5088 Iitaniarum;

2178 5102 2328 5157 usum
2377 5088 2427 5139 in
2463 5087 2753 5142 I-Lcclesiam
2788 5086 3086 5153 invexerit,
3121 5103 3278 5157 quem
3323 5095 3532 5140 constat
3586 5086 3821 5142 multo"
3853 5125 3857 5127 λ

2175 5147 2529 5225 antiquiorem
2574 5158 2737 5212 fuisse
2762 5176 2773 5209 :
2803 5159 2894 5212 sed
2924 5173 2990 5211 an
3022 5147 3115 5211 eas
3140 5147 3444 5211 'instituerit
3472 5172 3600 5225 quae
3642 5172 3799 5215 ante

2176 5228 2561 5299 Ascensionem
2621 5228 2826 5281 Domini
2885 5229 3267 5291 celebrantur,
3320 5229 3799 5299 Rogationesque

2176 5298 2385 5365 propria
2410 5297 2519 5365 jam
2554 5313 2683 5351 voce
2709 5306 3094 5363 tntncupautur.
3129 5299 3182 5351 In
3212 5312 3339 5365 quo,
3370 5310 3429 5348 ut
3457 5297 3592 5355 dixi.
3635 5297 3800 5354 cen-

2176 5368 2415 5420 sentiunt
2454 5382 2661 5431 omnes,
2702 5378 2756 5420 ct
2792 5368 2999 5421 Sidonii
3041 5370 3199 5421 verba
3248 5368 3463 5429 invenit,
3494 5368 3794 5434 instituit,

2174 5436 2379 5501 invexit,
2403 5437 2630 5490 dubitari
2658 5436 2982 5507 nonsinunt.
3019 5437 3368 5507 Rogationum
3395 5453 3525 5504 ergo
3549 5438 3799 5503 primus

2174 5519 2362 5559 attetor
2411 5507 2713 5560 Mamertus.
2757 5505 2870 5560 Non
2920 5505 3381 5572 solum‘instituit,
3412 5519 3467 5559 nt
3499 5520 3673 5561 Statu:
3721 5526 3803 5565 ac

2173 5575 2443 5647 solemnes
2469 5576 2574 5647 illis
2603 5576 2790 5630 diebus
2814 5577 3232 5647 supplicationes
3259 5586 3465 5641 essent,
3496 5576 3593 5647 sed
3635 5592 3801 5646 snp-

2174 5646 2516 5710 pli’cationum
2541 5646 2765 5716 formam
2797 5648 2987 5703 usitata
3010 5649 3331 5702 sanctiorem
3361 5646 3805 5716 augustior-eu»

2171 5730 2274 5784 que
2308 5714 2654 5785 praescripsit.
