3946 6176
176 266 255 323 διε
1374 255 1861 313 EPISTOLARU‘M
1898 255 2027 313 LIB.
2071 257 2110 309 v
2270 238 2276 243 ’
3261 271 3367 325 sic

170 383 279 429 nire.
306 371 354 425 lu
384 368 458 421 his
478 376 655 423 autem
686 382 813 437 quas
843 366 1144 435 suprafatus
1172 382 1412 422 summus
1440 368 1690 422 saeeuios
1717 374 1767 428 Α
1794 368 2037 437 gerulum
2086 366 2487 434 codicellorum,
2533 384 2758 437 quorum
2798 372 2852 427 in
2897 374 3124 430 adventu
3147 415 3166 444 ,
3215 377 3365 434 fratri

169 480 209 521 et
245 461 435 533 protulit
483 459 682 528 pariter
720 468 773 511 et
830 457 1086 522 contulit,
1126 456 1425 537 jejunatur,
1472 468 1684 521 oratur,
1791 459 1950 514 etiam
1977 469 2064 513 tuo
2095 452 2333 528 Ecdicio,
2364 461 2513 527 cujus
2533 477 2683 531 aeque
2706 465 2869 519 titulis
2894 481 2957 522 ac
2983 471 3115 521 meis
3140 470 3361 538 gaudes,

170 554 386 625 psallitur,
417 549 590 602 ﬂetur.
616 548 694 602 Ad
726 548 838 602 haec
861 558 912 602 te
934 548 1063 602 festa
1093 547 1356 601 cervicum
1386 547 1685 601 humiliata-
1792 550 1963 602 honor
2000 551 2252 616 patricius
2280 550 2518 615 alcedit;
2560 553 2837 608 celerrime
2859 596 2875 620 ,
2920 556 2965 610 si
3003 559 3205 625 cogites
3246 559 3363 626 ejus

169 660 291 710 rum,
332 650 380 694 et
413 638 731 701 sternacium
779 638 970 691 civium
1012 638 1297 706 suspiriosa
1340 638 1685 691 contubernia
1786 645 2030 702 aetatem;
2066 637 2109 692 si
2140 640 2348 702 merita,
2388 640 2712 695 tardissime.
2746 642 2981 713 Namque
3008 646 3095 700 ille
3116 648 3222 714 jam
3254 650 3362 718 pri-

168 741 370 805 peto:et
403 732 445 785 si
481 730 777 800 spiritalem
825 728 1060 782 animum
1102 738 1246 781 tuum
1288 728 1424 784 bene
1471 729 1682 794 metior,
1785 725 1908 780 dem
1958 727 2265 796 sutiragium
2323 728 2595 798 dignitatis
2647 730 2897 785 ineundae
2947 749 3051 788 non
3100 737 3260 790 solvit
3305 739 3359 793 in

166 826 291 880 modo
330 822 480 876 citius
522 821 723 884 venies,
757 819 897 889 quod
928 833 1032 873 non
1057 819 1123 872 ad
1149 819 1355 889 epulas,
1389 818 1485 875 sed
1510 819 1575 874 ad
1604 820 1682 873 la-
1787 813 1958 882 lance,
1987 816 2079 870 sed
2110 816 2163 870 in
2188 817 2302 872 acie
2331 835 2343 869 :
2370 821 2725 888 :erariumque
2750 820 3017 888 publicum
3048 824 3159 892 ipse
3185 829 3360 894 priva-

164 930 334 989 crymas
356 915 618 968 evocaris.
655 913 804 966 Vale.
1784 912 1869 958 tus
1918 922 2023 959 non
2061 908 2301 973 pecuniis
2326 947 2342 972 ,
2390 908 2483 961 sed
2524 909 2788 964 manubiis
2839 911 3203 980 locupletavit.
3248 915 3359 968 Hoc

656 1000 989 1058 Epls'rOLA
1027 1000 1143 1055 xv,
1782 1002 1960 1047 tamen
2012 1006 2197 1050 sancte
2223 995 2393 1050 Julius
2419 997 2627 1066 Nepos,
2668 1000 2832 1053 armis
2878 1001 3077 1070 pariter
3118 1018 3359 1057 summus

464 1092 715 1147 Sidonius
738 1092 949 1146 Ruricio
970 1110 1061 1146 δυο
1088 1094 1325 1150 mtuum,
1782 1085 2051 1153 Augustos
2102 1100 2165 1140 ac
2216 1086 2455 1141 moribus
2484 1128 2500 1152 ,
2551 1088 2692 1157 quod
2737 1090 3034 1146 decessoris
3083 1092 3356 1148 Anthemii

212 1186 358 1242 Ofﬁcii
386 1199 631 1239 sermone
662 1185 909 1252 prazfato,
938 1185 1279 1254 bibli0polam
1311 1194 1543 1241 vestrum
1574 1203 1676 1242 non

1794 1170 1967 1237 item,
1993 1174 2172 1229 frattis
2194 1178 2271 1228 tui
2299 1177 2583 1231 sudoribus
2613 1178 2895 1246 obligatam
2914 1222 2929 1246 ,
2972 1195 3077 1248 quo
3115 1182 3352 1247 citerior,

159 1278 363 1346 grat‘ose,
391 1274 483 1329 sed
508 1274 825 1342 iudicialiter
850 1287 1101 1342 expertus
1139 1275 1348 1329 insinuo
1399 1295 1410 1328 :
1444 1278 1594 1344 cujus
1624 1290 1676 1331 ut

1792 1265 1880 1317 hoc
1917 1264 2233 1319 laudabilior
2280 1267 2542 1331 absolvit;
2588 1268 2848 1336 siquidem
2898 1269 2997 1323 iste
3043 1272 3350 1338 complevit,

159 1369 284 1421 fidem
310 1368 357 1420 in
393 1377 629 1432 pectore,
660 1366 737 1418 sic
764 1365 813 1417 iu
842 1380 1003 1433 opere
1039 1365 1385 1433 celeritatem,
1417 1368 1556 1422 circa
1583 1369 1678 1421 do-

1790 1356 1917 1425 piod
1939 1357 2032 1410 ille
2055 1359 2346 1425 scopissime
2375 1360 2739 1427 pollicebatur.
2771 1362 2886 1426 Quo
2912 1361 2990 1426 iit,
3017 1370 3074 1415 ut
3096 1362 3348 1432 deinceps

157 1457 321 1509 minum
370 1465 418 1508 te
461 1454 590 1507 milii
633 1452 840 1520 sibique
896 1469 1231 1508 communem
1284 1455 1414 1509 satis
1468 1457 1676 1511 abunde
1776 1465 1871 1519 pro
1898 1450 2173 1516 republica
2212 1453 2443 1519 optimus
2490 1453 2711 1521 quisque
2759 1454 2925 1521 pos~it
2956 1467 3019 1506 ac
3067 1453 3277 1519 debeat,
3306 1454 3352 1509 si

155 1544 357 1615 probavi.
399 1552 424 1579 ει
459 1543 675 1596 Librum
717 1542 874 1610 igitur
912 1542 1019 1611 jam
1068 1542 1181 1610 ipse
1212 1544 1452 1612 deportat
1478 1546 1673 1615 Hepta-
1772 1526 1897 1609 quid
1929 1541 2159 1610 cuipiam
2206 1543 2398 1595 virium
2449 1553 2550 1607 est,
2584 1544 2704 1611 quia
2744 1557 2985 1605 securus,
3020 1542 3144 1597 hinc
3167 1544 3352 1598 avidus

154 1634 322 1699 trochi,
357 1632 610 1700 scriptum
654 1632 931 1685 velocitate
953 1648 1156 1686 sunnna
1178 1673 1191 1697 ,
1235 1648 1443 1689 summo
1475 1637 1668 1701 nitore;
1775 1632 2081 1699 impendere
2119 1635 2369 1701 :qnando
2400 1633 2614 1702 quidem
2647 1650 2855 1688 mortuo
2882 1650 3091 1704 quoque
3122 1637 3351 1705 impera-

151 1740 401 1793 quanquam
424 1733 481 1776 et
507 1739 535 1774 a
566 1722 716 1775 nobis
746 1723 1000 1775 relectum
1028 1731 1081 1776 et
1106 1732 1463 1777 retractatum.
1500 1726 1673 1780 Defert
1707 1710 1748 1767 Β
1778 1732 1919 1794 tore,
1972 1726 2308 1779 laborantum
2369 1726 2635 1779 devotioni
2701 1726 2956 1795 quidquid
3006 1727 3352 1795 SpOpOltdcriI

150 1825 190 1868 et
209 1814 424 1867 volumen
454 1811 855 1880 prephetarnm,
880 1812 1001 1865 licet
1024 1828 1107 1866 me
1129 1812 1347 1868 absente
1368 1814 1671 1883 decursum,
1780 1816 2045 1883 princeps,
2076 1829 2289 1883 semper
2315 1813 2445 1868 redh
2473 1815 2562 1868 bet
2600 1814 2750 1884 147
2777 1816 3119 1883 principatus.
3146 1817 3348 1870 Interea

148 1922 222 1960 sua
247 1918 403 1959 tamen
432 1919 563 1958 cura
610 1919 875 1973 manuque
917 1903 985 1957 de
1017 1906 1355 1972 supervacuis
1394 1910 1674 1963 sententiis
1775 1914 1861 1971 tu,
1906 1906 1948 1958 si
1980 1903 2225 1959 affectum
2259 1919 2403 1958 tuum
2428 1904 2563 1958 bene
2592 1908 2801 1975 colligo,
2849 1907 2994 1960 hisce
3038 1907 3347 1971 compertis,

149 1996 472 2059 cruderatum;
526 2010 626 2050 nec
652 2010 863 2064 semper
885 1992 912 2032 δ
964 1993 1057 2049 illo
1099 2004 1282 2049 contra
1325 1997 1550 2066 legente,
1582 2002 1670 2065 qui
1773 2012 2020 2067 magnum
2062 1997 2309 2051 solatium
2350 1998 2489 2052 inter
2518 1996 2738 2050 adversa
2768 2004 3004 2052 maxima
3034 1999 3179 2066 capis
3209 2016 3221 2051 :
3253 2014 3350 2054 nec

150 2088 414 2154 promiserat
437 2100 657 2153 operam
689 2101 837 2137 suam
866 2100 881 2139 :
909 2084 1070 2140 credo
1090 2087 1210 2155 quia
1241 2086 1518 2142 infirmitas
1562 2088 1674 2143 l'ue-
1772 2088 2004 2142 animum
2052 2098 2198 2142 tuum
2237 2103 2267 2141 a
2293 2090 2501 2141 tramite
2536 2088 2896 2142 Communium
2926 2088 3238 2159 gaudiorum
3265 2091 3349 2143 vi-

149 2178 198 2228 rit
241 2177 613 2245 impedimento
644 2215 659 2238 ,
717 2174 1001 2244 quominus
1071 2175 1301 2242 pollicita
1358 2179 1669 2248 compleret.
1771 2177 1907 2232 cinre
1954 2193 2165 2248 quoque
2194 2177 2491 2232 obsidionis
2532 2186 2708 2232 terror
2735 2180 3016 2233 exorbitat.
3044 2178 3175 2233 Novi
3202 2179 3345 2233 enim

147 2269 292 2323 Restat
331 2278 384 2322 ut
406 2268 712 2323 exhortatio
738 2278 910 2321 vestra
932 2309 946 2333 ,
993 2266 1104 2320 sive
1142 2269 1378 2336 sponsio,
1421 2270 1669 2326 famulum
1773 2267 1958 2335 probe,
1987 2281 2053 2320 ne
2084 2281 2203 2321 meo
2233 2266 2449 2333 quidem
2473 2274 2547 2329 te,
2587 2281 2745 2336 quem
2776 2283 2843 2321 ex
2877 2270 2992 2337 lege
3033 2268 3344 2337 participas,

145 2361 201 2412 sic
221 2362 288 2413 vel
318 2360 621 2412 studentem
655 2357 809 2429 ιω
839 2359 1066 2427 placere,
1096 2359 1176 2412 vel
1208 2360 1472 2426 meritum,
1503 2365 1668 2432 gratia
1770 2358 1848 2413 sic
1880 2357 2082 2411 honore
2126 2359 2354 2412 lat-tatam
2392 2373 2404 2410 :
2434 2358 2554 2427 quia
2583 2359 2708 2412 licet
2735 2359 2810 2412 sis
2836 2374 2967 2412 uxor
3003 2360 3159 2423 bona,
3192 2374 3347 2413 soror

144 2450 416 2515 competenti
448 2457 825 2503 remuneretur
853 2463 867 2500 :
893 2462 1009 2514 qum
1038 2446 1216 2515 utique
1245 2463 1340 2517 pro
1370 2451 1461 2503 tali
1493 2452 1670 2508 labore
1770 2462 1981 2516 quoque
2022 2448 2218 2515 optima
2244 2462 2322 2502 es.
2354 2447 2464 2514 Qua
2495 2447 2563 2501 de
2586 2463 2662 2513 re,
2706 2449 2936 2516 pr0pitio
2969 2448 3078 2502 Deo
3107 2449 3340 2516 Christo,

142 2540 175 2591 si
195 2539 653 2610 solviluruittcipiet
682 2548 911 2591 Vestram
936 2539 1201 2606 respicere
1220 2542 1538 2596 mercedem.
1564 2544 1668 2599 Sed
1770 2539 2052 2606 ampliatos
2066 2539 2441 2606 prosapiaatnze
2467 2538 2646 2592 titulos
2674 2553 2772 2607 ego
2802 2538 3342 2607 festinuegratatoi-iis

141 2644 234 2682 coni
254 2630 340 2684 hoc
362 2646 462 2700 ego
495 2630 564 2685 de
582 2629 692 2683 sola
719 2628 883 2698 gratia
915 2645 1119 2697 precer,
1147 2645 1241 2683 vos
1259 2630 1382 2700 quid
1408 2645 1669 2688 mereatur
1769 2628 2007 2697 apicibus
2037 2627 2314 2696 inscripsi,
2368 2629 2570 2697 pariter
2605 2627 2888 2682 absolvens
2928 2629 3339 2684 sollicitudinem

139 2721 342 2785 aspicite,
364 2736 529 2789 quem
549 2728 762 2774 constat
784 2720 1031 2774 affectum
1060 2717 1261 2775 domini
1288 2720 1456 2791 magis
1470 2722 1669 2779 ambire
1770 2728 1911 2774 tuam
1933 2760 1947 2785 ,
1980 2719 2157 2774 fratris
2202 2719 2459 2789 pudorem
2492 2737 2505 2771 :
2537 2736 2694 2789 quem
2724 2720 2797 2774 nil
2828 2720 2896 2775 de
2926 2722 3139 2790 propria
3161 2723 3339 2791 digni-

140 2825 261 2878 quatn
286 2810 586 2881 praemium.
616 2811 764 2864 Vale.
1768 2820 1876 2866 tate
1903 2812 2278 2875 indicaturum,
2319 2812 2363 2864 si
2394 2814 2753 2865 verecundum
2785 2811 2920 2866 forte
2948 2814 3204 2879 nescires,
3241 2827 3341 2867 nec

635 2899 958 2954 EPISTOLA
998 2898 1140 2956 XVI.
1766 2901 1843 2954 sic
1869 2901 2089 2969 impium
2115 2900 2404 2969 iudicares.
2433 2901 2545 2970 Ego
2576 2917 2705 2956 vero
2749 2917 2853 2956 non
2884 2912 3086 2957 tantum
3116 2904 3340 2973 insigni-

356 2992 611 3047 Sidonius
636 3001 657 3030 ο
689 2989 996 3061 Papianilla:
1019 3006 1123 3043 sua:
1150 2990 1381 3045 salutem.
1697 3051 1738 3065 _
1768 2994 1865 3048 bus
1897 2994 2119 3057 vestris,
2162 3008 2278 3061 qua:
2310 3003 2363 3047 tu
2412 2994 2665 3049 hactenus
2690 3011 2891 3065 quanto
2919 2996 3159 3061 liberius,
3193 3006 3340 3051 tanto

191 3080 409 3136 Ravenna
452 3083 679 3136 veniens
710 3080 737 3119 ά
760 3090 994 3150 quaestor
1032 3081 1334 3135 Licinianus
1358 3124 1372 3145 ,
1414 3097 1531 3136 cum
1557 3084 1665 3154 pri-
1692 3051 1739 3115 ο
1770 3083 2133 3153 impatientius
2178 3083 2562 3151 praestolabare
2624 3086 2956 3154 (quanquam
3015 3086 3078 3139 iis
3127 3102 3340 3156 quoque

138 3186 248 3225 mum
273 3174 465 3243 tetigit,
516 3174 647 3241 Alpe
677 3173 1005 3234 ii‘ﬂﬂSﬂliSSﬂ,
1030 3171 1212 3227 Gallice
1241 3173 1433 3237 solum,
1465 3175 1665 3230 litteras
1769 3173 2057 3245 granditer)
2102 3182 2355 3243 quantum
2403 3176 2693 3230 concordia
2728 3176 2877 3231 fruor
2908 3194 2923 3232 :
2957 3192 3113 3246 quam
3159 3195 3340 3247 parem

136 3264 348 3319 adventus
385 3266 469 3318 sui
527 3264 749 3333 praevias
779 3264 961 3327 misit,
1011 3262 1204 3333 quibus
1234 3263 1433 3318 indicat
1461 3279 1580 3319 esse
1608 3281 1667 3322 se
1775 3266 1995 3329 neatris,
2019 3265 2237 3332 suisque
2260 3264 2442 3319 liberis
2472 3264 2526 3318 in
2555 3273 2827 3335 posterum
2855 3278 3089 3337 exopto;
3120 3268 3255 3323 votis
3286 3270 3339 3323 in

236 3401 270 3467 ι
302 3408 324 3433 ἰ
354 3398 419 3452 Ut
448 3397 885 3467 Pentateuchum
916 3407 1123 3467 veteres
1148 3396 1481 3464 appellarunt
1509 3400 1664 3465 quin-
1774 3399 1877 3453 vult
1902 3412 2134 3451 exercere
2173 3398 2365 3453 mariti.
2398 3397 2508 3465 Qua
2553 3399 2620 3452 de
2648 3415 2706 3452 re
2738 3410 2791 3450 ut
2823 3413 3053 3451 canones
3096 3400 3337 3453 omittam

136 3465 214 3531 que
234 3465 381 3519 libros
405 3470 600 3529 Masis,
631 3467 697 3519 ita
722 3476 775 3518 et
799 3465 1278 3536 Triteuchum_tres
1303 3468 1389 3532 qui
1420 3469 1663 3534 proxime
1767 3470 1853 3535 qui
1884 3468 2077 3535 passim
2122 3479 2405 3521 occurront
2425 3509 2440 3534 ,
2474 3469 2723 3536 prteclaia
2762 3480 2936 3521 exstat
2967 3469 3097 3535 Lupi
3129 3468 3341 3521 Tricas-

135 3548 400 3601 scquuntur,
428 3537 618 3600 Josue,
641 3536 854 3589 Judices
880 3545 935 3588 et
958 3534 1115 3588 Ruth.
1145 3534 1233 3589 Sic
1261 3536 1401 3590 enim
1432 3538 1666 3589 Athana-
1770 3534 1956 3591 aini’et
1983 3536 2272 3604 Euphronii
2304 3534 2795 3605 Augustodnnensis
2821 3534 3193 3604 episcoporum
3225 3543 3338 3602 cpi-

135 3606 219 3675 sius
242 3608 300 3658 ad
342 3607 708 3661 Marcellinum
743 3623 755 3655 :
789 3613 1040 3675 utrosque
1069 3620 1197 3658 vero
1237 3606 1393 3675 simul
1426 3604 1663 3675 junctus,
1775 3608 1910 3661 stola
1940 3621 2058 3674 quia:
2098 3621 2297 3659 morem
2329 3604 2468 3659 hunc
2514 3616 2738 3661 testatur
2771 3624 2784 3659 :
2817 3607 2911 3659 sed
2958 3607 3080 3658 huic
3115 3608 3337 3660 edenda)

134 3673 507 3731 Oi-tatenchum.
552 3678 621 3728 Ita
650 3674 999 3728 Cassiodorus
1033 3688 1151 3743 cap.
1186 3675 1210 3729 1
1250 3673 1552 3730 Divinarum
1586 3673 1663 3730 in;
1772 3676 1909 3730 alius
1923 3673 2203 3732 eritlocus.
2225 3676 2335 3729 Deo
2356 3676 2708 3743 adjuvante“.
2736 3676 2884 3730 None
2906 3676 3033 3729 satis
3054 3675 3122 3728 sit
3150 3689 3338 3729 exem-

134 3745 440 3807 stitotionum,
480 3754 538 3799 et
568 3745 736 3799 Grzeci
776 3759 963 3799 omnes
993 3759 1214 3814 quorum
1245 3751 1443 3812 scripta
1474 3748 1661 3813 legon-
1771 3747 1914 3814 plum
1946 3744 2145 3799 Paulini
2187 3744 2395 3814 Nolani,
2440 3747 2522 3800 cui
2563 3745 2776 3799 Terasia
2824 3748 2890 3797 de
2928 3744 3152 3813 conjuge
3186 3744 3265 3814 [ιιι
3286 3754 3336 3798 ta

133 3818 272 3886 turri;
297 3822 382 3874 τήν
416 3818 782 3886 Ὸκτάτευχον.
820 3814 953 3881 Quia
984 3813 1160 3869 autem
1204 3814 1430 3886 ilebrmi,
1461 3815 1665 3886 ut_Epi-
1767 3813 1939 3886 soror,
1970 3824 2027 3866 ut
2056 3813 2397 3886 inChronico
2427 3815 2655 3886 loquitur
2679 3816 2871 3886 Idalios
2907 3832 2920 3866 :
2946 3813 3196 3886 Germani
3228 3816 3339 3867 Au-

134 3884 317 3945 phanius
355 3895 410 3939 et
452 3882 809 3954 Hieronymus
841 3886 1155 3951 observant,
1204 3884 1478 3937 historiam
1523 3884 1661 3937 Ruth
1769 3884 2187 3954 tissiodorensis,
2218 3883 2286 3937 de
2314 3899 2419 3953 quo
2450 3885 2500 3936 in
2532 3884 2645 3953 ejus
2674 3885 2788 3939 Vita
2814 3882 3337 3954 Constantinsgpres-

133 3965 257 4035 pinum
298 3956 345 4007 in
397 3958 601 4035 librum
645 3952 765 4008 cum
805 3954 1075 4035 Judicihus
1119 3957 1491 4035 compingunt,
1542 3954 1665 4011 inde
1772 3954 1964 4035 byten:
2002 3952 2458 4035 Umor-insororem
2478 3969 2540 4033 ea:
2563 3952 2774 4035 conjuge
2794 3962 3139 4035 mut‘qturiel
3166 3952 3337 4035 μικρο-

131 4020 283 4093 iactinn
327 4035 515 4078 estut
547 4024 962 4091 Heptateuchum
1008 4025 1245 4091 plerique
1291 4020 1525 4093 dixerint
1569 4040 1665 4093 plO
1770 4020 1829 4078 tii
1855 4024 2090 4093 episcopi
2138 4023 2564 4091 Burdegalensis,
2594 4020 2663 4077 de
2689 4024 2838 4092 cujus
2879 4023 3149 4076 Placidina
3197 4023 3337 4079 idem

132 4091 411 4164 Oresten-ho
444 4112 458 4146 :
501 4102 559 4147 ut
596 4090 947 4164 Hieronymus
973 4090 1131 4163 epist.
1165 4090 1196 4146 7
1231 4101 1285 4147 et
1307 4093 1400 4160 28,
1433 4102 1486 4148 et
1511 4090 1666 4148 Sido—
1770 4093 1953 4164 scribit
1991 4090 2331 4164 Fortunatus
2392 4111 2405 4145 :
2461 4092 2692 4164 denique
2744 4090 2919 4164 Urbici
2971 4093 3333 4164 ArvernOrun

130 4161 221 4231 "m5
248 4165 339 4217 hoc
370 4166 518 4218 Ιοοοο
796 4160 809 4164 ⁷
1006 4160 1023 4163 ⁷
1108 4230 1115 4231 ί
1198 4230 1205 4231 ί
1402 4230 1405 4231 ν
1768 4162 2025 4231 episcopi,
2077 4176 2235 4228 quem
2283 4168 2466 4215 narrat
2520 4160 2808 4231 Gregorius
2858 4161 3039 4231 lib._t,
3088 4174 3206 4226 cap.
3240 4160 3335 4222 M,

179 4228 202 4266 δ
224 4231 375 4288 Vetus
400 4233 682 4287 adnotatio
703 4234 753 4286 in
768 4232 953 4287 codice
968 4230 1209 4285 Martiani
1235 4230 1483 4298 Capellae,
1503 4246 1660 4301 quam
1768 4228 2230 4300 multis’lacrymis
2258 4232 2475 4297 'eluisse,
2503 4228 2653 4301 quod
2693 4229 3127 4301 consuetudinem
3159 4233 3335 4301 eccle-

132 4296 345 4373 integratn
379 4304 582 4373 protuli
610 4305 675 4356 ad
700 4302 996 4357 Ennodium
1021 4301 1174 4373 Iib.l,
1205 4296 1362 4369 epist.
1393 4302 1458 4373 l9
1484 4296 1664 4373 {Felix
1767 4303 2032 4356 siasticam
2063 4296 2265 4373 temere
2289 4296 2572 4371 aliquando
2595 4301 2863 4373 violasset.
2885 4299 3036 4373 Quod
3057 4313 3185 4366 ergo
3218 4297 3338 4365 lege

130 4368 264 4439 taeter
296 4368 634 4426 eméndabam
663 4382 836 4425 contra
863 4377 1054 4439 tegente
1096 4368 1334 4424 Deutcrio
1362 4370 1662 4424 scholastica
1767 4385 1830 4424 ac
1857 4386 2004 4425 more
2041 4372 2323 4431 sancitum,
2352 4368 2863 4437 p'razdecessorisque
2892 4370 2972 4424 sui
3002 4368 3139 4422 facto
3170 4377 3335 4439 testa-

130 4437 336 4503 disciputo
363 4459 503 4495 ineo.
536 4443 634 4507 Qui
667 4442 828 4495 libros
855 4437 925 4496 ei
943 4443 1223 4495 collatione
1254 4441 1528 4494 meliorum
1566 4456 1661 4494 co-
1770 4450 1880 4493 tum
1928 4440 2245 4494 meminerat
2283 4439 2554 4504 Sidonius,
2586 4443 2635 4493 id
2686 4455 2777 4493 aut
2827 4442 3089 4507 ignorare,
3121 4445 3211 4490 aut
3234 4438 3339 4507 im-

131 4506 268 4579 dicntn
301 4506 585 4575 emendat,
617 4511 817 4565 socium
846 4511 1063 4565 adhibet
1093 4511 1180 4579 qui
1212 4513 1367 4578 legat,
1396 4510 1520 4563 dum
1548 4511 1659 4577 ipse
1694 4518 1740 4576 υ
1769 4524 1908 4575 pune
1947 4521 2291 4569 contemnere
2328 4512 2415 4577 qui
2460 4512 2660 4577 potuit“!
2690 4511 2752 4563 Et
2800 4506 2974 4579 tamen
3005 4517 3129 4561 sunt
3153 4506 3243 4575 qui
3270 4522 3338 4559 cx

127 4578 323 4647 Miccm
358 4597 532 4637 unum
579 4580 808 4647 inspicit.
862 4582 909 4633 Is
961 4578 1141 4633 contra
1172 4581 1343 4647 legere
1368 4580 1657 4633 dicebatur.
1768 4579 2069 4646 Papianillae
2096 4580 2365 4643 mentione
2394 4581 2495 4635 hoc
2541 4582 2656 4633 loco
2685 4581 2858 4632 fucum
2886 4578 2999 4630 ﬁeri
3030 4591 3340 4647 possemu-

131 4643 171 4697 ln
199 4651 289 4704 alio
330 4652 524 4704 codice
570 4643 817 4704 Macrohii
856 4650 1138 4703 Theodosii
1193 4643 1503 4703 emendator
1551 4650 1663 4702 lure
1770 4643 1965 4711 ﬁdatit;
2011 4657 2065 4701 et
2107 4650 2227 4716 quia
2266 4651 2357 4702 lib.
2399 4665 2469 4714 tv,
2516 4651 2671 4716 epist.
2721 4647 2819 4713 12,
2865 4662 2985 4699 cum
3031 4643 3339 4716 Apollinare

131 4727 369 4774 annotarat
420 4739 432 4772 :
491 4720 722 4774 Aurelius
783 4719 1050 4772 Memmius
1100 4718 1433 4788 Symmachus
1485 4718 1549 4772 V.
1600 4718 1656 4772 (1.
1768 4719 1874 4772 filio
1899 4715 2202 4771 Terentium
2231 4715 2677 4788 Menamlrumque
2702 4718 2824 4784 legit
2851 4717 3101 4788 Sidonius
3124 4715 3331 4788 episcoo

126 4791 415 4857 munitam
447 4792 701 4843 Ravenna:
728 4806 839 4841 cum
873 4788 1127 4841 Macrobio
1144 4784 1352 4840 Plotina
1387 4788 1618 4841 Eudoxio
1642 4804 1662 4842 :
1769 4803 1884 4854 pus,
1910 4788 2225 4857 indeifilium
2252 4789 2356 4857 62
2381 4789 2486 4854 jam
2529 4784 2824 4856 ephebum,
2852 4786 2962 4855 jam
2994 4784 3197 4841 Graeca:
3229 4786 3335 4857 _La—

127 4856 283 4919 quihus
312 4862 495 4914 verbis
517 4871 701 4913 eontra
734 4859 922 4925 legisse
956 4857 1246 4911 Eutloxium
1275 4859 1553 4924 signiﬁcat.
1768 4852 1995 4925 timeqne
2042 4856 2230 4925 linguae
2266 4852 2577 4911 att—(tioribus
2613 4852 2915 4920 initiatum,
2958 4871 2986 4907 a
3034 4852 3331 4925 patregjtm

182 4934 200 4962 ε
224 4929 353 4983 Aviti
397 4935 624 4998 Augusti
670 4923 822 4991 tilize”,
857 4928 1058 4981 Sidonii
1090 4930 1235 4979 uxori
1267 4923 1389 4979 ante
1417 4927 1660 4980 sacerdo-
1765 4923 2016 4994 episeopo
2036 4923 2337 4998 susceptum
2360 4929 2684 4981 contendant
2713 4945 2726 4983 :
2755 4941 2909 4997 quem
2932 4940 3019 4998 res
3042 4926 3152 4998 ipsa
3181 4923 3337 4976 docet

124 4994 245 5059 lium,
290 5014 436 5053 nunc
468 4994 662 5062 sorori,
706 5016 773 5052 ex
804 5013 1063 5051 canonum
1102 4998 1411 5066 praescripto
1459 5007 1513 5051 et
1541 5013 1658 5064 per—
1764 4997 2018 5063 epistolas
2064 5011 2251 5051 omnes
2293 4997 2685 5051 Constantiana
2721 4994 3075 5057 collectiouis,
3122 4994 3226 5066 hoc
3254 5002 3335 5066 est

62 5066 66 5089 ξ
123 5074 249 5137 petua
279 5068 671 5122 eoosuetudine
707 5070 893 5137 pri-ca:
924 5063 1176 5122 Eccles‘ize
1208 5083 1223 5120 :
1254 5063 1449 5132 in'qua
1479 5063 1564 5132 qui
1592 5081 1656 5119 ex
1766 5067 2018 5137 librorum
2070 5081 2139 5118 vn
2173 5068 2403 5137 priorum
2430 5109 2445 5133 ,
2489 5083 2633 5137 quas
2657 5068 2937 5137 episcopus
2985 5063 3235 5137 dictavit,
3286 5064 3339 5137 in

119 5133 331 5205 conjugio
370 5141 451 5210 ad,
486 5131 839 5210 saceidoiium
878 5137 1307 5210 asciscehantnr,
1340 5131 1405 5187 ah
1434 5131 1655 5189 uxorum
1765 5135 1895 5210 ipsis
1940 5150 2074 5210 pene
2110 5131 2460 5210 pontiﬁcatus
2487 5131 2736 5203 auspiciis
2770 5131 3039 5210 dictasse.
3064 5132 3166 5187 Sed
3213 5131 3339 5210 quid

120 5200 211 5254 loro
229 5200 482 5274 séparati,
516 5209 787 5261 tionalner
813 5209 1060 5273 deinceps
1080 5222 1199 5259 cum
1225 5205 1329 5259 illis
1356 5221 1513 5274 quam
1536 5221 1657 5258 cum
1769 5200 1956 5258 facias'
1979 5200 2279 5258 hominibus
2301 5244 2316 5267 ,
2368 5205 2457 5274 qui
2504 5200 2625 5259 cum
2675 5208 2781 5257 veri
2814 5205 2943 5259 nihil
2989 5203 3203 5267 dicant,
3239 5200 3338 5256 sibi

119 5276 362 5329 sororibus
391 5278 763 5331 versabantur.
792 5278 1139 5346 Hieronymus
1165 5278 1321 5343 epist.
1355 5275 1379 5325 i
1413 5277 1478 5327 ad
1508 5276 1661 5328 Pam-
1768 5284 1944 5346 tamen
1976 5275 2171 5346 clausis
2200 5278 2363 5329 oculis
2395 5277 2536 5328 credi
2568 5276 2789 5346 volunt?

116 5346 350 5417 Inachium
381 5366 395 5400 :
424 5347 689 5417 Episwpi,
736 5340 1033 5417 presbyteri,
1065 5340 1285 5409 diaconi,
1325 5352 1413 5417 aut
1443 5346 1661 5417 virgines
1839 5342 1870 5417 ἀι
1897 5344 1971 5417 De
2020 5345 2173 5417 hujus
2213 5346 2383 5417 aluero
2414 5344 2735 5417 inGalIiam
2762 5343 2997 5417 adventu
3037 5340 3148 5417 jam
3176 5348 3335 5417 sui"?

113 5412 371 5481 dtguntur,
414 5409 515 5469 aut
541 5409 745 5482 vidui,‘
774 5428 860 5471 aut
884 5409 1034 5469 'certe
1080 5426 1189 5481 post
1233 5409 1574 5467 sacerdotium
1610 5416 1662 5466 in
1771 5415 1984 5481 scripsit
2026 5409 2116 5468 lib.
2150 5430 2240 5476 tn,
2272 5416 2428 5479 epist.
2480 5416 2531 5467 7.
2574 5414 2724 5468 Nunc
2768 5413 2835 5467 de
2882 5409 3143 5482 codicillis
3174 5409 3336 5482 patri-

112 5474 572 5561 θξτπειηζριιᾴὶεξ.
620 5474 843 5540 Faustus
890 5474 1129 5561 Reiensis
1175 5486 1236 5561 in
1283 5485 1523 5561 epistola
1555 5499 1660 5561 non
1771 5474 1974 5548 ciatus,
2021 5498 2157 5553 quos
2214 5474 2429 5539 Ecdicio
2476 5483 2870 5561 comitiattulit
2911 5497 2941 5536 a
3003 5479 3204 5547 Nepote
3228 5474 3335 5529 Au~

114 5553 230 5607 edita
263 5575 275 5608 :
308 5553 502 5610 Pérdit
542 5568 755 5627 gratiam
798 5558 1072 5610 consecrati
1100 5554 1187 5625 qui
1234 5554 1404 5607 adhuc
1433 5554 1664 5624 ofﬁcium
1773 5561 1948 5623 gusto.

163 5645 185 5673 '
212 5648 354 5701 lianc
386 5650 668 5705 epistolam
707 5649 969 5705 edidimus
997 5663 1158 5713 supra
1187 5650 1289 5703 col.
1324 5648 1416 5702 66.
