3946 6176
579 297 677 352 547

580 508 811 554 nostram
845 494 1232 563 pra2fectoriam
1264 494 1425 556 nacti,
1457 493 1613 544 etiam
1646 490 1919 559 patriciam
1962 489 2147 541 divino

582 588 759 642 favore
785 586 1143 640 reddidimus:
1162 586 1233 637 ita
1250 583 1349 652 ipsi
1368 597 1523 650 quam
1541 582 1829 649 suscipiunt
1851 580 2147 649 patr'ciam,

581 687 605 714 ι·
632 678 824 731 faciant
860 677 1216 731 consularem.
1266 673 1453 727 Roscia
1487 683 1539 727 te
1579 673 1805 733 salutat,
1838 688 1965 723 cura
2008 685 2153 724 com-

582 769 799 822 munis:
828 784 946 835 quae
988 767 1042 821 in
1090 766 1221 819 avi;e
1268 765 1655 833 amitarumque
1698 763 2154 832 indulgentissimo

583 859 722 921 sinu,
759 858 898 927 quod
930 873 1051 911 raro
1101 854 1384 923 nepotibus
1414 852 1673 922 contingit
1718 854 1922 916 alienis,
1955 864 2153 904 etcum

584 949 869 1002 severitate
910 947 1141 1000 nutritur
1169 962 1183 999 :
1212 960 1313 1011 qua
1349 954 1522 997 tamen
1562 953 1802 998 tenerum
1853 958 1955 996 non
2005 942 2152 995 infir—

586 1049 760 1093 matur
788 1054 980 1105 acvum,
1005 1036 1099 1090 sed
1128 1036 1446 1089 informatur
1474 1034 1760 1103 ingenium.
1783 1033 1929 1087 Vale.

1017 1129 1173 1201 143
1201 1128 1529 1184 EPISTULA
1570 1127 1733 1181 xvn.

899 1222 1141 1277 Sidonius
1180 1220 1207 1259 ι’
1237 1218 1452 1288 Eriphio
1487 1236 1578 1273 suo
1603 1220 1838 1273 salutem.

656 1314 747 1377 Es,
788 1313 972 1382 Eriphi
1004 1325 1174 1375 meus,
1218 1310 1329 1375 ipse
1357 1310 1445 1377 qui
1477 1323 1689 1376 semper
1726 1324 1739 1360 :
1786 1323 2159 1376 nunquamque

588 1414 640 1457 te
671 1412 871 1456 tantum
899 1403 1128 1464 venatio,
1165 1401 1374 1463 civitas,
1403 1413 1526 1467 ager
1549 1408 1755 1461 avocat,
1780 1409 1836 1451 ut
1865 1414 1967 1452 non
1987 1398 2159 1451 obiter

590 1493 857 1560 voluptate
900 1491 1191 1543 litterarum
1240 1498 1455 1542 teneare
1500 1504 1513 1540 :
1559 1488 1719 1554 fitque
1752 1500 1818 1539 eo
1854 1486 2061 1551 studio,
2105 1494 2162 1539 ιιι

589 1598 687 1639 nec
715 1596 893 1636 nosna
931 1580 1189 1643 fastidias,
1220 1579 1311 1647 qui
1352 1579 1467 1641 tibi,
1499 1588 1554 1630 ut
1584 1577 1793 1639 scribis,
1840 1590 2020 1631 musas
2049 1578 2158 1631 ole.

588 1690 727 1728 mus.
765 1674 897 1737 Quae
933 1671 1197 1725 sententia
1243 1679 1418 1723 tamen
1453 1669 1593 1738 largo
1632 1667 1889 1736 probatur
1914 1682 2043 1721 vero
2072 1682 2159 1720 ca—

1837 281 2080 339 SlDONll
2119 282 2157 336 A
2169 278 2447 335 POLLINA
2460 278 2565 332 RlS

578 419 856 463 commune
883 403 1198 471 deposcens,
1227 409 1286 454 ιιι
1313 400 1451 456 sicut
1479 412 1574 452 nos
1593 407 1869 467 utramque
1894 395 2145 449 familiam
2176 399 2226 456 Α
2250 394 2457 462 jocosa,
2503 389 2799 460 fatigatoria
2838 407 2850 440 :

3710 272 3794 325 ΞΗ

2896 397 3152 455 praetcrea
3193 384 3375 457 (quod
3416 383 3789 451 beatissimum)

2253 484 2394 536 nulla
2428 482 2626 536 mentio
2664 482 2730 535 de
2777 489 3003 547 p0'e5tat
3026 479 3124 532 bus
3158 487 3249 531 aut
3277 476 3345 529 de
3379 473 3617 538 tributis;
3644 479 3791 530 nullus

2252 590 2430 629 sermo
2458 575 2545 641 qui
2584 575 2854 642 proderet,
2893 571 3035 624 nulla
3077 585 3300 639 prrsona
3332 585 3451 636 quae
3487 571 3789 637 proderetur.

2257 667 2506 721 Fabulam
2538 674 2684 717 certe
2712 663 2910 716 referre
2939 663 3149 730 dignam
3180 662 3375 723 relatu,
3408 661 3672 728 dignisque
3691 678 3796 715 sena

2256 759 2435 813 tentiis
2452 757 2675 825 quisque
2706 754 2967 822 potuisset
2996 769 3008 804 :
3032 753 3346 805 audiebatur
3373 751 3794 807 ambitiosissime.

2255 849 2362 902 Nec
2400 859 2513 901 erat
2543 847 2743 900 idcirco
2782 861 2884 897 non
2919 844 3166 897 distincta
3200 844 3459 903 narratio,
3492 848 3607 910 quza
3638 844 3795 898 l:etitia

2258 941 2537 1009 porniixta.
2593 937 2734 990 lnter
2764 936 2874 989 lure
2900 936 3009 988 otio
3037 934 3124 987 diu
3158 933 3406 987 u-arcidis
3435 935 3628 1001 aliquid
3659 949 3798 988 a;ere

2256 1032 2447 1085 visum.
2484 1030 2601 1083 Mox
2635 1028 2918 1096 bipertitis,
2949 1035 3007 1079 ut
3034 1034 3149 1079 erat
3177 1038 3327 1087 tetas,
3358 1027 3799 1079 acclamationibus

2256 1121 2540 1190 efflagitata
2590 1120 2854 1187 profertur
2900 1118 2982 1170 bis
3026 1117 3152 1186 pila,
3208 1116 3289 1169 his
3346 1118 3537 1169 tabula.
3585 1119 3799 1185 Sphaera:

2259 1212 2462 1279 primus
2504 1226 2603 1278 ego
2648 1209 2868 1277 signifer
2918 1208 3012 1271 fni,
3060 1222 3178 1276 quae
3228 1207 3381 1271 mihi,
3430 1216 3487 1259 ut
3530 1211 3679 1272 nosti,
3706 1226 3799 1263 non

2261 1302 2437 1354 minus
2463 1301 2597 1355 libro
2616 1314 2797 1353 comes
2829 1299 3072 1352 habetur.
3116 1299 3295 1352 Altera
3334 1314 3396 1351 ex
3444 1310 3609 1366 parte,
3656 1300 3799 1355 frater

2263 1407 2411 1444 meus
2444 1391 2779 1457 Domnicius,
2819 1390 2979 1442 homo
3007 1390 3188 1459 gratiae
3211 1404 3451 1453 summm,
3470 1391 3651 1443 summi
3675 1393 3801 1460 lepo-

2261 1487 2355 1544 ris,
2380 1496 2608 1537 tesseras
2635 1492 2847 1550 ceperat
2876 1481 3252 1550 quatiebatque
3279 1498 3293 1535 :
3320 1496 3425 1547 quo
3448 1483 3801 1537 velutclassiro

2261 1575 2325 1625 ad
2355 1589 2573 1643 pyrgum
2601 1573 2823 1626 vocabat
2847 1571 3131 1626 aleatores.
3167 1570 3272 1625 Nos
3302 1586 3421 1624 cum
3450 1585 3650 1627 caterva
3671 1575 3802 1626 scho-

2262 1664 2565 1717 lasticorum
2595 1664 2815 1716 lusimus
2837 1662 3332 1731 abunde,quautum
3360 1664 3587 1716 membra
3616 1673 3803 1729 torpore

590 1779 708 1817 rere
740 1780 753 1815 :
791 1776 1089 1831 quanquam
1131 1771 1182 1813 et
1212 1768 1453 1828 apparet,
1493 1770 1583 1811 aut
1622 1776 1688 1813 ex
1727 1760 1852 1826 joco
1882 1758 2083 1821 \enire,
2114 1760 2155 1813 si
2191 1753 2237 1812 B
2263 1754 2463 1807 statarii
2496 1753 2693 1806 laboris
2724 1753 2994 1815 hebetata,
3023 1767 3182 1806 cursu
3211 1752 3412 1806 salubri
3444 1764 3804 1821 vegetarentur.

593 1855 743 1906 lzetns
772 1868 852 1915 es,
881 1860 972 1904 aut
1015 1865 1077 1903 ex
1116 1865 1319 1912 amore,
1352 1849 1398 1902 si
1440 1849 1628 1902 serius.
1663 1849 1927 1903 Ca'terum
1958 1863 1986 1902 a
2012 1852 2159 1917 justo

590 1945 745 2011 longe
767 1941 1009 2003 resultat,
1039 1955 1160 1994 cum
1200 1939 1330 1992 mihi
1365 1939 1626 2005 assignas,
1662 1953 1781 2006 qua:
1814 1938 1902 1992 vix
1932 1940 2156 2004 Maroni,

589 2034 675 2085 vix
698 2039 790 2086 aut
816 2030 1044 2083 Homero
1071 2037 1436 2097 competenter
1461 2029 2010 2083 accommodarentur.
2038 2030 2161 2083 llaec

590 2121 974 2190 relinquamus,
1008 2118 1187 2188 idque,
1216 2119 1357 2173 unde
1382 2133 1563 2183 causa,
1596 2121 2041 2173 sermocinemur.
2077 2121 2163 2174 Di-

590 2215 685 2282 rigi
717 2213 782 2266 ad
813 2222 862 2266 te
893 2212 1139 2280 prmcipis
1174 2226 1384 2274 versus,
1415 2224 1550 2279 quos
1592 2210 1691 2263 viri
1722 2210 2032 2279 amplissimi
2076 2226 2163 2263 so-

591 2305 701 2359 ceri
752 2306 824 2357 tui
868 2303 1112 2371 precibus
1158 2301 1353 2356 indulsi
1390 2319 1403 2354 :
1435 2302 1524 2370 qui
1566 2302 1919 2357 contubernio
1965 2302 2161 2356 mixtus

589 2394 888 2464 mqualium,
913 2394 1041 2446 vivit
1066 2392 1303 2445 moribus
1332 2391 1397 2445 ad
1416 2391 1711 2460 jubendum
1735 2393 2164 2461 obsequendum-

590 2499 693 2553 que
718 2483 864 2551 juxta
890 2482 1108 2551 paratis.
1135 2482 1238 2535 Sed
1275 2482 1396 2549 quia
1429 2481 1571 2536 scire
1606 2481 1878 2536 desideras
1907 2493 1961 2536 et
1992 2484 2163 2535 locum

592 2585 646 2628 rt
687 2589 923 2637 causam,
956 2589 1061 2641 quo
1112 2571 1317 2627 facilius
1363 2572 1631 2641 intelligas
1669 2588 1783 2627 rem
1815 2574 2164 2642 peregrinam,

591 2666 684 2720 tibi
717 2667 892 2735 potius
916 2666 1043 2718 vitio
1065 2674 1233 2725 Vcrle,
1253 2666 1391 2732 quod
1424 2665 1695 2732 loquacior
1725 2668 1828 2719 erit
1849 2681 2009 2726 0,:cre
2034 2684 2167 2733 pra:-

591 2757 743 2812 fatiu.
770 2755 1206 2810 Conveneramns
1243 2755 1308 2808 ad
1349 2758 1518 2810 sancti
1548 2756 1686 2810 Justi
1715 2758 2040 2825 sepulcrum,
2074 2759 2163 2812 St‘d

593 2849 685 2902 tibi
731 2848 1013 2901 infirmitas
1056 2846 1462 2914 impedimento,
1496 2864 1562 2925 ne
1592 2859 1717 2902 tunc
1748 2849 2004 2904 adesses:
2041 2868 2160 2919 pro-

591 2942 763 2996 ct-ssio
792 2942 961 2993 fuerat
1006 2948 1132 2992 ante
1177 2940 1385 3001 lucana.
1432 2940 1742 2995 solenmitas
1783 2942 2164 3003 anniversaria,

592 3030 818 3099 peruius
856 3029 1040 3096 ingens
1071 3044 1206 3082 sexu
1248 3044 1311 3082 ex
1344 3040 1594 3097 utroque,
1632 3047 1790 3098 quem
1820 3032 2163 3097 capacissima

2263 1846 2358 1900 llic
2399 1847 2481 1899 vir
2518 1845 2739 1899 illustris
2786 1845 3151 1907 Pliilematius,
3196 1855 3252 1899 ut
3290 1856 3372 1900 est
3409 1846 3537 1900 i'lnd
3568 1846 3804 1899 Mantuani

2265 1946 2436 2005 poeta:
2464 1952 2478 1989 :

2385 2027 2550 2076 Ausus
2573 2034 2623 2076 et
2649 2030 2751 2089 'pse
2774 2040 2915 2075 manu
2936 2027 3170 2089 juvenum
3196 2032 3388 2077 tentare
3412 2026 3642 2079 laborem.

2271 2122 2425 2191 150
2457 2122 2817 2188 Sparistarum
2861 2135 2921 2175 se
2968 2122 3281 2175 turmalibus
3320 2132 3623 2175 constanter
3650 2123 3804 2176 itumi-

2264 2211 2420 2265 scuit.
2442 2210 2667 2265 Pulchre
2690 2212 2828 2263 enim
2848 2211 2947 2265 hoc
2969 2211 3289 2275 [πει-ιιι,δώ
3315 2229 3436 2267 cum
3461 2216 3628 2268 adhuc
3647 2226 3807 2267 essent

2264 2302 2386 2355 anni
2432 2303 2684 2356 minores.
2723 2302 2822 2368 Qui
2859 2318 2978 2356 cum
3009 2304 3313 2372 frequenter
3340 2305 3407 2358 de
3450 2307 3562 2358 loco
3591 2317 3799 2359 Stautnui

2266 2393 2425 2447 medii
2450 2394 2715 2448 correntis
2734 2395 2961 2461 impulsu
2980 2404 3435 2456 summoveretur;
3461 2412 3594 2449 nuuc
3612 2413 3800 2464 quoque

2266 2492 2514 2551 acceptus
2542 2481 2592 2535 in
2622 2498 2822 2544 aream,
2864 2492 2971 2535 tam
3016 2484 3132 2551 pila)
3172 2499 3352 2538 coram
3394 2487 3807 2553 prastervolantis,

2265 2588 2421 2642 quam
2450 2575 2786 2640 Superjectae,
2818 2588 2916 2625 nec
2942 2572 3282 2628 intercideret
3313 2578 3595 2635 trmuitem,
3625 2590 3718 2627 nec
3736 2592 3807 2625 ca-

2268 2675 2447 2728 veret;
2474 2665 2537 2716 ad
2569 2665 2668 2717 hoc
2694 2679 2788 2732 per
2814 2664 3205 2732 catastropham
3234 2681 3376 2733 saipe
3406 2676 3664 2732 pronatus,
3691 2680 3812 2733 mgis

2265 2754 2334 2810 de
2364 2755 2586 2808 rninosn
2616 2754 2760 2808 flexu
2790 2771 2847 2808 sc
2880 2755 3245 2825 recolligeret;
3278 2761 3483 2826 primus
3512 2757 3615 2810 ludi
3650 2758 3713 2811 ab
3739 2773 3811 2809 ac-

2266 2856 2424 2901 centu
2449 2861 2569 2900 sese
2590 2845 2819 2900 removit
2843 2846 3164 2915 suspiriOSus
3198 2848 3334 2901 extis
3374 2848 3809 2901 incalescentibus.

2266 2939 2503 3007 Namque
2530 2947 2582 2992 et
2601 2937 2856 3004 jecuscnli
2885 2938 3014 2991 ﬁbra
3045 2949 3281 2992 tumente
3303 2940 3602 3008 pungebant
3630 2956 3761 2993 exeri
3779 2939 3814 2990 i-

2268 3039 2433 3082 tatum
2465 3028 2639 3081 crebri
2667 3026 2900 3081 dol0res.
2934 3029 3121 3083 Destiti
3155 3031 3398 3098 protinus
3429 3040 3481 3083 et
3511 3031 3636 3098 ipse,
3664 3030 3815 3083 fac'u-

592 3118 807 3172 basilica
831 3133 937 3170 non
963 3130 1199 3186 caperet,
1225 3127 1279 3172 et
1304 3120 1597 3187 quamlibet
1622 3123 1789 3174 cincta
1818 3122 2023 3176 diffusis
2045 3138 2165 3194 ciy-
2191 3104 2239 3167 C
2272 3136 2360 3172 rus
2382 3119 2754 3173 communione
2781 3120 3024 3173 cessandi
3066 3135 3176 3174 rem
3203 3123 3463 3186 caritatis,
3498 3138 3563 3176 ne
3586 3138 3817 3176 verem..-

592 3218 680 3277 pta
711 3209 1019 3277 porticibus.
1052 3208 1211 3262 Cultu
1244 3217 1458 3277 peracto
1491 3210 1807 3277 vigiliarum,
1852 3227 1984 3281 quas
2006 3213 2165 3266 alter-

594 3312 751 3356 nante
774 3300 1070 3355 mulcedine
1098 3302 1341 3355 monachi
1365 3301 1656 3369 clericique
1679 3303 2018 3370 psalmicines
2039 3322 2167 3359 con-

591 3391 1009 3454 celebraveranl,
1051 3390 1277 3460 quisque
1322 3392 1373 3445 in
1415 3392 1632 3446 diversa
1671 3396 2028 3460 secessimus;
2059 3412 2162 3450 non

593 3482 774 3550 procul
800 3491 1013 3544 tamen;
1043 3490 1100 3534 ut
1123 3492 1246 3550 pote
1275 3482 1339 3535 ad
1368 3484 1577 3537 tertiam
1604 3497 1798 3550 ιιι-ωδιο
1825 3484 2010 3549 futuri,
2044 3503 2164 3541 cum

500 3560 503 3563 ’
591 3575 959 3628 sacerdotibus
985 3589 1072 3628 res
1104 3574 1280 3628 divina
1330 3575 1591 3630 facienda.
1622 3576 1697 3630 De
1726 3577 1822 3630 loci
1857 3578 2012 3649 149
2036 3595 2164 3636 sane

590 3665 970 3732 turbarumque
992 3678 1324 3733 Compressu,
1351 3667 1521 3733 deque
1548 3669 1844 3721 num-rosis
1878 3672 2163 3725 luminibus

592 3756 774 3818 illatis,
825 3755 985 3807 nimis
1032 3756 1256 3809 anheli:
1302 3756 1460 3810 simul
1506 3766 1558 3810 et
1610 3762 1783 3811 testati
1836 3776 1937 3812 nox
1992 3760 2164 3815 adhuc

592 3846 830 3913 proxima
883 3847 1042 3899 tacito
1078 3849 1287 3901 clausos
1325 3862 1521 3915 vapore
1564 3857 1866 3913 torruerat;
1897 3859 1950 3904 et
1981 3850 2026 3903 si
2053 3850 2161 3917 jam

591 3948 764 4001 primo
793 3933 987 4001 frigore
1006 3944 1179 3987 tamen
1204 3937 1524 3990 autumnalis
1538 3953 1742 3992 aurorze
1763 3938 2159 4005 detepescebat.

590 4023 772 4093 Itaque
801 4038 921 4077 cum
956 4024 1147 4091 passim
1177 4026 1319 4079 varia
1354 4028 1600 4079 ordinum
1633 4042 1856 4092 corpora
1882 4028 2156 4097 disperge-

591 4129 793 4180 rentur,
832 4117 1027 4183 placuit
1055 4118 1117 4195 ad
1152 4127 1173 4154 ο
1205 4117 1559 4170 conditorium
1590 4118 1794 4187 Syagrii
1823 4120 2057 4173 consulis
2087 4122 2161 4175 ci-

588 4211 733 4262 vium
758 4211 942 4278 primis
968 4226 1066 4263 una
1092 4211 1258 4274 coire,
1276 4210 1413 4280 quod
1434 4224 1532 4263 nec
1553 4210 1770 4278 impleto
1788 4212 1928 4280 jactu
1949 4212 2158 4282 sagittze

586 4301 952 4370 separabatur.
1005 4300 1098 4355 llic
1143 4317 1266 4370 pars
1309 4302 1409 4355 sub
1456 4303 1642 4355 umbra
1690 4304 1921 4371 palmitis
1968 4305 2155 4369 adulti,

588 4404 743 4459 quam
794 4390 1059 4459 stipitibus
1099 4392 1276 4444 altatis
1318 4393 1759 4460 cancellatimque
1801 4393 2155 4462 pendentibus

2270 3213 2409 3266 diam
2437 3212 2691 3265 lassitudo
2714 3212 2939 3265 fraterna
2965 3221 3254 3280 pateretur.
3286 3215 3423 3284 Ergo
3448 3226 3504 3268 ut
3525 3216 3815 3276 resedimus,

2268 3314 2323 3356 et
2353 3302 2497 3354 illum
2528 3317 2648 3355 mox
2679 3316 2868 3371 aquam
2900 3304 2965 3356 ad
3006 3303 3196 3357 faciem
3240 3314 3424 3372 petere
3462 3307 3623 3359 sudor
3650 3308 3817 3358 admo-

2270 3396 2401 3457 nuit,
2437 3394 2672 3446 cxhtbila
2716 3393 2951 3461 poscenti
2988 3406 3065 3446 ρει
3095 3412 3107 3445 :
3142 3395 3341 3462 pariter
3370 3407 3422 3449 et
3455 3397 3668 3449 liu'eum
3698 3397 3817 3448 villis

2268 3494 2540 3547 otttistmn,
2577 3484 2715 3551 quod
2757 3486 2993 3552 pridiana
3033 3502 3249 3555 squama
3297 3488 3517 3555 po‘itum
3568 3504 3687 3542 casu
3733 3490 3819 3541 sub

2270 3577 2396 3644 ipsis
2424 3578 2661 3631 nauicula:
2701 3579 2868 3630 valvis
2902 3579 3257 3647 bipatentibus
3285 3580 3349 3635 de
3375 3581 3617 3646 ianitoris
3644 3599 3715 3635 cr.
3735 3592 3812 3633 cto

2269 3666 2599 3721 trochleatim
2632 3668 2753 3722 fune
2780 3670 2994 3723 nutabat
3020 3688 3033 3723 :
3059 3687 3163 3740 quo
3189 3673 3310 3725 dum
3341 3689 3434 3739 per
3472 3677 3631 3727 otium
3670 3688 3820 3743 guttas

2266 3763 2449 3814 siccat.
2491 3760 2713 3827 Vellem,
2742 3762 2931 3829 inquit,
2964 3764 3027 3817 ad
3058 3780 3286 3832 pannum
3316 3767 3504 3820 similis
3530 3770 3647 3821 offic
3671 3769 3703 3827 i,
3735 3766 3823 3817 ali-

2266 3849 2403 3919 quod
2424 3852 2765 3904 tetrastichon
2783 3853 2906 3905 mibi
2924 3853 3083 3907 scribi
3098 3853 3710 3923 juberes.Fiat,iuquam.
3725 3855 3819 3908 Sed

2266 3941 2406 4010 quod
2435 3942 2867 4005 meum,dixit,et
2892 3957 3083 3996 nomrn
3110 3956 3278 3997 metro
3308 3953 3535 3998 teneret.
3566 3944 3819 4013 Respondi

2266 4035 2535 4102 possibilia
2583 4034 2720 4088 factu
2765 4051 2881 4104 quie
2923 4035 3271 4103 poposcisset.
3319 4038 3405 4088 Ait
3433 4046 3487 4090 et
3515 4038 3644 4106 ipse,
3690 4037 3825 4088 Dicta

2264 4139 2413 4193 ergo.
2440 4125 2592 4178 Tunc
2631 4139 2730 4194 ego
2770 4124 3033 4186 arridens,
3068 4126 3205 4178 illico
3232 4127 3370 4180 scias
3399 4128 3575 4181 Musas
3606 4126 3820 4185 moveri,

2263 4215 2308 4268 si
2333 4216 2497 4269 choro
2522 4216 2753 4283 ipsarum
2772 4231 2876 4269 non
2899 4216 3100 4285 absque
3122 4216 3333 4270 arbitris
3361 4231 3573 4272 vacem.
3600 4218 3828 4285 Respon-

2262 4306 2339 4360 dit
2361 4307 2449 4361 ille
2474 4308 2731 4363 violenter
2756 4318 2809 4362 et
2836 4308 3154 4376 perurbane,
3184 4320 3237 4363 ιιι
3260 4322 3345 4364 est
3372 4320 3557 4365 natura
3585 4312 3666 4364 vir
3690 4312 3829 4364 flam-

2263 4410 2433 4463 meus,
2469 4397 2787 4465 quidamque
2820 4397 3073 4450 facundia:
3106 4398 3223 4450 fons
3254 4399 3604 4452 inexhaustus
3636 4420 3650 4452 :
3684 4398 3825 4456 Vide.

592 4482 873 4549 pampinus
898 4481 1215 4549 superducta
1236 4489 1509 4544 texuerat;
1537 4496 1660 4549 pars
1679 4483 1880 4550 cespite
1907 4483 1958 4536 in
1977 4483 2152 4549 viridi,
2185 4466 2237 4525 Ῐ)
2262 4488 2477 4541 domine
2509 4489 2661 4554 Solli,
2693 4505 2758 4543 ne
2787 4491 2951 4558 magis
2981 4491 3173 4559 Apollo
3202 4490 3337 4545 forte
3367 4503 3664 4555 moveatur,
3699 4492 3826 4560 quod

586 4570 678 4623 sed
707 4570 926 4626 floribus
954 4571 1118 4626 odoro
1136 4572 1569 4625 consederamus.
1591 4570 1761 4625 Verba
1784 4581 1936 4626 erant
1956 4573 2150 4637 dulcia,

658 4753 680 4781 ι
712 4743 803 4798 Ret
826 4753 908 4797 tus
940 4745 1069 4798 ordo
1108 4747 1440 4813 dignitatum.
1474 4744 1602 4799 Nam
1645 4747 1949 4815 patriciitus
1982 4748 2152 4802 honor

587 4814 793 4868 medius
815 4819 1051 4867 estinter
1072 4816 1437 4882 praefecturam
1461 4826 1515 4868 et
1540 4814 1891 4877 consulatum,
1918 4829 1974 4870 ιιι
1997 4820 2152 4874 docet

583 4886 933 4938 Cassiodorus
977 4886 1025 4937 in
1073 4885 1317 4939 Formula
1361 4886 1686 4953 patriciatus.
1734 4888 1801 4939 At
1849 4890 2154 4944 consolatus

582 4957 818 5029 omnium
848 4954 1161 5029 dignitatum
1186 4962 1553 5029 apt-x,_zoloupri
1578 4962 1661 5010 καὶ
1681 4960 1875 5026 κεφαλή,
1903 4968 1956 5009 ιιι
1978 4960 2155 5013 verbis

585 5033 712 5100 utar
735 5024 1097 5100 ChrysoleIIIi
1129 5041 1193 5100 ες
1234 5024 1473 5100 oralione
1501 5024 1583 5086 τεὶς
1625 5032 1714 5085 τήν
1742 5024 2033 5100 inte/pagina
2059 5037 2156 5083 τῶν

581 5096 953 5172 πράξιωωῌἘγ
1000 5104 1099 5172 τρίς
1143 5096 1428 5172 βιωτικοῖς,
1464 5098 1678 5172 ιιιιιιιὶι.Δ
1706 5096 2003 5172 πράγμᾲᾳὶν
2029 5101 2155 5152 εἰσιν

580 5165 745 5233 ἀρχαὶ
769 5166 962 5237 nonat?
1000 5168 1054 5237 tr)
1080 5165 1245 5221 πᾶσαι
1273 5165 1325 5237 δέ
1355 5175 1443 5225 τῆς
1484 5169 1635 5226 αὐτῆς
1658 5165 1799 5229 ἁξίὰς
1819 5165 1967 5221 i’am’
1987 5171 2037 5221 αἱ
2063 5174 2151 5237 μέν

580 5239 800 5310 μεὶςοιις,
828 5236 879 5288 αἱ
903 5234 954 5288 δὲ
983 5236 1239 5310 ᾆλάττονλς·
1267 5234 1387 5310 οἷον,
1414 5239 1496 5290 ἵνα
1521 5241 1621 5310 ἀτξὸ
1646 5244 1735 5295 τῆς
1755 5240 2047 5310 Δκυζι-τιιιτιὲρσις
2063 5234 2152 5293 ’τὸν

576 5306 782 5376 ἀριθμὸν
810 5307 1150 5375 ποιησώμεθα,
1176 5304 1319 5361 ἔστιν
1345 5307 1369 5360 ὁ
1400 5317 1489 5365 τῆς
1517 5308 1724 5376 πόλεως
1744 5304 1974 5365 ἔκδικοςλ
2007 5308 2151 5363 ἔστιν

577 5375 827 5462 cicadis-cpe;
857 5376 1063 5439 ἐκείνου,
1089 5376 1114 5429 ὁ
1140 5375 1433 5460 rati-£6901);
1462 5380 1672 5462 ἡγεμών
1705 5375 1820 5430 ἔστι
1847 5378 1955 5449 μέτ’
1976 5380 2150 5462 eiiciam;

575 5441 750 5520 ξτξρρέ
777 5441 955 5520 ἆρχωιι
978 5451 1178 5520 μείζῳν³
1221 5444 1332 5520 ἔστι
1361 5441 1513 5520 mihi;
1538 5441 1573 5520 ti
1596 5441 1967 5520 στρατηλάτης-ξ
2002 5447 2146 5503 ἔστιν

576 5512 601 5598 ᾇ
632 5512 890 5598 Eappan-os"
924 5512 1311 5598 fértu.&vwripa
1334 5518 1525 5598 τιιύτςνν
1553 5512 1714 5589 ἀρχῆ,
1747 5520 1776 5574 ἡ
1804 5525 1901 5570 τῶν
1937 5519 2146 5571 ὑπάτων

574 5585 750 5655 ἀρχή’
782 5585 844 5661 itit
873 5592 991 5661 post
1018 5586 1118 5661 alia
1146 5603 1159 5637 :
1186 5586 1214 5641 ri
1243 5592 1342 5661 τῷν
1370 5585 1596 5638 ὑπάτων-
1618 5585 1761 5655 ἁρχὴ
1806 5590 2023 5661 καθάπερ
2060 5610 2143 5643 κο-

571 5660 699 5722 ρυφὴ
728 5657 809 5705 καὶ
843 5656 1024 5715 κεφαλή
1053 5657 1247 5713 πάσαις
1274 5656 1540 5709 ἐπίκειται.

2261 4592 2385 4632 suas
2424 4579 2664 4634 alumnas
2694 4580 2837 4633 solus
2863 4581 2927 4633 ad
2973 4592 3175 4636 secreta
3219 4583 3496 4639 sollicitas.
3540 4584 3657 4638 .lam
3686 4594 3830 4653 potus

2332 4751 2357 4789 δ
2397 4752 2758 4819 Lugdunensi,
2789 4767 2986 4816 genero
3020 4753 3318 4807 Pliilematii
3348 4770 3362 4806 :
3395 4754 3460 4807 ad
3486 4770 3646 4823 quem
3679 4752 3832 4806 mittit

2262 4824 2649 4884 tetrastichum,
2680 4826 2818 4889 quod
2850 4825 2898 4873 iu
2929 4825 3097 4878 soceri
3125 4824 3241 4890 ejus
3270 4827 3490 4893 gratiam
3523 4826 3827 4891 scripserat,

2258 4907 2377 4945 cum
2405 4894 2466 4945 ad
2500 4894 2555 4945 S.
2601 4893 2733 4945 .lusﬁ
2764 4893 3031 4947 basilicam
3062 4908 3163 4946 una
3206 4898 3598 4948 convenissent.
3650 4893 3832 4946 Incidit

2260 4973 2435 5016 autem
2486 4963 2543 5015 S.
2589 4962 2721 5015 Jusli
2773 4963 3008 5029 episcopi
3060 4963 3423 5031 Lugdunensis
3470 4965 3830 5018 anniversaria

2260 5033 2566 5085 solemnitas
2586 5033 2635 5085 in
2650 5046 2701 5085 ιν
2721 5049 2887 5085 nonas
2903 5033 3276 5100 Septembres:
3298 5035 3398 5087 hoc
3413 5047 3488 5088 est
3512 5036 3562 5087 in
3594 5035 3830 5087 autumni

2260 5103 2601 5169 principium,
2638 5114 2690 5156 ut
2724 5103 2893 5156 innuit
2925 5103 3196 5158 Sidonius.

2334 5182 2356 5208 ε
2396 5172 2703 5239 Sepulcrum
2741 5185 2792 5226 et
2825 5176 3227 5227 monimentum.
3262 5173 3537 5227 Petraitius
3568 5191 3583 5225 :
3624 5173 3689 5226 In
3716 5191 3833 5225 con-

2259 5241 2499 5293 ditorium
2521 5243 2675 5312 etiam
2703 5256 2969 5312 prosecuta
2991 5257 3062 5297 est
3087 5244 3399 5311 defunctum.
3418 5245 3711 5299 Suetonius
3732 5246 3834 5297 Au-

2254 5313 2389 5374 gusti
2434 5327 2598 5366 xvm:
2632 5311 2982 5366 Conditorium
3026 5325 3073 5365 et
3115 5331 3293 5382 corpus
3335 5314 3621 5367 Alexandri
3666 5314 3831 5377 magni

2251 5397 2437 5453 corona
2458 5398 2488 5433 η
2512 5398 2615 5434 .rea
2637 5383 2874 5453 imposita
2896 5400 2955 5436 ac
2976 5384 3184 5453 ﬂoribus
3208 5385 3425 5448 aspersis
3451 5396 3719 5437 renernrus
3741 5393 3828 5436 est.

2255 5451 2318 5521 Et
2366 5453 2416 5503 in
2466 5455 2735 5521 epitaphio
2774 5452 2952 5507 ΚειτοΙί
2977 5451 3166 5521 magni
3209 5453 3365 5507 :Sub
3406 5453 3499 5506 hoc
3543 5454 3830 5507 conditorio

2246 5508 2404 5599 εἷὶιιηι
2430 5508 2712 5601 θεείεοὴιυξ
2745 5522 2927 5601 Heruli
2964 5508 3135 5601 magiii
3166 5533 3319 5601 atque
3358 5523 3634 5601 ortliodoai
3677 5526 3831 5593 impe-

2246 5593 2434 5644 ratoris
2468 5607 2486 5643 :
2516 5593 2565 5645 in
2598 5593 2830 5661 antiquis
2863 5593 3301 5664 inscriptionibus
3322 5596 3710 5661 requietorium.
