3946 6176
210 278 303 336 849

209 401 369 451 nosse,
393 398 541 452 quem
575 382 812 449 plausum
847 382 1109 439 sententia
1152 393 1257 439 tam
1299 388 1592 455 repentina,
1624 398 1728 443 tam
1763 396 1813 452 Α

210 478 359 547 lepida
382 474 733 529 commoverit.
760 474 864 528 Nec
887 476 1005 541 plus
1032 476 1180 546 151
1210 488 1466 543 moratus,
1491 494 1613 533 mox
1636 496 1734 535 suo

206 568 358 623 milia
397 567 478 634 qui
524 564 832 631 pugillarem
862 566 1013 633 juxta
1056 568 1290 635 tenebat,
1322 569 1387 622 ad
1415 585 1499 624 me
1526 583 1735 639 vocato,

204 658 444 714 subditum
473 657 545 707 sic
571 655 897 724 epigramma
921 658 1215 725 composui.

307 747 439 812 Mane
461 757 598 803 novo,
623 757 713 792 seu
738 757 846 812 cum
869 744 1107 812 ferventia
1132 745 1304 795 balnea
1329 758 1551 812 poscunt,

361 809 453 854 Seu
476 820 579 853 cum
605 814 779 853 venatu
807 807 938 853 frons
959 804 1183 853 calefacta
1223 804 1400 857 madet.

306 868 401 929 Hoc
432 867 579 913 foveat
607 863 1003 929 pulcberfaciem
1023 867 1341 929 I’lnlematius
1363 870 1521 929 udam,

362 928 529 987 Migret
555 934 609 975 ut
634 928 680 973 in
706 926 922 974 bibulum
946 926 1099 976 vellus
1121 930 1181 975 ab
1204 943 1292 977 ore
1317 930 1488 991 liquor.

259 1011 564 1080 Epiphanius
594 1022 775 1063 noSIer
801 1014 885 1062 vix
928 1025 1087 1075 supra
1132 1014 1328 1080 scripta
1375 1026 1734 1081 peraraverat,

199 1114 244 1159 et
266 1104 543 1155 nuntiatum
568 1109 670 1165 est,
702 1100 827 1153 liora
858 1110 1126 1166 monente,
1156 1103 1398 1170 progredi
1425 1119 1731 1174 episcopum

198 1196 253 1246 de
277 1192 592 1259 receptorio:
635 1206 836 1257 nosque
872 1192 1221 1245 surreximus.
1262 1193 1333 1245 Da
1367 1195 1638 1261 postnlatm
1679 1207 1732 1249 tu

196 1283 375 1337 veniam
413 1281 709 1335 cantilenae.
757 1282 887 1334 Illud
933 1289 1109 1335 autem
1151 1283 1328 1347 ambo,
1379 1286 1514 1351 quod
1562 1290 1732 1354 majus

194 1384 280 1440 est,
308 1375 542 1443 quodque
566 1388 650 1425 me
679 1388 847 1440 nuper
871 1373 921 1426 in
946 1374 1226 1441 quemdam
1261 1376 1375 1428 dies
1405 1376 1570 1430 bonos
1595 1379 1731 1432 male

194 1464 417 1518 ferentem
462 1463 783 1527 parabolice,
833 1477 928 1516 seu
974 1466 1193 1532 ligurate
1236 1465 1435 1519 dictare
1470 1466 1725 1535 jttssistis,

192 1552 407 1621 quodque
444 1551 751 1620 expeditum
795 1566 915 1605 cras
943 1552 1219 1621 dirigetur,
1252 1554 1388 1607 clam
1421 1569 1727 1623 recensete;

192 1652 235 1694 et
268 1642 305 1695 si
345 1642 531 1710 placet,
563 1644 783 1696 edentes
815 1642 1024 1708 fovete;
1077 1644 1120 1696 si
1169 1643 1435 1712 displicet,
1484 1646 1729 1703 delentes

189 1733 484 1800 ignoscitote.
518 1730 669 1786 Vale.

660 1820 989 1878 EPISTOLA
1032 1823 1215 1878 XVIII.

492 1932 742 1988 Sidonius
772 1942 796 1969 λ
827 1935 999 1988 Attalo
1026 1951 1118 1988 suo
1147 1936 1382 1991 salutent.

242 2044 420 2098 lledua:
438 2045 645 2099 civitati
677 2054 728 2100 te
759 2047 1043 2115 prmsidere
1075 2051 1324 2117 cmpisse,
1357 2051 1527 2106 libens
1563 2062 1723 2123 atque

186 2150 284 2189 cum
304 2137 484 2204 gaudio
514 2137 720 2204 accepi.
756 2136 972 2192 Laetitia;
1001 2153 1156 2193 causa
1184 2142 1565 2211 quadripartita
1597 2152 1718 2199 est:

184 2230 342 2297 prima,
368 2230 503 2297 quod
534 2244 765 2294 amicus;
792 2234 1043 2299 secunda,
1067 2234 1205 2301 quod
1230 2233 1406 2302 justus
1428 2250 1516 2300 es;
1542 2241 1716 2302 tertia,

182 2321 293 2386 quod
336 2333 583 2382 severus;
613 2328 818 2388 quarta,
860 2322 998 2389 quod
1039 2325 1330 2391 proximus.
1375 2325 1491 2391 Quo
1527 2326 1614 2389 fit,
1663 2339 1720 2382 ut

186 2409 351 2462 nostris
378 2418 793 2479 nostrorumque
822 2412 1205 2477 contractibus,
1249 2413 1534 2481 plurimum
1565 2416 1716 2482 velis,

180 2497 364 2560 debeas,
398 2499 575 2566 possis
613 2499 878 2567 opitulari.
926 2499 1086 2568 Igitur
1120 2502 1447 2569 amplectens
1472 2504 1526 2558 in
1566 2505 1719 2561 fami-

180 2589 273 2642 liari
296 2600 491 2644 vetusto
524 2607 719 2644 novum
743 2594 830 2659 jus
857 2596 1135 2658 potestatis
1161 2594 1411 2664 indeptze,
1444 2598 1716 2651 materiam

177 2680 413 2735 licueftciis
437 2688 546 2736 tuis
564 2684 669 2749 jam
706 2683 796 2737 diu
826 2699 1027 2752 qutero.
1067 2685 1268 2751 Quibus
1299 2701 1383 2740 me
1412 2695 1616 2741 tantum
1651 2690 1712 2740 li-

176 2770 283 2826 dere
302 2787 553 2841 agnosce.
580 2784 637 2828 ut
664 2786 716 2829 et
743 2775 785 2829 si
818 2792 920 2829 non
949 2777 1157 2831 invenio
1180 2792 1297 2846 quae
1323 2794 1557 2848 poscam,
1581 2795 1718 2849 qua:-

174 2861 345 2920 siturus
368 2864 497 2919 mihi
530 2866 756 2919 videaris
784 2867 897 2934 ipse
924 2882 1040 2936 quae
1069 2868 1289 2923 tribuas.
1318 2867 1467 2924 Vale.

584 2981 735 3052 152
774 2981 1100 3038 EPISTULA
1142 2983 1281 3039 XIX.

482 3071 733 3127 Sidonius
766 3071 987 3127 Pudenti
1016 3091 1109 3127 suo
1134 3077 1369 3130 salutem.

227 3181 434 3239 Nutricis
461 3199 605 3238 mea:
649 3184 807 3238 liliain
843 3186 979 3239 filius
1019 3194 1122 3239 tua:
1155 3188 1368 3253 rapuit:
1403 3187 1607 3241 facinus
1638 3189 1716 3242 in-

174 3272 381 3345 dignum,
414 3276 671 3345 quodque
709 3290 804 3330 vos
844 3290 1044 3345 nosque
1084 3277 1423 3343 inimicasset,
1464 3278 1563 3331 nisi
1590 3295 1714 3347 pro-

171 3364 285 3419 tinus
304 3367 521 3421 scissem
561 3375 610 3419 te
634 3366 868 3420 nescisse
899 3367 1214 3421 faciendum.
1246 3368 1348 3423 Sed
1379 3370 1714 3423 conscientiae

171 3463 253 3507 tua:
280 3460 589 3527 purgatione
614 3456 851 3525 prmlata,
869 3468 1053 3526 petere
1080 3457 1314 3527 dignaris
1338 3459 1506 3525 culpa:
1537 3460 1715 3513 calen-

170 3544 223 3597 tis
244 3546 628 3615 impunitatem.
653 3547 764 3601 Sub
793 3547 1099 3602 conditione
1138 3548 1396 3616 concedo,
1420 3550 1463 3604 si
1506 3558 1713 3618 stupra-

171 3646 312 3690 torem
341 3637 366 3676 ι)
412 3654 509 3707 pro
558 3639 775 3692 domino
810 3639 921 3707 jam
968 3650 1218 3707 patroaus
1258 3642 1496 3709 originali
1538 3642 1713 3696 solvas

168 3725 471 3795 inquilinatu.
510 3729 705 3782 Mulier
742 3739 919 3783 autem
961 3731 1048 3783 tlla
1086 3731 1193 3799 jam
1222 3731 1389 3787 libera
1421 3742 1504 3786 est
1538 3751 1549 3784 :
1594 3747 1712 3802 qua:

166 3823 256 3869 tum
304 3818 515 3873 demum
568 3819 834 3873 videbitur
882 3836 988 3874 non
1041 3821 1268 3876 ludibrio
1314 3822 1561 3888 addicta,
1613 3824 1709 3877 sed

168 3920 404 3974 assumpta
432 3909 687 3978 coniugio
714 3926 730 3975 ;
756 3912 798 3964 si
827 3926 948 3964 reus
988 3922 1168 3966 noster
1199 3928 1291 3981 pro
1311 3928 1416 3982 quo
1454 3914 1709 3982 precaris,

166 4011 265 4051 mox
292 4001 454 4055 cliens
483 4004 658 4055 factus
688 4017 717 4056 e
748 4003 1052 4068 tributario,
1083 4002 1340 4071 plebeiam
1372 4005 1543 4072 potius
1582 4006 1712 4059 inci-

165 4088 254 4154 piat
279 4091 470 4146 ltabere
502 4108 793 4161 personam
823 4109 978 4162 quam
1002 4095 1352 4149 colonariam.
1378 4097 1506 4150 Nam
1539 4114 1709 4154 meam

165 4177 257 4236 haec
276 4184 386 4237 Sola
413 4198 517 4238 seu
540 4184 879 4251 compositio,
904 4199 997 4239 seu
1027 4186 1336 4250 satisfactio,
1368 4187 1448 4241 vel
1474 4202 1576 4243 non
1602 4204 1713 4242 me-

165 4269 388 4330 diocriter
410 4277 794 4331 contumeliam
823 4278 1072 4332 emendat
1096 4294 1109 4331 :
1143 4280 1229 4346 qui
1262 4281 1362 4334 tuis
1390 4282 1523 4335 votis
1552 4292 1711 4351 atque

162 4363 383 4419 amicitiis
414 4370 518 4420 boc
550 4368 855 4436 acquiesco,
876 4368 920 4422 si
942 4368 1081 4421 laxat
1112 4369 1327 4424 libertas
1352 4371 1622 4437 maritum,
1644 4386 1710 4427 ne

164 4458 461 4526 constringat
496 4474 654 4529 parua
683 4469 972 4528 raptorem.
1004 4458 1152 4514 Vale.

220 4616 242 4643 ⁸
276 4609 466 4661 Comiti
503 4609 966 4677 Augustodunensi
1008 4625 1020 4662 :
1055 4610 1156 4663 hoc
1195 4611 1358 4674 enim,
1395 4611 1601 4673 Opinor,
1629 4622 1712 4666 est

164 4678 279 4740 quod
312 4682 385 4730 ait
417 4679 613 4732 Eduae
643 4681 837 4730 civitati
876 4680 1162 4746 pra-sidere
1188 4695 1433 4746 euenisse.
1473 4680 1709 4735 Coinita-

163 4755 250 4818 tum
280 4748 610 4818 {Eduensem
658 4758 781 4802 ante
820 4750 1128 4803 cathedram
1173 4751 1526 4818 episcopalem
1575 4754 1711 4803 rexit

163 4816 424 4885 tiregorius
454 4817 779 4872 Lingonicus
807 4821 957 4871 annis
980 4822 1140 4882 40,ttt
1174 4816 1498 4873 Turonensis
1522 4820 1570 4872 ιιι
1594 4824 1711 4885 ejus

166 4882 471 4957 Vitarelert.
525 4889 657 4942 lIttic
686 4904 846 4955 nepos
890 4890 983 4941 fuit
1018 4889 1244 4957 Attalus,
1287 4891 1354 4943 de
1396 4904 1500 4956 quo
1528 4882 1713 4944 auctor

160 4954 276 5007 idem
304 4957 395 5010 lib.
419 4972 505 5019 ιιι,
530 4973 647 5025 cap.
680 4954 765 5011 I5.
792 4962 923 5011 Ante
952 4961 1048 5011 bos
1073 4974 1198 5012 vero
1220 4954 1423 5011 Attalus
1444 4959 1529 5012 bic
1554 4961 1707 5013 alter.

219 5026 240 5060 δ
279 5025 486 5094 Duplex
538 5029 623 5079 illa
665 5027 934 5081 distinctio
974 5030 1344 5095 agricolarum,
1386 5031 1439 5082 in
1478 5030 1713 5083 censitos

159 5103 244 5166 seu
267 5097 608 5166 tributarios,
642 5112 823 5149 servos
846 5107 899 5149 et
925 5101 1143 5151 colonos
1174 5097 1391 5160 liberos,
1424 5099 1510 5166 qui
1540 5108 1595 5152 et
1636 5101 1714 5150 in-

158 5164 347 5229 quilini,
377 5165 507 5219 cod.
551 5170 617 5218 de
651 5167 918 5234 agricolis,
954 5176 1202 5234 perpetua
1234 5178 1287 5218 et
1314 5164 1565 5221 constans
1610 5185 1711 5221 non

158 5242 243 5304 est,
273 5250 337 5287 ne
360 5233 510 5303 apud
538 5236 677 5301 ipsos
695 5233 913 5304 quidem
938 5233 1365 5304 juriscmisultos.
1389 5238 1563 5303 Quare
1586 5238 1710 5291 ferri

156 5301 243 5356 hoc
270 5307 383 5358 loco
399 5301 595 5373 potest
620 5301 887 5368 Sidonius,
906 5301 991 5375 qui
1020 5306 1264 5359 eumdem
1294 5301 1547 5361 Pudentis
1576 5312 1713 5375 agri-

156 5375 312 5444 colam
354 5390 600 5439 servum,
642 5375 980 5444 originariutn
1022 5376 1357 5443 inquilinum,
1386 5388 1433 5429 et
1465 5378 1710 5430 colonum

156 5438 268 5514 facit
295 5460 309 5495 :
342 5454 396 5497 et
419 5438 889 5509 manumitti'vult,
911 5457 968 5499 ut
1000 5438 1173 5497 liat'ex
1198 5438 1412 5499 domino
1434 5454 1708 5514 patronus,

153 5511 243 5580 63
271 5528 337 5566 ex
364 5528 532 5567 servo
564 5516 750 5585 cliens.
775 5518 864 5570 Sic
894 5517 1107 5569 enimet
1140 5516 1175 5567 l.
1204 5530 1238 5568 ιι
1283 5517 1402 5569 cod.
1435 5511 1492 5569 in
1523 5517 1711 5585 quibus

154 5589 314 5655 causis
330 5584 524 5655 coloni
545 5584 785 5638 dominos
809 5600 1061 5638 accusare
1088 5595 1326 5651 possunt,
1356 5584 1709 5655 agrcolarum

156 5651 341 5705 domini
374 5663 427 5706 et
461 5656 667 5715 patroni
698 5656 1107 5719 diStingnuntur.

1433 276 1908 335 EPISTOLABUM
1946 280 2074 337 LIB.
2118 285 2178 336 ν.
3304 289 3411 348 530

2380 395 2703 452 EPISTOLA
2748 398 2862 455 XX.

2194 508 2434 560 Sidonias
2470 508 2669 561 Pastori
2700 529 2790 564 suo
2819 513 3053 567 salutem.

1910 639 2058 706 Quod
2084 638 2170 691 die
2197 638 2446 693 hesterno
2471 642 2714 695 tractatui
2735 644 2966 699 civitatis
2989 646 3038 699 in
3068 648 3292 701 caucilio
3316 650 3402 703 das

1841 729 2003 793 fuisti,
2034 745 2098 783 ex
2133 730 2390 783 industria
2426 734 2618 785 factum
2657 747 2776 801 pars
2816 736 3002 788 melior
3025 740 3254 807 accepit;
3286 757 3403 809 qua:

1838 819 2103 885 suspicata
2134 828 2214 872 est
2248 818 2296 872 id
2328 829 2377 873 te
2403 835 2614 887 cavere,
2645 838 2710 875 ne
2741 824 2839 876 tuis
2872 824 3107 880 bnmeris
3145 844 3277 881 onus
3319 835 3403 884 fu-

1840 921 1969 961 tura:
1994 911 2275 975 legationis
2303 913 2684 978 imponeretur.
2716 916 2963 971 Gratulor
3004 919 3094 972 tibi
3123 920 3257 988 quod
3288 922 3405 975 istis

1837 1001 2072 1054 tnoribus
2113 1002 2263 1067 vivis,
2305 1013 2362 1057 ut
2395 1021 2613 1078 necesse
2640 1008 2834 1061 habeas
2864 1010 3175 1065 electionem
3218 1014 3291 1066 tni
3337 1017 3403 1066 ti-

1836 1107 1983 1146 mere
2012 1109 2026 1145 :
2059 1093 2214 1148 laudo
2242 1094 2565 1161 efﬁcaciam,
2598 1099 2830 1168 suspicio
2858 1102 3207 1168 prudentiam,
3247 1106 3400 1176 153

1838 1198 2135 1251 prosequor
2174 1185 2332 1240 laude
2370 1186 2693 1241 felicitatem.
2733 1188 2870 1255 Opto
2910 1189 3139 1258 denique
3177 1196 3398 1262 aeqmilia

1835 1273 1920 1338 iis,
1954 1289 2085 1342 quos
2112 1275 2386 1344 arqualiter
2408 1291 2549 1330 amo.
2586 1278 2731 1330 Multi
2765 1278 3065 1346 frequenter
3094 1298 3224 1347 quos
3246 1299 3399 1337 exse-

1833 1365 2045 1419 crabilis
2066 1368 2389 1435 popularitas
2411 1370 2539 1437 agit,
2557 1369 2746 1422 civium
2771 1372 3030 1424 maximos
3054 1388 3207 1426 manu
3232 1390 3394 1443 pren-

1833 1465 1971 1519 Sant,
1998 1471 2147 1524 mque
2169 1472 2423 1511 consessu
2458 1458 2664 1526 publico
2694 1459 2981 1527 abducunt,
3012 1476 3073 1514 ac
3100 1474 3398 1531 sequestra-

1834 1546 1901 1596 tis
1920 1546 2100 1599 oscula
2134 1548 2447 1615 impingunt,
2469 1562 2685 1614 operam
2708 1561 2854 1601 suam
2878 1550 3160 1617 spondent,
3176 1551 3266 1604 sed
3294 1570 3397 1605 non

1833 1635 2000 1702 petiti.
2040 1635 2211 1703 thue
2250 1636 2531 1690 videantur
2563 1638 2612 1690 in
2652 1639 2845 1707 negotii
2889 1642 3185 1694 communis
3223 1656 3395 1695 asser-

1760 1744 1801 1802 Β
1834 1725 1974 1778 tione
2005 1725 2183 1794 legati,
2202 1728 2535 1781 evectionem
2559 1727 2865 1795 refundunt,
2888 1730 3135 1799 ipsiusque
3155 1743 3397 1800 sumptus

1829 1814 1964 1867 ultro
1994 1824 2261 1882 recusant,
2284 1827 2337 1871 et
2364 1819 2430 1871 ab
2456 1818 2657 1870 ambitu
2686 1818 2820 1871 clam
2845 1832 3031 1887 rogant
3056 1836 3081 1873 s
3103 1825 3315 1889 ngulos,
3340 1836 3397 1878 ut

1824 1904 1891 1958 ab
1916 1905 2156 1958 omnibus
2178 1905 2348 1974 palam
2380 1915 2648 1975 rogentur.
2664 1906 2753 1962 Sic
2775 1924 2983 1977 quoque
3006 1924 3123 1963 cum
3155 1912 3393 1979 fatigatio

1824 1996 2036 2050 illorum
2087 1997 2311 2065 gratuita
2364 2001 2530 2066 possit
2583 2000 2808 2053 libenter
2853 2000 3082 2064 admitti,
3147 2002 3395 2055 libentius

1824 2096 1997 2140 tamen
2023 2097 2180 2155 atque
2201 2087 2479 2141 amabilius
2502 2090 2785 2144 verecundi
2810 2091 3072 2158 lcgtmtur,
3092 2090 3247 2160 idque.
3267 2108 3391 2148 cum

1820 2193 2053 2246 expensa
2095 2196 2109 2233 :
2153 2188 2352 2231 tantum
2385 2179 2705 2248 impudentia
2747 2194 2866 2234 sese
2897 2180 3229 2248 ingerentum
3262 2200 3395 2251 pot;-

1821 2269 1964 2323 deris
2019 2269 2195 2333 liabet,
2244 2270 2405 2323 etiam
2440 2282 2460 2307 ε
2513 2270 2640 2325 fasci
2694 2284 2813 2324 cum
2862 2272 3141 2325 tributario
3182 2272 3394 2327 nomine

1823 2366 2057 2427 ipsorum
2084 2365 2151 2415 nil
2181 2364 2597 2432 superfunditur.
2630 2364 2853 2419 Proinde
2876 2380 3171 2434 quanquam
3208 2378 3256 2420 ‘e
3286 2384 3390 2419 non

1820 2454 2029 2518 fefellit,
2082 2454 2206 2522 quid
2254 2455 2377 2508 boni
2427 2456 2621 2524 quique
2672 2457 3078 2517 meditarentur,
3129 2455 3291 2508 redde
3340 2467 3390 2509 te

1821 2554 1997 2600 tamen
2028 2546 2444 2614 exspectantium
2470 2550 2625 2611 votis,
2643 2557 3088 2615 expetentumque
3109 2549 3383 2600 caritatent

1820 2639 2008 2705 proba,
2040 2638 2126 2705 qui
2153 2636 2260 2705 jam
2295 2639 2524 2707 probasti
2557 2638 2831 2706 pudorem.
2863 2636 3010 2701 Quod
3037 2636 3159 2688 delu
3183 2638 3246 2687 sti
3282 2652 3330 2704 pi
3349 2638 3387 2687 i-

1818 2743 1982 2789 tnnm,
2015 2728 2287 2781 modestiae
2318 2728 2599 2781 ascribitur
2626 2746 2635 2778 :
2670 2727 2733 2779 ad
2764 2728 2846 2795 igtt
2868 2726 3024 2779 iviain
3058 2724 3272 2793 respicit
3299 2742 3385 2778 se-

1817 2820 1986 2872 cunda
2018 2819 2220 2872 dilatio.
2261 2819 2519 2872 Prteterea
2550 2817 2636 2871 'ibi
2665 2817 2929 2871 Arelatem
2964 2815 3267 2883 profecturo
3295 2827 3379 2867 est

1817 2909 2135 2962 venerabilis
2161 2911 2212 2962 in
2242 2909 2428 2963 itinere
2468 2917 2653 2973 mater,
2688 2909 2896 2966 fratres.
2940 2917 3198 2973 amantes,
3231 2906 3383 2959 reda-

1819 3000 2116 3067 mantisque
2144 3000 2327 3067 patriae.
2370 2999 2564 3063 solum,
2594 2999 2656 3051 ad
2689 2997 2825 3066 quod
2858 3006 2909 3050 et
2933 3005 3125 3066 praeter
3154 2997 3384 3049 occasio-

1741 3102 1786 3164 C
1819 3108 1938 3150 nem
1979 3092 2293 3160 voluptuose
2324 3096 2575 3146 venitur:
2620 3102 2726 3145 tum
2753 3092 2942 3144 domus
2975 3091 3205 3157 proiria,
3238 3090 3386 3159 cujus

1818 3191 2106 3245 auctorem,
2151 3181 2379 3246 tineam,
2423 3196 2674 3245 messem,
2704 3180 2981 3243 olivetum,
3022 3188 3216 3233 tectum
3256 3195 3385 3249 qun-

1817 3288 1920 3341 que
1969 3272 2162 3342 ipsutn,
2210 3274 2293 3326 vel
2343 3274 2466 3327 dtnn
2512 3272 2933 3342 prmtervebaris,
2986 3272 3250 3337 inspicere
3302 3286 3388 3324 res

1815 3363 2077 3415 commodi
2102 3373 2204 3418 est.
2235 3364 2570 3432 Quapmpter
2597 3363 2789 3416 missus
2819 3378 2848 3414 a
2879 3363 3030 3415 nobis
3057 3367 3110 3415 et
3141 3360 3230 3413 tibi
3260 3374 3383 3428 per-

1817 3454 1981 3509 venis.
2021 3456 2258 3524 Namque
2284 3458 2389 3510 erit
2429 3457 2549 3509 talis
2586 3455 2684 3507 via:
2728 3464 2831 3507 tute
2869 3468 3149 3523 causaeque
3190 3464 3386 3507 nostra:

1813 3545 2067 3609 conditio,
2107 3548 2158 3598 ni
2191 3544 2364 3612 fallor,
2398 3554 2556 3614 atque
2585 3544 2975 3613 opportunitas,
3008 3553 3064 3596 ut
3094 3560 3189 3612 pro
3218 3544 3383 3598 bene-

1814 3634 1930 3687 ficio
1959 3634 2155 3687 civitati
2190 3650 2344 3701 posse
2377 3636 2635 3701 imputare
2669 3650 2737 3703 qu
2758 3633 3092 3703 indocunque
3118 3634 3372 3700 videaris,

1813 3724 1954 3794 quod
1977 3733 2093 3779 tuos
2120 3725 2336 3779 videris.
2370 3726 2513 3779 Vale.

2253 3854 2409 3927 15:.
2445 3854 2770 3911 EPISTULA
2812 3856 2949 3914 χχι.

1975 3967 2224 4023 Sidonius
2255 3970 2519 4022 Sacerdoti
2547 3978 2593 4022 et
2617 3967 2653 4021 .1
2660 3971 2828 4023 ustino
2853 3970 2958 4022 suis
2980 3968 3213 4026 salutent.

1883 4098 1910 4135 ἀ
1937 4098 2205 4154 Victorius
2237 4109 2452 4169 patruus
2483 4111 2677 4163 ves1er,
2713 4100 2793 4151 vir
2818 4108 2876 4153 ttt
2897 4102 3163 4168 egregius,
3185 4100 3263 4154 sic
3294 4119 3380 4154 un-

1813 4191 2091 4258 decunque
2136 4191 2491 4257 doctissimus,
2542 4205 2662 4244 cum
2706 4199 2897 4244 caetera
2948 4200 3211 4258 potenter,
3261 4200 3370 4244 tum

1815 4279 2185 4348 potentissime
2225 4279 2463 4333 condidit
2492 4294 2697 4333 versus.
2731 4279 2855 4332 Mihi
2877 4294 3086 4347 quoque
3115 4293 3323 4346 semper
3350 4295 3378 4335 ιι

1815 4387 1978 4440 parvo
2017 4386 2142 4425 cura
2186 4385 2476 4424 musarum.
2515 4370 2664 4423 Nunc
2702 4384 2798 4422 vos
2827 4369 3028 4437 parenti
3052 4369 3240 4421 venitis
3273 4370 3379 4422 Ine-

1741 4454 1991 4529 Dredes,
2040 4478 2197 4531 quam
2240 4462 2397 4530 jure,
2446 4469 2554 4513 tam
2604 4462 2814 4513 merito.
2866 4459 3012 4512 Ilicet
3063 4473 3161 4529 ego
3213 4471 3382 4529 poeta:

1892 4624 1913 4650 ο
1956 4613 2041 4667 Sic
2074 4613 2372 4681 legendum,
2406 4626 2508 4664 non
2537 4610 2753 4678 fascinat
2775 4609 3057 4681 tributario.
3090 4611 3382 4677 Etiam,in-

1817 4683 1949 4750 quit,
1983 4698 2101 4736 cum
2129 4679 2416 4750 expensam
2451 4681 2651 4734 itineris
2678 4681 2726 4731 in
2758 4679 2851 4745 sui;
2872 4693 2961 4731 ευδ
2988 4682 3265 4749 recipiunt,
3290 4687 3381 4737 tri-

1819 4753 2172 4819 biilul‘tttllqm:
2203 4770 2235 4804 υ
2276 4752 2451 4805 eribus
2477 4764 2658 4802 eorum
2688 4763 2845 4801 causa
2874 4750 3002 4801 niltil
3034 4755 3258 4804 accedit.
3281 4754 3377 4806 Le-

1818 4825 1954 4889 gatis
1985 4837 2123 4874 enim
2151 4821 2363 4874 tleCerni
2396 4820 2532 4873 solet
2559 4820 3120 4889 viattcutu._rAreadius
3152 4822 3284 4873 libro
3312 4827 3382 4875 de

1822 4887 2133 4945 Muneribus
2161 4891 2424 4954 civilibus,
2454 4889 2516 4943 D.
2548 4893 2613 4943 de
2639 4887 2947 4940 muneribus
2973 4897 3026 4941 et
3049 4890 3335 4943 honoribus
3363 4909 3374 4943 :

1819 4961 1994 5030 Legati
2029 4976 2227 5029 quoque
2265 4961 2352 5029 qui
2396 4963 2461 5011 ad
2504 4958 2786 5030 sacrarium
2814 4957 3055 5030 principis
3097 4969 3378 5030 mittuntur,

1817 5027 2049 5082 viaticum
2079 5027 2215 5100 quod
2249 5027 2515 5100 legativum
2544 5031 2747 5089 dicitur,
2772 5027 3025 5079 interdum
3051 5029 3215 5081 solent
3243 5034 3379 5082 arci-

1830 5116 1954 5152 θεῖε.

1881 5117 1905 5148 Υ
1941 5138 1954 5152 ο

1816 5117 1934 5205 pede
1951 5170 2125 5239 Quaeri
2155 5178 2349 5239 potest,
2382 5184 2500 5222 eum
2536 5176 2774 5239 tempora
2807 5180 2924 5239 non
2953 5165 3276 5236 discrepent,
3309 5184 3375 5222 an

1818 5238 1904 5293 liic
1943 5240 2012 5292 sit
2048 5234 2312 5292 Victorius
2342 5239 2637 5304 Aquitanus
2675 5234 2764 5305 qui
2805 5236 3019 5303 Cyclum
3071 5234 3377 5292 l’asthatent

1818 5309 1976 5362 llilari
2008 5309 2385 5372 archidiaconi,
2413 5306 2630 5359 Romani
2661 5314 2837 5373 postea
2875 5306 3159 5371 poiitilicis,
3189 5319 3375 5373 rogatu

1816 5378 2136 5446 Composuit,
2165 5378 2510 5431 Constantino
2542 5386 2596 5429 et
2625 5375 2758 5429 Rufo
2784 5388 2948 5440 coss.,
2982 5386 3046 5446 nt_
3065 5389 3129 5427 ex
3159 5375 3272 5443 ejus
3308 5376 3374 5427 ad

1821 5450 1878 5501 lli
1907 5444 2053 5522 arum
2075 5449 2295 5522 epistola
2324 5445 2713 5522 patet.Victorii
2732 5451 2996 5522 autemoex
3026 5444 3187 5496 fratre
3212 5457 3376 5522 napo:

1821 5528 1927 5571 tum
1957 5518 2151 5571 Justini
2180 5528 2232 5571 et
2260 5517 2457 5580 fratris,
2488 5520 2643 5571 tacito
2675 5514 2884 5570 nomine
2911 5514 3096 5563 iterum
3138 5514 3379 5569 meminit

1818 5589 1870 5641 in
1896 5588 2281 5657 Propemptico.
