3946 6176
414 354 512 411 Elii

1648 332 1899 391 ‘SlDONll
1936 324 2387 386 APOLLINARIS

3569 310 3689 367 553

415 464 691 534 proximus
724 458 791 512 lio
818 453 1170 526 professione,
1202 466 1295 506 vos
1325 450 1547 505 semine.
1580 449 1718 516 Ergo
1744 444 1982 515 justissi-
2015 448 2064 503 λ
2094 440 2205 506 dat,
2254 449 2313 492 ut
2357 435 2617 506 jungitur.
2670 432 2903 500 Ideoque
2945 426 3258 500 patrimonia
3307 431 3511 492 teucte,
3558 423 3696 480 date

417 571 560 611 mum
599 560 700 616 est,
740 558 799 602 ut
835 548 924 601 die
968 547 1144 598 functo
1173 545 1250 597 sic
1277 543 1501 608 quisque
1530 546 1771 590 nostrum
1805 548 1992 588 succe-

2098 530 2358 583 carmina.
2396 528 2595 579 Valete.

426 633 3535 696 _____________________________

1432 729 1910 841 LIBER
1981 722 2643 833 SEXTUS.

803 906 958 979 155
998 898 1328 958 EPISTOLA
1381 895 1609 951 PRIMA.

636 1038 880 1095 Sidonius
904 1032 1115 1087 domino
1143 1038 1169 1066 α
1199 1042 1346 1098 papa:
1370 1024 1517 1094 Lupo
1551 1024 1785 1077 salutem.

497 1170 818 1229 Benedictus
844 1164 1076 1234 Spiritus
1104 1168 1325 1215 sanctus
1354 1166 1408 1213 et
1437 1168 1587 1227 pater
1624 1156 1715 1209 Dei
1758 1153 2002 1220 omnipo-

426 1265 608 1328 tentis,
631 1259 770 1330 quod
794 1267 848 1310 tu
872 1264 1023 1324 pater
1050 1260 1286 1320 patrum,
1317 1257 1370 1303 et
1403 1248 1687 1313 episcopus
1715 1242 2002 1312 episcOpo-

427 1371 566 1420 rum,
589 1362 643 1407 et
666 1352 800 1405 alter
828 1343 1009 1402 saeculi
1040 1342 1114 1396 tui
1140 1340 1394 1405 Jacobus,
1421 1337 1489 1391 de
1516 1334 1743 1402 quadam
1781 1332 1999 1401 specula

427 1445 687 1509 caritatis,
720 1455 819 1495 nec
846 1439 915 1492 de
940 1432 1178 1490 inferiori
1226 1431 1583 1491 Hierusalem,
1611 1437 1717 1481 tota
1752 1424 2004 1479 Ecclesia:

433 1537 523 1591 Dei
547 1533 713 1587 nostri
739 1530 974 1584 membra
1001 1522 1418 1593 superinSpicis;
1465 1520 1653 1587 dignus
1687 1517 1775 1585 qui
1819 1527 2006 1567 tsmnes

428 1623 724 1679 consoleris
748 1619 1011 1681 infirmos,
1039 1616 1235 1682 quique
1258 1613 1449 1665 merito
1477 1608 1545 1661 ab
1589 1606 1835 1659 omnibus
1880 1618 2006 1657 coii-

431 1714 643 1769 sularis.
686 1712 753 1765 Et
782 1709 905 1779 quid
947 1721 1087 1759 nunc
1116 1718 1215 1771 ego
1244 1702 1459 1772 dignum
1513 1697 1803 1767 dignationi
1853 1693 2009 1763 156

432 1808 552 1862 huic
575 1804 743 1875 putris
771 1812 823 1856 et
853 1799 1014 1854 fetida
1044 1807 1193 1852 reatu
1224 1804 1363 1849 terra
1404 1790 1794 1859 respondeant?
1824 1786 2005 1841 Collo-

432 1898 544 1967 quii
576 1895 823 1949 salutaris
855 1891 949 1953 tui,
979 1896 1035 1944 et
1061 1885 1401 1955 indigentiam
1431 1883 1637 1961 patiens
1662 1889 1718 1933 et
1739 1879 2006 1934 timorem,

436 1986 806 2043 recordatione
833 1984 951 2036 vitm
988 1977 1272 2047 plectibilis
1297 1975 1551 2040 adducor,
1574 1983 1629 2025 ut
1648 1976 1871 2025 clamem
1893 1969 2006 2031 tibi,

436 2076 577 2147 quod
605 2076 741 2128 dixit
767 2073 993 2125 Domino
1017 2078 1138 2122 tuus
1164 2068 1253 2120 ille
1276 2064 1477 2132 collega
1510 2080 1525 2115 ε
1563 2060 1660 2115 Exi
1688 2078 1719 2113 a
1746 2076 1822 2112 me
1848 2102 1861 2126 ,
1893 2060 2012 2125 quia

436 2173 587 2222 homo
612 2174 847 2237 peccator
873 2178 1007 2221 sum,
1037 2159 1250 2212 Domine
1280 2155 1434 2226 (Luc.
1468 2172 1515 2218 v,
1549 2153 1627 2222 8).
1678 2151 1781 2206 Sed
1827 2151 1871 2204 si
1911 2150 2010 2202 iste

439 2259 599 2312 timor
624 2272 727 2308 non
761 2259 1089 2319 temperetur
1113 2249 1333 2311 affectu,
1375 2260 1565 2299 vereor
1604 2258 1672 2297 ne
1713 2241 2009 2295 Geraseno-

438 2363 554 2403 rum
584 2345 841 2400 destituar
868 2341 1133 2411 exemplo,
1160 2337 1403 2391 discedas
1424 2351 1452 2388 a
1479 2336 1672 2388 finibus
1693 2333 1843 2387 meis.
1872 2332 2007 2397 Quin

439 2439 616 2508 potius
647 2435 808 2499 illud,
838 2433 977 2502 quod
1011 2431 1137 2484 mihi
1168 2427 1559 2483 conducibilius
1588 2433 1699 2489 est,
1730 2422 2008 2490 colleprosi

441 2530 546 2586 mei
569 2541 620 2584 te
639 2527 906 2597 proposita
924 2522 1227 2577 conditione
1247 2519 1626 2585 constringam,
1645 2529 1695 2569 ut
1723 2516 1859 2568 aiam
1883 2513 1974 2567 tibi
1995 2530 2007 2565 :

444 2622 504 2679 Si
525 2622 619 2683 vis,
660 2627 799 2687 potes
831 2632 909 2669 me
940 2614 1188 2667 mundare
1226 2610 1455 2681 (Matth.
1491 2624 1584 2662 vut
1608 2648 1622 2671 ,
1656 2605 1743 2678 Ξ).
1781 2608 1895 2673 Qua
1927 2607 2013 2658 ille

442 2711 707 2766 sententia
740 2721 844 2762 non
873 2707 990 2774 plus
1012 2704 1078 2757 de
1106 2701 1320 2757 Christo
1346 2700 1470 2771 quid
1514 2708 1719 2768 peteret
1761 2694 2012 2765 prodidit,

440 2815 599 2871 quam
628 2798 716 2867 qui
745 2796 986 2850 crederet
1016 2791 1330 2855 publicavit.
1362 2792 1499 2858 Ergo
1528 2804 1595 2842 ne
1624 2803 1741 2840 ιιιιιι
1772 2788 1849 2840 sis
1893 2801 2015 2853 pro-

443 2893 529 2947 cul
560 2891 806 2957 ambiguo
846 2888 1044 2956 primus
1084 2884 1321 2937 omnium
1370 2891 1503 2943 toto,
1545 2895 1646 2949 qua
1691 2886 1856 2948 patet,
1886 2877 2016 2930 orbe

446 2983 776 3053 pontificum,
810 2992 931 3032 cuin
960 2974 1329 3046 praerogativa:
1371 2972 1696 3038 subjiciatur,
1739 2983 1860 3021 cum
1890 2982 2018 3021 ceu—

445 3088 587 3129 surae
613 3083 715 3125 tua:
739 3078 985 3122 attremat
1025 3064 1185 3119 etiam
1218 3064 1368 3116 turba
1396 3060 1635 3129 collegii;
1658 3075 1777 3112 cum
1812 3060 1861 3111 in
1890 3073 2017 3127 gra-

447 3162 625 3218 vitatis
656 3171 849 3212 vestrm
876 3154 1329 3224 comparationem
1346 3192 1362 3217 ,
1386 3152 1501 3220 ipsa
1524 3152 1683 3204 etiam
1709 3148 2020 3218 grandaevo-

448 3268 566 3308 rum
595 3250 755 3304 corda
781 3255 1125 3316 puerascant;
1158 3258 1277 3298 cum
1308 3252 1426 3311 p0st
1455 3240 1739 3295 desudatas
1765 3238 1790 3276 ιι
1819 3238 2020 3293 militiae

450 3341 745 3398 Lirinensis
786 3337 1073 3399 excubias,
1112 3344 1168 3389 et
1199 3335 1252 3386 in
1276 3332 1566 3400 apostolica
1606 3330 1733 3384 scde
1765 3340 1787 3367 ο
1830 3345 2019 3382 ηυνιΊΙΙ

448 3436 553 3505 iam
579 3433 799 3486 decursa
828 3426 1213 3496 quinquennia,
1241 3424 1516 3490 utriusque
1542 3430 1846 3475 sanctorum
1878 3418 2022 3472 ordi-

450 3525 535 3579 nis
596 3521 879 3592 qncmdam
939 3528 991 3571 te
1043 3514 1583 3570 conclamatissimum
1640 3511 2018 3579 primipilarem

449 3612 703 3682 spiritalia
734 3618 906 3663 castra
938 3618 1256 3660 venerentur
1291 3621 1305 3656 :
1336 3611 1390 3655 tu
1423 3600 1766 3655 nihilominus
1791 3600 2023 3653 hastato-

456 3720 569 3758 rum
620 3701 1182 3767 antesignatorumque
1227 3693 1493 3763 paulisper
1543 3692 1892 3747 contubernio
1934 3705 2023 3745 se-

453 3803 783 3863 questrauts,
811 3789 1028 3841 ultimos
1051 3787 1268 3840 calones
1294 3792 1417 3837 tuos
1445 3783 1683 3849 lixasque
1713 3798 1817 3836 non
1847 3782 2026 3849 despi-

451 3887 550 3950 cis,
582 3895 636 3939 et
665 3883 730 3936 ad
764 3880 997 3935 extimos
1026 3877 1383 3931 trahariorum
1411 3876 1498 3945 qui
1531 3890 1625 3943 per
1667 3874 2026 3943 insipientiam

453 3989 604 4029 suam
647 3971 823 4025 adhuc
864 3968 930 4023 ad
982 3967 1161 4021 carnis
1198 3966 1436 4020 sarcinas
1480 3966 1690 4030 sedent,
1732 3965 1906 4020 crucis
1936 3964 2026 4017 ditt

456 4070 679 4134 portatae
707 4059 897 4114 vexilla
920 4056 1252 4119 circumfers,
1271 4069 1333 4108 ac
1356 4070 1569 4108 manum
1587 4054 1775 4122 linguzc
1799 4053 2026 4123 porrigis

457 4132 509 4209 in
540 4150 869 4208 conscientia
899 4146 1211 4201 vulneratis.
1243 4144 1421 4208 Nosti,
1455 4153 1512 4197 ut
1548 4155 1787 4212 apparet,
1836 4160 1902 4197 ex
1934 4144 2028 4197 ad-
2074 4132 2089 4151 ⁶

456 4260 614 4303 versa
659 4244 775 4297 acie
827 4240 1114 4301 sauciatos,
1165 4235 1271 4290 dux
1318 4243 1592 4299 veterane,
1641 4234 1921 4303 colligere;
1974 4244 2031 4290 et

544 4409 571 4438 α
597 4394 860 4462 EpiscOpo
887 4388 1213 4445 Tricassino.
1242 4387 1297 4462 in
1333 4386 1473 4462 hunc
1498 4386 1689 4462 librum
1716 4396 1770 4440 et
1796 4402 2027 4456 sequen-

458 4478 565 4522 tem
602 4458 867 4535 cougesue
918 4471 1043 4514 sunt
1086 4459 1329 4535 epistolas
1372 4458 1447 4510 ad
1485 4461 1768 4535 episcopos
1791 4463 2027 4535 scr-ipim.

459 4528 852 4592 Gallicanorum
885 4542 1062 4585 autem
1090 4530 1205 4598 ejus
1236 4531 1333 4582 aevi
1364 4528 1671 4595 pontificum
1712 4528 1915 4581 SidOtiii
1944 4530 2028 4597 ju-

459 4612 602 4661 dicio
633 4605 788 4659 facile
815 4603 1067 4672 princeps
1090 4601 1287 4669 Lupus,
1318 4613 1439 4672 cum
1468 4598 1679 4672 creteris
1702 4598 1885 4672 rebus,
1920 4608 2028 4672 tum

463 4676 765 4731 Britannica
816 4668 1104 4741 legatione,
1144 4668 1202 4724 et
1245 4669 1415 4739 pacati
1453 4668 1658 4723 civibus
1708 4668 1821 4723 suis
1853 4670 2034 4723 Attila:

460 4746 629 4816 gloria
664 4744 861 4816 clarus.

534 4814 561 4852 ι’
604 4811 903 4867 lnsulanam
926 4809 1177 4878 angelica:
1198 4808 1625 4878 congregationis
1647 4808 1887 4861 militiam
1903 4809 2036 4863 dixit

470 4885 697 4940 Faustus
725 4881 972 4935 Reiensis
1006 4880 1230 4947 epistola
1264 4882 1297 4933 5
1324 4878 1389 4931 ad
1424 4878 1716 4939 Ruricium,
1756 4878 1824 4933 de
1856 4879 2035 4933 Lirino

464 4954 650 5009 eadem
700 4952 944 5017 loquens,
1000 4964 1118 5015 qua:
1163 4963 1448 5004 commune
1485 4956 1613 5001 tunc
1639 4958 1756 5003 erat
1781 4964 1840 5002 sa
1856 4950 2032 5003 culum

463 5022 834 5078 abdicantibus
878 5020 1233 5088 gymnasium.
1311 5023 1363 5071 In
1420 5034 1482 5071 ea
1540 5029 1807 5072 versatum
1875 5021 2035 5075 fuisse

468 5093 669 5161 Lupum
724 5106 828 5145 non
870 5089 1041 5143 solum
1086 5090 1170 5161 hic
1221 5090 1368 5143 locus
1410 5090 1663 5161 ostendit,
1704 5100 1758 5142 et
1796 5090 1885 5142 lib.
1921 5106 2034 5150 vm.

462 5157 621 5232 epist.
656 5162 741 5232 14,
763 5160 866 5232 sed
888 5159 1181 5232 Eucherius
1205 5174 1416 5232 queque
1433 5160 1496 5211 ad
1521 5157 1775 5232 ililarinm
1795 5162 1860 5232 de
1882 5162 2035 5215 laude

463 5230 632 5288 eremi
657 5250 668 5285 :
696 5231 823 5284 Hazc
849 5230 1044 5291 habuit,
1071 5230 1263 5299 inquit,
1292 5230 1547 5283 reverendi
1571 5230 1781 5281 nominis
1811 5230 2033 5299 Lupum,

498 5303 551 5359 ui
579 5302 719 5355 nobis
748 5301 897 5354 illum
920 5315 981 5353 ea:
1002 5299 1135 5353 tribu
1166 5298 1434 5370 Benjamin
1462 5299 1661 5369 Lupum
1684 5302 1852 5354 retulit
1883 5316 1901 5353 :
1928 5300 2035 5353 lucc

498 5321 551 5359 ιιι
579 5321 719 5355 ηουιδ
748 5321 897 5354 tuum
920 5321 981 5353 επ
1002 5321 1135 5353 ιησιι
1166 5321 1434 5370 uergath
1462 5321 1661 5369 Lupum
1684 5321 1852 5354 ϊειιιιιι
1883 5321 1901 5353 ἔ
1928 5321 2033 5353 ηωσ

462 5321 639 5427 Ζαὺιιὶι
689 5385 988 5439 germanum
1027 5385 1144 5439 ejus
1172 5368 1514 5436 Vincentium,
1561 5371 1758 5422 interno
1787 5386 2033 5437 gemmam

463 5438 731 5513 splendore
762 5442 1110 5513 perspicuam.
1132 5438 1261 5513 Lupi
1290 5439 1509 5513 fratrem
1536 5439 1666 5492 dicit
1699 5440 2033 5513 Vincentium

465 5508 860 5583 presbyterum,
879 5508 1201 5583 clarissimi
1241 5511 1474 5583 nominis
1503 5513 1877 5583 _scriptorem._
1897 5509 2034 5583 Quin

466 5579 652 5635 horum
682 5583 1013 5650 potissunum
1046 5579 1353 5650 meminisse
1382 5579 1518 5647 apud
1564 5580 1817 5633 lltlarium
1851 5579 2039 5634 Arela-

467 5648 925 5709 tensem—videtur.
980 5651 1121 5719 quod
1177 5648 1361 5702 Hilarii
1412 5663 1653 5703 sororem
1688 5650 2030 5705 Pimcniolam

470 5720 651 5786 Lupus
681 5721 734 5774 in
761 5722 1096 5776 matrimonio
1119 5719 1383 5790 quondam
1416 5720 1692 5775 habuerat.

2101 884 2457 959 peritissimus
2488 882 2699 939 tubicen
2731 880 2794 935 ad
2823 879 3094 935 Christum
3127 895 3155 932 a
3180 879 3414 948 peccatis
3439 877 3705 947 receptui

2098 989 2320 1039 canere;
2369 974 2521 1044 157
2568 981 2623 1027 et
2678 972 2969 1040 evangelici
3009 971 3240 1040 pastoris
3278 970 3530 1038 cxcmplo
3583 986 3706 1023 non

2099 1067 2329 1135 amplius
2358 1065 2577 1132 laetaris,
2615 1063 2660 1117 si
2704 1068 3052 1129 permaneant
3085 1059 3233 1122 sani,
3273 1074 3430 1127 quam
3482 1058 3531 1110 si
3584 1074 3704 1111 non

2102 1164 2415 1212 remaneant
2438 1151 2730 1224 desperati.
2762 1150 2839 1206 Te
2868 1165 2999 1217 ergo
3029 1164 3214 1203 norma
3248 1164 3480 1215 morum,
3513 1159 3575 1203 te
3607 1165 3710 1203 co-

2102 1248 2279 1302 lumna
2312 1246 2589 1308 virtutum,
2621 1255 2692 1305 te,
2715 1242 2761 1296 si
2795 1241 3019 1296 blandiri
3044 1242 3149 1295 reis
3173 1240 3317 1302 licet,
3361 1253 3511 1305 vera,
3566 1239 3710 1308 quia

2103 1348 2309 1403 sancta,
2332 1336 2584 1402 dulcedo,
2610 1333 3023 1401 despicatissimi
3064 1330 3260 1385 vermis
3289 1330 3468 1385 ulcera
3505 1330 3713 1399 digitis

2105 1428 2494 1486 exhortationis
2542 1437 2877 1481 contrectare
2918 1440 3024 1478 non
3064 1424 3275 1492 piguit:
3321 1421 3414 1477 tibi
3444 1422 3713 1476 avaritia

2107 1534 2212 1573 non
2245 1517 2339 1572 fuit
2370 1530 2590 1586 pascere
2612 1514 2827 1568 monitis
2852 1514 3086 1567 animam
3114 1512 3712 1581 fragilitatejejunam;

2107 1620 2161 1665 et
2186 1609 2255 1665 de
2278 1609 2532 1678 apotheca
2561 1606 2864 1661 dilectionis
2895 1605 3190 1672 altissimae,
3221 1606 3498 1659 sectandae
3534 1604 3715 1657 nobis

2109 1699 2421 1753 humilitatis
2448 1698 2732 1767 propinare
2757 1710 3084 1750 mensuram.
3131 1693 3237 1749 Sed
3280 1709 3393 1758 ora,
3426 1703 3489 1748 ut
3514 1710 3716 1763 quau-

2110 1790 2285 1857 doque
2315 1788 2658 1856 resipiscam,
2707 1797 2961 1854 quantum
2999 1799 3150 1840 meas
3192 1786 3457 1854 deprimat
3506 1785 3717 1839 oneris

2110 1880 2338 1951 impositi
2380 1894 2554 1933 massa
2613 1879 2872 1933 cervices.
2929 1877 3243 1931 Facinorum
3283 1876 3718 1931 continuatione

2113 1974 2274 2028 miser
2299 1988 2364 2027 eo
2391 1972 2730 2028 necessitatis
2756 1969 2979 2031 accessi,
3012 1980 3070 2022 ut
3100 1970 3147 2023 is
3189 1983 3285 2038 pro
3327 1978 3557 2036 peccato
3609 1982 3719 2035 po-

2114 2064 2223 2133 puli
2252 2077 2395 2117 nunc
2424 2077 2584 2116 orare
2621 2061 2933 2127 compellar,
2981 2074 3080 2130 pro
3119 2074 3223 2128 quo
3263 2060 3496 2129 populus
3546 2058 3721 2111 inno-

2044 2186 2088 2245 Β
2114 2160 2327 2207 centum
2358 2152 2446 2204 vix
2484 2151 2643 2204 debet
2677 2150 2966 2217 impetrare
3008 2149 3054 2203 si
3078 2148 3366 2217 supplicet.
3400 2147 3538 2201 Nam
3587 2147 3721 2217 quis

2114 2241 2251 2296 bene
2278 2241 2540 2295 medelam
2572 2256 2713 2310 aeger
2736 2239 3042 2308 impartiat?
3071 2240 3189 2308 quis
3219 2238 3457 2293 febriens
3487 2238 3517 2273 ιι
3550 2252 3726 2291 arro-

2111 2333 2243 2387 tanti
2270 2340 2413 2386 tactu
2442 2333 2653 2401 pulsum
2674 2330 2963 2400 distinguat
2980 2331 3338 2385 incolumem?
3362 2329 3483 2398 quis
3505 2329 3724 2384 deser-

2113 2433 2196 2480 tor
2214 2425 2489 2479 scieutiam
2520 2423 2765 2477 militaris
2792 2423 2868 2477 rei
2887 2422 3010 2492 jure
3038 2420 3370 2476 laudaverit?
3395 2422 3521 2491 quis
3540 2432 3725 2473 escu-

2115 2518 2291 2572 lentus
2320 2516 2635 2576 abstemium
2664 2525 3034 2584 competen'er
3064 2513 3335 2583 arguerit?
3379 2511 3727 2580 Indignissi-

2116 2622 2233 2663 mus
2279 2607 2581 2661 mortalium
2630 2621 2852 2662 necesse
2900 2605 3072 2660 habeo
3108 2604 3288 2658 dicere
3331 2603 3474 2673 quod
3514 2603 3727 2657 facere

2116 2698 2401 2752 dett-ceto:
2446 2703 2501 2749 et
2540 2696 2603 2748 ad
2648 2709 2765 2749 mea
2814 2694 2929 2762 ipse
2966 2694 3131 2748 verba
3169 2692 3523 2753 damnabilis,
3588 2707 3723 2746 cum

2117 2786 2372 2855 imperem
2392 2801 2513 2855 quae
2535 2799 2637 2839 non
2670 2783 2884 2853 impleo,
2912 2782 3052 2838 idem
3072 2783 3127 2836 in
3155 2797 3239 2837 me
3259 2781 3501 2851 quotidie
3524 2795 3722 2850 Cogor

2117 2876 2318 2932 dictare
2347 2876 2685 2931 sententiam.
2717 2874 2824 2930 Sed
2860 2875 2906 2929 si
2947 2882 3002 2928 tu
3034 2874 3172 2929 inter
3198 2890 3283 2928 me
3308 2881 3363 2928 et
3404 2872 3570 2927 illum
3633 2874 3728 2928 cui

2118 2969 2574 3039 concrucifigeris,
2604 2968 2784 3023 .lcsum
2810 2967 3083 3024 Christum
3115 2968 3389 3022 Dominum
3422 2978 3725 3031 nostrum,

2120 3077 2218 3133 pro
2263 3062 2530 3117 scelerum
2582 3076 2821 3117 meorum
2868 3062 3092 3133 populo,
3139 3061 3322 3130 junior
3360 3076 3515 3129 mage
3545 3076 3729 3129 quam

2121 3154 2298 3208 minor
2320 3152 2519 3217 Moses,
2550 3152 2873 3207 intercessor
2902 3153 3161 3216 assistas;
3211 3165 3314 3205 non
3353 3150 3598 3204 ulterius
3630 3150 3731 3204 de-

2121 3244 2437 3299 scendemus
2468 3244 2516 3296 in
2550 3242 2816 3296 infernum
2852 3242 3130 3305 viventes;
3162 3255 3261 3294 nec
3288 3254 3377 3306 per
3403 3240 3733 3292 carnalium

2122 3335 2366 3390 vitiorttm
2396 3332 2659 3388 incentiva
2691 3331 2965 3396 ﬂammati,
2996 3332 3060 3385 ad
3084 3332 3253 3384 altare
3278 3328 3494 3383 Domini
3526 3329 3733 3397 ignon

2125 3426 2328 3480 diutius
2381 3429 2737 3479 accendemus
2766 3424 3022 3477 alienum.
3056 3422 3188 3488 Quia
3232 3434 3537 3488 quanquam
3600 3435 3734 3488 nos,

2125 3525 2185 3572 ιιι
2227 3526 2351 3587 pote
2376 3530 2516 3576 reos,
2547 3515 2733 3584 glorias
2766 3514 2900 3569 libra
2941 3528 3045 3567 non
3081 3512 3299 3583 respicit
3330 3527 3347 3570 :
3381 3511 3549 3583 158
3586 3514 3736 3566 satis

2127 3617 2305 3663 tamen
2334 3622 2601 3675 superque
2629 3606 3010 3674 gaudebimus,
3038 3606 3080 3659 si
3130 3612 3346 3673 precatu
3396 3613 3493 3656 tuo
3525 3602 3738 3658 levare

2126 3699 2396 3752 valeamus
2435 3696 2703 3750 interioris
2732 3695 2963 3750 hominis
2994 3697 3183 3761 nostri,
3232 3702 3289 3747 et
3320 3691 3367 3747 si
3406 3708 3517 3746 non
3573 3693 3738 3748 inte-

2132 3803 2282 3858 grum
2326 3787 2393 3842 ad
2438 3786 2947 3852 remunerationem,
3006 3793 3154 3839 certe
3201 3784 3284 3838 vel
3335 3781 3739 3838 cicatricatum

2090 3891 2106 3901 '
2131 3887 2310 3947 pectus
2341 3878 2405 3930 ad
2438 3877 2666 3931 veniam.
2721 3875 2926 3931 Memor
2967 3876 3134 3929 nostri
3179 3889 3299 3928 esse
3328 3874 3361 3927 d
3382 3887 3589 3943 gnere,
3635 3873 3741 3928 do-

2134 3969 2275 4022 mine
2308 3983 2465 4036 papa.

2704 4056 3033 4113 EPISTOLA
3078 4054 3139 4109 ll.

2332 4148 2575 4204 Sidonius
2605 4165 2752 4215 papa:
2782 4158 2804 4185 θ
2838 4147 3133 4217 Pragmatio
3156 4162 3248 4199 suo
3276 4145 3517 4199 salutent.

2184 4228 2545 4295 ‘Vencrabilis
2594 4238 2612 4277 ί
2672 4241 2919 4308 Ειιιτιλρίιι
2972 4249 3245 4304 matrona,
3294 4237 3434 4307 quod
3492 4237 3569 4290 ad
3635 4252 3747 4293 nos

2212 4402 2235 4431 ε
2271 4393 2455 4447 Annos
2476 4392 2568 4448 45.
2602 4391 2804 4457 Quibus
2833 4406 2896 4445 ex
2932 4390 3105 4446 verbis
3135 4388 3417 4445 cardinalis
3451 4388 3745 4444 Baron‘us

2138 4476 2244 4517 aera
2278 4463 2534 4515 subducta
2577 4462 2776 4529 colligit
2804 4461 3111 4523 Sidonium,
3145 4463 3233 4528 qui
3266 4476 3368 4513 non
3390 4459 3575 4511 multo
3613 4473 3745 4529 post

2143 4533 2394 4599 adeptum
2445 4535 2807 4600 episcopatum
2853 4531 2985 4584 hanc
3022 4531 3300 4599 epistolam
3334 4530 3645 4600 scribebat,
3687 4533 3744 4586 in

2137 4598 2425 4671 episcopali
2456 4598 2708 4656 cathedra
2738 4601 2922 4655 sedere
2945 4598 3171 4669 coepisse
3197 4615 3338 4653 anno
3361 4598 3575 4654 Clll‘iSli
3599 4603 3745 4655 472.

2141 4673 2191 4728 ls
2218 4674 2362 4726 enim
2390 4671 2520 4739 Lupi
2548 4681 2659 4724 erat
2685 4672 2737 4723 in
2759 4672 3063 4738 episcopatu
3087 4671 3175 4723 45.

2212 4742 2238 4778 ιι
2281 4742 2337 4796 lu
2381 4741 2646 4808 aliquibus
2677 4742 2843 4811 libris,
2877 4744 3134 4811 arroganti
3165 4750 3212 4792 et
3237 4739 3531 4810 wgrotanti.

2362 4822 2385 4848 '
2422 4812 2581 4878 Cujus
2626 4810 2769 4866 sedis
2819 4811 2974 4865 fuerit
3000 4810 3334 4879 cpiscopus,
3376 4824 3483 4861 non
3526 4811 3745 4879 liquet.

2065 4913 2112 4973 ι)
2143 4878 2440 4973 9.931951%-
2452 4882 2998 4973 ,ιὲιὶεξῖιξνέυιιεξιξςςη
3032 4878 3750 4973 5".ls§‘?.°.°.'13‘§i_‘{".‘:51?

2143 4954 2351 5021 phronii
2381 4950 2743 5006 successorem
2771 4952 2861 5021 qui
2889 4951 3126 5005 interfuit
3153 4952 3359 5021 synodo
3386 4950 3749 5021 Egautiensi,

2141 5019 2421 5077 manifesto
2458 5019 3195 5091 argumentorevincuntur,
3228 5021 3370 5089 quod
3411 5019 3750 5074 IEduurtmt

2143 5094 2244 5148 hoc
2284 5104 2521 5160 tempore
2558 5093 2778 5145 antistes
2820 5092 2977 5146 fuerit
3008 5091 3349 5150 Euphronius
3377 5104 3393 5144 :
3420 5091 3587 5158 cujus
3639 5106 3752 5143 uo-

2142 5178 2263 5217 tnen
2296 5180 2392 5215 una
2422 5178 2539 5217 cum
2566 5163 2863 5230 Pragmatio
2889 5162 3244 5226 subscriptum
3265 5176 3388 5215 cum
3420 5162 3654 5228 legatur
3690 5162 3751 5214 in

2142 5234 2368 5301 epistola
2401 5232 2579 5286 Fausti
2606 5234 2672 5285 ad
2708 5232 2988 5291 Lucidum,
3016 5234 3257 5299 sequitur
3284 5242 3343 5285 ut
3380 5234 3751 5299 Pragmatius

2144 5305 2229 5356 hic
2253 5302 2496 5356 diversus
2527 5305 2597 5355 sit
2621 5304 2689 5355 ab
2713 5301 2996 5356 Aiduensi.

2218 5372 2237 5410 ί
2282 5373 2449 5426 Vidua
2504 5373 2777 5436 Arverna,
2826 5372 2981 5440 cujus
3032 5371 3171 5424 filius
3218 5370 3497 5439 Agrippini
3559 5370 3749 5423 filiam

2141 5441 2392 5497 duxerat.
2428 5441 2573 5496 Hanc
2609 5445 2769 5496 etiam
2811 5443 2913 5495 levi
2946 5442 3252 5507 coitjectura
3300 5441 3360 5495 S.
3403 5440 3750 5506 Eutrapiam

2142 5526 2263 5567 esse
2292 5522 2498 5580 putant,
2532 5514 2683 5580 cujus
2711 5526 2906 5567 nomen
2935 5512 2987 5566 in
3015 5510 3457 5583 martyrologium
3490 5510 3752 5583 relatum

2140 5590 2225 5635 cst
2253 5597 2360 5636 xvu
2389 5583 2639 5637 calendas
2661 5583 2930 5637 Octobris.
2975 5584 3157 5636 Liceat
3182 5592 3358 5635 autem
3386 5596 3511 5634 cum
3541 5582 3589 5633 si
3602 5597 3757 5645 ngu-

2140 5652 2270 5706 laris
2318 5657 2547 5721 excmpli
2606 5652 2805 5708 femina
2865 5654 3089 5707 alteram
3144 5666 3509 5719 componere,
3568 5652 3757 5719 cujus

2140 5722 2382 5793 egregias
2428 5720 2684 5794 sexuique
2726 5724 3132 5779 decentissimas
3187 5720 3409 5778 virtutes
3466 5722 3756 5793 prtedicat
