3946 6176
252 243 327 303 ss:
1456 223 1937 300 EPlS‘I‘OLARUM
1977 230 2107 296 LIB.
2150 214 2237 294 vt.

3382 233 3485 288 55f

252 352 432 427 spectat,
460 353 749 433 singularis
768 352 1002 424 exempli
1034 352 1175 425 (qua:
1221 350 1547 421 parcimonia
1597 361 1652 406 et
1694 351 1792 406 Itn-
1821 360 1874 417 Α
1901 351 1985 406 nis
2011 350 2284 416 animatis,
2316 362 2491 419 neque
2512 348 2657 409 sitim
2690 347 3013 419 ignorantiae
3042 348 3300 401 hactenus
3321 363 3491 402 sarem

253 448 464 503 inanitate
491 446 826 502 certantibus
857 464 871 500 :
903 461 1009 499 non
1038 446 1214 499 minus
1242 458 1303 498 se
1328 443 1584 522 ieiuniis,
1633 458 1796 512 quam

254 541 356 597 cibis
379 532 643 610 pauperes
684 538 876 609 pascit,
916 547 973 593 et
1011 537 1067 592 in
1105 536 1306 590 Chriin
1362 535 1509 589 cultu
1551 535 1799 604 pervigil,

255 634 339 689 sola
364 634 409 687 in
440 647 502 687 se
520 630 797 700 compellit
825 638 1040 700 peccata
1067 627 1327 698 dormire)
1360 626 1682 683 maeroribus
1711 642 1803 682 or-

257 725 411 796 bitatis,
439 722 765 796 necessitate
803 722 911 777 litis
945 721 1177 789 adiecta,
1232 720 1288 775 in
1331 719 1632 776 remedium
1676 720 1803 775 mali

257 794 448 884 duplicis
474 794 862 887 perfectionem
893 820 1087 866 vestra:
1120 811 1508 887 consolationis
1542 818 1806 884 expetere

259 905 458 979 festinat,
480 912 757 977 gratanter
781 886 1024 956 habitura
1045 941 1063 969 ,
1094 900 1209 956 sive
1244 899 1385 955 istud
1426 898 1521 954 tibi
1568 900 1807 970 peregri-

258 998 370 1052 natio
396 996 593 1062 brevis,
627 1010 724 1049 seu
756 995 972 1065 longum
1001 1002 1341 1064 computetur
1356 992 1616 1047 officium.
1645 992 1810 1062 Igitur

258 1089 438 1161 praefata
470 1083 796 1161 venerabilis
824 1086 1009 1141 fratris
1032 1072 1139 1141 mei
1172 1100 1315 1140 nunc
1347 1084 1460 1154 iam
1506 1084 1807 1155 presbyteri

259 1178 520 1251 Agrippini,
549 1193 618 1234 ne
646 1177 964 1258 iniuriosum
992 1176 1064 1231 sit
1091 1176 1294 1231 dixisse
1336 1174 1612 1253 nequitiis,
1661 1182 1812 1231 certe

258 1273 474 1343 fatigatur
496 1270 719 1342 argutiis
742 1287 755 1323 :
778 1266 868 1340 qui
889 1256 1119 1325 abutens
1140 1268 1505 1325 imbecillitate
1528 1256 1811 1336 matronae,

255 1379 340 1420 non
359 1350 569 1419 desistit
594 1362 854 1432 spiritalis
876 1355 1068 1416 animm
1089 1362 1433 1437 serenitatem
1475 1362 1810 1418 saecularium

254 1440 581 1514 versutiarum
621 1451 836 1509 tiatibus
881 1453 1203 1509 turbidare:
1254 1454 1339 1509 cui
1381 1453 1498 1519 lilii,
1547 1468 1646 1508 nec
1692 1460 1816 1523 post

254 1526 398 1602 muIto
419 1545 629 1614 nepotis
657 1543 860 1609 amissi,
892 1543 1011 1597 dum
1029 1543 1228 1612 pariter
1249 1543 1418 1613 plagae
1448 1551 1719 1608 recentes,
1745 1542 1813 1596 ad

252 1625 469 1694 diuturni
499 1636 699 1692 viduvii
728 1635 919 1690 vulnus
947 1634 1236 1689 adduntur.
1284 1634 1636 1689 Tentavimus
1677 1635 1817 1688 inter

1909 441 2039 496 laris
2074 440 2184 495 ullo
2212 454 2459 509 supernas
2495 439 2678 509 rigatis
2722 440 2888 494 imbre
2926 440 3221 502 doctrinas;
3256 455 3362 493 non
3392 455 3493 510 ego

1907 540 2087 587 tamen
2128 540 2331 587 tantum
2380 531 2488 586 mei
2541 531 2841 586 meminens
2881 548 2987 588 non
3029 549 3168 596 sum,
3209 541 3321 587 uta
3361 535 3497 587 lueis

1908 638 2233 694 praesumam
2271 624 2512 695 partibus
2538 624 2729 693 aequali
2757 623 3053 678 officiorum
3099 627 3252 680 lance
3282 638 3496 707 cerritu-

1910 715 2057 771 dum.
2080 716 2212 770 Nam
2243 730 2363 771 cum
2393 725 2577 771 nostra
2602 714 2945 771 mediocritas
2975 726 3133 771 aetate
3163 718 3310 782 vitae,
3355 727 3460 773 tem
3479 748 3493 757 -

1915 822 2044 875 pore
2074 807 2370 878 dignitatis,
2402 806 2681 877 privilegio
2722 806 2848 871 loci,
2882 806 3040 861 laude
3069 808 3329 873 scientiis,
3353 809 3497 863 dono

1912 897 2261 954 conscientia:
2285 906 2476 952 vestra:
2504 896 2658 952 facile
2679 897 2953 963 vincatur;
2980 898 3185 952 nullum
3209 914 3497 963 meremur,

1911 991 1956 1046 si
1988 1006 2085 1060 par
2104 1001 2477 1060 exspectamus
2503 990 2819 1059 alloquium.
2868 991 3034 1059 Igitur
3054 1007 3163 1045 non
3193 992 3503 1046 incusantes

1914 1083 2187 1139 silentium
2216 1092 2479 1148 vestrum,
2512 1082 2607 1137 sed
2639 1082 3014 1152 loquacitatem
3052 1094 3290 1138 nostram
3324 1086 3503 1152 potius

1916 1174 2489 1242 excusarejnitentes,
2536 1176 2981 1231 commendamus
3028 1177 3239 1246 apicum
3281 1178 3503 1245 portito.

1914 1283 2075 1324 rem:
2126 1268 2280 1338 cuius
2327 1269 2373 1324 si
2417 1269 2901 1339 peregrinationem
2942 1278 3191 1339 prompto
3218 1269 3401 1324 favore
3426 1270 3505 1324 fo-

1916 1360 2107 1427 veatis,
2128 1360 2349 1430 grandis
2375 1361 2531 1431 ιθο
2557 1360 2861 1415 actionibus
2903 1360 3045 1414 illius
3082 1372 3266 1429 portus
3295 1364 3505 1416 securi~
3552 1349 3571 1365 “

1919 1453 2043 1506 tatis
2080 1452 2342 1521 aperitur.
2391 1451 2674 1521 Negotium
2723 1451 2850 1507 huic
2886 1452 3344 1507 testamentarium
3381 1462 3504 1508 est:

1919 1540 2223 1597 Iatenteum
2247 1542 2582 1611 propriarum
2610 1542 2801 1597 merita
2823 1541 3150 1597 chartarum.
3179 1544 3506 1612 Togatorutn

1921 1632 2029 1687 illic
2056 1640 2401 1702 perorantum
2432 1632 2623 1686 merita
2652 1634 2898 1701 peritiam
2925 1635 3213 1690 consulere
3235 1635 3507 1703 perrexit;

252 1738 522 1800 utrumque
569 1741 897 1796 componere
947 1739 1048 1780 nos
1101 1725 1333 1779 maxime
1374 1725 1567 1795 quibus
1623 1726 1676 1778 in
1724 1738 1818 1780 eos
1849 1729 2020 1795 Bpru
2068 1723 2293 1779 victoria
2338 1732 2767 1794 computaturus,
2820 1726 2866 1780 si
2909 1740 2969 1782 se
3019 1728 3346 1783 intellexerit
3386 1728 3511 1796 iure

249 1834 426 1875 novum
445 1816 538 1889 ius
559 1815 843 1888 professio,
865 1824 1236 1883 vetustumque
1258 1814 1526 1870 faciebant
1544 1814 1816 1881 amicitiae,

248 1912 409 1978 aliqua
429 1918 736 1976 censentes,
769 1905 1056 1961 suadentes
1100 1906 1385 1976 quaepiam,
1437 1906 1663 1977 plurima
1692 1920 1821 1976 sup-

244 2004 516 2073 plicantes,
548 1999 797 2070 quodque
835 1991 1126 2063 miremini,
1165 1996 1471 2053 in'otnnem
1513 1996 1820 2054 concordia:

244 2104 425 2148 statum
457 2091 617 2163 159
643 2088 941 2160 promptius
968 2102 998 2141 a
1043 2083 1269 2143 feminea
1321 2092 1472 2157 parte
1521 2088 1819 2144 discesSum

244 2192 333 2238 est.
374 2174 442 2236 Et
465 2195 771 2252 quanquam
802 2194 861 2234 se
887 2178 1044 2234 altius
1071 2177 1407 2249 profuturum
1444 2167 1568 2234 filia:
1600 2187 1821 2249 paterna

245 2274 455 2344 iactaret
511 2258 907 2341 praerogativa,
960 2269 1118 2322 nurui
1167 2277 1343 2323 tamen
1404 2268 1574 2339 magis
1622 2262 1822 2338 plaCuit

248 2352 613 2420 munificentiae
642 2359 902 2415 socrualis
934 2358 1155 2413 oblatio.
1200 2353 1437 2428 .lurgium
1482 2349 1698 2414 interim
1736 2372 1823 2415 se-

249 2450 538 2525 misopitum
563 2447 759 2508 vestris
786 2450 950 2506 modo
978 2441 1184 2505 sinibus
1234 2436 1482 2507 infertur.
1534 2452 1822 2509 Pacificate

247 2555 527 2613 certantes,
556 2553 614 2600 et
641 2538 958 2614 pontificalis
997 2532 1320 2599 auctoritate
1358 2544 1601 2600 censurte
1628 2549 1821 2615 suspe-

248 2639 341 2693 ctis
366 2632 468 2693 sibi
492 2633 733 2707 partibus
761 2625 983 2690 indicite
1010 2636 1259 2706 gratiam,
1305 2635 1468 2691 dicite
1515 2637 1818 2692 veritatem.

250 2722 434 2786 Sancta
462 2728 606 2785 enim
631 2727 881 2798 EutrOpia
897 2767 913 2793 ,
937 2726 982 2781 si
1010 2726 1136 2795 quid
1166 2725 1477 2782 vadimonio
1501 2742 1622 2783 meo
1641 2727 1821 2784 credi-

249 2822 332 2888 tis,
357 2818 637 2878 victoriam
665 2818 963 2889 computat,
995 2818 1041 2873 si
1069 2819 1154 2873 vel
1183 2828 1305 2889 post
1342 2814 1541 2873 damna
1578 2834 1683 2874 non
1714 2819 1821 2875 Iiti-

249 2923 352 2984 get.
400 2898 553 2969 Unde
600 2921 659 2968 et
705 2910 951 2981 suspicor
987 2908 1141 2965 vobis
1171 2924 1332 2963 unam
1374 2904 1822 2979 pronuntiandam

251 3005 456 3061 domum
513 2996 905 3060 discordiosam
930 3043 946 3071 ,
1003 3003 1133 3059 licet
1204 2995 1491 3058 inveniatis
1538 3012 1823 3075 utramque

1922 1811 2199 1882 superari;
2226 1812 2388 1867 modo
2417 1828 2484 1867 ne
2521 1813 2621 1869 sibi
2651 1816 2871 1883 suisque
2899 1815 3119 1871 desidiae
3154 1816 3284 1871 vitio
3312 1832 3509 1887 perpe-

1924 1917 2038 1957 ram
2085 1903 2294 1958 cavisse
2330 1902 2598 1972 culpetur.
2655 1905 2807 1958 Hunc
2855 1914 3080 1960 eatenus
3126 1908 3513 1963 commendare

1924 2008 2212 2063 praesumo,
2260 2002 2322 2049 ut
2365 1994 2412 2049 si
2457 2009 2582 2050 eum
2623 1995 2892 2052 instruere
2917 1997 3203 2065 dignanter
3229 1998 3512 2055 advocatio

1925 2085 2167 2141 consulta
2195 2084 2420 2153 fastidit,
2455 2085 2481 2123 δ
2519 2089 2814 2144 auctoritas
2841 2102 3060 2145 corona:
3109 2100 3212 2146 tute
3253 2092 3512 2147 dissimu.

1926 2177 2163 2235 lantibus
2182 2178 2398 2235 studeat
2430 2179 2699 2236 excudere
2725 2182 2969 2252 responsi
3009 2184 3364 2241 celeritatem.
3397 2186 3509 2241 Mes

1926 2286 2045 2326 mor
2063 2268 2233 2328 nostti
2260 2286 2381 2328 esse
2408 2272 2653 2343 dignare,
2683 2274 2897 2331 domine
2922 2290 3075 2345 papa.

2194 2426 2197 2429 λ
2486 2363 2815 2426 EPIS'I'OLA
2868 2366 2955 2421 IV.

2012 2518 2013 2521 η
2160 2452 2410 2529 Sidonius
2438 2455 2649 2509 domino
2676 2472 2827 2525 papa:
2857 2457 3005 2528 Lupo
3031 2460 3265 2514 salutem.

1996 2543 2201 2599 Pra-ter
2247 2544 2485 2599 officium
2521 2546 2663 2615 quod
2726 2548 3220 2618 incomparabiliter
3254 2553 3521 2610 eminenti

1924 2634 2248 2706 apostolatui
2274 2644 2365 2691 tuo
2388 2637 2508 2693 sine
2536 2639 2645 2694 tine
2668 2638 2917 2707 debetur,
2958 2650 3013 2696 et
3037 2643 3084 2696 si
3113 2644 3315 2714 absque
3344 2644 3513 2702 inter-

1923 2731 2182 2785 missione
2211 2729 2482 2796 solvatur,
2520 2732 2842 2788 commendo
2881 2734 3180 2803 supplicum
3211 2736 3513 2805 baiulorum

1926 2835 2026 2891 pro
2054 2835 2191 2877 nova
2218 2822 2543 2878 necessitate
2571 2831 2837 2878 vetustam
2880 2827 3330 2882 necessitudinem
3366 2845 3380 2882 :
3424 2830 3513 2900 qui

1925 2916 1980 2971 in
2007 2918 2306 2973 Arvernam
2324 2918 2597 2987 regionem
2627 2920 2840 2990 longum
2871 2920 2993 2990 iter,
3043 2922 3127 2977 his
3155 2926 3352 2995 quippe
3379 2937 3516 2982 tem-

1929 3013 2172 3083 poribus,
2227 3013 2456 3078 emensi,
2506 3027 2660 3069 casso
2704 3015 2888 3071 labore
2934 3029 3219 3073 venerunt.
3279 3021 3516 3091 Namque

253 3095 559 3154 discordem.
586 3084 794 3152 Memor
816 3095 983 3185 nostri
1006 3099 1128 3183 esSe
1154 3094 1398 3165 dignare,
1422 3095 1642 3152 domine
1664 3112 1818 3167 papa.
1849 3093 1894 3155 Ο
1928 3119 2090 3159 unam
2123 3114 2145 3142 ε
2163 3103 2418 3173 feminam
2446 3103 2514 3159 de
2533 3103 2811 3159 affectibus
2838 3106 2968 3171 suis,
3000 3123 3159 3177 quam
3184 3109 3320 3185 forte
3339 3109 3367 3148 ιι
3386 3084 3517 3167 vim

802 3180 1139 3242 EPISTULA
1178 3187 1264 3270 ut.
1507 3267 1511 3272 _

418 3279 665 3339 Sidonius
700 3274 907 3335 domino
936 3276 1086 3349 papa:
1114 3289 1141 3318 ει
1180 3279 1399 3335 Leontio
1432 3282 1669 3337 salutem.

314 3378 426 3435 Etsi
453 3379 613 3434 nullis
657 3374 958 3433 hortatibus
988 3373 1283 3446 primordia
1311 3384 1510 3431 nostrae
1533 3378 1823 3447 professio-

250 3488 573 3558 epitapltium
617 3486 757 3557 quod
798 3487 852 3541 in
901 3494 1084 3558 vetere
1120 3483 1356 3558 S.__Petri
1386 3484 1608 3543 basilica
1634 3465 1821 3545 Roma:

250 3555 528 3615 visebatur.
563 3555 663 3613 Est
687 3566 867 3612 autem
905 3555 1209 3625 huiusmodi
1242 3572 1257 3609 :

490 3647 769 3706 GABINIA
822 3646 1223 3704 GAUDENTIA
1271 3647 1336 3702 Il.
1388 3648 1454 3703 F.
1512 3648 1577 3703 IN

490 3721 635 3789 (ΝΑ
679 3719 840 3775 FUIT
901 3718 1333 3789 INIMITABILIS
1381 3714 1579 3774 CASTI

491 3790 623 3847 TAS
714 3789 782 3843 IN
883 3788 1287 3843 PRUBISSIMA
1394 3789 1577 3844 VERE

491 3859 745 3917 CUNDIA
840 3858 1411 3914 INCOMPARABILIS
1514 3861 1578 3914 IN

490 3929 837 3986 NOCENTIA
965 3928 1333 3983 I’ERPETUA
1423 3929 1587 3996 QUIE

496 3997 644 4059 SCI'l‘
685 4000 749 4054 IN
784 3998 959 4054 PACE
994 3998 1158 4066 QU/E
1206 3995 1395 4053 VIXIT
1426 3995 1582 4055 ANN.

498 4071 684 4128 XVIII.
718 4071 787 4125 Μ.
820 4070 911 4124 XI.
949 4071 1009 4123 D.
1044 4069 1182 4123 XXI.
1228 4068 1478 4126 VABIUS
1519 4072 1585 4127 VI

503 4141 686 4198 (ΣΤυῆ
706 4139 989 4197 CONJUGI
1012 4140 1072 4194 Β.
1096 4141 1168 4194 Μ.
1197 4139 1258 4192 D.
1288 4140 1400 4198 XII.
1426 4142 1582 4198 KAL.

497 4211 795 4269 AUGUST.

329 4293 356 4322 ι
397 4284 657 4353 Ερίερομο
685 4281 1008 4353 Arelatensi.
1043 4281 1203 4335 Multa
1231 4290 1353 4336 sunt
1386 4284 1436 4336 in
1469 4286 1643 4340 verbis
1674 4284 1828 4342 Sido-

254 4355 331 4408 nii
358 4352 473 4423 quae
500 4354 774 4409 Arelatem
798 4352 1118 4421 designent;
1153 4361 1209 4405 ut
1237 4353 1378 4421 quod
1408 4354 1482 4407 ait
1514 4356 1582 4409 de
1612 4357 1826 4423 privile-

254 4424 345 4492 gio
371 4426 471 4481 loci
496 4433 551 4480 et
576 4426 645 4479 de
677 4426 870 4492 togatis
891 4423 1002 4478 illic
1021 4423 1412 4491 perorantibus.
1432 4426 1827 4481 Arelatensium

254 4505 430 4550 autem
455 4497 769 4577 episcopum
813 4493 898 4547 his
928 4493 1260 4573 temporibus
1307 4494 1470 4549 fuisse
1522 4497 1824 4576 Leontium,

259 4565 399 4619 nulla
427 4576 508 4621 est
534 4565 819 4620 dubttatto.
857 4566 967 4637 Iloc
990 4579 1131 4637 etum
1160 4564 1453 4637 ostendunt
1479 4566 1645 4621 Hilari
1678 4581 1827 4637 papa:

1929 3210 2119 3265 gorum
2144 3195 2272 3266 (hoc
2292 3196 2435 3251 enim
2466 3197 2682 3252 nomine
2706 3198 2985 3268 indigenas
3016 3200 3346 3257 latrunculos
3379 3221 3520 3259 nun-

1930 3286 2149 3357 cupant)
2173 3297 2529 3357 superventus
2555 3287 2912 3355 abstraxerat,
2946 3290 3050 3345 isto
3080 3292 3363 3349 deductam
3395 3308 3520 3351 ante

1929 3380 2133 3450 aliquot
2152 3395 2342 3446 annos,
2374 3380 2599 3450 isticque
2626 3380 2964 3448 distractam,
2992 3398 3115 3437 cum
3145 3399 3249 3439 non
3281 3386 3418 3441 falso
3440 3388 3521 3442 in-

1930 3490 2164 3546 circulus
2208 3490 2579 3545 tantummodo
2630 3493 3291 3563 capillorumrentiueret,
3347 3499 3519 3558 instar

1932 3576 2168 3634 corong.
2199 3563 2287 3634 Sic
2309 3565 2452 3616 enim
2484 3563 2739 3634 describit
2762 3561 3053 3634 Gregorius
3090 3561 3293 3621 Turon.
3324 3569 3393 3624 de
3425 3573 3537 3627 Ni;

1930 3634 2073 3687 cetio
2100 3631 2446 3707 Trevirorum
2474 3632 2768 3707 episcOpo:
2806 3631 3170 3704 SCNicetius,
3216 3638 3418 3707 inqttit,
3456 3646 3521 3697 ob

1932 3713 2048 3780 ortu
2069 3718 2163 3755 suo
2186 3702 2400 3756 clericus
2421 3713 2494 3759 cst
2515 3703 2817 3780 designatus
2835 3720 2854 3758 :
2876 3722 2995 3757 nam
3024 3723 3138 3759 cum
3156 3702 3318 3780 portu
3342 3711 3521 3780 fuisset

1933 3773 2166 3851 elfusus,
2191 3788 2338 3851 omne
2362 3784 2515 3843 caput
2529 3773 2673 3851 ejus,
2705 3784 2760 3828 ut
2786 3783 2858 3851 est
2885 3773 3201 3851 consuetudo
3224 3773 3521 3851 puerorum,

1934 3861 1967 3897 a
1989 3843 2192 3911 capillis
2221 3844 2415 3896 nudum
2454 3846 2657 3912 quidem
2686 3847 2987 3899 cernebatur
3018 3862 3036 3901 :
3079 3848 3131 3901 in
3158 3843 3377 3906 circuitu
3401 3843 3521 3909 vero

1940 3916 2221 3987 mediorum
2241 3914 2546 3987 capillorum
2573 3916 2700 3968 ordo
2730 3918 2997 3986 apparuit,
3031 3927 3085 3971 ut
3107 3930 3313 3987 putares
3341 3924 3404 3976 ob
3432 3926 3522 3981 iis.

1942 3985 2057 4060 dem
2084 4000 2325 4037 coronam
2352 3984 2523 4060 clerici
2548 3987 2707 4055 fuisse
2729 3984 3000 4060 signatam.
3029 3984 3224 4060 ‘Hudie
3252 3994 3391 4060 apud
3424 4011 3523 4050 nos

1943 4055 2214 4125 antiquam
2240 4068 2455 4129 coronm
2492 4045 2714 4129 formam
2748 4045 2857 4129 65
2880 4059 2980 4111 soli
3020 4057 3131 4112 fere
3158 4045 3405 4129 monachi
3426 4045 3521 4119 is:

1944 4129 2137 4191 tinent,
2166 4133 2218 4180 et
2247 4128 2394 4194 pueri
2424 4128 2636 4181 vdeales
2665 4127 3051 4196 symphoniaci.
3081 4128 3212 4181 Nam
3231 4127 3409 4186 brevis
3433 4135 3523 4189 ille

1943 4196 2091 4251 orbis
2122 4199 2174 4250 in
2201 4197 2400 4252 vertice
2427 4212 2532 4267 quo
2553 4197 2679 4251 cieri
2714 4212 2838 4265 pars
2866 4214 3053 4260 magna
3076 4199 3259 4263 utitur,
3285 4203 3523 4259 insolens

1941 4268 2071 4320 olim
2104 4277 2263 4336 atque
2292 4268 2576 4323 inusitatus
2598 4272 2649 4322 in
2673 4268 2915 4324 Ecclesia
2939 4268 3055 4334 fuit,
3085 4279 3142 4323 ut
3169 4272 3325 4327 docet
3349 4287 3539 4330 canon

1935 4338 2006 4393 40
2029 4337 2243 4393 concilii
2275 4353 2326 4390 tv
2356 4338 2624 4392 Toletani.

2010 4418 2034 4447 ο
2075 4408 2153 4462 De
2196 4407 2395 4479 familia
2448 4410 2822 4479 propinquam.
2874 4409 3128 4465 Paulinus
3178 4421 3363 4469 auctor
3411 4414 3525 4471 Eu-

1934 4478 2207 4533 charistici
2240 4497 2252 4530 :

2059 4558 2179 4608 Cum
2196 4558 2313 4607 mihi
2336 4559 2480 4621 plena
2497 4561 2668 4610 domus
2691 4561 2812 4610 caris
2828 4560 3085 4611 affectibus
3104 4569 3259 4615 esset.

259 4637 495 4702 epistolae
520 4655 531 4689 ε
557 4652 626 4691 ex
645 4637 839 4704 quibus
860 4635 1023 4689 etiam
1053 4634 1309 4689 docemur
1338 4634 1619 4691 Leontium
1644 4630 1826 4693 sedem
1857 4636 1905 4697 ι)
1934 4630 2003 4684 Et
2029 4637 2150 4700 ροει
2176 4630 2279 4682 alia
2310 4646 2323 4681 ε

259 4704 439 4760 iniisse
465 4722 603 4761 anno
628 4704 754 4769 462,
806 4705 907 4759 hoc
949 4713 1032 4760 est
1069 4707 1254 4759 decem
1294 4704 1411 4775 plus
1451 4708 1629 4762 minus
1671 4710 1830 4763 annis

258 4786 381 4830 ante
406 4777 703 4831 Sidonium.
745 4775 991 4847 Synodus
1024 4782 1289 4847 prieterea
1310 4776 1640 4832 Arelatensis
1674 4780 1830 4847 cuius

261 4848 495 4902 meminit
546 4842 803 4909 Faustus,
845 4845 931 4900 cui
976 4842 1192 4913 praefuit
1242 4842 1382 4900 idem
1422 4847 1678 4903 Leontius
1708 4842 1832 4905 z'et

260 4914 454 4971 Huricii
480 4917 736 4986 epistula
762 4916 828 4970 ad
861 4917 1135 4979 Ennium,
1194 4916 1247 4969 in
1287 4932 1391 4986 qua
1441 4919 1665 4975 Leontio
1706 4931 1833 4975 tunc

257 4986 364 5057 vita
393 4984 573 5042 functo
598 4984 852 5041 AEonium
883 4987 1209 5042 successisse
1238 4984 1523 5057 significat.
1580 4988 1835 5045 Leontius

258 5054 641 5130 Foroiuliensis
670 5060 737 5113 de
767 5072 872 5127 quo
901 5059 984 5130 vir
1004 5057 1192 5130 doctus
1222 5054 1556 5130 suSpicatur,
1610 5060 1835 5117 Sidonio

257 5132 490 5183 anterior
521 5127 641 5193 fuit,
682 5128 1091 5197 Burdegalensis
1120 5132 1405 5195 posterior.

328 5197 354 5235 δ
394 5200 667 5254 Eunodius
704 5199 1030 5269 Symmacho
1068 5212 1217 5267 papze
1248 5199 1339 5252 lib.
1373 5214 1453 5263 tv,
1505 5201 1666 5269 epist.
1714 5201 1785 5257 2‘2
1818 5212 1833 5250 :

256 5264 434 5336 Erigat
460 5273 700 5338 parvulos
722 5264 997 5337 implorata
1018 5264 1220 5323 corona
1246 5279 1421 5323 vestra:
1457 5264 1735 5325 miseratio.
1782 5273 1837 5325 Id

254 5349 337 5409 εει
367 5343 658 5395 auctoritas
702 5350 811 5405 tua,
861 5342 1135 5397 miseratio
1181 5353 1380 5393 vestra.
1435 5339 1500 5394 Ut
1550 5356 1837 5409 purpuram

249 5408 519 5467 interdum
550 5426 647 5479 pro
674 5410 916 5481 principe
936 5410 1293 5481 dicimus,sic
1312 5424 1567 5481 coronam
1600 5408 1697 5480 pro
1725 5413 1838 5465 cle-

246 5484 364 5536 rico
390 5500 403 5535 :
439 5483 561 5549 quia
592 5484 707 5535 haec
736 5480 943 5550 insigne
972 5492 1053 5537 est
1076 5480 1279 5551 clerici,
1332 5489 1393 5551 ut
1444 5480 1530 5533 illa
1560 5482 1834 5551 principis.

240 5553 583 5622 Augustinus
615 5549 934 5617 Proculiano
962 5554 1121 5621 epist.
1156 5550 1255 5605 I47
1284 5567 1296 5601 :
1333 5549 1434 5603 Per
1466 5566 1707 5604 coronam
1734 5549 1837 5605 Vno-

233 5635 408 5676 stram
448 5639 540 5675 nos
582 5622 831 5690 adjurant
858 5627 1006 5676 vestri
1031 5639 1049 5675 :
1090 5638 1178 5690 per
1225 5629 1470 5674 corortam
1509 5632 1725 5677 uestram
1751 5638 1837 5677 vos

232 5697 501 5765 adjurant
530 5693 714 5745 nostri.
755 5692 997 5746 Tonsura
1027 5691 1293 5752 clericalis
1312 5692 1385 5748 ita
1414 5691 1542 5749 olim
1572 5693 1753 5765 fiebat,
1779 5703 1837 5749 ut

536 5811 813 5872 Pnnon.
860 5808 1053 5871 LVIII

2172 4710 2271 4770 iam
2293 4709 2475 4758 dudum
2497 4712 2684 4758 cunctis
2707 4709 2963 4775 affectibus
2987 4723 3172 4775 expers

2055 4770 2219 4819 Prima
2237 4783 2378 4820 socru
2404 4784 2461 4819 ac
2484 4780 2661 4831 matre,
2686 4772 2867 4821 dehinc
2892 4783 2944 4822 et
2966 4770 3177 4838 coniuge
3198 4775 3377 4829 functa.

2004 4849 2030 4889 ἀ
2072 4850 2326 4906 Sidonius
2354 4851 2469 4918 ipse
2501 4853 2884 4920 interpretatur
2933 4852 3213 4923 indigenas
3252 4859 3526 4914 latruncu-

1935 4923 2040 4977 Ios.
2089 4922 2311 4989 Proprie
2364 4931 2537 4975 tamen
2584 4923 2739 4992 Vargi
2786 4922 3101 4978 dicebantur
3145 4939 3411 4993 extorres,
3472 4944 3527 4987 et

1940 4993 2109 5063 patria
2146 4992 2352 5058 expulsi
2394 5008 2408 5045 :
2453 5003 2510 5046 ut
2539 4994 2592 5046 in
2622 4994 2740 5062 lege
2767 4993 3017 5061 Ripuaria
3050 4996 3118 5049 87
3168 5008 3224 5051 et
3268 5001 3319 5053 in
3351 4992 3526 5057 salica

1941 5062 2011 5143 b7
2038 5081 2048 5114 :
2170 5064 2283 5132 quis
2306 5078 2489 5143 corpus
2509 5064 2624 5143 janm
2649 5067 2903 5131 sepultum
2923 5066 3233 5143 _e:cfodierit,
3259 5081 3304 5123 et
3344 5088 3529 5143 exspo-

1942 5134 2163 5213 iiuverit,
2193 5149 2395 5204 wargus
2432 5134 2534 5213 sit,
2560 5134 2654 5187 hoc
2676 5143 2751 5213 est
2770 5137 3020 5213 expulsus
3049 5140 3113 5191 de
3152 5145 3325 5213 eodem
3372 5134 3523 5213 pa'go.

1942 5204 2204 5258 Nimirum
2231 5219 2298 5259 ex
2327 5204 2568 5275 profugis
2591 5205 2867 5258 exsulibus
2899 5208 3164 5275 indigena:
3196 5212 3332 5264 fiunt
3364 5204 3527 5266 iatio~

1943 5289 2062 5329 nes.
2116 5276 2230 5346 Non
2280 5274 2529 5346 diSsintili
2580 5286 2742 5346 sensu
2791 5274 3080 5346 aliquando
3126 5281 3255 5333 dicti
3306 5292 3431 5334 sunt
3473 5296 3526 5335 et

1942 5345 2224 5414 Bagaudre.
2285 5345 2533 5399 Aurelius
2581 5344 2765 5400 Victor
2818 5344 3289 5402 in'Diocletiano:
3340 5350 3526 5404 Exciu

1944 5432 2101 5469 manu
2129 5415 2404 5484 agrestium
2431 5431 2494 5468 ac
2522 5416 2800 5483 latronum,
2856 5434 2983 5484 quos
3028 5417 3306 5484 Bugaudas
3344 5422 3527 5475 incolm

1944 5495 2146 5539 vocant.
2183 5485 2308 5539 Item
2344 5485 2612 5545 Scantari,
2663 5486 2835 5552 legum
2868 5485 3336 5552 Longobardarum
3371 5492 3522 5543 ti.nlu

1933 5557 1966 5632 _I_
1992 5554 2137 5632 apud
2161 5554 2494 5632 Jornandem
2524 5559 2576 5612 in
2614 5559 2838 5616 Geticis.
2866 5561 3180 5632 Eugyppius
3207 5564 3261 5617 in
3293 5562 3415 5619 Vita
3454 5565 3513 5620 S.

1934 5628 2181 5704 Severini
2210 5646 2223 5680 :
2261 5626 2390 5704 Istri
2420 5629 2616 5697 ﬂuenta
2652 5626 3037 5704 prietermea'n's'
3058 5626 3297 5689 'latrones
3330 5640 3543 5704 prope-It

1932 5710 2113 5755 rantur
2141 5698 2450 5769 insequitur,
2481 5716 2609 5771 quos
2652 5701 2835 5771 vulgus
2879 5702 3162 5757 Scamaros
3194 5698 3512 5771 ιψριῐιςιιέηρι,
