3946 6176
423 290 530 347 5Ξ›5

1695 286 1935 341 smosn
1976 283 2414 342 APOLLINARlS
2496 255 2503 261 ’

3581 280 3680 344 558

421 404 560 458 dicio
599 400 1011 469 comperisscnt,
1054 400 1219 454 certis
1267 398 1480 467 quidem
1519 397 1707 467 signis,
1754 398 1849 452 sed
1895 414 1998 452 non
2028 404 2080 462 Α
2108 405 2274 462 ceret,
2304 407 2364 451 ut
2388 394 2593 465 gladius
2625 394 2914 465 impolitus,
2958 394 3025 449 de
3065 406 3211 449 curm
3242 394 3462 449 raritate
3488 393 3677 467 rubigi-

421 494 727 549 recentibus
771 492 1099 561 inquisivere
1135 490 1390 560 chtigiis.
1444 491 1615 559 Atque
1666 489 1839 543 obiter
1883 488 2000 545 htec

422 584 609 639 eadem
639 584 927 646 laboriosa,
957 582 1257 650 priusquam
1291 580 1325 634 ii
1356 579 1626 647 adessent,
1675 580 1726 632 in
1758 578 1998 647 negotia-

422 676 554 749 tori:
583 675 750 730 nostri
783 674 944 729 domo
973 673 1343 741 dominioque;
1386 671 1557 741 palam
1606 686 1736 726 sane
1780 686 2001 725 venum-

422 769 544 820 data
573 767 913 834 defungitur;
969 765 1120 834 161
1153 762 1383 832 quodam
1423 761 1691 815 Prudente
1727 761 1852 831 (hoc
1880 761 2000 815 viro

416 874 642 923 nomen,
671 872 829 926 quem
863 870 1003 909 nunc
1019 853 1350 908 Tricassibus
1372 852 1564 920 degere
1586 851 1724 906 fama
1745 850 1998 923 divulgat)

423 951 725 1019 ignotorum
757 949 910 1002 nobis
942 946 1215 999 hominum
1255 944 1591 998 collaudante
1624 952 1997 1007 contractum;

422 1046 578 1112 cujus
611 1040 933 1109 subscriptio
969 1039 1105 1091 intra
1138 1035 1418 1089 formulam
1462 1034 1845 1099 nundinarum,
1885 1044 2003 1088 tan-

424 1152 584 1204 quam
636 1134 812 1188 idonei
865 1128 1259 1199 astipulatoris,
1308 1127 1627 1181 ostenditur.
1697 1126 2002 1182 Auctoritas

423 1240 689 1297 persoum,
741 1220 1111 1290 opportunitas
1144 1219 1609 1288 praesentiaetuw,
1655 1217 1794 1273 inter
1821 1231 2000 1272 coram

424 1318 631 1385 positos
673 1314 829 1367 facile
866 1311 1084 1374 valebit,
1130 1310 1175 1363 si
1229 1308 1551 1378 dignabitur,
1595 1309 1789 1362 seriem
1840 1306 2003 1362 totius

424 1408 680 1475 indagare
700 1404 988 1459 violentim.
1012 1403 1141 1469 Quae
1171 1400 1311 1470 quod
1334 1402 1546 1470 gravius
1576 1410 1680 1466 est,
1713 1416 1778 1455 eo
1801 1400 2006 1455 facino-

425 1500 500 1553 ris
529 1497 778 1559 accessit,
807 1503 1062 1564 quantum
1089 1492 1404 1560 portitorum
1433 1490 1781 1545 datttrtnosse
1804 1505 2008 1545 memo-

424 1600 568 1655 ratu,
602 1598 660 1643 ut
680 1589 838 1643 etiam
871 1587 924 1640 in
947 1586 1040 1639 illo
1069 1585 1348 1639 latrocinio
1378 1583 1663 1653 quemdam
1692 1583 1760 1639 de
1782 1598 2006 1638 numero

426 1684 662 1737 viantum
692 1687 904 1735 constet
932 1678 1272 1733 eaStinctum.
1315 1676 1420 1731 Sed
1451 1677 1575 1745 quia
1613 1676 1797 1745 judieii
1843 1677 2003 1730 visiri

428 1776 745 1830 medicinam
788 1778 1087 1840 expetunt,
1136 1743 1548 1837 civilitatemque
1603 1743 1690 1837 qui
1734 1769 2001 1837 negotium
2040 1743 2083 1801 Β

426 1866 709 1922 criminale
751 1863 1086 1934 parturiunt;
1132 1870 1455 1927 vestrarum,
1501 1859 1545 1911 si
1597 1859 1731 1913 bene
1789 1862 2001 1921 metior,

428 1958 659 2027 partium
699 1954 895 2024 pariter
923 1963 977 2008 et
999 1965 1206 2005 morum
1242 1961 1354 2015 est,
1395 1950 1568 2018 aliqua
1592 1948 1827 2003 indemni
1859 1964 2007 2002 com-

426 2050 692 2121 positione
717 2048 941 2100 istorttm
965 2042 1156 2107 dolori,
1190 2041 1398 2095 illorum
1421 2040 1658 2109 periculo
1686 2040 2004 2105 subvenire;

429 2150 485 2195 et
512 2137 740 2209 quodam
779 2135 1007 2190 salubris
1054 2131 1334 2187 sententiae
1385 2138 1829 2199 temperamento,
1872 2128 2009 2184 hanc

428 2239 633 2301 partem
665 2228 841 2283 minus
862 2226 1139 2292 afﬂictam,
1168 2223 1312 2278 illam
1337 2222 1513 2276 minus
1545 2237 1713 2290 ream,
1738 2233 1791 2276 et
1814 2232 2010 2276 utram-

427 2339 533 2394 que
562 2323 679 2393 plus
712 2321 889 2374 facere
909 2331 1150 2373 securam
1182 2334 1194 2371 :
1246 2330 1315 2370 ne
1357 2314 1521 2384 jurgii
1562 2324 1755 2380 status,
1798 2324 1857 2370 ut
1888 2329 2011 2369 sese

368 2480 379 2494 ε
430 2418 537 2472 fert
576 2412 832 2483 temporis
874 2411 1084 2479 locique
1135 2408 1395 2471 civilitas,
1452 2406 1611 2461 talem
1663 2406 1903 2462 discedat
1945 2406 2011 2461 ad

433 2506 741 2569 terminum,
764 2503 978 2573 qualem
1006 2500 1169 2569 coepit
1199 2498 1394 2553 habere
1444 2496 1785 2567 principium.
1811 2496 2014 2552 Memor

432 2599 601 2655 nostri
629 2611 751 2653 esse
778 2595 1023 2663 dignare,
1047 2575 1265 2645 domine
1295 2603 1451 2659 papa.

1000 2680 1332 2737 EPISTULA
1390 2678 1453 2733 V.

572 2778 823 2833 Sidonius
848 2775 1056 2830 domino
1080 2788 1227 2844 papte
1257 2782 1280 2808 ι·
1302 2769 1606 2840 TlteOplasto
1635 2770 1872 2823 salutent.

499 2871 725 2928 Causam
757 2884 929 2925 meam
959 2867 1206 2921 nesciens
1232 2865 1364 2935 agit,
1394 2865 1483 2934 qui
1512 2863 1579 2917 ad
1610 2878 1705 2917 vos
1744 2880 1773 2917 a
1804 2879 1888 2918 me
1930 2864 2018 2919 Iit-

428 2974 571 3019 teras
592 2970 791 3031 portat.
826 2960 957 3014 Nam
989 2957 1115 3011 dum
1147 2956 1311 3009 votivi
1340 2955 1471 3009 mihi
1502 2954 1795 3023 fitgerulus
1822 2969 2019 3024 oppor-

429 3064 591 3108 tunus
618 3050 803 3114 ofﬁcii,
833 3049 1159 3103 beneﬁcium
1193 3054 1440 3115 praestat,
1468 3045 1610 3115 quad
1636 3059 1694 3099 se
1722 3047 2014 3101 arbitratur

394 3137 716 3213 ’accipere:
749 3141 909 3195 sicuti
950 3154 1095 3194 nunc
1148 3138 1476 3193 venerabilis
1529 3138 1809 3207 Donidius,
1852 3142 2006 3212 162

429 3239 621 3307 dignus
650 3236 793 3290 inter
822 3231 1245 3303 spectatissimos
1273 3245 1514 3301 quosque
1542 3233 1833 3300 numerari,
1858 3233 2008 3301 cujus

428 3330 679 3386 clientem
726 3341 1030 3398 puerosque
1071 3324 1411 3389 commendo,
1460 3324 1751 3393 profectos,
1806 3341 1900 3381 seu
1954 3328 2008 3381 in

429 3414 641 3495 patroni
667 3421 1064 3484 necessitatem,
1095 3433 1190 3472 seu
1222 3418 1272 3471 in
1310 3416 1534 3471 domini.
1564 3415 1826 3472 Laborem
1855 3434 2011 3486 pere-

428 3515 776 3586 grinantium,
809 3528 912 3582 qua
944 3509 1168 3580 potestis
1207 3523 1334 3577 ope,
1365 3507 1713 3574 humanitate,
1745 3509 2010 3564 interces-

429 3606 581 3661 sione
613 3604 857 3659 tutamini
885 3619 896 3653 :
943 3617 1006 3656 ac
1033 3601 1078 3655 si
1111 3601 1162 3653 in
1191 3599 1369 3668 aliquo
1398 3599 1600 3653 amicus
1644 3602 1757 3669 ipse
1788 3616 1882 3668 per
1908 3601 2007 3654 im-

432 3699 673 3768 peritiam
708 3696 1107 3764 novitatemque
1139 3692 1365 3761 publica:
1406 3693 1830 3747 conversationis
1860 3693 2007 3749 vide-

430 3789 574 3842 hitur
605 3788 782 3841 minus
837 3787 1049 3851 efﬁcax,
1084 3801 1179 3838 vos
1238 3785 1339 3838 hoc
1384 3784 1557 3852 potius
1603 3785 1846 3853 aspicite,
1878 3786 2006 3854 qttid

431 3879 667 3932 absentis
684 3892 865 3942 causa,
886 3892 989 3931 non
1014 3875 1138 3945 quid
1165 3876 1443 3943 przesentis
1468 3891 1694 3944 persona
1719 3888 2006 3932 mereatur.

432 3969 586 4024 Memt
611 3983 637 4021 r
666 3966 835 4021 nostri
860 3980 980 4021 esse
1004 3965 1243 4034 dignare,
1275 3964 1492 4019 domine
1520 3980 1673 4034 papa.

1000 4053 1326 4110 EPISTOLA
1367 4054 1431 4107 VI
1443 4097 1454 4108 .

610 4149 855 4206 Sidonius
879 4149 1083 4202 domino
1106 4162 1253 4218 papte
1282 4145 1310 4185 δ
1338 4145 1584 4215 Eutrapio
1606 4147 1841 4200 salutem.

505 4245 787 4313 Postquam
820 4239 1152 4308 foedifragam
1192 4248 1408 4306 gentem
1452 4237 1660 4291 redisse
1693 4238 1743 4291 in
1769 4253 1894 4294 suas
1925 4254 2013 4297 se-

432 4336 527 4391 des
548 4334 809 4403 comperi,
858 4346 1029 4401 neque
1057 4329 1347 4400 quidquam
1391 4328 1658 4383 viantibus
1701 4331 2009 4387 insidiarum

432 4442 651 4496 parare;
678 4424 825 4481 nefas
848 4421 1050 4478 credidi
1072 4420 1299 4476 ulterius
1324 4419 1623 4475 officiorum
1655 4421 1870 4478 dill‘erre
1897 4437 2011 4478 scr-

2102 505 2246 544 nem.
2283 487 2434 544 Unde
2464 487 2629 541 misso
2660 487 2713 540 in
2754 488 2854 540 hoc
2884 486 3059 539 solum
3090 486 3289 553 negotii
3321 486 3513 554 gerulo
3537 484 3553 539 l
3578 495 3681 542 tte-

2103 596 2305 646 rarum,
2335 595 2493 649 quam
2526 579 2681 633 vobis
2727 579 2797 633 sit
2836 577 3138 647 corpusculi
3185 585 3358 631 status
3410 576 3679 645 insolida,

2103 688 2329 743 quamve
2357 688 2422 727 ex
2454 672 2615 725 animi
2645 670 2905 726 sententia
2934 684 3023 725 res
3052 677 3293 739 agantur,
3314 667 3577 723 sollicitus
3607 670 3682 722 in-

2103 766 2258 835 quiro
2284 783 2296 816 :
2333 778 2559 833 sperans
2588 779 2655 817 ne
2683 762 2852 817 semel
2875 761 3007 815 mihi
3033 776 3186 815 amor
3213 768 3395 815 vester
3425 759 3681 824 indultus,

2103 867 2194 910 aut
2215 856 2477 924 interjecti
2501 855 2707 909 itineris
2731 853 3083 923 longitudine,
3115 859 3207 906 aut
3251 851 3510 907 absentia:
3540 865 3683 905 com-

2105 953 2282 1007 munis
2303 952 2648 1005 diuturnitate
2676 959 2961 1004 tenuetur:
2995 950 3115 1017 quia
3150 947 3359 1001 bonitas
3393 945 3684 1001 conditor's

2106 1044 2487 1099 habitationem
2517 1043 2696 1114 potius
2729 1042 3004 1096 hominum
3042 1055 3201 1110 quam
3247 1039 3526 1093 caritatem
3560 1040 3685 1092 fina-

2106 1136 2244 1189 libus
2272 1135 2477 1190 claudit
2524 1134 2805 1202 angustiis.
2855 1135 3040 1187 ltestat
3086 1142 3145 1187 ut
3186 1140 3366 1186 vestra
3413 1131 3686 1186 beatitudo

2106 1224 2495 1293 compunctorii
2546 1224 2859 1278 salubritate
2906 1222 3172 1277 sermonis
3220 1222 3429 1275 avidam
3488 1233 3688 1278 nostra

2107 1316 2418 1386 ignorantia:
2441 1324 2622 1381 pascat
2651 1313 2903 1368 esuriem.
2939 1314 3029 1367 Est
3049 1313 3190 1367 enim
3220 1312 3315 1367 tibi
3357 1311 3516 1366 nimis
3543 1313 3686 1380 usui,

2107 1417 2166 1463 ut
2185 1408 2650 1464 exhortationibus
2682 1408 2785 1462 tuis
2824 1406 3095 1460 interioris
3130 1406 3284 1476 163
3320 1405 3547 1459 hominis
3576 1420 3690 1458 tua-

2108 1502 2244 1556 ciem
2273 1514 2648 1569 stepenumero
2669 1499 2925 1569 mysticus
2955 1497 3119 1564 adeps
3148 1506 3201 1549 et
3230 1495 3485 1563 spiritalis
3504 1496 3689 1551 arvina

2108 1592 2399 1648 distendat.
2431 1592 2636 1646 Memor
2666 1591 2832 1643 nostri
2862 1604 2982 1643 esse
3008 1589 3248 1657 dignare,
3288 1589 3503 1643 domine
3526 1603 3685 1658 papa.

2658 1681 2985 1737 EPISTULA
3029 1679 3139 1734 VII.

2288 1780 2533 1837 Sidonius
2560 1778 2765 1833 domino
2795 1792 2941 1846 papa:
2972 1785 2995 1813 ε
3026 1773 3244 1829 Fonteio
3270 1775 3505 1829 salutent.

2179 1874 2234 1928 Si
2262 1873 2462 1940 aliquid
2493 1871 2557 1925 ad
2606 1869 2957 1923 inchoandam
2988 1868 3213 1937 gratiam
3261 1866 3567 1937 compendii
3602 1882 3701 1936 po-

2109 1966 2268 2019 steris
2303 1963 2499 2017 tribuat
2530 1961 2868 2016 necessitudo
2925 1960 3198 2028 pra'missa
3253 1959 3550 2025 seniorum,
3599 1975 3705 2029 ego

2108 2069 2321 2127 quoque
2364 2054 2431 2109 ad
2461 2054 2791 2123 apostolatus
2822 2050 2895 2105 tui
2936 2051 3177 2105 notitiam
3238 2050 3533 2118 pleniorem
3574 2064 3705 2104 cum

2109 2148 2457 2220 praerogativa
2511 2145 2821 2199 domesticae
2866 2140 3245 2195 familiaritatis
3284 2142 3507 2195 accedo.
3562 2140 3702 2195 Nam

2110 2242 2189 2298 sic
2215 2251 2265 2295 te
2297 2237 2513 2293 familia:
2542 2252 2679 2292 mea:
2701 2234 3089 2288 validissimum
3138 2233 3191 2287 in
3243 2232 3457 2287 Christo
3485 2248 3706 2303 semper

2113 2339 2393 2401 patronum
2443 2328 2608 2382 fuis=e
2655 2326 2992 2389 reminiscor,
3023 2332 3081 2377 ut
3120 2323 3387 2379 amicitias
3430 2330 3550 2379 tuas
3595 2341 3709 2379 non

2116 2431 2223 2474 tam
2252 2418 2585 2489 expetendas
2615 2416 2747 2470 mihi
2787 2431 2947 2484 quam
2984 2415 3306 2483 repetendas
3356 2424 3558 2483 putem.
3611 2416 3709 2470 IIis

2112 2512 2382 2583 adjicitur,
2408 2509 2548 2580 quod
2593 2507 2965 2577 indignissimo
2993 2505 3123 2559 mihi
3170 2506 3480 2575 impositum
3521 2520 3710 2561 saccr~

2114 2604 2308 2661 dotalis
2338 2617 2534 2657 nomen
2560 2600 2719 2654 ofticii
2768 2597 3057 2664 confugere
3109 2612 3195 2653 me
3245 2598 3310 2650 ad
3361 2612 3586 2667 precum
3615 2615 3711 2655 ve-

2115 2707 2350 2752 strarum
2373 2694 2618 2766 praesidia
2646 2692 2925 2761 compellit
2949 2708 2961 2743 :
2994 2700 3053 2745 ut
3081 2690 3256 2745 adhuc
3290 2689 3552 2746 ulcerosa:
3578 2706 3712 2747 can-

2116 2791 2355 2847 scientia:
2385 2787 2544 2843 nimis
2574 2785 2748 2840 hiulca
2780 2785 3002 2839 vulnera
3044 2792 3223 2838 vestro
3271 2783 3462 2837 saltem
3492 2784 3712 2839 cicatri-

2117 2892 2306 2938 centur
2334 2890 2506 2935 oratu.
2541 2878 2877 2947 Quapropter
2898 2890 2989 2930 me
3014 2890 3267 2945 meosque
3293 2874 3711 2941 commendans,

2119 2982 2173 3029 et
2203 2986 2468 3027 excusans
2500 2970 2706 3024 litteras
2750 2967 3005 3031 seriores,
3049 2964 3325 3035 granditer
3352 2958 3606 3029 Obsecro,
3661 2976 3715 3021 ut

2121 3063 2508 3119 intercessione
2531 3067 2785 3115 consueta
2813 3056 2967 3126 cujus
2980 3055 3182 3109 viribus
3207 3056 3440 3110 immane
3465 3055 3713 3123 polletis,

2116 3153 2377 3210 clericalis
2416 3150 2647 3207 tirocinii
2672 3150 2724 3203 in
2759 3149 2913 3202 nobis
2935 3146 3199 3217 reptantia
3228 3146 3529 3201 rudimenta
3559 3156 3716 3202 tuea-

2084 3245 2244 3300 ‘mini
2277 3262 2291 3298 :
2324 3251 2381 3298 ut
2416 3242 2462 3297 si
2484 3241 2609 3312 quid
2634 3239 2937 3311 dignabitur
2963 3239 3030 3293 de
3072 3253 3279 3293 morum
3313 3240 3576 3305 pravitate
3613 3256 3716 3295 no-

2112 3347 2347 3393 strorum
2375 3334 2721 3390 immutabilis
2747 3332 2837 3388 Dei
2870 3340 3079 3387 mutare
3108 3333 3413 3397 clementia,
3444 3342 3623 3388 totum
3660 3335 3712 3388 id

2112 3427 2486 3497 suffragiorum
2510 3434 2810 3480 vestrorum
2835 3423 3133 3493 patrocinio
3155 3424 3472 3480 debeamus.
3499 3425 3715 3481 Memor

2115 3519 2286 3575 nostri
2313 3534 2435 3575 esse
2465 3518 2708 3588 dignare.
2739 3517 2956 3571 domine
2988 3532 3145 3586 papa.

2559 3609 2715 3681 164
2755 3609 3085 3666 EPISTOLA
3127 3610 3261 3666 VIII.

2214 3704 2215 3707 “
2292 3702 2541 3757 Sidonius
2567 3702 2773 3754 domino
2804 3717 2952 3771 papa:
2987 3698 3015 3737 ἀ
3054 3699 3233 3755 Graeco
3287 3702 3523 3755 salutem.

2183 3793 2407 3862 Apicum
2452 3791 2661 3846 oblator
2702 3805 2992 3859 pauperem
3047 3792 3209 3843 vitam
3259 3791 3373 3844 sola
3431 3792 3722 3846 mercandi

2112 3884 2324 3939 actione
2349 3890 2642 3938 SttStentat:
2677 3896 2781 3936 non
2806 3882 2881 3935 illi
2910 3890 2991 3935 est
3020 3882 3291 3949 opiﬁcium
3324 3882 3576 3951 quaestui,
3610 3886 3718 3938 mi-

2112 3975 2229 4032 litia
2258 3974 2562 4038 commodo,
2594 3973 2801 4026 cultura
2833 3972 3151 4041 compendio
3182 3989 3195 4027 :
3227 3972 3325 4025 hoc
3358 3972 3532 4040 ipsum
3564 3975 3714 4043 quod

2120 4066 2467 4124 mercenariis
2526 4064 2998 4134 prosecutionibus
3035 4073 3091 4118 et
3122 4063 3352 4118 locatitia
3394 4063 3718 4131 fatigatione

2119 4157 2483 4227 cognoscitur,
2516 4156 2657 4210 fama
2685 4155 2899 4225 quidem
2931 4170 3047 4217 sua,
3102 4155 3195 4209 sed
3239 4154 3466 4208 facultas
3509 4159 3719 4211 crescit

2119 4250 2313 4304 aliena.
2344 4249 2451 4303 Sed
2481 4258 2657 4303 tamen
2683 4247 2935 4316 quoniam
2968 4246 3047 4299 illi
3077 4246 3208 4299 ﬁdes
3226 4259 3416 4314 magna
3445 4253 3552 4310 est,
3580 4257 3638 4300 et
3671 4246 3721 4301 si

2120 4354 2285 4411 parva
2316 4339 2632 4400 substantia,
2661 4337 2876 4408 quoties
2911 4353 3031 4392 cum
3063 4337 3304 4406 pecuniis
3330 4336 3723 4404 quorumpiam

2122 4437 2145 4466 ε
2177 4429 2627 4498 ςαιορτίῐεοοηιὶε
2674 4428 2939 4482 nundinas
2974 4427 3103 4492 adit,
3151 4425 3516 4481 creditoribus
3568 4426 3724 4481 bene

434 4534 671 4585 moneta,
701 4532 769 4572 ne
797 4526 977 4572 vester
1012 4514 1239 4570 allectus
1274 4512 1557 4582 quamdam
1588 4514 1722 4568 vitio
1770 4529 1891 4569 meo
1920 4516 2020 4571 du-
2051 4506 2101 4565 D
2124 4521 2357 4576 credulis
2386 4520 2502 4574 sola
2548 4520 2768 4589 deponit
2823 4534 3033 4574 morum
3080 4519 3449 4588 experimenta
3499 4534 3603 4588 pro
3637 4520 3725 4589 pi«

506 4692 534 4721 ιι
555 4681 724 4750 Hujus
755 4694 945 4735 nomen
977 4680 1115 4734 inter
1145 4677 1425 4750 episc0pos
1450 4678 1540 4746 qui
1578 4678 1785 4748 synodo
1814 4679 2008 4736 Arela-

437 4754 593 4814 tensi,
627 4748 694 4805 de
723 4765 824 4818 qua
849 4750 1098 4813 Faustus,
1128 4748 1514 4818 subscripsere.

508 4823 535 4861 δ
570 4822 646 4876 Ad
680 4817 820 4874 hunc
849 4819 987 4873 inter
1009 4819 1142 4872 alios
1163 4817 1351 4872 Galliae
1380 4818 1662 4889 episcopos
1693 4820 1886 4889 scripta
1917 4836 2013 4875 ex-

394 4904 400 4912 '
438 4891 790 4960 statepistola
818 4889 1165 4960 llilaripapte
1211 4902 1352 4960 anno
1399 4888 1523 4960 46f.
1579 4888 1822 4943 Interfuit
1851 4892 2011 4945 etiam

438 4958 644 5034 synodo
690 4959 998 5034 Arelatensi
1048 4958 1445 5034 suprascripta}.
1500 4959 1632 5013 Sunt
1661 4963 1775 5034 Aqui
1828 4970 2013 5027 putent

440 5030 823 5088 lirausicanum
845 5030 1157 5098 episcopum
1183 5042 1305 5083 esse
1330 5031 1483 5097 cujus
1510 5030 1711 5085 mentio
1742 5031 1792 5084 in
1817 5043 2017 5100 marty-

439 5104 659 5172 rolugiis
688 5116 737 5154 vt
764 5100 1096 5172 calumnias.

514 5185 535 5213 ε
563 5168 834 5240 Episcopo
859 5169 1191 5224 Vasionensi.
1224 5168 1335 5223 I-loc
1359 5169 1501 5240 enim
1536 5170 1690 5223 docet
1710 5170 1931 5240 epistola
1958 5171 2011 5233 ιι,

440 5246 533 5301 lib.
560 5239 656 5305 vti,
682 5241 748 5296 ad
777 5240 1048 5295 eumdem.
1096 5241 1272 5307 Quare
1322 5239 1461 5294 idem
1510 5255 1721 5310 quoque
1762 5239 2017 5295 Fonteius

441 5316 651 5369 videtur
680 5310 748 5366 ad
777 5325 934 5378 quem
977 5319 1032 5366 et
1068 5311 1301 5379 collegas
1346 5313 1628 5377 episcopos
1657 5320 1780 5364 sunt
1825 5312 2017 5365 Leonis

440 5383 619 5455 magni
665 5392 735 5455 et
774 5381 938 5455 Hilari
982 5380 1451 5455 ipapatepistgltc.
1492 5381 1573 5455 lix
1622 5380 1807 5455 Lucidi
1854 5383 2013 5436 etiam

479 5449 738 5525 resbyteri
770 5449 1296 5525 professiOne_Ii_quet
1322 5449 1600 5505 Fonteium
1624 5452 1832 5521 synodo
1882 5456 2013 5505 Areo

479 5471 738 5525 resnytert
770 5471 1101 5522 proxesswne
1134 5471 1285 5518 ttquet

442 5471 630 5581 Ettensi
659 5539 778 5579 cum
800 5524 1008 5578 caeteris
1028 5521 1285 5575 adfuisse.

512 5591 541 5633 ἀ
580 5594 849 5664 Episcopo
879 5591 1219 5653 Massiliensi.
1250 5590 1390 5659 quod
1415 5589 1626 5664 docebit
1654 5591 1812 5659 epist.
1835 5591 2010 5664 2,_lib.

442 5660 933 5733 Vtt.et'aliae'quas
981 5664 1157 5719 eidem
1200 5669 1383 5733 postea
1436 5661 1623 5715 scribit
1676 5676 1771 5729 pro
1822 5660 2011 5733 eodem

450 5734 731 5792 Amantio:
755 5730 855 5789 ho'c
874 5733 1017 5788 enim
1048 5747 1241 5789 nomen
1265 5731 1449 5787 lectori
1468 5748 1623 5800 quem
1654 5730 2011 5788 commendat.

2113 4681 2444 4749 Subscripsit
2472 4679 2613 4735 idem
2643 4677 2850 4749 synodo
2896 4678 3223 4732 Arelatensi.
3246 4748 3253 4749 γ
3275 4677 3341 4731 Et
3370 4676 3492 4745 quia
3529 4692 3725 4733 novus

2115 4759 2234 4808 erat
2278 4748 2558 4820 episcopus
2588 4748 2705 4803 cum
2742 4751 2856 4820 haec
2881 4750 3139 4803 scriberet
3155 4748 3440 4820 _Sidonius,
3482 4763 3592 4801 non
3640 4752 3724 4803 fu-

2117 4823 2222 4876 tilis
2255 4817 2412 4876 fuerit
2435 4817 2739 4887 conjectura
2768 4820 2812 4873 si
2839 4819 2979 4872 hunc
3007 4834 3127 4873 esse
3144 4817 3385 4872 Grtecutn
3413 4819 3718 4874 diaconum

2116 4893 2418 4957 credamus,
2447 4892 2510 4944 ad
2536 4906 2692 4959 quem
2710 4901 2792 4944 est
2821 4888 3003 4943 Fausti
3030 4888 3272 4943 Reiensis
3300 4888 3523 4957 epistola
3568 4904 3714 4943 con-

2120 4973 2204 5018 tra
2236 4961 2560 5016 Nestorium.

2193 5042 2217 5071 ο
2238 5032 2459 5086 Navium
2481 5046 2599 5100 quae
2619 5029 2683 5084 ad
2708 5037 2919 5100 portum
2952 5028 3338 5100 Massiliensem
3366 5028 3721 5097 appulerant.

2123 5103 2342 5173 Proprie
2389 5099 2531 5157 enim
2576 5102 2857 5173 καταπλεῖν
2892 5099 3143 5173 dicuntur
3163 5114 3282 5167 qua:
3326 5099 3719 5173 imponantur.

2121 5169 2296 5239 Quare
2327 5176 2377 5226 in
2404 5172 2673 5227 veteribus
2699 5171 2915 5240 glossis,
2948 5169 3194 5238 Cataplus
3222 5182 3295 5222 cst
3336 5170 3588 5223 adventus
3620 5188 3725 5223 mr-

2119 5242 2273 5297 vt'um.
2310 5243 2483 5297 Utitur
2507 5239 2789 5296 iterum’ea
2811 5255 2940 5294 voce
2969 5240 3059 5293 lih.
3092 5255 3180 5304 vn,
3204 5243 3360 5307 epist.
3388 5240 3437 5294 7.
3456 5239 3725 5297 Siccam-

2122 5314 2236 5382 plus
2265 5313 2582 5367 Puteolanas
2612 5312 2850 5382 Ciceroni
2884 5325 2979 5377 pro
3009 5309 3227 5382 Rabirio
3264 5310 3541 5375 Postumo,
3573 5311 3723 5382 “Ni-

2125 5378 2286 5437 liacus
2317 5383 2540 5437 Martiali
2567 5398 2581 5445 ;
2611 5389 2665 5436 ct
2688 5380 2791 5434 alio
2816 5378 3304 5450 genere,l.alag(ea
3325 5380 3725 5445 cataplusMar-

2122 5454 2282 5515 cello,
2307 5454 2420 5508 sive
2450 5465 2502 5507 ut
2523 5453 2641 5506 aliis
2671 5449 2868 5519 placet,
2925 5449 3242 5505 Vindiciano
3268 5450 3320 5504 in
3349 5450 3594 5504 carmine
3648 5450 3727 5504 de

2123 5524 2402 5577 Medicina.
2451 5524 2561 5594 66
2608 5522 2829 5583 Contra.
2876 5535 2997 5594 eum
3037 5534 3068 5574 e
3098 5528 3255 5589 portu
3295 5522 3541 5594 solvitur,

2120 5594 2279 5654 πλους
2318 5590 2559 5651 ἁίοιιιῖι·’;
2590 5606 2697 5664 quo
2745 5591 2963 5648 nomine
2999 5603 3185 5661 ponus
3241 5600 3357 5646 erat
3397 5590 3727 5647 Constanti-

2122 5665 2324 5734 ttopoli.
