3946 6176
388 228 517 286 Ἑῦθ

1683 233 1926 290 SIDONH
1966 235 2414 295 APOLLINA'RIS

3582 250 3678 308 560

411 357 559 405 nius;
590 341 712 413 quia
729 342 1055 398 vicinaretur
1076 342 1395 399 innocentia:
1426 342 1670 402 fesﬁnata
1702 353 1985 406 correctio.
2015 358 2064 413 Α
2088 368 2275 407 coram
2326 356 2633 411 narratione
2669 356 2975 424 patefaciet.
3028 357 3159 414 Nam
3203 359 3506 429 prudentiae
3552 371 3679 422 satis

410 437 593 505 Neque
640 436 784 489 enim
838 436 1141 505 quisquam,
1187 436 1348 491 etiam
1384 437 1488 492 sibi
1543 438 1680 494 bene
1719 445 1985 511 conscius,

407 528 528 594 plus
560 524 735 579 facere
768 527 1140 595 praesumpsit;
1173 528 1217 580 si
1248 529 1368 595 quis
1401 538 1577 583 tamen
1626 542 1819 585 vestra:
1865 548 1989 588 cor-

404 620 670 686 reptionis
700 618 926 672 orbitam
950 634 1053 673 non
1088 619 1303 689 reliquit
1348 638 1360 672 :
1401 622 1599 690 quippe
1625 638 1747 677 cum
1784 639 1846 679 ea
1876 626 1987 695 ipsa

402 724 525 777 qua:
567 708 825 778 legimus,
874 709 1144 778 parcentis
1189 710 1350 764 verba
1411 726 1689 779 Censurte,
1738 717 1987 769 maxima:

400 801 802 855 emendationis
829 800 1174 856 incitamenta
1197 801 1324 855 sint.
1356 801 1488 856 Nam
1514 804 1638 872 quid
1671 815 1848 875 potest
1868 821 1988 863 esse

374 886 773 963 'castigationis
804 893 1027 962 hujusce
1059 902 1245 949 tenore
1273 896 1581 964 pretiosius,
1619 898 1671 952 in
1703 915 1806 968 qua
1847 899 1987 956 forte

400 995 625 1054 peccato
644 986 855 1041 animus
884 1001 1046 1056 aeger,
1078 987 1279 1057 reperit
1307 987 1634 1046 intrinsecus
1660 992 1981 1060 remedium,

399 1094 523 1133 cum
573 1093 676 1133 non
720 1080 927 1135 valeret
961 1079 1301 1135 extrinsecus
1346 1080 1589 1137 invenire
1646 1085 1985 1140 convicium?

398 1172 553 1238 Quod
575 1180 843 1241 superest,
870 1171 1241 1239 obsecramus,
1272 1184 1334 1229 ut
1370 1175 1561 1231 crebra
1599 1178 1844 1232 oratione
1890 1193 1985 1248 per

397 1278 554 1331 quam
581 1263 727 1318 vitiis
752 1262 998 1317 omnibus
1026 1263 1261 1320 immane
1287 1266 1660 1334 dominamini,
1710 1283 1808 1323 nos
1846 1283 1981 1339 quo-

395 1370 502 1425 que
548 1357 687 1410 sicut
730 1355 1074 1426 evangelicos
1112 1371 1297 1427 magos
1345 1373 1616 1414 remeasse
1642 1360 1981 1414 manifestum

395 1454 499 1511 est,
531 1447 617 1502 vel
637 1447 921 1516 jaminunc
967 1462 1063 1515 per
1084 1446 1242 1501 aliam
1296 1450 1433 1504 viam
1462 1466 1671 1506 morum
1699 1452 1751 1505 in
1800 1451 1983 1506 beato-

393 1552 514 1592 rum
536 1539 761 1608 patriam
785 1538 961 1593 redire
983 1538 1209 1594 faciatis.
1228 1538 1370 1596 Pene
1382 1542 1666 1597 omiseram
1683 1543 1823 1612 quod
1848 1558 1983 1612 pra:-

393 1630 711 1685 tereundum
766 1631 1009 1709 minime
1041 1629 1160 1685 fuit.
1206 1631 1362 1702 Agite
1411 1633 1612 1702 gratias
1660 1632 1975 1689 Innocentio

2094 443 2294 509 obviat,
2348 445 2623 514 epistolari
2667 447 2914 502 formula
2967 448 3206 504 debitam
3262 453 3679 510 concinnitatem

2095 534 2368 602 plurifario
2408 551 2661 593 sermone
2709 539 3001 608 porrigere.
3047 540 3190 596 Sane
3230 543 3357 612 quia
3384 546 3675 602 secundum

2090 625 2174 678 vel
2204 624 2389 679 nntitia
2414 664 2429 690 ,
2463 627 2545 681 vel
2568 627 2765 695 judicia
2810 639 3055 696 terrena,
3102 631 3287 686 solent
3313 634 3466 704 167
3495 635 3678 703 hujus.

2090 718 2231 770 modi
2274 716 2521 773 homines
2567 721 2817 775 honestas
2859 720 3059 779 habere
3099 738 3324 791 causas;
3356 737 3409 779 tu
3456 744 3673 797 quoque

2090 814 2242 875 potes
2275 805 2431 874 hujus
2461 807 2738 874 laboriosi,
2761 810 2861 864 etsi
2917 811 3197 882 impugnas
3220 815 3520 883 perﬁdiatn,
3557 834 3678 887 pro-

2088 910 2324 966 pugnare
2353 912 2659 966 personam.
2702 888 2907 957 Memor
2936 904 3108 958 nostri
3139 919 3261 961 esse
3292 907 3513 977 dignare
3533 949 3548 975 ,
3578 910 3676 965 do-

2086 986 2231 1043 mine
2254 1002 2413 1058 papa.

2639 1080 2968 1141 EPISTULA
3007 1069 3124 1143 itu.

2256 1170 2511 1228 Sidonias
2536 1174 2740 1230 domino
2770 1194 2917 1248 papa:
2946 1176 2972 1215 ἀ
3001 1178 3229 1236 Patienti
3251 1183 3485 1242 salutem.

2154 1261 2363 1331 Aliquis
2386 1264 2618 1335 aliquem
2640 1308 2656 1330 ,
2683 1282 2783 1336 ego
2820 1269 2968 1323 illum
2998 1273 3265 1343 prazcipue
3286 1285 3416 1345 puto
3445 1294 3543 1332 suo
3579 1279 3666 1333 vi-

2083 1366 2211 1407 vere
2249 1352 2394 1407 bono
2434 1354 2526 1423 qui
2554 1354 2685 1410 vivit
2709 1358 2889 1412 alieno
2919 1377 2931 1412 :
2957 1362 3155 1430 quique
3187 1363 3421 1418 ﬁdelium
3450 1367 3668 1422 calatni~

2084 1453 2220 1499 tates
2250 1445 2702 1518 indigentiamque
2730 1451 3014 1506 miseratus
3037 1494 3052 1519 ,
3084 1454 3211 1509 facit
3236 1456 3287 1509 in
3314 1458 3470 1512 terris
3499 1475 3665 1528 opera

2082 1538 2365 1593 caelorum.
2411 1539 2678 1607 Quorsum
2711 1542 2811 1595 ista
2850 1542 2964 1597 hare
2992 1584 3006 1609 ,
3038 1543 3249 1613 inquis?
3278 1546 3355 1602 Te
3400 1552 3666 1607 sententia

2082 1643 2239 1697 quam
2265 1630 2527 1695 maxime,
2550 1644 2685 1700 papa
2717 1631 3057 1702 beatissime,
3088 1637 3249 1705 petit;
3273 1638 3357 1691 cui
3388 1655 3491 1694 non
3515 1643 3674 1695 sufﬁ-

390 1721 668 1789 spectabili
698 1722 839 1787 viro,
864 1721 954 1792 qui
984 1731 1041 1778 ut
1070 1724 1469 1793 praeceperatis,
1500 1722 1745 1794 gnaviter
1767 1740 1969 1780 morem
2006 1721 2045 1779 Β
2076 1719 2149 1771 cit
2174 1718 2278 1773 illis
2309 1726 2513 1773 tantum
2548 1722 2955 1778 necessitatibus
2983 1739 3141 1794 opem
3173 1727 3316 1782 ferre
3344 1745 3475 1799 quas
3504 1746 3665 1786 nove-

368 1816 561 1883 rg'essit
581 1815 854 1886 injunctis.
886 1814 1088 1871 Memor
1116 1817 1286 1872 nostri
1326 1832 1448 1874 esse
1473 1817 1713 1888 dignare,
1756 1817 1972 1874 domine

389 1923 548 1978 papa.
654 1892 657 1897 ’

960 1998 1293 2055 EPISTOLA
1328 1998 1403 2054 Χ.

554 2082 803 2146 Sidonius
831 2090 1041 2144 domino
1071 2105 1217 2161 papa:
1240 2098 1267 2127 α
1288 2089 1531 2147 Censorio
1559 2090 1795 2146 salutem.

441 2182 695 2238 Gerulum
711 2184 1007 2239 litterarum
1022 2183 1219 2239 levitici
1232 2183 1434 2239 ordinis
1451 2184 1698 2240 honestat
1709 2183 1963 2239 ofﬁcium.

387 2274 488 2331 llic
522 2288 643 2329 cum
692 2275 893 2330 familia
937 2288 1035 2330 sua
1076 2274 1492 2344 depraedationis
1525 2277 1682 2347 166
1718 2274 1966 2331 Gothicae

385 2365 653 2421 turbinem
680 2366 874 2435 vitans,
910 2366 960 2420 in
992 2366 1318 2421 territorium
1358 2375 1597 2421 vestrum
1630 2367 1838 2422 delatus
1859 2375 1962 2434 est,

384 2458 522 2526 ipso,
545 2460 701 2514 utsic
723 2458 1039 2524 dixerimus,
1072 2457 1310 2528 pondere
1332 2458 1468 2527 fugae
1497 2475 1511 2523 ;
1545 2459 1636 2514 ubi
1676 2459 1729 2513 in
1775 2472 1833 2512 re
1873 2458 1965 2512 Ec-

382 2550 559 2605 clesiae
579 2551 666 2605 cui
692 2550 949 2605 sanctitas
978 2560 1065 2604 tua
1098 2551 1368 2620 praesidet,
1418 2565 1635 2619 parvam
1664 2558 1960 2605 sementem

381 2643 764 2699 semiconfecto
793 2642 981 2712 ceSpiti
1034 2643 1239 2698 advena
1283 2642 1501 2713 jejunus
1556 2643 1775 2712 injecit:
1808 2642 1961 2713 cujus

381 2749 450 2787 ex
477 2734 650 2788 solido
676 2733 993 2803 colligenda:
1021 2733 1133 2789 ﬁeri
1165 2733 1265 2788 sibi
1288 2735 1496 2804 copiam
1528 2743 1742 2789 exorat.
1789 2734 1957 2801 Quem

379 2826 425 2879 si
447 2825 757 2882 domesticis
784 2824 907 2881 ﬁdei
941 2824 1193 2895 deputata
1233 2826 1563 2881 humanitate
1605 2825 1852 2893 foveatis,
1905 2826 1956 2880 id

377 2926 479 2981 est,
507 2927 563 2971 ut
582 2916 819 2971 debitum
840 2915 868 2955 ιι
899 2916 1072 2986 gleba:
1107 2931 1369 2971 canonem
1418 2931 1520 2972 non
1566 2926 1799 2986 petatur,
1843 2925 1959 2971 tan-

378 3015 489 3061 tum
518 3007 693 3061 lucelli
720 3007 1009 3074 prteStitum
1038 3007 1139 3061 sibi
1167 3016 1443 3076 computat
1474 3007 1743 3076 peregrini
1774 3007 1953 3061 homi-

2073 1809 2180 1874 ris;
2220 1810 2414 1879 quique
2460 1826 2631 1881 usque
2684 1814 2738 1867 itt
2782 1814 3011 1870 extimos
3064 1818 3321 1873 terminos
3367 1820 3667 1878 Galliarum

2071 1901 2311 1956 caritatis
2338 1903 2526 1973 indage
2550 1917 2827 1973 porrecta,
2856 1908 3004 1976 prius
3036 1910 3181 1964 soles
3208 1912 3540 1982 indigentum
3574 1930 3667 1971 re-

2069 1992 2278 2061 spicere
2294 2008 2506 2059 causas,
2530 2010 2687 2065 quam
2705 1996 2968 2068 inspicere
2980 2015 3256 2068 personas.
3283 1998 3486 2059 Nullius
3508 2005 3662 2060 obest

2070 2084 2317 2138 tenuitati
2355 2085 2727 2155 debilitatique
2756 2130 2771 2153 ,
2813 2090 2855 2142 si
2900 2099 2949 2143 te
2993 2096 3248 2160 eipetere
3295 2110 3400 2148 non
3445 2098 3655 2163 possit:

2068 2187 2188 2227 nam
2214 2176 2478 2242 praevenis
2503 2178 2747 2233 manibtts
2778 2179 2955 2245 illttm,
2989 2182 3080 2250 qui
3113 2198 3217 2239 non
3250 2186 3477 2242 valuerit
3502 2189 3568 2242 ad
3604 2198 3661 2244 te

2069 2266 2293 2336 pedibus
2323 2269 2624 2337 pervenire.
2666 2270 2881 2326 Transit
2908 2271 2960 2325 in
3011 2274 3217 2329 alienas
3246 2278 3549 2342 provincias
3575 2281 3662 2334 vis

2064 2359 2283 2427 gilantia
2316 2366 2402 2412 tua
2434 2377 2446 2411 :
2473 2368 2527 2414 et
2558 2359 2609 2413 in
2636 2360 2736 2416 hoc
2768 2376 2912 2417 curae
2942 2371 3046 2419 tua:
3069 2364 3295 2421 latitudo
3315 2368 3657 2437 diffunditur,

2065 2458 2124 2503 ut
2172 2449 2328 2519 longe
2356 2450 2655 2518 positorum
2707 2454 3019 2509 consoletur
3061 2459 3384 2526 angustias:
3434 2471 3491 2515 et
3532 2462 3654 2518 binc

2075 2538 2207 2605 fuit,
2233 2547 2290 2592 nt
2314 2539 2437 2609 quia
2466 2542 2657 2596 crebro
2674 2551 2725 2597 te
2742 2558 2846 2597 non
2875 2544 3051 2601 minus
3074 2547 3358 2603 absentum
3384 2565 3651 2607 verecun-

2064 2632 2174 2702 dia,
2212 2647 2371 2703 quam
2418 2645 2743 2703 praesentum
2773 2636 3104 2704 querimonia
3140 2649 3338 2707 movet,
3368 2655 3514 2712 saepe
3542 2652 3650 2699 ter—

2062 2724 2200 2780 seris
2229 2740 2414 2780 eorum
2469 2726 2767 2796 lacrymas,
2817 2742 3045 2796 quorum
3090 2730 3280 2785 oculos
3311 2746 3417 2786 non
3449 2734 3646 2790 vidisti.

2060 2816 2262 2870 Omitto
2291 2817 2379 2871 illa
2411 2832 2529 2884 qute
2549 2818 2787 2888 quotidie
2822 2830 3043 2888 propter
3074 2821 3427 2879 defectionem
3454 2827 3645 2882 civium

2061 2920 2499 2979 pauperatorum,
2531 2911 2830 2981 irrequietis
2861 2913 3061 2968 toleras
3088 2917 3351 2983 excubiis,
3376 2920 3647 2987 precibus,

2060 3001 2334 3070 expensis.
2363 3002 2568 3056 Omitto
2595 3002 2762 3057 tetuli
2786 3017 3000 3072 semper
3021 3019 3180 3074 agere
3200 3013 3647 3077 temperamento,

380 3100 484 3161 nis,
514 3106 573 3152 ut
592 3111 807 3161 census,
837 3098 915 3152 sic
952 3097 1164 3151 animus
1184 3105 1461 3166 angustus,
1513 3112 1576 3151 ac
1622 3098 1669 3151 si
1699 3099 1751 3151 in
1782 3099 1953 3167 patrio
1980 3076 2025 3139 Ο
2058 3092 2136 3145 sic
2184 3106 2397 3160 semper
2434 3092 2751 3160 humanam,
2806 3094 2886 3147 sic
2936 3094 3254 3151 abstemium
3290 3097 3556 3167 judicari;
3590 3112 3649 3159 ut

377 3187 498 3242 solo
528 3187 901 3242 rusticaretur.
932 3186 1064 3242 Huic
1089 3187 1133 3241 si
1160 3186 1470 3254 legitimam,
1504 3196 1560 3241 ut
1590 3202 1705 3242 mos
1732 3200 1834 3257 est,
1868 3204 1957 3243 so-

377 3281 637 3335 lutionem
660 3279 957 3349 perexigua:
987 3280 1184 3350 segetis
1228 3279 1522 3349 indulgeas,
1560 3289 1807 3350 tanquam
1833 3280 1952 3351 opi-

377 3389 510 3444 pare
541 3373 840 3440 viaticatus,
890 3388 1013 3428 cum
1067 3373 1361 3442 gratiarum
1417 3372 1629 3427 actione
1671 3373 1951 3428 remeabit.

375 3466 482 3521 Per
521 3481 679 3537 quem
710 3465 756 3519 si
780 3481 866 3521 me
894 3465 1034 3535 stylo
1073 3463 1245 3517 solitae
1290 3463 1613 3534 dignationis
1656 3465 1953 3533 impartias,

375 3558 505 3612 mibi
560 3556 990 3627 fraternitatique
1028 3557 1150 3611 istic
1198 3557 1356 3624 sitae,
1414 3557 1601 3626 pagina
1662 3564 1747 3611 tua
1787 3558 1953 3613 veluti

346 3649 536 3718 paulo
556 3649 702 3719 lapsa
725 3647 1081 3720 reputabitur.
1132 3647 1337 3702 Memor
1364 3648 1530 3702 nostri
1558 3659 1681 3703 esse
1709 3647 1952 3718 dignare,

378 3742 590 3797 domine
616 3754 770 3810 papa.

933 3828 1264 3885 EPISTULA
1300 3830 1390 3885 XI.

518 3924 763 3981 Sidenius
789 3923 1000 3977 domino
1027 3940 1173 3994 papa:
1205 3935 1226 3963 ο
1245 3923 1543 3980 Eleutherio
1571 3925 1806 3980 salutent.

420 4007 684 4074 :Judaeutn
726 4031 963 4086 praesens
1001 4016 1185 4070 charta
1226 4017 1613 4072 commendat:
1659 4032 1767 4071 non
1808 4017 1951 4087 quod

348 4112 506 4167 mihi
549 4109 756 4181 placeat
795 4122 947 4162 error
995 4121 1091 4177 per
1134 4123 1290 4177 quem
1325 4115 1550 4177 pereunt
1573 4108 1824 4173 involuti;
1854 4108 1949 4163 sed

374 4207 498 4276 quia
537 4203 806 4259 neminem
852 4200 1088 4270 ipsorum
1120 4215 1216 4253 nos
1246 4199 1403 4255 decet
1432 4214 1499 4254 ex
1528 4212 1652 4253 asse
1673 4198 1951 4255 damnabi-

349 4299 479 4353 ‘lem
510 4296 858 4366 pronuntiare
887 4293 1014 4347 dum
1042 4293 1196 4346 vivit.
1242 4290 1299 4346 ln
1340 4306 1436 4361 spe
1462 4292 1603 4347 enim
1648 4292 1822 4347 adhuc
1855 4294 1951 4348 ab-

373 4385 655 4442 solutionis
684 4392 767 4440 est
794 4424 811 4449 ,
842 4382 931 4438 cui
969 4382 1205 4451 suppetit
1245 4395 1403 4452 posse
1430 4384 1692 4437 converti.
1726 4384 1856 4450 Qua:
1880 4385 1949 4439 sit

2057 3195 2267 3242 constet
2299 3187 2455 3257 168
2481 3185 2844 3242 indesinenter
2870 3202 3051 3256 regem
3074 3201 3392 3258 praesentem
3421 3196 3646 3263 prandia

2058 3286 2178 3345 tua,
2210 3281 2445 3349 reginam
2474 3279 2695 3334 laudare
2736 3279 2961 3349 jejunis.
2993 3280 3197 3336 Omitto
3240 3292 3291 3338 te
3320 3294 3465 3340 tanto
3497 3288 3644 3341 cultu

2055 3370 2338 3425 ecclesiam
2364 3370 2454 3425 tibi
2487 3370 2746 3426 creditam
2776 3381 3203 3442 convenustare,
3246 3387 3302 3429 ut
3326 3376 3537 3433 dubitet
3564 3385 3645 3433 in-

2054 3470 2269 3531 spector
2292 3462 2480 3515 melius
2511 3477 2578 3516 ne
2600 3477 2735 3516 nova
2764 3477 2929 3532 opera
2960 3475 3307 3535 consurgant,
3336 3482 3402 3520 an
3428 3479 3641 3524 vetusta

2058 3563 2395 3624 reparentur.
2428 3553 2629 3608 Omitto
2657 3569 2751 3623 per
2778 3564 2830 3609 te
2866 3555 3110 3623 plurimis
3142 3557 3273 3613 locis
3302 3559 3640 3615 basdicarum

2060 3646 2406 3701 fundamenta
2431 3660 2756 3716 consurgere
2775 3690 2789 3714 ,
2825 3659 3136 3703 ornamenta
3167 3649 3449 3719 duplicari.
3478 3653 3639 3707 Cum-

2058 3753 2162 3809 que
2192 3739 2356 3793 multa
2383 3740 2435 3794 in
2477 3748 2620 3793 statu
2651 3739 2773 3795 ﬁdei
2806 3740 2911 3795 tuis
2940 3741 3386 3811 dispositionibus
3408 3760 3639 3815 augean-

2058 3838 2166 3897 tur,
2186 3833 2357 3886 solum
2383 3830 2761 3885 limreticorum
2788 3846 3066 3885 numerum
3095 3833 3265 3888 minui
3289 3850 3304 3888 :
3330 3845 3487 3905 teque
3510 3852 3638 3906 quo-

2056 3924 2182 3978 dam
2211 3931 2408 3978 venatu
2451 3922 2768 3991 apostolico,
2803 3922 2943 3977 feras
2971 3932 2993 3959 ο
3022 3923 3460 3980 Photinianorum
3490 3942 3637 3982 ωειδ-

2060 4024 2139 4069 tes
2184 4015 2501 4084 spiritalium
2552 4013 2992 4083 prardicationum
3037 4015 3280 4071 cassibus
3329 4018 3633 4086 implicare,

2056 4113 2215 4174 atque
2245 4119 2275 4158 a
2304 4113 2395 4157 tuo
2424 4104 2681 4159 barbaros
2704 4104 2815 4173 jam
2842 4118 3100 4174 sequaces
3123 4145 3139 4172 ,
3168 4108 3381 4176 quoties
3410 4108 3633 4162 convin-

2055 4206 2249 4252 cuntur
2274 4194 2466 4262 verbo,
2508 4210 2614 4249 non
2659 4195 2810 4250 exire
2851 4194 3107 4265 vestigio,
3131 4196 3305 4252 donec
3329 4213 3425 4253 eos
3453 4213 3486 4253 a
3514 4215 3635 4268 pro-

2057 4286 2219 4341 fundo
2244 4284 2452 4356 gurgite
2482 4283 2681 4340 erroris
2707 4285 3049 4341 felicissimus
3071 4287 3370 4342 animarum
3404 4289 3635 4356 piscator

2056 4378 2372 4435 extraxeris.
2406 4377 2473 4431 Et
2502 4376 2691 4431 borum
2724 4377 2900 4446 aliqua
2926 4386 3100 4432 tamen
3132 4392 3254 4433 cum
3289 4378 3506 4449 reliquis
3527 4380 3632 4433 for-

375 4492 500 4535 vcro
564 4475 763 4545 negotii
784 4476 866 4531 sui
912 4475 1109 4539 series,
1150 4474 1265 4544 ipse
1314 4474 1511 4531 rectius
1574 4485 1944 4546 praesentanea
1970 4471 2021 4532 D
2048 4495 2145 4535 san
2180 4475 2626 4534 communicanda
2669 4475 2913 4545 collegis.
2948 4474 3082 4531 lllud
3110 4485 3289 4531 autem
3326 4475 3512 4531 deberi
3540 4477 3631 4531 tibi

443 4608 1236 4692 t\__l<3piscoponAntisiodorensi_,
1259 4608 1324 4692 ad
1351 4624 1509 4692 quem
1539 4610 1740 4692 Ruricii
1769 4613 1939 4692 epist.

374 4684 428 4747 l,
458 4684 550 4737 lib.
578 4699 637 4744 ιι,
666 4694 719 4736 et
744 4682 1059 4751 Constantii
1083 4682 1382 4751 presbyteri
1428 4682 1627 4751 altera,
1669 4684 1720 4737 in
1767 4682 1944 4740 frame

370 4754 629 4809 iibrorum
660 4752 727 4807 de
778 4753 898 4806 Vita
931 4754 991 4807 ὃ.
1029 4749 1302 4806 Germani.
1335 4750 1443 4807 Sed
1487 4760 1713 4823 uterque
1741 4754 1944 4809 Censu-

370 4825 507 4880 rium
538 4834 710 4879 vocat.

440 4894 472 4933 ιι
503 4896 575 4949 Ita
604 4893 721 4948 libri
753 4890 862 4946 fere
883 4904 1091 4953 omnes,
1115 4904 1218 4945 non
1238 4892 1419 4960 petatis
1442 4908 1461 4946 :
1491 4900 1549 4947 ut
1589 4894 1825 4948 carmine
1846 4894 1938 4959 25,

373 4967 589 5020 Usurttm
626 4965 956 5032 petimurque,
1006 4961 1381 5031 reddimusque.
1419 4963 1689 5017 Canouem
1722 4966 1936 5033 prOprie

368 5038 502 5089 dixit
534 5035 863 5102 pensionem,
898 5048 1018 5102 quae
1046 5033 1270 5087 debetur
1304 5048 1371 5085 ex
1397 5033 1595 5101 praedio
1619 5035 1932 5102 empbyteu-

368 5118 491 5170 Leo,
528 5112 845 5177 ἐςιῳυτευτῶν
891 5119 1104 5178 munus,
1155 5118 1396 5172 onusque
1554 5112 1645 5178 ’γῆν
1666 5114 1927 5178 γεωργεῖν,

367 5182 447 5231 καὶ
476 5173 611 5238 eam;
647 5178 919 5247 παρέχειν.
973 5173 1101 5228 lnde
1128 5174 1476 5239 canonicarii,
1526 5175 1618 5242 qui
1672 5173 1932 5229 canonem

366 5250 635 5315 publicum
667 5245 905 5315 exigunt.

438 5330 460 5356 ε
504 5320 723 5373 incerta:
750 5313 892 5370 sedis
922 5314 1193 5384 episcopo.
1224 5313 1357 5367 Nam
1390 5313 1742 5367 Tornacensis
1773 5314 1933 5368 Eleu-

368 5392 569 5443 tlierius
611 5389 677 5443 de
704 5401 810 5456 quo
838 5385 1149 5456 quibusdam
1180 5385 1326 5456 venit
1348 5385 1401 5438 in
1432 5394 1685 5451 mentem,
1711 5385 1933 5440 Sidonio

366 5460 569 5512 \’ldt‘:lttl‘
591 5454 867 5527 aliquanto
896 5455 1059 5527 fuisse
1086 5454 1368 5527 posterior.

434 5528 461 5565 ἀ
503 5523 767 5597 Episcopo
796 5526 1155 5597 Lugdunensi,
1174 5525 1248 5597 de
1278 5538 1384 5591 quo
1401 5523 1568 5597 epist.
1604 5523 1817 5597 lO,_lib.
1844 5540 1895 5579 x1
1914 5569 1927 5591 ,

366 5606 421 5653 ct
452 5601 629 5651 ultima
678 5593 771 5651 lib.
818 5593 902 5651 tv:
924 5596 969 5650 ls
1004 5604 1086 5649 est
1122 5595 1187 5648 ad
1216 5608 1372 5662 quem
1401 5593 1574 5646 Vitam
1600 5597 1655 5647 S.
1680 5594 1930 5648 Germani

364 5672 577 5731 scripsit
598 5669 958 5733 Constantius,
984 5666 1239 5732 cujusque
1268 5678 1463 5721 nomen
1487 5664 1623 5719 inter
1651 5664 1784 5719 alios
1820 5667 1931 5735 epi-

2050 4626 2245 4682 scopos
2271 4610 2324 4665 in
2352 4610 2593 4682 epistolis
2624 4609 2805 4666 Fausti
2834 4625 2897 4665 ac
2926 4609 3133 4682 Lucidi,
3155 4610 3283 4666 etin
3314 4612 3631 4682 martyrolo-

2086 4681 2161 4738 io.
2188 4682 2319 4737 Nam
2352 4697 2380 4734 a
2412 4681 2854 4749 Lugdunensibus
2878 4681 2990 4735 suis
3030 4682 3396 4737 anniversario
3425 4681 3514 4737 die
3541 4697 3629 4737 co-

2073 4749 2177 4808 itur
2222 4768 2278 4806 ιιι
2322 4753 2439 4806 idus
2469 4749 2830 4820 Septembres.
2888 4752 3056 4819 Hujus
3104 4767 3231 4806 vero
3266 4752 3475 4807 Sidonii
3515 4755 3627 4819 epi-

2047 4825 2201 4879 stola:
2224 4864 2239 4888 ,
2274 4821 2637 4891 Patientisque
2666 4822 2900 4891 episcopi
2945 4822 3345 4891 muniﬁcentiae,
3389 4824 3626 4878 meminit

2049 4894 2338 4962 Gregorius
2373 4889 2577 4945 Turou.
2612 4889 2712 4947 lib.
2749 4909 2804 4962 gn
2832 4889 2926 4955 ,c.
2954 4890 3047 4947 ει.
3081 4893 3178 4947 Ubi
3202 4908 3322 4947 cum
3352 4892 3548 4948 famem
3577 4894 3624 4948 in

2047 4963 2350 5031 Burgundia
2379 4973 2673 5031 grassatam
2702 4963 2913 5028 scribit,
2937 4963 3221 5017 conﬁrmat
3265 4979 3445 5032 regem
3481 4979 3508 5016 a
3548 4966 3622 5018 Si-

2041 5036 2204 5089 donio
2248 5032 2682 5100 Burgundionum
2722 5033 2944 5101 intelligi
2979 5050 2991 5084 :
3039 5032 3449 5087 Gundobaldum
3484 5035 3623 5089 scili-

2038 5114 2155 5168 cet,
2188 5118 2344 5170 quem
2375 5102 2620 5171 Lugduni
2668 5105 2850 5158 sedem
2899 5103 3151 5158 habuisse
3187 5103 3299 5172 jam
3347 5115 3473 5160 ante
3514 5120 3623 5159 mo-

2034 5188 2271 5229 nutmus.

2117 5254 2138 5282 ε
2180 5244 2525 5298 Arianorum.
2581 5242 2691 5298 Hoc
2720 5244 2863 5299 enim
2906 5253 3060 5298 erant
3092 5243 3522 5313 Burgundiones,
3569 5244 3617 5297 in

2038 5315 2229 5385 quibus
2257 5315 2323 5368 ad
2356 5323 2558 5369 rectam
2601 5314 2758 5385 ﬁdem
2808 5315 3155 5369 traducendis
3197 5315 3484 5385 laborabat
3524 5314 3617 5368 Pa-

2038 5382 2195 5441 tiens.
2216 5385 2575 5452 Paulianistaa,
2601 5382 2929 5447 Pliotiniani,
2960 5385 3261 5451 Bonosiaci,
3294 5385 3396 5439 etsi
3417 5384 3615 5454 aliqua-

2037 5467 2191 5511 tenus
2223 5456 2461 5511 diversos
2485 5497 2499 5521 ,
2535 5465 2789 5523 cognatos
2813 5466 2987 5509 tamen
3010 5470 3133 5509 cum
3165 5457 3379 5509 Arianis
3410 5467 3613 5509 errores

2033 5527 2221 5581 Sectali
2251 5535 2417 5597 sunt,
2451 5523 2708 5584 aeternam
2749 5524 2968 5583 Christo
3005 5526 3409 5597 generationem
3443 5524 3610 5583 detra-

2035 5599 2237 5654 lientes.
