3946 6176
315 349 415 409 565

1581 345 1823 404 SIDONll
1865 347 1928 402 Ai
1954 344 2318 402 OLLINARIS

3485 339 3582 397 564

316 461 496 520 videor
523 458 769 531 exitlesse
787 502 803 527 ,
851 475 915 520 es
948 459 1122 530 legato
1165 459 1384 515 nuntius
1413 473 1529 514 ero.
1575 458 1720 514 Ilicet
1755 460 1899 515 scias
1925 462 1974 523 Α
2003 461 2167 524 mala,
2194 461 2367 516 bonus
2399 456 2674 523 sacerdos,
2699 456 2875 513 bonus
2898 463 3073 526 pater,
3100 455 3272 512 bonus
3294 468 3468 512 annus
3488 471 3544 513 es
3570 473 3589 513 :

315 554 460 618 volo,
516 569 612 622 per
655 567 867 608 omnem
913 553 1080 607 fertur
1127 551 1467 621 Aquitaniam
1523 549 1694 619 gloria
1751 561 1887 604 tua:

312 648 508 701 alueris
536 690 550 713 ,
607 647 871 711 laudaris,
921 645 1248 700 dosideraris
1273 688 1289 713 ,
1319 645 1614 710 excoleris,
1656 644 1896 698 omnium

314 741 661 809 pectoribus,
710 740 950 796 omnium
1004 740 1163 794 veris.
1233 739 1375 792 Inter
1430 737 1542 790 haec
1597 748 1896 816 temporum

1999 553 2192 623 quibus
2223 567 2402 621 operre
2435 551 2664 622 pretium
2707 550 2839 617 fuit,
2870 551 2985 606 fieri
3025 551 3222 606 famem
3253 563 3404 606 suam
3453 551 3588 620 peri-

2003 646 2124 699 culo
2147 685 2162 712 ,
2197 644 2243 698 si
2279 643 2435 698 aliter
2464 656 2586 698 esse
2631 657 2739 698 non
2770 650 2982 712 poterat
3017 650 3106 696 tua
3135 641 3356 712 largitas
3382 641 3590 710 experi-

2007 744 2209 790 mento.
2241 734 2444 790 Memor
2474 733 2645 789 nostri
2673 747 2797 788 esse
2823 732 3080 804 dignare,
3110 732 3330 788 domine
3360 746 3520 804 papa.

993 861 3580 888 MM

1251 975 1728 1083 LIBER
1803 973 2641 1082 SEPTIMUS.

720 1164 872 1234 171
916 1157 1247 1216 EPISTULA
1293 1158 1498 1231 ruma

487 1275 734 1334 Sidonius
759 1275 963 1328 domino
987 1283 1010 1310 α
1043 1287 1188 1344 papa:
1219 1271 1470 1325 Mamerto
1497 1272 1734 1326 salutem.

386 1431 590 1484 ltumor
611 1438 695 1486 est
727 1430 930 1485 Gothos
959 1428 1012 1483 in
1057 1428 1356 1483 Romanum
1384 1427 1558 1483 solum
1587 1436 1760 1482 castra
1792 1442 1901 1482 mo-

316 1523 477 1577 visse.
537 1522 672 1576 lluic
725 1537 938 1590 semper
984 1520 1267 1590 irruptioni
1311 1534 1408 1574 nos
1451 1520 1635 1574 miseri
1676 1519 1902 1573 Arverni

317 1615 479 1682 janua
509 1629 714 1669 sumus.
766 1613 1005 1682 Namque
1039 1612 1176 1667 odiis
1221 1611 1561 1665 inimicorum
1595 1611 1716 1664 hinc
1748 1625 1904 1678 pecu-

315 1706 466 1760 liaria
499 1706 732 1773 fomenta
774 1705 1263 1770 subministramus,
1318 1705 1439 1774 quia
1485 1703 1626 1774 quod
1673 1704 1901 1759 necdum

318 1799 577 1853 terminos
605 1812 733 1854 suos
759 1798 828 1852 ab
855 1800 1068 1854 Oceano
1098 1799 1149 1851 in
1167 1797 1484 1851 Rhodanum
1513 1796 1716 1866 Ligeris
1746 1796 1901 1850 alveo

318 1889 701 1958 limitaverunt,
727 1892 894 1946 solum
917 1891 1017 1946 sub
1043 1906 1142 1960 ope
1168 1890 1365 1944 Christi
1391 1904 1594 1943 moram
1621 1890 1688 1944 de
1717 1903 1898 1945 nostra

317 1993 522 2038 tantum
567 1983 721 2038 obice
753 1984 1043 2052 patiuntur.
1077 1984 1552 2052 Circumjactarum
1586 1983 1741 2054 172
1770 1999 1898 2039 vero

2021 1157 2152 1210 fides
2183 1170 2268 1211 tua
2299 1157 2351 1212 in
2383 1157 2475 1211 illo
2504 1157 2697 1212 ardore
2735 1157 2856 1226 plus
2893 1150 3058 1213 caluit
3097 1172 3112 1209 :
3151 1163 3350 1211 etcum
3381 1157 3436 1210 in
3463 1170 3600 1216 con-,-

2007 1257 2192 1318 Spectu
2223 1247 2430 1316 pavidae
2462 1246 2631 1316 plebis
2650 1288 2664 1310 ,
2697 1247 2913 1316 objectu
2941 1246 3058 1302 solo
3089 1246 3162 1301 tui
3185 1246 3434 1316 corporis
3460 1248 3598 1318 ignis

2007 1355 2256 1395 recussus
2281 1340 2332 1394 in
2357 1348 2560 1410 tergum
2585 1338 2824 1409 fugitivis
2850 1336 3077 1393 ﬂexibus
3109 1331 3456 1406 sinuaretur,
3497 1339 3598 1392 tui-

2007 1431 2189 1485 raculo
2219 1429 2468 1494 terribili,
2501 1445 2662 1499 novo,
2697 1429 2970 1496 inusitato,
2995 1429 3162 1484 adfuit
3189 1431 3345 1501 173
3369 1430 3601 1486 ﬂamma:

2007 1523 2199 1578 cedere
2228 1537 2324 1594 per
2346 1523 2704 1578 reverentiam
2724 1562 2738 1586 ,
2767 1523 2852 1577 cui
2882 1521 3083 1577 sentire
3117 1522 3287 1577 defuit
3316 1537 3412 1592 per
3445 1535 3601 1578 natu-

2010 1629 2144 1669 ram.
2179 1612 2416 1668 Primum
2460 1614 2619 1684 igitur
2644 1623 2698 1668 et
2727 1613 2792 1668 iis
2823 1613 3004 1682 paucis
3029 1613 3200 1668 nostri
3235 1613 3440 1668 ordinis
3469 1614 3599 1670 viris

2009 1708 2199 1763 indicis
2220 1706 2444 1778 jejunia,
2471 1706 2748 1762 interdicis
2772 1705 2989 1774 ﬂagitia,
3021 1705 3285 1776 supplicia
3317 1705 3591 1776 praedicis,

2005 1799 2244 1856 remedia
2285 1799 2552 1869 promittis
2592 1814 2607 1854 :
2658 1799 2882 1867 exponis
2921 1797 3168 1853 erunibus
3192 1838 3208 1864 ,
3250 1813 3351 1852 nec
3379 1811 3595 1867 poenam

2003 1890 2344 1961 longinquam
2389 1904 2508 1945 esse
2528 1930 2543 1956 ,
2577 1905 2676 1945 nec
2705 1889 2946 1954 veniam;
2977 1888 3140 1942 doces
3159 1887 3486 1942 denuntiata:
3509 1901 3602 1942 so-

2007 1983 2250 2039 litudinis
2277 1984 2452 2038 minas
2477 1982 2780 2036 orationum
2835 1981 3133 2051 frequentia
3177 1995 3300 2036 esse
3344 1981 3602 2036 amolien-

315 2075 484 2142 spatia
511 2115 524 2138 ,
556 2083 887 2144 tractumque
923 2077 1199 2144 regionum
1227 2076 1337 2144 jam
1372 2076 1576 2142 pridem
1625 2077 1773 2145 rrgni
1805 2076 1906 2128 mi-
1934 2049 1980 2108 Β
2019 2077 2143 2143 das;
2187 2091 2375 2132 mones
2396 2075 2762 2130 assiduitatem
2790 2073 3016 2129 furentis
3045 2073 3308 2140 incendii,
3341 2087 3476 2143 aqua
3508 2087 3603 2142 po-

317 2167 464 2223 nacis
510 2166 815 2235 importuna
865 2166 1143 2220 devoravit
1184 2167 1485 2235 impre—sio.
1518 2167 1622 2221 Sed
1652 2166 1910 2221 animosi-

319 2258 410 2311 fati
442 2267 641 2313 nostra;
671 2269 778 2312 tam
814 2257 1141 2323 temerariae,
1173 2266 1391 2325 tamque
1421 2258 1768 2328 periculoste,
1799 2272 1906 2312 non

323 2363 422 2422 nos
444 2358 537 2404 aut
563 2350 863 2427 ambustam
893 2365 1169 2405 murorum
1202 2349 1420 2416 faciem,
1453 2359 1544 2403 aut
1575 2359 1785 2419 putrem
1817 2366 1911 2405 su-

320 2441 470 2494 dium
514 2450 746 2511 cratem,
780 2451 872 2496 aut
903 2441 1300 2513 propugnacula
1332 2441 1550 2512 vigilum
1574 2443 1698 2497 trita
1730 2451 1911 2512 pecto-

320 2535 467 2592 ribus
496 2533 814 2589 confidimus
833 2534 1191 2601 opitulatura:
1225 2535 1342 2589 solo
1375 2545 1550 2588 tamen
1575 2535 1907 2589 invectarum

328 2638 378 2697 te
399 2637 619 2681 auctore
649 2627 982 2696 rogationum
1016 2625 1295 2696 palpamur
1324 2625 1524 2680 auxilio
1557 2642 1571 2681 :
1600 2625 1796 2696 quibus
1826 2627 1908 2681 in-

321 2718 582 2773 choandis
610 2717 1094 2788 instituendisqueb
1116 2719 1342 2788 populus
1355 2719 1773 2785 Arvernus,etsi
1801 2734 1909 2773 non

323 2811 519 2866 effectu
551 2813 688 2880 pari,
735 2811 929 2869 aﬂ‘cctu
956 2821 1105 2866 certe
1130 2827 1233 2864 non
1265 2810 1452 2880 impari
1483 2809 1646 2880 ccepit
1684 2808 1904 2878 initiari,

319 2913 371 2966 et
409 2903 478 2959 ob
528 2903 628 2958 hoc
657 2903 998 2959 circumfusis
1026 2902 1256 2958 necdum
1289 2901 1381 2957 dat
1410 2909 1556 2972 terga
1587 2901 1906 2958 terroribus.

319 2993 430 3050 Nan
459 2993 600 3048 enim
630 2993 761 3047 latet
797 3002 1033 3047 nostram
1065 2995 1485 3048 sciscitationem
1506 3034 1520 3058 ,
1555 2992 1743 3061 primis
1776 3001 1907 3046 tem-

319 3085 537 3152 poribus
553 3083 808 3138 ltarumce
823 3084 1274 3154 supplicationum
1303 3085 1696 3148 institutarum,
1715 3083 1906 3140 civitas

319 3177 534 3230 coalitu.
566 3175 662 3230 tibi
690 3175 894 3243 credita
925 3190 1017 3242 per
1055 3173 1356 3242 cujusmodi
1404 3174 1769 3244 prodigiorum
1801 3182 1908 3229 ter-

319 3252 667 3323 riculamcnta
696 3265 1038 3320 vacuabatur.
1070 3266 1201 3318 [\‘am
1227 3264 1387 3319 modo
1406 3272 1620 3321 cscena:
1648 3265 1905 3320 mtenium

317 3360 650 3430 publicorum
699 3358 906 3414 crebris
952 3368 1108 3412 terra:
1147 3355 1381 3412 motibus
1420 3357 1902 3424 concutiebantur;

2020 2167 2124 2222 tius
2150 2167 2425 2222 oculorum
2454 2180 2612 2235 quam
2653 2164 2932 2219 ﬂuminum
2961 2177 3119 2234 posse
3161 2163 3448 2233 restingui;
3482 2177 3601 2224 rno-,

2019 2275 2115 2315 nes
2154 2261 2417 2314 minacem
2474 2267 2634 2313 terrae
2686 2267 2927 2312 motuum
2972 2256 3420 2313 conﬂictationem
3477 2256 3604 2312 fidei

2015 2350 2302 2405 stabilitate
2330 2349 2662 2403 firmandam.
2695 2348 2858 2418 Cujus
2881 2348 3163 2404 confestim
3193 2363 3394 2420 sequax
3423 2349 3604 2402 Immi-

2017 2442 2084 2497 lis
2118 2444 2270 2498 turba
2298 2442 2507 2498 consilii
2537 2486 2551 2510 ,
2581 2441 2876 2511 majoribus
2903 2456 3116 2513 quoque
3145 2443 3257 2499 suis
3290 2421 3392 2499 [ιιἱῖ
3413 2443 3605 2510 incita-

2015 2542 2217 2600 mento,
2245 2548 2385 2604 quos
2426 2549 2547 2588 cum
2593 2548 2702 2588 non
2749 2533 3008 2604 piguisset
3037 2536 3242 2604 fugere,
3275 2535 3454 2590 redire
3491 2550 3604 2601 non

2015 2625 2224 2695 puduit.
2256 2625 2370 2694 Qua
2389 2624 2689 2713 pcVOtione
2716 2625 2957 2694 placatus
2994 2627 3267 2696 inspector
3297 2635 3603 2695 pectorum,

2013 2718 2175 2785 Deus,
2208 2718 2336 2774 fecit
2361 2734 2484 2774 esse
2511 2717 2934 2773 obsecrationem
2961 2728 3195 2773 vestram
3226 2717 3377 2772 vobis
3398 2716 3556 2771 saluti
3573 2757 3598 2782 ,

2013 2813 2224 2867 etcteris
2266 2811 2586 2877 imitationi,
2627 2812 2869 2880 utrisque
2908 2810 3181 2879 praesidio.
3230 2809 3467 2879 Denique
3490 2808 3606 2864 illic

2010 2902 2264 2973 deinceps
2293 2919 2399 2958 non
2430 2903 2577 2960 fuere
2605 2903 2688 2959 vel
2720 2903 2914 2959 damna
2938 2903 3252 2970 calamitati,
3279 2903 3366 2957 vel
3390 2911 3605 2958 ostenta

2015 2994 2308 3050 formidini.
2339 2996 2469 3063 Qua:
2505 2996 2685 3050 omnia
2732 2995 2912 3050 sciens
2941 2995 3169 3064 populus
3197 2995 3299 3050 iste
3327 2993 3604 3050 Viennen-

2010 3087 2161 3143 sibus
2193 3088 2294 3142 tuis
2321 3097 2376 3144 et
2401 3087 2660 3143 accidisse
2687 3087 2856 3157 prius,
2889 3094 2944 3142 et
2974 3101 3082 3140 non
3104 3085 3397 3141 accessisse
3417 3094 3606 3154 poste-

2009 3177 2142 3244 rius,
2188 3177 2410 3247 vestigia
2457 3185 2563 3232 tam
2621 3185 2986 3234 sacrosancta:
3040 3175 3434 3230 informationis
3485 3190 3608 3229 amo

2011 3269 2290 3340 plectitur,
2311 3269 2500 3324 sedulo
2526 3280 2734 3339 petens,
2757 3278 2817 3324 ut
2841 3268 3185 3324 conscientia:
3203 3277 3305 3322 tua:
3327 3265 3608 3322 beatitudo

2010 3360 2185 3416 mittat
2207 3359 2505 3414 orationum
2541 3375 2761 3416 suarum
2787 3359 3040 3429 suffragia
3072 3400 3088 3427 ,
3139 3358 3331 3427 quibus
3356 3358 3607 3426 exempfa

317 3466 456 3504 nunc
490 3451 638 3519 ignes
670 3464 813 3518 saepe
839 3447 1091 3523 flammati
1119 3446 1349 3500 caducas
1379 3445 1672 3501 culminum
1711 3446 1902 3502 cristas
1934 3418 1980 3482 C
2015 3452 2330 3509 transmisit.
2351 3452 2417 3507 Et
2437 3452 2560 3522 quia
2587 3452 2681 3506 tibi
2710 3452 2812 3506 soli
2839 3466 3092 3507 concessa
3115 3458 3218 3516 est,
3242 3459 3605 3519 postavorum

319 3542 622 3611 superjeeto
668 3539 972 3611 favillarum
1025 3546 1207 3593 monte
1241 3536 1600 3603 tumulabant;
1631 3552 1771 3599 nunc
1797 3547 1904 3592 stu-

320 3616 490 3704 penda
545 3634 662 3688 foro
705 3631 898 3687 cubilia
941 3631 1281 3686 collocabant
1326 3629 1612 3685 audacium
1661 3631 1900 3700 pavenda

321 3725 672 3779 mansuetudo
711 3737 996 3779 cervorum
1040 3740 1055 3776 :
1103 3738 1223 3776 cum
1279 3732 1331 3775 tu
1361 3721 1501 3776 inter
1531 3722 1628 3777 ista
1660 3721 1901 3777 discessu

323 3819 612 3884 primorum
655 3815 1096 3885 populariumque
1137 3823 1279 3868 statu
1310 3815 1456 3869 urst
1500 3815 1796 3875 exinanito.
1830 3815 1898 3868 ad

323 3922 460 3963 nova
489 3897 634 3980 celer
665 3915 906 3960 veterum
931 3905 1280 3960 Ninivitarum
1322 3907 1568 3976 exempla
1600 3907 1907 3975 decurristi,

327 4015 397 4062 ne
429 3998 624 4052 divina:
651 3997 1006 4063 admonitioni
1037 4009 1122 4052 tua
1153 4013 1367 4069 quoque
1389 3999 1694 4068 desperatio
1727 4001 1912 4055 convi-

322 4095 572 4159 ciaretur.
629 4092 696 4146 Et
740 4106 866 4147 vere
918 4091 1027 4161 jam
1070 4091 1138 4146 de
1176 4091 1288 4146 Deo
1341 4101 1396 4145 tu
1445 4092 1670 4146 minime
1702 4101 1915 4160 poteras

322 4186 521 4255 absque
548 4193 767 4254 peccato
807 4193 927 4253 post
965 4184 1220 4238 virtutum
1243 4183 1610 4252 experimenta
1635 4183 1907 4240 diffidere.

321 4279 455 4334 Nam
486 4295 605 4333 cum
637 4279 750 4332 vice
788 4276 1011 4345 quadam
1043 4277 1230 4330 civitas
1265 4275 1599 4344 conﬂagrare
1639 4280 1912 4345 ccepisset.

395 4405 420 4432 α
463 4395 727 4462 Episcopo
774 4390 1099 4453 Viennensi,
1148 4390 1214 4443 de
1249 4405 1355 4462 quo
1389 4405 1570 4460 supra.
1617 4392 1908 4448 Mamertus

323 4469 487 4519 etiam
514 4461 710 4519 dicitur
740 4463 806 4517 ab
835 4462 1018 4516 Hilaro
1063 4475 1193 4529 papa
1225 4469 1278 4514 et
1308 4461 1527 4528 Luetdn,
1558 4465 1733 4531 Avito.
1778 4462 1910 4518 Gre-

326 4537 475 4599 gorio
504 4535 701 4596 Turon.
721 4543 775 4588 et
802 4533 941 4587 aliis.
961 4531 1064 4599 Qui
1082 4532 1395 4585 Marnertum
1427 4534 1687 4597 scribunt,
1706 4551 1733 4588 a
1759 4535 1908 4590 libris

328 4605 555 4672 antiqui~
587 4605 869 4658 (iiaCCdllnl
921 4613 974 4655 et
1022 4618 1050 4655 a
1100 4601 1248 4655 vocis
1289 4603 1516 4668 origine.
1548 4603 1678 4658 Nam
1723 4621 1751 4657 a
1799 4606 1908 4659 Ma-

331 4684 503 4741 merte
538 4675 826 4727 Mamertus
855 4673 1076 4736 dicitur,
1105 4682 1159 4726 et
1187 4689 1214 4726 a
1247 4674 1503 4727 Mamerto
1534 4675 1902 4739 Mamertinus,

331 4759 436 4797 non
483 4743 852 4815 Mamercinus.
898 4741 1032 4815 Cum
1078 4745 1176 4815 hac
1217 4756 1392 4797 autem
1440 4745 1661 4807 epistola
1692 4760 1908 4815 conipzt—

2012 3543 2326 3598 memoriam
2353 3582 2368 3608 ,
2412 3542 2493 3597 vel
2535 3541 2901 3596 confessorem
2931 3538 2959 3578 τι
3000 3539 3340 3595 Ambrosium
3367 3537 3603 3592 duorum

2011 3645 2306 3706 martyrum
2360 3643 2730 3703 repertorem,
2779 3633 2831 3688 in
2874 3631 3112 3701 partibus
3167 3630 3316 3687 orbis
3363 3621 3599 3694 occidui,

2009 3727 2260 3798 martyris
2290 3743 2308 3764 ο
2343 3725 2581 3781 Ferreoli
2633 3723 2808 3779 solida
2839 3723 3117 3778 translatio
3140 3763 3156 3790 ,
3188 3722 3398 3791 adjecto
3425 3720 3599 3775 nostri

2011 3819 2188 3889 capite
2211 3818 2442 3885 Juliani,
2475 3817 2616 3887 quod
2657 3817 2813 3872 istinc
2840 3816 3146 3871 turbulento
3175 3814 3442 3885 quondam
3471 3827 3603 3883 per-

2014 3913 2248 3968 secutori
2293 3928 2482 3967 manus
2513 3911 2697 3966 retulit
2734 3920 2954 3966 eruenta
2984 3908 3252 3964 carnificis
3287 3925 3300 3961 :
3331 3921 3435 3961 non
3463 3905 3606 3973 inju~

2016 4006 2151 4058 rium
2199 4013 2281 4058 est
2303 4045 2319 4069 ,
2351 4003 2490 4073 quod
2521 4017 2617 4073 pro
2652 4001 3092 4070 compensatione
3129 3998 3499 4069 deposcimus,
3543 4004 3606 4050 ut

2019 4096 2172 4149 nobis
2202 4095 2326 4149 inde
2355 4095 2529 4148 veniat
2569 4108 2692 4163 pars
2735 4093 3012 4162 patrocinii
3044 4134 3058 4156 ,
3088 4092 3210 4162 quia
3257 4088 3415 4162 175
3451 4089 3606 4144 vobis

2021 4191 2144 4244 hinc
2173 4187 2328 4243 rediit
2357 4203 2480 4257 pars
2506 4187 2735 4258 patroni.
2771 4186 2974 4242 Memor
3004 4200 3072 4240 no
3104 4185 3171 4240 tri
3199 4199 3318 4240 esse
3343 4183 3563 4253 dignare
3585 4221 3604 4247 ,

2019 4282 2235 4339 domine
2257 4297 2412 4352 papa.

2018 4397 2194 4451 Alium
2233 4397 2432 4461 quidem
2479 4394 2718 4447 tubarum
2757 4409 2914 4447 sonus
2953 4402 3001 4445 et
3044 4383 3285 4461 strepitus
3323 4405 3606 4443 armorum:

2015 4469 2177 4520 alium
2216 4466 2452 4535 quaedam
2491 4465 2737 4532 triumphi
2778 4479 2929 4535 scena
2964 4463 3214 4535 deterreat
3252 4478 3273 4516 :
3300 4475 3608 4530 quanquam

2017 4553 2076 4593 ea
2102 4554 2202 4594 vnx
2229 4531 2437 4590 term-re
2467 4531 2664 4589 omissa
2697 4544 2777 4588 est
2808 4534 2863 4587 in
2895 4531 3144 4597 vulgatis.

2089 4606 2114 4644 ἀ
2151 4609 2223 4661 De
2253 4607 2494 4675 reliquiis
2527 4605 2622 4660 SS.
2652 4604 2893 4659 Gervasii
2943 4613 2999 4658 et
3026 4602 3253 4658 Protasii
3283 4603 3350 4675 ab
3375 4600 3610 4675 Ambro-

2016 4680 2097 4732 sio
2127 4670 2410 4732 Mediolarii
2441 4682 2687 4744 repertis,
2737 4675 3054 4744 Ambrosius
3101 4676 3215 4741 ipse
3249 4673 3408 4740 epist.
3455 4670 3526 4725 15
3549 4681 3609 4744 et

2026 4763 2276 4803 sermone
2303 4747 2366 4801 91
2390 4763 2404 4809 ;
2431 4740 2754 4812 Augustinus
2785 4761 2837 4798 ιιι
2859 4740 3294 4801 Confessionum.
3319 4751 3374 4796 et
3403 4756 3518 4812 χχιι
3540 4740 3610 4794 de

331 4815 497 4868 randa
520 4824 600 4887 est
622 4813 967 4887 AlcimiAviti
1001 4813 1213 4887 homilia
1235 4815 1736 4887 de__i_{ogationibus,
1761 4811 1912 4886 cujus
1941 4813 1992 4872 D
2017 4818 2272 4884 Civitate;
2299 4811 2588 4887 Gregorius
2607 4815 2811 4870 Turon.
2829 4815 2898 4870 de
2916 4813 3097 4870 Gloria
3115 4825 3432 4885 martyrum,
3453 4811 3603 4875 liba,

332 4888 533 4939 mentio
573 4883 710 4938 facta
743 4893 824 4936 est
853 4883 920 4934 ad
944 4881 1102 4948 epist.
1155 4885 1220 4937 14
1242 4926 1256 4947 ,
1292 4883 1386 4937 lib.
1415 4881 1465 4937 v.
1510 4885 1646 4940 Sunt
1674 4881 1916 4942 enim'ut

331 4965 668 5024 argumento,
699 4955 776 5010 sic
805 4955 1263 5024 totagnarrationis
1293 4957 1433 5009 serie
1460 4957 1765 5010 simillimae.

401 5022 428 5066 δ
461 5026 702 5080 Mamerti
757 5022 1075 5090 [legationes
1105 5041 1226 5093 qua:
1262 5024 1472 5080 Domini
1525 5030 1907 5082 Ascensionem

329 5097 673 5165 antecedunt,
708 5093 896 5148 imitati
923 5104 1046 5167 Sunt
1071 5110 1174 5150 non
1201 5096 1373 5150 solum
1405 5097 1563 5152 vicini
1589 5099 1770 5167 populi
1793 5099 1912 5151 Gal-

331 5169 434 5233 li:e,
463 5176 522 5220 ut
548 5169 633 5220 hic
666 5169 811 5219 locus
828 5165 1128 5219 ostenditet
1146 5167 1429 5221 concilium
1452 5183 1479 5219 v
1497 5165 1904 5234 Aurelianense,

329 5253 513 5292 verum
545 5239 704 5290 etiam
748 5246 958 5292 cetera:
1007 5238 1273 5303 nationes,
1323 5248 1483 5304 atque
1531 5239 1643 5304 ipsa
1687 5239 1902 5292 tandem

330 5309 520 5373 Roma,
569 5308 760 5361 [monis
789 5307 852 5360 111
900 5310 1234 5373 auctoritate,
1286 5319 1340 5361 ut
1385 5309 1580 5363 docent
1630 5310 1902 5363 ritualium

329 5382 584 5434 librorum
609 5390 875 5444 auctores.
908 5378 1030 5430 Ideo
1059 5378 1293 5431 litaniam
1317 5378 1641 5434 Gallicanam
1669 5380 1903 5448 appella-

331 5459 477 5516 runt,
507 5451 630 5520 qnia
661 5450 777 5515 ejus
809 5449 1070 5505 institutio
1099 5464 1128 5502 e
1160 5449 1349 5515 Gallia,
1383 5460 1434 5504 et
1467 5451 1702 5504 litaniam
1737 5451 1906 5503 mirm-

331 5536 468 5585 rem,
517 5532 627 5574 uta
676 5520 880 5586 majore
923 5520 1341 5589 distinguerent,
1397 5536 1516 5590 quae
1543 5537 1626 5586 vit,
1658 5520 1912 5575 calendas

332 5592 453 5645 Maii
483 5593 806 5645 celebratur.
1276 5593 1279 5597 ’

407 5674 429 5700 c
461 5665 563 5730 71
612 5661 796 5714 Facies
844 5660 1118 5714 exterior:
1151 5661 1366 5714 ductum
1407 5678 1438 5715 a
1486 5678 1646 5716 scena
1693 5662 1908 5718 theatri.

332 5729 423 5788 Sic
458 5729 673 5784 scenam
722 5733 961 5797 corporis
1008 5731 1143 5783 dixit
1179 5731 1544 5786 Tcrlttllianus
1589 5735 1654 5786 de
1701 5733 1909 5799 anima;

331 5813 545 5883 qccnam
575 5799 823 5867 triumphi
844 5800 1132 5860 Eumenius
1163 5802 1216 5858 in
1237 5818 1458 5887 νειμ-ενι
1478 5819 1558 5861 ιεο
1583 5804 1645 5860 de
1670 5805 1874 5860 scholis
1898 5821 1910 5859 :

2021 4893 2388 5013 ωἳίῑίίὲτοτθοιί
2435 4970 2630 5023 corpus
2675 4957 2940 5024 integrum
2989 4969 3108 5008 eum
3156 4952 3332 5019 cepite
3375 4949 3596 5024 Julian},

2019 5031 2158 5098 quod
2184 5032 2251 5084 ab
2282 5021 2819 5098 ArvernisViennau‘t
2841 5025 3024 5098 fuerat
3046 5025 3288 5098 allatum,
3323 5021 3614 5098 humiliore

2018 5089 2247 5167 primum
2272 5101 2336 5153 ad
2355 5097 2600 5151 Rhodani
2633 5098 2804 5165 ripam
2839 5096 3054 5150 basilica
3071 5089 3614 5167 condiderantVien-

2016 5161 2229 5224 nenses.
2259 5170 2547 5226 Mamertus
2583 5168 2635 5222 in
2665 5161 2981 5235 ampliorem
3013 5163 3296 5220 ecclesiam
3343 5178 3375 5235 a_
3403 5176 3462 5235 se
3493 5161 3606 5213 ibi-

2017 5241 2139 5301 dem
2169 5249 2532 5296 constructam
2576 5231 2871 5307 transtulit,
2913 5253 3036 5304 cum
3079 5237 3177 5289 hac
3217 5231 3610 5303 inscriptione:

2133 5354 2322 5402 Heroas
2343 5352 2516 5402 Christi
2540 5351 2763 5412 geminos
2783 5349 2890 5412 haec
2913 5350 3133 5412 continet
3154 5346 3260 5396 aula

2142 5415 2384 5464 Julianum
2405 5411 2582 5476 capite,
2603 5425 2808 5475 corpore
2835 5411 3146 5460 Ferreolum.

2016 5522 2140 5576 llaec
2170 5520 2463 5583 Gregorius
2505 5519 2709 5572 Turon.
2746 5517 2886 5570 hunc
2930 5531 3144 5585 quoque
3179 5514 3384 5570 Sidonii
3409 5513 3612 5585 locum

2015 5595 2207 5656 citans,
2254 5582 2322 5645 de
2357 5590 2537 5645 Gloria
2586 5595 2880 5656 martyrum
2914 5586 3004 5640 lib.
3044 5582 3104 5652 rt,
3154 5601 3275 5656 cap.
3304 5586 3359 5639 2.
3407 5582 3616 5656 Eadem

2019 5654 2314 5732 martyrum
2359 5663 2581 5732 lipsana
2637 5654 2761 5732 post
2793 5657 3192 5732 _S_araceuic-.un
3225 5654 3618 5730 direptionem

2018 5728 2323 5786 Wilicarius
2354 5731 2743 5801 Viennensium
2768 5728 2974 5801 itidem
2995 5798 3008 5801 _
3025 5728 3377 5801 episcopusL
3393 5728 3623 5801 proprio

2019 5805 2158 5859 intra
2183 5801 2367 5859 urbem
2390 5801 2586 5872 templo
2612 5799 2829 5870 locavit,
2848 5808 2905 5856 ut
2927 5796 3092 5857 refert
3109 5798 3227 5858 Ado
3246 5800 3306 5857 in
3320 5796 3623 5857 Chronico.
