3946 6176
857 395 1190 453 EPISTOLA
1230 395 1287 449 ll.

512 540 760 596 Sidonius
788 537 993 590 domino
1014 549 1160 602 papa:
1190 531 1367 585 (ἕνα)εο
1388 530 1621 584 salutem.

347 678 576 739 Oneras,
590 668 1113 729 consummatissme
1131 667 1463 735 pontiﬁcum,
1480 661 1861 719 verecundiam

275 787 455 828 meam
489 766 776 823 multifaria
812 761 967 818 laude
998 760 1345 822 cumulando,
1381 760 1425 813 si
1454 757 1577 828 quid
1606 758 1747 827 stylo
1775 771 1868 809 ru-

278 868 513 921 sticante
567 872 889 929 peraravero
925 872 941 910 :
978 866 1136 924 atque
1192 854 1392 907 utinam
1452 860 1603 905 reatu
1660 856 1866 915 careat,

280 956 427 1029 quod
453 953 665 1023 apicum
696 950 928 1019 primore
950 959 1265 1015 congressu,
1307 958 1607 1014 quanquam
1640 942 1873 994 circum-
1902 994 1919 1011 ο

283 1048 544 1116 scriptus,
592 1040 803 1096 veritati
847 1034 1157 1092 resultantia
1194 1042 1371 1088 tamen
1414 1043 1467 1087 et
1500 1032 1711 1086 diversa
1743 1045 1875 1084 cou-

284 1139 471 1195 nexui.
521 1132 837 1203 Ignorantia!
882 1127 1143 1197 siquidem
1196 1141 1330 1179 meae
1369 1134 1395 1161 ι
1436 1123 1659 1177 callidus
1700 1122 1874 1174 viator

285 1228 564 1299 imposuit.
598 1224 731 1279 Nam
761 1222 887 1277 dum
924 1220 1098 1275 solum
1132 1217 1445 1272 mercatoris
1475 1214 1761 1286 prmtendit
1796 1213 1876 1267 of—

287 1324 493 1385 ﬁcium,
527 1319 731 1373 litteras
758 1329 907 1369 meas
935 1314 1001 1367 ad
1044 1312 1283 1366 formate
1334 1312 1530 1376 vicem,
1579 1310 1787 1364 scilicet
1817 1317 1877 1361 ut

289 1415 484 1476 lector,
520 1408 724 1474 elicuit,
754 1407 847 1460 sed
877 1419 1008 1474 quas
1036 1405 1266 1473 aliquam
1288 1402 1577 1471 gratiarum
1601 1400 1873 1454 actionem

286 1504 569 1559 continere
597 1499 888 1554 decuisset.
934 1496 1191 1565 Namque,
1231 1504 1289 1547 ut
1314 1502 1435 1562 post
1463 1496 1725 1561 comperi,
1761 1496 1879 1561 p'us

266 1592 704 1651 ‘Massiliensium
733 1588 1063 1658 benignitate
1104 1585 1375 1656 profectus
1407 1600 1436 1639 e
1456 1594 1489 1638 at
1517 1600 1673 1652 quam
1704 1592 1878 1637 status

289 1687 398 1752 Sui,
424 1700 520 1740 seu
551 1699 647 1751 per
670 1696 912 1748 censum,
942 1694 1035 1733 Seu
1061 1694 1151 1747 per
1182 1676 1438 1731 familiam
1470 1677 1640 1730 forma
1672 1686 1881 1745 patereo

1519 281 1900 339 EPISTULA“
1913 280 2003 333 [131
2046 280 2173 335 LIB.
2224 282 2331 337 \‘ll.

1887 400 1934 453 Α
1967 408 2315 462 aspernanter
2354 396 2659 450 resalutari.
2722 394 2894 466 Agere
2932 411 3052 451 cum
3098 398 3343 467 singulis,
3391 408 3549 467 prout

3440 282 3551 339 565

1968 488 2140 540 relatis
2170 488 2306 541 ratio
2337 488 2700 557 permitteret;
2726 490 3035 555 grandtevos
3053 491 3550 560 ol»scquiis,:eqme-

1971 592 2067 631 vos
2095 577 2283 631 ofﬁciis
2310 578 2580 646 obligare;
2632 577 2935 645 pudicitiam
2970 594 3076 646 pra:
3106 580 3317 633 caeteris
3346 581 3551 634 sobrie-

1972 680 2242 739 tatemque
2268 672 2460 725 sectari
2488 689 2500 725 :
2537 672 2677 742 quod
2704 683 2807 726 tam
2842 673 3162 727 laudandum
3197 664 3246 727 iit
3274 674 3555 743 juventutc

1972 778 2129 832 quam
2162 779 2363 818 rarum.
2395 766 2761 819 Summatibus
2791 764 3062 834 deinceps,
3108 778 3161 821 et
3205 776 3328 821 tunc
3371 768 3553 821 comiti

1973 854 2196 920 civitati,
2245 871 2350 909 non
2400 856 2575 910 minus
2627 857 2936 926 opportuni,
2986 874 3143 926 quam
3188 858 3557 928 frequentibus

1974 945 2215 1001 excubiis
2250 949 2489 1015 agnosci,
2544 948 2903 1011 innotescere,
2959 950 3401 1014 familiarescere;
3454 951 3558 1003 sic-

1976 1054 2083 1109 que
2127 1040 2245 1105 ejus
2290 1040 2342 1092 in
2393 1038 2508 1094 dies
2553 1040 2810 1095 sedulitas
2866 1026 3131 1109 majoruin
3186 1040 3561 1095 sodalitatibus

1976 1131 2285 1203 promoveri
2316 1152 2328 1185 :
2364 1134 2544 1188 fovere
2582 1134 2706 1189 boni
2732 1135 2928 1205 quique
2954 1136 3230 1199 certatim,
3272 1136 3411 1189 votis
3442 1151 3563 1188 utn—

1980 1240 2097 1289 nes,
2133 1224 2344 1293 plurimi
2366 1224 2624 1289 consiliis,
2658 1224 2847 1293 privati
2873 1225 3047 1291 donis,
3079 1227 3255 1280 cuncti
3287 1226 3562 1280 bent-ﬁciis

1978 1320 2261 1387 adjuvare;
2294 1334 2497 1388 perque
2528 1318 2642 1371 haec
2672 1333 2796 1387 spes
2828 1333 3064 1387 opesque
3094 1318 3246 1372 istius
3294 1319 3449 1389 176
3480 1334 3563 1372 ra-

1983 1411 2132 1480 ptim,
2162 1411 2535 1479 saltuatimque
2569 1410 2855 1463 cumulari.
2887 1409 3045 1463 Forte
3077 1410 3268 1463 accidit
3303 1418 3358 1462 ut
3386 1410 3563 1463 diver-

1980 1502 2125 1555 suirio
2151 1504 2233 1554 cui
2260 1502 2371 1569 ipse
2394 1511 2749 1564 successerat,
2778 1501 3017 1568 qumdam
3042 1501 3234 1554 femina
3257 1517 3361 1554 non
3390 1501 3565 1554 minus

1980 1608 2145 1646 censu
2176 1608 2333 1661 quam
2365 1594 2603 1646 moribus
2634 1593 2825 1647 idonea
2870 1592 3235 1647 vit-inaretur:
3272 1591 3424 1658 cujus
3459 1592 3566 1645 ﬁlia

1985 1684 2225 1739 infantiae
2267 1683 2377 1753 jam
2427 1681 2752 1752 temporibus
2801 1683 3054 1747 emensis,
3106 1682 3335 1737 necdum
3386 1692 3566 1736 tamen

292 1790 405 1831 tur.
445 1777 577 1841 Quae
611 1783 787 1827 [auten
821 1781 876 1825 ul
902 1780 1050 1840 gesta
1096 1778 1242 1836 sunt,
1297 1770 1341 1822 si
1385 1767 1649 1838 quispiam
1690 1767 1879 1835 dignus
1911 1773 1956 1832 Β
1986 1771 2256 1827 nubilibus
2306 1774 2462 1828 annis
2502 1774 2981 1842 appropinquabat.
3041 1773 3170 1826 lluic
3214 1773 3300 1827 hic
3342 1773 3569 1827 blandus

292 1871 499 1925 relator
532 1868 837 1929 CVltiVCrCl,
886 1866 1075 1918 ﬁerent
1118 1862 1351 1932 jocnnda
1404 1870 1722 1915 memoratu.
1773 1860 1879 1914 Sed

290 1960 550 2029 queuiam
578 1957 777 2024 jubetis
824 1954 958 2022 ipse,
1015 1963 1075 2006 ut
1117 1952 1317 2021 aliquid
1352 1952 1503 2005 vobis
1534 1968 1562 2003 a
1594 1966 1678 2005 me
1700 1951 1879 2004 laetum

290 2054 685 2122 cepiosumque
734 2048 920 2118 pagina
968 2046 1146 2112 ferat;
1202 2046 1324 2099 date
1368 2048 1595 2109 veniam,
1656 2045 1699 2097 si
1747 2044 1883 2097 hanc

290 2147 467 2214 ipsam
503 2141 767 2195 tabellarii
802 2142 967 2194 nostri
999 2138 1416 2207 hospitalitatem
1442 2138 1661 2192 cornicis
1683 2138 1883 2191 salibus

290 2234 739 2305 comparandam,
793 2234 938 2287 salva
988 2242 1288 2285 vestrarum
1344 2231 1553 2284 ani-ium
1596 2229 1883 2283 severitate

291 2330 751 2402 perstringamus;
802 2340 869 2380 ne
912 2324 1149 2379 secundo
1200 2324 1531 2377 insinuatum
1589 2338 1695 2376 non
1742 2337 1884 2375 nunc

293 2423 532 2491 primum
566 2434 726 2473 nosse
752 2417 1044 2471 videamur.
1077 2416 1247 2470 Simul
1276 2426 1327 2469 et
1358 2415 1401 2469 si
1429 2416 1592 2468 moris
1615 2424 1695 2469 est
1725 2430 1883 2483 regu-

293 2516 497 2577 larum,
540 2523 596 2565 ut
623 2525 689 2565 ex
726 2510 947 2564 materia
978 2508 1122 2562 omni
1166 2515 1491 2575 usurpentur
1518 2507 1777 2574 principia
1807 2506 1885 2558 di-

290 2605 479 2671 cendi,
526 2619 622 2659 cur
662 2602 745 2656 hic
775 2616 986 2671 quoque
1012 2598 1367 2668 quodcunque
1396 2598 1526 2653 mihi
1557 2598 1884 2653 sermocina-

295 2706 423 2749 turo
454 2695 677 2749 materia
710 2694 920 2762 longius
964 2700 1235 2759 qumratur
1264 2699 1733 2759 exspectatur-que,
1784 2691 1884 2743 nisi

292 2800 351 2847 ιιι
381 2788 617 2843 sermoni
645 2788 799 2858 175
819 2796 1003 2840 nostro
1032 2785 1098 2839 sit
1126 2786 1239 2853 ipse
1268 2800 1364 2854 pro
1385 2799 1567 2849 causa,
1596 2785 1678 2837 cui
1706 2794 1888 2838 noster

293 2897 487 2937 sermo
514 2881 616 2934 erit
646 2896 742 2950 pro
769 2880 1018 2933 sarcina?
1059 2878 1288 2932 Arverni
1322 2879 1444 2932 huic
1472 2878 1659 2946 patria,
1700 2894 1891 2948 part-n-

292 2986 385 3031 tes
417 2974 682 3029 natalibus
728 2989 832 3027 non
864 2972 1131 3042 superbis,
1181 2972 1274 3025 sed
1325 2971 1607 3036 absolutis,
1656 2975 1889 3045 etgslcut

293 3066 438 3120 nihil
472 3066 677 3120 illustre
714 3064 1003 3135 jactantes,
1052 3065 1122 3118 ita
1164 3064 1292 3117 nihil
1326 3064 1522 3117 servile
1551 3072 1887 3129 metuentes;

1987 1863 2268 1934 (siquidem
2323 1879 2382 1916 ea
2434 1874 2564 1917 retas
2614 1864 2913 1932 infantulm,
2948 1874 3005 1918 ut
3051 1866 3223 1917 adhuc
3268 1866 3567 1934 tlecenfet),

1986 1972 2127 2011 nunc
2155 1956 2397 2027 qnzedam
2425 1956 2636 2021 frivola,
2660 1972 2801 2011 nunc
2833 1958 2958 2010 ludo
2981 1973 3008 2010 a
3054 1968 3101 2010 ta
3126 1959 3367 2026 virgineo
3390 1968 3569 2012 scruta

1985 2049 2248 2113 donabat;
2301 2049 2494 2119 quibus
2540 2050 2622 2103 isti
2666 2066 2851 2117 parum
2882 2049 3169 2118 grandibus
3197 2049 3373 2102 causis
3405 2048 3571 2118 pluri-

1987 2157 2132 2195 mum
2174 2141 2499 2208 virgunculae
2548 2144 2758 2195 animus
2805 2141 3169 2209 cepolahatur.
3220 2140 3360 2195 Anni
3402 2141 3572 2193 obiter

1988 2232 2224 2285 thalamo
2249 2247 2404 2300 pares
2427 2250 2437 2283 :
2460 2232 2583 2301 quid
2610 2247 2790 2286 moror
2815 2230 3033 2285 multis?
3057 2232 3383 2285 Adolescens
3401 2232 3571 2297 solus,

1990 2324 2188 2388 tenuis,
2224 2324 2559 2392 peregrinus,
2593 2324 2730 2377 ﬁlius
2774 2322 3026 2386 familias,
3074 2331 3126 2376 et
3152 2338 3181 2376 e
3223 2324 3389 2391 patria
3424 2332 3573 2389 patre

1990 2431 2096 2470 non
2121 2416 2294 2470 solum
2329 2432 2432 2470 non
2462 2416 2702 2482 volt-nte,
2750 2432 2935 2471 verum
2975 2414 3132 2469 etiam
3175 2415 3452 2485 ignorante
3489 2416 3574 2467 di-

1991 2508 2239 2577 scedens,
2272 2509 2500 2577 puellam
2546 2524 2650 2562 non
2684 2508 2993 2564 inferiorem
3030 2507 3317 2573 natalibus,
3352 2506 3573 2561 faculta-

1995 2600 2137 2655 tibus
2168 2602 2525 2665 superiorem,
2552 2600 2731 2654 medio
2761 2601 3037 2670 episcopo,
3067 2599 3189 2669 quia
3219 2602 3411 2665 lector,
3436 2598 3576 2653 sola-

1994 2691 2067 2744 tio
2097 2691 2332 2758 comitis,
2375 2694 2498 2762 quia
2536 2695 2726 2758 cliens,
2767 2710 2925 2749 socru
2965 2709 3071 2747 non
3105 2694 3423 2763 inspiciente
3452 2694 3577 2746 sub-

1997 2786 2269 2843 stantiam,
2306 2798 2501 2853 sponsa
2536 2800 2638 2839 non
2671 2785 2987 2854 dispiciente
3020 2800 3326 2854 personam,
3358 2798 3579 2839 uxorem

1995 2877 2149 2945 petit,
2180 2875 2452 2943 impetrat,
2476 2876 2643 2931 ducit.
2675 2876 3102 2932 Conscribuntur
3134 2878 3325 2932 tabnlre
3368 2878 3580 2944 nuptia-

1996 2967 2075 3021 les
2105 2985 2119 3023 :
2147 2978 2201 3024 et
2226 2970 2273 3024 si
2305 2984 2405 3038 qua
2440 2970 2558 3024 istic
2591 2970 2919 3039 municipioli
2960 2971 3128 3025 nostri
3176 2969 3579 3037 suburbanitas,

1998 3062 2485 3117 matrimonialibus
2535 3061 2645 3116 illic
2693 3062 2894 3117 inserta
2944 3062 3312 3129 documentis,
3368 3062 3582 3115 mimica

290 3157 541 3213 contenti
574 3171 733 3211 censu
763 3155 997 3221 modico,
1016 3155 1110 3209 sed
1135 3155 1322 3209 eodem
1353 3156 1434 3209 vel
1462 3154 1783 3221 sufﬁciente,
1810 3160 1891 3211 vel
1923 3144 1966 3206 C
2002 3154 2248 3224 largitate
2280 3154 2555 3209 recitatur.
2580 3154 2802 3209 Peracta
2824 3155 3321 3225 circumscriptione
3350 3155 3581 3224 legitima

293 3252 509 3313 libero:
535 3250 724 3304 militia
756 3250 861 3304 illis
894 3249 947 3303 in
984 3248 1219 3302 clericali
1252 3249 1429 3317 potius
1470 3265 1627 3315 quam
1660 3249 1712 3302 in
1746 3250 1892 3318 pala-

294 3345 420 3396 tln-i
442 3341 681 3396 .dccursa
720 3342 999 3395 comitatu.
1031 3340 1187 3395 Pater
1216 3341 1300 3394 ἱδιὶ
1337 3341 1614 3411 granditer
1654 3341 1811 3412 frugi,
1838 3353 1893 3397 et

296 3433 491 3500 Liberis
516 3447 703 3499 parum
732 3431 968 3486 liberalis
995 3448 1009 3484 :
1036 3431 1230 3500 quique
1261 3446 1356 3499 per
1382 3431 1596 3485 nimiam
1630 3437 1893 3501 parcimo-

295 3523 449 3577 niam
470 3521 657 3590 juveni
685 3519 793 3576 ﬁlio
824 3522 943 3592 plus
972 3521 1227 3591 prodesse
1258 3537 1416 3590 quam
1452 3524 1661 3591 placere
1692 3526 1894 3579 malue-

294 3616 396 3669 rit.
421 3613 539 3680 Quo
567 3613 754 3667 relicto
784 3622 911 3668 tunc
942 3628 1073 3682 puer
1099 3612 1197 3667 iste
1238 3628 1333 3666 vos
1362 3614 1512 3682 petiit
1539 3614 1698 3668 nimis
1727 3630 1895 3685 expe-

292 3705 479 3771 ditus;
509 3704 651 3773 quod
679 3712 792 3759 erat
822 3705 1110 3758 maximum
1139 3703 1420 3759 conatibus
1451 3705 1636 3775 primis
1667 3706 1895 3775 impedi-

294 3807 545 3853 mentum
575 3816 587 3849 :
615 3797 745 3852 nihil
774 3808 856 3853 est.
884 3800 1025 3851 enim
1046 3796 1243 3852 viatico
1263 3797 1362 3851 levi
1386 3798 1623 3867 gravius.
1640 3800 1890 3854 Attamen

295 3892 513 3958 primus
546 3878 625 3943 illi
658 3890 708 3943 in
746 3900 922 3945 vestta
946 3889 1143 3943 meania
1168 3890 1301 3945 satis
1325 3891 1592 3945 secundus
1616 3891 1886 3947 introitus.

295 3978 328 4019 δ
365 3980 552 4035 Sancti
588 3980 855 4035 Eustachii
885 3980 974 4050 qui
1006 3980 1154 4033 vobis
1178 3980 1431 4047 decessit,
1476 3992 1712 4037 actutum
1744 3984 1889 4038 dicto

297 4074 556 4143 factoque
602 4073 814 4141 gemina
863 4071 1166 4126 benedictio
1216 4082 1299 4126 est
1346 4090 1356 4124 :
1404 4073 1691 4143 ImSpitium
1746 4076 1892 4133 brevi

295 4166 614 4235 quzesitum,
640 4164 751 4232 jam
787 4163 1057 4217 Eustachii
1087 4178 1213 4218 cura
1243 4163 1395 4219 facile
1429 4165 1723 4233 inventum,
1758 4172 1896 4223 cclcc

296 4258 438 4311 riter
473 4256 703 4319 aditum,
742 4255 974 4309 civiliter
1005 4256 1259 4309 locatum.
1290 4256 1405 4310 lam
1440 4260 1667 4325 primum
1700 4263 1892 4316 crebro

297 4363 532 4401 accursu
561 4346 809 4409 excolere
830 4347 1055 4413 vicinos,
1085 4348 1374 4403 identidem
1413 4350 1480 4403 ab
1512 4352 1576 4404 iis
1608 4353 1721 4422 ipse
1752 4356 1892 4411 haud

1998 3256 2050 3299 et
2084 3246 2269 3301 fraude
2307 3247 2556 3311 solemni,
2604 3246 2747 3301 levat
2791 3246 3008 3302 divitem
3052 3247 3332 3317 conjugem
3384 3262 3583 3316 pauper

1997 3338 2275 3394 adamatus
2310 3357 2323 3393 :
2354 3350 2408 3395 et
2439 3340 2723 3408 diligenter
2759 3357 2877 3407 qua:
2916 3342 2981 3395 ad
3020 3357 3264 3396 socerum
3315 3344 3585 3411 pertinue-

1996 3441 2120 3486 rant
2149 3432 2356 3486 rimatis
2386 3432 2820 3500 convasatisque,
2864 3448 2970 3486 non
3011 3448 3174 3501 parvo
3213 3434 3371 3487 etiam
3409 3435 3585 3487 corol-

1996 3525 2131 3579 lario
2175 3523 2482 3577 facilitatem
2530 3524 3010 3591 credulitatemque
3061 3524 3441 3578 muniﬁcentiae
3490 3540 3583 3580 so-

1996 3615 2195 3670 crualis
2223 3629 2507 3684 mungcns,
2554 3616 2790 3680 recertui
2842 3618 2893 3668 in
2946 3616 3170 3684 patriam
3212 3618 3407 3670 cecin't
3448 3633 3586 3685 prte-

1997 3707 2239 3776 stigiator
2274 3706 2522 3760 invictus.
2581 3705 2698 3771 Quo
2745 3704 2986 3773 profecto
3035 3714 3206 3760 mater
3249 3706 3439 3775 puella:
3489 3721 3585 3776 pro

2000 3811 2022 3839 ο
2056 3798 2413 3871 hyperbolicis
2441 3797 2814 3852 instrumentis
2836 3798 2998 3865 cmpit
3025 3797 3292 3852 actionem
3325 3809 3584 3866 repeton.

1996 3894 2184 3948 darum
2216 3892 2351 3947 velle
2381 3905 2714 3960 proponere;
2766 3900 2819 3944 et
2862 3897 2987 3944 tunc
3027 3890 3241 3944 demum
3280 3890 3346 3945 de
3377 3890 3586 3944 manci-

1996 3988 2206 4055 piorum
2256 3982 2588 4051 sponsalitize
2620 3982 2926 4036 donationis
2958 3982 3111 4052 177
3153 3984 3418 4052 paucitate
3452 3996 3584 4036 mte-

1994 4095 2133 4137 rere.
2154 4077 2365 4145 quando
2386 4076 2494 4145 jam
2528 4075 2593 4130 de
2618 4084 2870 4142 nepotum
2893 4075 3277 4128 numerositate
3297 4074 3583 4142 gaudebat.

1995 4174 2075 4227 Ad
2125 4171 2261 4226 hanc
2314 4169 2626 4239 placandam
2677 4176 2862 4221 noster
2895 4167 3209 4236 Hippolytus
3243 4179 3580 4235 perrexerat,

1992 4281 2110 4321 cum
2144 4266 2349 4318 litteras
2395 4278 2540 4317 meas
2580 4260 2730 4330 prius
2777 4260 2991 4313 obtulit.
3044 4259 3266 4313 Habetis
3311 4259 3586 4312 historiam

1997 4358 2210 4427 juvenis
2239 4354 2422 4410 CXilltli
2451 4372 2461 4406 :
2498 4351 2729 4405 inhalatu
2762 4349 2787 4388 ἀ
2817 4351 3030 4405 Milesia:
3054 4349 3135 4404 vel
3158 4348 3347 4404 Attica:
3376 4364 3408 4419 p
3446 4363 3584 4403 rem.

378 4538 403 4565 ε·
435 4525 740 4582 Amantius.
792 4527 865 4597 Ita
906 4526 1053 4597 enim
1085 4525 1237 4579 vocbt
1273 4527 1497 4591 epistola
1530 4530 1561 4579 7
1609 4538 1661 4583 et
1695 4530 1753 4583 ll
1794 4531 1892 4583 hu-
1928 4536 1976 4595 ι)
2006 4530 2162 4585 tionis
2211 4536 2428 4597 propter
2473 4528 2720 4597 nuptias,
2757 4539 2916 4591 quam
2968 4524 3290 4597 hypobolnm
3331 4538 3360 4575 a
3388 4521 3590 4597 Graecis

300 4602 590 4671 insce;_et_
617 4610 776 4671 supra
827 4596 1187 4671 indicavimus
1218 4598 1281 4649 ad
1334 4599 1429 4650 lib.
1496 4615 1543 4671 vi
1576 4640 1589 4662 ,
1628 4602 1681 4653 8.
1732 4603 1897 4655 l’orro

300 4666 412 4724 non
460 4666 803 4729 dissimilem,
852 4676 905 4719 at
956 4668 1228 4720 contrario
1274 4679 1473 4722 eVentu
1521 4668 1794 4724 historiam
1832 4676 1899 4725 de

303 4738 620 4796 Audarchio
644 4737 984 4802 Massiliensi,
1030 4739 1116 4806 qni
1152 4738 1269 4792 Ursi
1313 4739 1444 4792 civis
1475 4740 1699 4793 Arverni
1738 4745 1896 4795 tiliam

304 4823 536 4865 exorent
566 4807 758 4860 caliida
784 4808 972 4862 fraude
998 4810 1240 4878 appetiit,
1284 4809 1441 4864 ItaLet
1466 4809 1753 4880 Gregorius
1789 4816 1897 4866 'l‘u-

303 4901 425 4937 ron.
463 4879 557 4932 lib.
592 4892 664 4941 tv,
696 4892 837 4930 XLVI.

376 4952 405 4990 ι’
442 4949 829 5003 Massiliensem
862 4947 1169 5001 cathedram
1203 4949 1391 5003 ordine
1432 4961 1683 5005 rexerant
1715 4953 1895 5008 Vene-

304 5025 441 5088 rius,
480 5019 795 5093 Eustathius
837 5028 892 5075 et
931 5016 1147 5071 Graecos
1176 5022 1436 5087 episcopi.
1491 5022 1730 5076 Decessit
1770 5040 1897 5093 ergo

304 5094 499 5148 Graeco
545 5088 878 5156 Eustathius,
926 5093 1041 5143 sive
1085 5098 1143 5142 ut
1173 5094 1257 5143 alii
1289 5094 1546 5157 scrilmnt,
1595 5088 1895 5149 Eustasius.

308 5164 394 5217 Sic
426 5162 569 5218 enim
617 5160 808 5230 legitur
848 5164 901 5211 in
947 5161 1171 5226 epistola
1216 5163 1378 5214 Ililari
1411 5178 1560 5230 papze
1601 5182 1740 5218 anno
1768 5166 1894 5220 464.

309 5232 625 5287 Eustathius
673 5230 809 5297 apud
840 5230 1175 5285 Gennadium
1222 5233 1290 5286 de
1327 5232 1689 5300 Sat'iptoribus
1720 5242 1897 5291 eccle-

310 5305 546 5357 siasticis
572 5304 621 5353 in
655 5302 860 5354 Mttseo.
1084 5325 1092 5339 ι

383 5386 407 5413 ο
438 5374 550 5446 Alii
575 5372 1023 5446 per/typerbolicis.
1058 5371 1170 5426 Jac.
1206 5372 1475 5446 Cujarius,
1523 5374 1603 5446 vir
1640 5378 1812 5446 magni
1844 5385 1900 5431 et

311 5444 489 5515 exacti
534 5443 750 5511 judicit,
811 5444 1105 5515 legendum
1143 5456 1328 5515 ccuset
1376 5444 1662 5515 Ιιλιρυὸυιὶει
1695 5443 1893 5515 :vquntl

315 5514 468 5568 valde
511 5502 814 5585 probarem,
863 5502 910 5566 si
954 5514 1175 5585 alicujus
1222 5502 1594 5583 antiquiulihri
1641 5502 1896 5585 sull‘r'agio

317 5586 599 5638 niteretur.
660 5584 734 5637 De
781 5586 861 5636 his
891 5584 1034 5638 enim
1077 5594 1159 5639 est
1197 5602 1396 5640 sermo.
1458 5586 1651 5639 Verum
1691 5584 1897 5643 utrovis

314 5656 485 5727 modo
511 5655 676 5719 legas,
724 5655 863 5708 idem
905 5666 987 5708 est
1014 5670 1224 5727 sensus.
1276 5657 1408 5709 Nam
1457 5666 1547 5709 ant
1580 5658 1895 5727 hypibolica

318 5723 444 5792 dicit
474 5726 828 5783 instrumenta
859 5726 1205 5796 sponsalitim,
1255 5736 1311 5782 ut
1355 5742 1476 5784 mox
1507 5723 1677 5796 vocat,
1729 5729 1898 5786 dona—

2003 4595 2260 4669 appellari
2308 4595 2502 4651 docent
2542 4598 2677 4663 juris
2711 4596 3065 4669 interpretes;
3118 4604 3207 4669 aut
3244 4595 3589 4669 hyperbolico

2006 4666 2093 4725 illa
2127 4669 2312 4725 eadem
2345 4670 2722 4724 instrumenta,
2774 4666 2825 4718 in
2876 4666 3068 4731 quibus
3108 4666 3385 4718 Amantius
3427 4668 3589 4719 multa

2005 4742 2226 4811 prtedia,
2262 4754 2365 4793 non
2397 4753 2493 4811 sua
2522 4737 2614 4789 sed
2647 4736 2840 4798 aliena,
2870 4734 3123 4811 bypobnli
3152 4737 3366 4811 nrrnnine
3397 4734 3591 4811 hyper-

2005 4805 2178 4865 bolice
2208 4811 2428 4878 largitus
2459 4807 2631 4861 fuerat
2660 4823 2830 4878 :un.e
2862 4822 2999 4858 nunc
3027 4805 3095 4878 ab
3115 4809 3231 4873 ipso
3269 4806 3460 4860 fruszra
3488 4808 3593 4858 sri-

2007 4884 2131 4936 licet
2180 4876 2617 4949 reposcebantur.
2667 4877 2934 4930 Cmternm
2971 4876 3239 4949 admonet
3266 4878 3591 4943 sponsalitia-

2007 4947 2315 5007 denalionis
2350 4954 2571 5013 mentio,
2626 4958 2682 4999 ut
2729 4964 2916 5000 vocent
2969 4948 3102 4999 hanc
3136 4947 3378 4999 Ennodio
3411 4957 3594 5000 nostro

2010 5025 2353 5079 restitnamus
2378 5038 2390 5073 :
2417 5022 2469 5073 in
2504 5020 2621 5073 Vita
2659 5018 2964 5086 Epiphanii,
2996 5018 3149 5084 cujus
3179 5020 3350 5071 oratio
3392 5018 3596 5071 descii-

2005 5095 2147 5149 bitur
2175 5096 2282 5164 72
2322 5092 2387 5146 ad
2431 5091 2839 5164 Gnndobuldutn
2861 5104 3053 5164 regem
3081 5105 3092 5140 :
3122 5087 3234 5164 Sit,
3266 5088 3435 5156 inquit
3458 5090 3595 5164 ,“ﬁlii

2006 5167 2080 5219 tui
2108 5158 2410 5233 sporta—aliud
2444 5158 2981 5233 largitastobagfutio
3023 5161 3335 5233 crrptirorum
3370 5176 3386 5213 :
3417 5159 3597 5225 o/fetnt

2008 5230 2170 5304 pectre
2202 5252 2309 5287 sum
2341 5250 2543 5291 munus.
2570 5230 2706 5304 quod
2732 5242 2775 5282 et
2799 5230 3038 5304 Christus
3066 5231 3302 5298 accipiat.

2080 5304 2106 5342 ἀ
2142 5306 2420 5373 Nunquam
2453 5298 2693 5355 dubitavi
2725 5301 2848 5369 quin
2878 5302 2946 5373 ita
2978 5305 3235 5373 scriptum
3278 5310 3474 5373 esseta

2008 5376 2193 5438 deuio,
2228 5370 2333 5428 non
2366 5374 2581 5439 militiw,
2612 5373 2766 5437 cujus
2800 5373 2899 5425 hoc
2930 5372 3047 5426 loco
3076 5372 3249 5423 alena
3282 5379 3361 5423 est
3389 5370 3595 5433 signifi-

2008 5456 2173 5500 catio.
2225 5445 2555 5498 Milesiorum
2603 5458 2731 5497 vero
2776 5443 2986 5504 iiliHliJ‘,
3030 5440 3300 5493 amatoria:
3331 5449 3505 5499 erant,
3547 5450 3597 5491 et

1999 5520 2270 5571 ἀκόλαστοι
2286 5555 2299 5567 .
2324 5516 2502 5581 Quare
2521 5514 2737 5566 Μὶίρὸὶιυ
2767 5513 3013 5565 dicuntur
3036 5525 3223 5581 omnes
3248 5509 3364 5581 ejus
3385 5509 3598 5581 generis

1998 5597 2053 5642 et
2083 5579 2409 5655 argumenti,
2460 5586 2510 5636 in
2542 5599 2653 5653 quo
2685 5582 2943 5655 excelluit
2970 5580 3251 5655 Aristides.
3282 5579 3598 5655 Plutarchus

2000 5659 2052 5711 in
2086 5649 2305 5719 Crasso,
2362 5657 2430 5709 de
2462 5649 2669 5708 Surena
2704 5653 2960 5707 Seleucia:
2994 5649 3355 5714 triumphante
3382 5666 3394 5703 :
3419 5657 3515 5709 Τήν
3546 5649 3598 5705 δὲ

1998 5732 2275 5799 γερουσίαν
2303 5734 2399 5782 τῶν
2425 5726 2696 5783 Σελευκέων
2723 5725 2960 5795 ἀθρήσας
2999 5725 3282 5791 ιίιίιλνεχκιν
3328 5722 3589 5782 ἀκόλαστα
