3946 6176
378 293 483 363 567

1664 301 1904 361 smoxu
1944 306 2397 389 ABOLLINARIS

3500 311 3675 373 -568

382 410 550 510 ξίιιιιιι
574 420 628 482 et
646 413 912 510 ignoscite
939 424 1131 510 prrclcr
1157 431 1370 489 aequum
1400 420 1743 490 epistolarcm
1764 404 1965 477 formu-
1996 429 2044 485 Α
2072 422 2363 496 quidquam
2394 424 2689 496 pontiﬁcali
2720 424 2980 496 deperire
3008 441 3282 497 persona;
3309 428 3454 510 quod
3483 444 3676 489 sacer-

384 502 489 557 lam
513 504 806 575 porrigenti
833 525 845 559 :
872 522 1031 576 quam
1055 508 1125 562 ob
1154 510 1255 565 hoc
1280 518 1421 582 stylo
1443 524 1685 569 morante
1715 515 1965 585 produxi,

384 609 442 651 ut
482 614 588 653 non
632 609 881 670 tanquam
930 604 1165 673 ignotum
1216 607 1552 673 reciperetis,
1598 624 1755 679 quem
1795 609 1970 664 civctn

383 686 659 743 beucticiis
692 693 1018 771 reddidistis.
1066 694 1271 750 Pariter
1300 707 1355 751 et
1384 706 1571 753 natura
1602 711 1970 771 comparatum

336 845 345 853 ρ
384 790 488 848 est,
526 794 577 835 ut
606 784 799 863 quibus
837 788 1193 856 impendimus
1238 792 1496 861 studium,
1550 806 1868 865 prmstemus
1892 797 1974 851 al-

352 927 357 933 ,
384 873 605 931 fectum.
631 877 734 932 Vos
761 895 888 934 vero
909 883 1250 938 Eustachium
1278 886 1581 952 pontiﬁcem
1609 898 1736 944 tunc
1761 904 1826 943 ex
1850 903 1974 945 asse

389 966 551 1033 digno
580 969 794 1025 barredc
823 972 1122 1029 decessisse
1148 977 1539 1047 monstrabitis,
1564 977 1609 1049 si
1660 987 1718 1032 ut
1755 980 1967 1049 propin-
2014 958 2043 983 ⁸

387 1061 505 1126 quis
536 1063 863 1131 testamenti,
909 1065 987 1119 sic
1016 1066 1304 1121 clientibus
1341 1068 1623 1139 patrocinii
1664 1068 1836 1139 legata
1865 1068 1975 1123 sol-

386 1153 542 1213 vatis.
578 1156 716 1210 Ecce
762 1158 932 1224 parui,
965 1167 1019 1213 et
1047 1159 1349 1214 obedientis
1395 1162 1628 1233 ofﬁcium
1661 1160 1973 1232 garrulitate

387 1249 674 1317 complevi,
710 1249 831 1304 licet
863 1252 1132 1321 negotium
1166 1253 1381 1311 indocto
1411 1253 1501 1324 qui
1546 1254 1863 1323 prolixitatis
1892 1254 1973 1309 itt-

384 1340 577 1410 jnngit,
603 1356 744 1410 aegre
772 1340 915 1398 ferre
941 1358 1049 1397 non
1078 1343 1295 1412 debeat,
1326 1347 1369 1399 si
1399 1361 1505 1406 non
1530 1355 1637 1406 tam
1660 1347 1975 1417 eloquentes

388 1433 645 1500 epistolas
673 1435 875 1515 recepit
915 1452 1077 1506 quam
1108 1437 1379 1507 loquaces.
1420 1438 1624 1495 Memor
1653 1438 1822 1494 nostri
1851 1453 1973 1495 esse

387 1524 627 1593 dignare,
656 1525 874 1599 domine
906 1542 1063 1595 papa.

948 1619 1285 1676 EPISTOLA
1326 1620 1414 1683 Ill.

550 1712 797 1781 Sidonius
826 1713 1033 1767 domino
1058 1730 1206 1783 popa:
1233 1724 1260 1751 λ
1288 1714 1543 1787 Megethio
1571 1716 1809 1781 salutent.

2076 517 2209 573 dotii
2248 516 2515 587 fastigium
2542 532 2649 573 non
2689 518 2933 588 frangitis
2972 519 3251 589 comitate,
3301 522 3399 577 sed
3430 521 3670 579 nectitis.

2076 608 2277 677 Quibus
2300 608 2496 678 agnitis
2516 609 2594 665 sic
2621 608 2925 675 inardesco,
2951 620 3007 665 ut
3036 620 3145 665 tum
3172 627 3261 668 me
3280 611 3383 668 sim
3416 613 3677 671 felicissi—

2076 718 2221 756 mum
2246 700 2604 770 iudicaturus,
2633 716 2755 756 cum
2788 700 2918 761 mihi
2948 717 3128 758 coram
3156 705 3332 775 posito
3364 706 3467 761 sub
3487 706 3680 762 divina

2075 808 2177 862 Ope
2204 793 2510 863 contigerit,
2536 802 2643 857 tam
2681 808 2930 854 securum
2953 794 3021 852 de
3045 797 3155 857 Deo
3183 812 3282 853 suo
3308 808 3521 869 pectus,
3546 800 3684 857 licet

2075 884 2519 954 praesumptiosis,
2554 885 2711 957 179
2745 884 2908 940 arctis
2953 894 3130 947 tamen
3161 863 3343 945 fovere
3363 863 3680 961 complexi-
3712 863 3728 885 ⁷

2074 974 2197 1030 bus.
2234 976 2478 1046 Accipite
2524 976 2873 1037 confitentem
2914 978 3198 1049 :suspicio
3242 979 3461 1050 quidem
3507 982 3684 1051 nimis

2073 1078 2321 1133 severos,
2350 1075 2405 1122 et
2434 1066 2817 1125 imbecillitatis
2836 1083 2972 1129 mea:
2998 1070 3272 1138 conscius,
3292 1073 3687 1142 aequanimiter

2076 1157 2193 1213 fero
2220 1174 2445 1230 asperos
2482 1158 2653 1215 mihi:
2684 1159 2779 1216 sed
2802 1200 2817 1225 ,
2863 1161 3007 1231 quod
3048 1162 3322 1225 fatendum
3364 1174 3470 1230 est,
3519 1165 3687 1225 hisce

2076 1252 2316 1307 moribus
2347 1251 2560 1308 facilius
2584 1252 2887 1310 humilitate
2912 1254 3297 1325 submittimur,
3328 1272 3489 1329 quam
3522 1258 3689 1323 iami-

2074 1342 2307 1399 liaritate
2332 1343 2623 1398 sociemur.
2674 1345 2730 1399 In
2761 1359 2993 1411 summa,
3026 1346 3226 1403 viderit
3250 1364 3353 1419 qua
3382 1350 3687 1417 conscien-

2076 1433 2164 1488 tize
2194 1433 2321 1489 dote
2347 1443 2638 1505 turgescat,
2681 1434 2769 1504 qui
2805 1449 2865 1491 se
2889 1434 3248 1492 ambientibus
3278 1439 3511 1508 rigidum
3540 1440 3686 1510 red-

2076 1523 2154 1579 dit
2178 1541 2190 1577 :
2214 1539 2314 1594 ego
2344 1534 2523 1580 tamen
2552 1540 2758 1580 morum
2786 1525 2930 1581 illius
2962 1529 3243 1583 aemulator
3270 1545 3391 1587 esse
3434 1532 3689 1602 praeele-

2075 1617 2267 1685 gerim,
2300 1617 2391 1686 qui
2416 1616 2576 1671 etiam
2604 1616 2763 1688 longe
2788 1618 3085 1687 positorum
3131 1620 3356 1677 incitare
3393 1621 3445 1677 in
3489 1639 3557 1678 se
3591 1623 3689 1680 af-

2076 1706 2241 1763 fectat
2287 1706 2555 1769 allectum.
2613 1708 2746 1771 lllud
2791 1724 3005 1779 quoque
3053 1711 3184 1765 mihi
3237 1712 3380 1767 inter
3426 1714 3689 1770 maxima

460 1802 556 1860 Diu
586 1804 920 1877 multumque
949 1804 1267 1868 deliberavi,
1305 1821 1605 1875 quanquam
1634 1806 1764 1862 mihi
1794 1806 1975 1864 animo
2002 1793 2051 1855 Β
2078 1796 2351 1867 Statiditer
2378 1798 2529 1855 cordi
2558 1807 2662 1864 est,
2694 1799 2835 1868 quod
2871 1801 3205 1870 apostolatus
3232 1805 3396 1858 vestri
3431 1806 3690 1873 patroci-

386 1895 609 1949 aﬁ‘ectus
638 1895 922 1969 studioque
954 1896 1171 1963 parendi
1199 1897 1602 1967 sollicitaretur,
1642 1914 1709 1951 an
1743 1897 1979 1954 destina-

391 2002 526 2051 rem,
570 1986 729 2039 sicuti
763 1986 1017 2055 injungls,
1049 1986 1559 2053 contestatiunculas
1592 2003 1723 2056 quas
1754 1989 1870 2059 ipse
1898 1989 1978 2044 di-

387 2076 548 2131 ctavi.
570 2076 711 2130 Vicit
731 2076 797 2130 ad
825 2077 1069 2130 ultimum
1096 2078 1382 2144 sententia,
1406 2094 1525 2148 qua:
1556 2078 1650 2135 tibi
1671 2080 1973 2149 obsequen-

387 2169 515 2224 dum
544 2167 876 2222 deﬁniebat:
901 2182 1029 2237 ergo
1061 2168 1226 2236 petita
1259 2170 1552 2223 transmisi.
1584 2172 1647 2224 Et
1667 2172 1795 2240 quid
1815 2171 1977 2225 modo

387 2259 670 2321 dicemus?
720 2259 1010 2329 grandisne
1060 2258 1177 2313 haec
1205 2260 1557 2315 obedientia?
1588 2270 1715 2330 puto
1758 2261 1979 2331 grandis

387 2351 785 2427 esttgrantlio‘r
831 2352 1161 2422 impudentia
1206 2362 1406 2407 tamen.
1452 2353 1564 2407 Hac
1610 2353 1752 2407 enim
1801 2352 1977 2408 fronte

385 2458 683 2520 possemus,
709 2446 1019 2509 fluminibus
1052 2448 1209 2524 173
1234 2460 1420 2523 aquas,
1449 2445 1601 2507 silvis
1638 2447 1781 2522 ligna
1806 2454 1977 2506 trans-

387 2541 598 2595 mittere
647 2560 659 2594 :
715 2542 815 2602 hac
859 2544 1003 2601 enim
1068 2544 1367 2607 temeritate
1410 2544 1653 2612 Apellcm
1702 2544 1972 2614 peniculo,

384 2635 526 2695 ctelo
572 2635 855 2702 Phidiam,
899 2618 1097 2709 malleo
1144 2637 1478 2715 Polycletum
1542 2650 1971 2693 muneraremur.

384 2728 549 2782 Dabis
579 2744 707 2799 ergo
739 2728 951 2799 veniam
983 2731 1409 2799 prtesumplioni,
1460 2742 1594 2797 papa
1634 2737 1839 2791 saneto,
1890 2727 1972 2782 fa-

384 2818 578 2885 cunde,
612 2820 958 2885 venerabilis,
992 2837 1110 2888 qua:
1142 2819 1457 2875 doctissimo
1485 2819 1723 2873 examini
1752 2827 1845 2874 tuo
1874 2834 1972 2872 na-

384 2910 542 2971 turali
574 2911 894 2979 garrulitate
934 2911 1250 2967 deblaterat.
1290 2912 1461 2966 liabet
1494 2910 1829 2966 consuetudo
1873 2925 1975 2965 no-

384 3012 493 3057 stra
524 3017 622 3071 pro
653 3003 779 3069 ritu,
813 3014 873 3058 ut
902 3013 956 3059 ct
986 3005 1029 3058 si
1062 3020 1225 3074 pauca
1257 3005 1387 3073 edit,
1427 3005 1590 3057 multa
1627 3004 1971 3059 conscribat:

385 3094 549 3149 \eluti
576 3105 659 3149 est
687 3096 909 3150 canibus
946 3095 1209 3162 innatum,
1250 3107 1303 3150 ut
1335 3106 1389 3151 et
1418 3098 1462 3150 si
1496 3112 1601 3150 non
1642 3096 1856 3161 latrant,
1887 3105 1969 3150 ta-

2079 1891 2226 1946 nium
2246 1891 2525 1959 copiosum
2549 1893 2849 1959 verissimis
2873 1893 3107 1957 dominis
3131 1895 3324 1952 animae
3344 1912 3505 1962 mete,
3531 1899 3692 1956 Sim-

2078 1982 2241 2052 plicio
2262 1991 2317 2047 et
2332 1982 2650 2053 Apollinari,
2684 1983 2971 2039 intermina
3005 1985 3392 2049 intercessione
3416 1991 3692 2048 conferre

2080 2087 2179 2127 vos
2206 2074 2466 2142 comperi.
2497 2074 2557 2129 Si
2584 2089 2771 2130 verum
2803 2085 2905 2142 est,
2933 2091 3063 2146 rogo
3109 2086 3169 2132 ut
3212 2093 3319 2132 non
3356 2079 3565 2143 habeat
3588 2096 3691 2137 ve-

2078 2172 2186 2218 stra
2214 2165 2409 2219 caritas
2432 2166 2627 2220 ﬁnem:
2664 2166 2707 2221 si
2743 2166 2933 2221 falsum
2962 2176 3067 2235 est,
3099 2178 3223 2237 peto
3249 2178 3305 2223 ut
3325 2185 3433 2237 non
3455 2170 3693 2240 diﬂ‘erat

2079 2256 2279 2313 habere
2328 2258 2670 2327 principium.
2728 2258 2993 2316 Prazterea
3055 2261 3379 2317 commendo
3420 2266 3691 2333 gerulum

2078 2347 2398 2414 litterarum,
2442 2350 2528 2405 cui
2565 2350 2713 2417 istic,
2760 2350 2810 2405 id
2842 2360 2945 2418 est,
2997 2352 3049 2406 in
3085 2352 3689 2426 Vasionensioppido,

2077 2439 2328 2514 quiddam
2354 2442 2692 2497 necessitatis
2728 2452 2975 2497 exortum
3002 2445 3180 2498 sanari
3211 2456 3403 2502 vestrm
3432 2450 3693 2505 auctori.

2077 2537 2198 2592 tatis
2229 2535 2540 2595 reverentiae
2587 2535 2825 2610 pondere
2855 2545 3052 2612 potest.
3104 2537 3307 2613 Memor
3343 2544 3517 2616 nostri
3552 2558 3692 2615 esse

2076 2626 2319 2699 dignare,
2348 2629 2566 2687 domine
2596 2646 2753 2700 papa.
3466 2620 3469 2623 γ

2639 2723 2970 2782 EPISTOLA
3012 2725 3077 2789 γ,
3172 2748 3175 2755 ’

2247 2810 2494 2867 Sidonius
2524 2813 2731 2868 domino
2763 2831 2912 2884 papa:
2932 2813 2961 2854 δ
2982 2817 3214 2888 Agrtecio
3242 2819 3483 2878 salutem.

2146 2903 2408 2959 Bituricas
2451 2906 2669 2962 decreto
2717 2906 2912 2962 civium
2966 2910 3164 2977 petitus
3212 2910 3449 2967 adveni:
3503 2926 3688 2979 causa

2076 2993 2177 3050 fuit
2202 2997 2535 3054 evocationis
2564 2999 2800 3056 titubans
2826 3000 3087 3057 Ecclesia:
3112 3011 3315 3069 status;
3347 3018 3472 3073 quae
3493 3020 3689 3075 nuper

2075 3102 2286 3143 summo
2309 3090 2522 3145 viduata
2546 3092 2817 3162 pontifice,
2840 3090 3117 3164 utriusque
3146 3095 3496 3165 professionis
3520 3098 3688 3160 ordi-

386 3199 512 3241 tuen
545 3184 793 3264 hirriant.
838 3186 1043 3263 Memor
1080 3188 1249 3245 nostri
1297 3202 1417 3265 esse
1457 3188 1709 3258 dignare,
1755 3187 1974 3245 domine
2001 3167 2047 3230 C
2080 3180 2236 3235 uibus
2257 3183 2524 3238 ambiendi
2547 3185 3120 3256 sacerdotiiquoddam
3141 3187 3425 3243 classicum
3450 3190 3686 3245 cecinit.

426 3288 451 3325 a
461 3289 543 3345 pa.

388 3287 543 3354 papae.

947 3368 1275 3442 EPISTOLA
1322 3370 1407 3436 Iv.

593 3460 843 3529 Sidonius
867 3462 1074 3517 domino
1103 3444 1252 3535 papa:
1284 3462 1499 3517 Fonteio
1527 3463 1764 3530 salutem.

460 3541 736 3627 Insinuare
762 3570 1109 3628 quoscunque
1149 3556 1261 3625 jam
1295 3570 1484 3625 paveo,
1532 3556 1652 3625 quia
1702 3570 1977 3621 commen-

389 3647 530 3705 datis
560 3663 658 3702 nns
687 3647 879 3703 damus
924 3649 1111 3713 verba,
1163 3664 1257 3704 vos
1287 3665 1508 3713 munera
1538 3666 1553 3704 :
1584 3659 1835 3720 tanquam
1868 3664 1973 3723 non

388 3738 765 3808 principalitas
792 3738 863 3798 sit
887 3739 1155 3805 censenda
1189 3738 1456 3804 beneficii,
1487 3741 1627 3809 quod
1664 3756 1693 3794 a
1724 3756 1810 3795 me
1852 3755 1978 3811 pec-

389 3837 575 3885 catore
605 3830 859 3901 digressis
904 3841 1104 3893 sanctte
1149 3832 1542 3886 communionis
1587 3833 1763 3902 portio
1810 3839 1973 3899 patet.

392 3922 578 3981 Testis
616 3924 806 3993 borum
832 3931 916 3976 est
949 3922 1219 3987 Vindicius
1262 3932 1467 3989 noster,
1497 3924 1586 3994 qui
1631 3924 1847 3990 segnius
1877 3924 1975 3979 do-

391 4029 537 4084 mum
555 4030 653 4086 pro
677 4014 1055 4083 muniﬁcentia:
1070 4023 1266 4083 vestra:
1285 4015 1426 4071 fasce
1444 4015 1701 4087 remeavit
1720 4031 1734 4079 ;
1763 4029 1979 4087 quoquo

392 4104 495 4163 luci
549 4114 631 4162 est
684 4113 996 4175 constanter
1039 4107 1335 4173 affirmans,
1396 4122 1517 4161 cum
1562 4106 1682 4160 sitis
1725 4105 1980 4173 Opinione

391 4200 592 4268 magni,
637 4198 807 4269 gradu
846 4199 1085 4271 maximi,
1131 4216 1236 4254 non
1283 4208 1458 4257 tamen
1482 4212 1602 4271 esse
1633 4213 1728 4254 vos
1752 4198 1981 4267 amplius

393 4290 673 4360 dignitate,
704 4306 864 4360 quam
887 4290 1197 4361 dignatione
1223 4290 1541 4363 laudandos.
1571 4289 1832 4345 Praedicat
1858 4304 1982 4344 san-

392 4390 527 4447 etas,
557 4380 777 4435 melleas
807 4392 860 4435 et
886 4380 1126 4446 floridas,
1169 4396 1287 4451 qua:
1325 4380 1623 4451 procedunt
1663 4381 1731 4437 de
1778 4392 1980 4451 tempe-

392 4481 506 4526 rata
554 4474 959 4545 communione,
1012 4473 1329 4533 blanditias:
1386 4489 1485 4541 nec
1537 4484 1713 4535 tamen
1760 4489 1827 4530 ex
1880 4475 1983 4531 boc

2080 3272 2283 3329 Fremit
2327 3276 2555 3345 populus
2596 3292 2695 3348 per
2736 3278 2910 3333 studia
2954 3278 3197 3335 divisus:
3236 3280 3393 3350 pauci
3434 3281 3688 3350 alteros,

2080 3365 2234 3425 multi
2274 3381 2396 3423 sese
2436 3383 2541 3422 non
2582 3370 2815 3426 oﬁ’eruut
2845 3371 3002 3440 180
3027 3371 3230 3435 solum,
3275 3371 3369 3427 sed
3407 3371 3688 3433 inferunt.

2078 3456 2133 3513 Si
2156 3458 2358 3529 aliquid
2378 3475 2472 3529 pro
2488 3461 2629 3520 virili
2658 3461 2900 3530 portione
2918 3462 3211 3517 secundum
3229 3463 3397 3518 Deum
3416 3465 3690 3521 consulas

2079 3550 2486 3622 veritatemque,
2513 3554 2691 3607 omnia
2720 3553 3003 3613 incurrunt
3042 3554 3205 3622 levia,
3239 3556 3417 3622 varia,
3450 3556 3689 3613 fucata:

2079 3651 2134 3698 et
2161 3642 2287 3713 quid
2314 3642 2529 3701 dicam?
2552 3645 2666 3699 sola
2696 3654 2780 3700 est
2809 3645 2921 3704 illic
2947 3645 3178 3715 simplex
3208 3646 3569 3717 impudentia.
3612 3648 3689 3705 Et

2080 3737 2181 3800 nisi
2209 3751 2295 3793 me
2321 3738 2585 3794 immerito
2617 3739 2769 3809 queri
2809 3738 3154 3811 iudicaretis,
3182 3740 3364 3795 dicere
3389 3739 3687 3807 auderem,

2081 3836 2187 3897 tam
2226 3829 2513 3903 praecipitis
2538 3830 2701 3883 animi
2738 3844 2857 3889 esse
2887 3831 3172 3901 plerosque
3201 3840 3417 3901 tamque
3452 3832 3683 3900 pericu-

2081 3919 2182 3974 losi
2199 3961 2214 3985 ,
2244 3928 2302 3973 ut
2329 3929 2729 3989 sacrosanctam
2760 3920 2942 3976 sedem
2969 3921 3390 3992 dignitatemque
3416 3921 3691 3984 affectare

2083 4011 2257 4083 pretio
2282 4012 2460 4066 oblato
2485 4027 2589 4083 non
2619 4011 3009 4079 reformident:
3039 4022 3093 4068 et
3120 4029 3232 4068 rem
3254 4012 3364 4083 jam
3393 4012 3603 4067 dudum
3633 4014 3690 4069 in

2083 4105 2374 4165 nundinam
2406 4106 2543 4175 mitti
2575 4106 2986 4176 auctionemque
3018 4107 3276 4178 potuisse,
3308 4107 3352 4160 si
3378 4122 3544 4175 quam
3581 4121 3691 4175 pa-

2084 4208 2230 4259 ratus
2259 4197 2529 4256 invenitur
2558 4207 2790 4268 emptor,
2824 4198 3069 4267 venditor
3099 4208 3207 4252 tam
3236 4197 3562 4267 desperatus
3597 4198 3691 4254 iu-

2082 4290 2376 4359 veniretur.
2430 4290 2661 4353 Proinde
2700 4304 2885 4359 quaeso
2916 4299 2974 4344 ut
3003 4289 3164 4344 ofﬁcii
3204 4289 3313 4371 inci
3356 4288 3689 4356 novitatem,

2086 4381 2379 4452 pudorem,
2424 4383 2835 4445 necessitatem,
2881 4380 3259 4449 spectatissimi
3297 4379 3566 4433 adventus
3610 4378 3690 4433 tui

2086 4487 2245 4529 ornes
2274 4473 2650 4541 contubernio,
2672 4474 2862 4543 tuteris
2886 4473 3107 4544 auxilio.
3139 4473 3249 4529 Nec
3275 4480 3348 4539 te.
3370 4486 3689 4542 quanquam

396 4636 566 4707 βιϐλὶᾳ
590 4643 688 4707 τῶς)
712 4634 1379 4707 ’ΔριστείδουνΜιλησξᾳκὼω
1429 4631 1668 4707 Meminit
1706 4631 1974 4707 etiucia-

2081 4630 2221 4707 ricas
2248 4637 2469 4684 venerat
2496 4626 3178 4707 Sidonius,_a_get_posiea
3226 4623 3453 4705 epistoia
3484 4624 3543 4679 9.
3600 4625 3683 4681 Ex

397 4702 591 4779 iussin
621 4702 837 4779 dialogo
873 4706 958 4779 cui
1001 4706 1184 4779 titul_us
1210 4704 1455 4779 ”Epa_m;.
1489 4702 1975 4779 ⁸Ηίιιίῑμθι-Μίιεξςιὶξπιδ

400 4777 611 4830 Punicte
633 4771 839 4843 Apuleii
866 4771 1023 4829 dicta:
1043 4790 1074 4829 a
1101 4771 1303 4829 Severo
1328 4777 1456 4842 imp.
1489 4774 1543 4828 in
1568 4772 1817 4839 epistola,
1851 4774 1975 4843 quia

397 4846 719 4921 Milesiarum
764 4846 923 4921 genio
964 4846 1179 4921 scripta}
1205 4846 1273 4921 ab
1301 4855 1519 4921 auctore
1550 4844 1735 4921 Pmue.
1793 4845 1866 4921 D_e
1894 4844 1975 4898 bis

398 4928 448 4969 ct
479 4908 833 4986 llieronymits
877 4908 1120 4986 apologia
1154 4918 1177 4969 l
1223 4915 1274 4968 in
1315 4915 1568 4986 Rufinum
1610 4930 1625 4969 :
1675 4908 1835 4977 Quasi
1876 4930 1977 4968 non

399 4985 710 5040 cirratorum
728 4986 877 5039 turba
894 4985 1210 5041 Milesiorum
1225 4986 1277 5038 in
1291 4985 1465 5039 schola
1478 4987 1715 5053 ﬁgmenta
1726 4986 1974 5038 decantet.

468 5066 493 5091 α
524 5057 791 5125 Episcopo
822 5056 1125 5123 Bellicensi.
1172 5056 1494 5111 Numeratur
1526 5058 1671 5121 inter
1696 5056 1977 5124 episcopos

395 5129 481 5197 qui
514 5128 719 5194 synodo
747 5127 1049 5191 Arelatensi
1083 5126 1461 5183 interfuerunt.

466 5196 493 5236 δ
522 5197 792 5262 Scuouize,
823 5201 923 5253 ltoc
954 5207 1035 5252 est
1063 5198 1348 5267 provincia:
1375 5207 1578 5266 quartae
1606 5194 1975 5263 Lugdunensis

397 5270 849 5336 meerpolitano:
898 5269 1051 5337 cujus
1095 5268 1235 5324 inter
1278 5281 1493 5324 sanctus
1540 5268 1805 5321 antistites
1846 5282 1975 5320 suos

396 5341 589 5393 festum
623 5340 763 5393 diem
804 5339 1349 5405 aguntSennnenses
1393 5340 1567 5393 idibus
1591 5338 1782 5392 Juniis.
1832 5337 1975 5391 Cave

392 5427 512 5465 cum
540 5411 789 5479 Agroecio
818 5413 988 5466 altero
1019 5411 1333 5465 confundas.
1379 5410 1545 5476 Cujus
1576 5423 1771 5463 nomen
1801 5408 1852 5461 in
1884 5422 1974 5476 sy-

394 5484 534 5535 nodo
563 5482 849 5549 Agatbensi
898 5482 1108 5550 legitur,
1156 5494 1209 5535 et
1249 5480 1314 5533 ad
1362 5496 1521 5548 quem
1561 5482 1757 5547 scripta
1800 5486 1974 5550 exstat

393 5552 617 5617 epistola
662 5555 851 5622 synodi
890 5552 1410 5622 Carpentoratensis.
1466 5551 1561 5605 llic
1604 5552 1747 5604 enim
1800 5549 1969 5622 inuito

394 5618 773 5689 posterior,'cl
812 5618 1033 5677 alterius
1062 5622 1205 5675 sedis
1236 5619 1335 5675 fuit
1361 5622 1668 5691 episcopus,
1702 5618 1965 5691 Antipoli-

396 5704 531 5743 tanaa
571 5691 852 5754 nimirum,
899 5693 950 5745 iu
983 5692 1194 5755 Alpium
1238 5690 1626 5746 maritimarum
1668 5690 1957 5757 provincia.

398 5762 474 5835 De
499 5758 843 5826 Bituriccnsis
871 5763 1104 5840 episc0pi
1136 5763 1273 5819 clcct
1294 5778 1396 5819 one
1430 5762 1581 5837 cujus
1618 5762 1786 5835 gratia
1814 5760 1961 5816 Bitu-

2084 4702 2186 4755 bac
2211 4708 2390 4754 autem
2421 4707 2476 4752 et
2501 4706 2713 4759 octava,
2743 4698 2807 4751 ad
2839 4694 3207 4765 Euphronium
3228 4736 3242 4759 ,
3274 4710 3395 4764 qnze
3436 4694 3487 4747 in
3528 4710 3686 4765 Vnon-

2084 4770 2243 4826 nullis
2267 4770 2664 4837 exemplaribus
2687 4768 2810 4839 huic
2829 4764 3070 4839 proxime
3097 4765 3462 4839 subiungitur,
3487 4764 3683 4839 obser-

2084 4857 2211 4896 vare
2234 4850 2336 4905 est,
2361 4836 2524 4894 moris
2548 4840 2673 4892 olim
2700 4836 2867 4894 fuisse
2892 4839 2943 4892 in
2970 4836 3357 4899 constituendis
3379 4836 3682 4902 episcOpis,

2084 4921 2143 4967 ιιι
2184 4912 2228 4965 si
2274 4911 2489 4984 quando
2532 4910 2941 4984 provinciaiium
2983 4910 3359 4984 episc0pnrum
3405 4905 3683 4984 legitimus

2084 4976 2343 5038 numerus
2372 4976 2659 5056 deficeret,
2700 4994 2767 5056 ex
2800 4976 3040 5056 finitimis
3084 4977 3387 5056 provinciis
3408 4976 3544 5056 alios
3574 4978 3679 5033 ad-

2084 5060 2358 5110 vocarent.
2410 5052 2555 5119 Quos
2603 5052 2817 5119 quidem
2858 5051 2959 5106 etsi
3002 5063 3260 5119 numerus
3320 5048 3517 5114 alioqui
3568 5062 3677 5101 non

2082 5124 2326 5187 deesset,
2372 5117 2467 5187 pro
2496 5117 2719 5176 arbitrio
2750 5130 2925 5175 tamen
2956 5117 3359 5189 provincialium
3389 5119 3679 5189 episeOpo—

2081 5211 2199 5249 rum
2246 5193 2505 5261 adhibere
2548 5207 2615 5249 ex
2659 5192 2847 5261 synodi
2877 5187 3106 5247 Nicaeum
3146 5187 3380 5261 decretis
3419 5188 3673 5259 licuisse,

2077 5266 2236 5319 docet
2261 5256 2492 5332 epistola
2515 5256 2714 5334 synodi
2735 5258 3363 5334 Constantinopolitame,
3392 5272 3555 5325 quam
3588 5256 3677 5334 re:

2078 5337 2208 5390 citat
2247 5320 2620 5399 Tireodoret'ns
2666 5332 2758 5387 lib.
2787 5340 3007 5400 v,‘cap.
3036 5320 3107 5386 83
3152 5333 3284 5404 Ilapi_
3310 5328 3366 5404 3}
3402 5320 3504 5404 ἑῷοι
3540 5320 3675 5404 δᾳτᾶ

2076 5410 2226 5481 μέρος
2264 5408 2311 5463 ἐν
2340 5414 2453 5465 ταῖς
2489 5405 2767 5482 ἑκκλησίᾳις
2793 5398 3006 5482 euicto.-
3034 5424 3121 5469 τῖε..
3260 5398 3403 5482 ἴσθι..
3455 5400 3668 5482 θισμὸς,

2076 5474 2379 5566 artificem.“
2423 5480 2507 5566 δεοεί
2540 5483 2639 5529 τῶν
2664 5474 2916 5562 ⁹ὰσγίωιηὲν
3056 5474 3499 5566 δικξίᾳιπῗιτέξῗιῗ
3520 5474 3664 5566 pri-0:.

2075 5536 2181 5603 καθ’
2219 5536 2435 5630 ἑκάς-’ἐςτίν
2474 5536 2737 5630 ἄπαρχίφῦ
2772 5548 2893 5627 τρὺξ
2928 5536 3019 5604 τῆξ
3054 5536 3345 5630 ﬁnefine,
3392 5536 3479 5593 irati
3517 5536 3663 5625 efﬁce

2076 5625 2249 5677 ἐκεῖνοι
2297 5613 2586 5689 βούλοιντοζ
2613 5613 2725 5689 eis
2766 5616 2939 5673 αὐτοῖς
2982 5616 3103 5675 τοὺς
3147 5613 3392 5687 ὁμόρθυς,
3438 5613 3567 5686 πρὸς
3606 5613 3671 5669 τὸ

2074 5688 2327 5765 augeam
2356 5690 2617 5745 ποιεῖσθαι
2644 5688 2735 5747 τὰς
2767 5689 3102 5760 χειροτονίας.
