3946 6176
264 303 369 361 569
1524 305 2003 367 EPISTOLARUM
2040 310 2169 367 LIB.
2217 310 2328 370 VII.
3446 322 3553 383 870

262 431 290 458 ιι
317 416 573 476 Senoniae
620 429 783 487 caput
843 436 931 486 es,
972 415 1112 473 inter
1157 416 1272 473 hate
1314 416 1476 474 dubia
1518 421 1852 478 subtraxeris
1880 426 2317 495 Aspiritualinm
2381 429 2812 488 testimoniorum
2873 448 3134 492 mucrone
3193 436 3547 505 confoderis:

260 510 655 566 intentionibus
675 508 955 564 medendis
972 509 1362 577 Aquitanorum
1386 526 1401 566 :
1427 511 1549 581 quia
1572 512 1853 569 minimum

258 604 434 659 refert
457 601 601 673 quod
624 602 779 656 nobis
803 608 888 656 est
915 600 968 655 in
998 600 1329 658 habitatione
1352 602 1521 659 divisa
1554 606 1855 674 provincia.

257 697 481 767 quando
522 697 575 750 in
615 693 875 763 religione
908 707 1070 747 causa
1109 693 1472 764 coniungitur.
1525 695 1620 750 Ilis
1648 696 1858 752 accedit

256 789 405 860 quod
436 788 504 843 de
534 785 754 841 urbibus
776 784 803 823 δ
826 785 1156 854 Aquitanicis
1182 787 1367 854 primze
1392 786 1567 841 solum
1598 787 1856 858 oppidum

258 883 569 935 Arvernum
595 878 852 932 Romanis
876 878 1140 945 reliquum
1166 878 1405 946 partibus
1428 878 1566 934 bella
1592 879 1852 936 iecerunt.

256 974 604 1043 Quapropter
652 974 705 1026 in
750 970 1126 1027 constituendo
1168 971 1403 1039 prtel'atze
1440 973 1674 1028 civitatis
1712 974 1856 1029 anti-

256 1067 410 1131 stite,
457 1064 867 1135 provincialium
906 1064 1235 1132 collegarum
1278 1062 1563 1119 deﬁcimur
1608 1080 1854 1133 numero,

259 1162 367 1215 nisi
414 1159 950 1228 metropolitanorum
990 1156 1299 1211 reﬁciamur
1336 1171 1586 1213 assensu.
1636 1157 1715 1213 De
1742 1172 1855 1214 cat-

252 1263 401 1321 tero,
446 1250 589 1321 quod
618 1249 684 1304 ad
718 1249 937 1303 honoris
968 1248 1130 1303 vestri
1163 1256 1376 1317 spectat
1421 1248 1852 1319 pmmgativam,

256 1344 445 1397 nullus
489 1356 522 1395 a
568 1356 654 1397 me
683 1339 941 1395 hactenus
990 1338 1314 1402 nominatus,
1350 1337 1532 1392 nullus
1559 1337 1852 1407 adhibitus,

255 1435 445 1488 nullus
467 1432 673 1486 electus
694 1439 805 1486 est:
827 1428 1009 1484 omnia
1033 1442 1273 1484 censura:
1302 1438 1406 1483 tua:
1430 1429 1601 1498 salva,
1628 1429 1854 1496 illibata,

253 1525 433 1583 solida
462 1532 769 1578 servantur.
811 1521 1041 1577 Tantum
1080 1520 1182 1575 bne
1221 1534 1429 1574 mecum
1457 1519 1616 1585 duco,
1646 1528 1854 1577 vestras

255 1615 491 1669 invitare
542 1627 834 1682 personas,
882 1620 1197 1681 exspectare
1239 1609 1578 1676 voluntates,
1632 1611 1854 1667 laudare

246 1709 597 1765 sententias:
639 1715 694 1761 et
740 1721 862 1761 cum
908 1706 961 1760 in
1008 1706 1184 1759 locum
1228 1712 1536 1774 statumque
1583 1704 1852 1773 pontiﬁcis

1957 528 2168 571 servata
2199 528 2519 575 creterorum
2549 529 2657 575 tam
2688 524 2989 579 reverentia
3021 542 3180 596 quam
3213 543 3344 597 pace
3374 533 3563 600 ponti-7

1959 605 2152 674 ticum;
2190 623 2296 663 non
2328 609 2519 677 injuria
2549 611 2641 666 tibi
2673 612 2868 679 deﬂeo,
2900 616 3126 684 qualiter
3155 620 3548 680 ecclesiasticas

1958 699 2140 753 caulas
2170 700 2324 757 istius
2352 702 2494 758 aeris
2522 703 2678 773 lupus
2706 704 2797 775 qui
2828 706 3063 775 peccatis
3093 711 3431 778 pereuntium
3459 728 3547 768 sa-

1957 793 2174 860 ginatur
2199 792 2524 860 animarum,
2552 795 2888 853 clandestino
2917 813 3099 855 morsu
3127 803 3355 858 necdum
3389 808 3545 878 183

1958 879 2216 938 intellecti
2260 885 2437 940 dentis
2478 887 2717 942 arrodat.
2769 889 3008 959 Namque
3053 891 3224 949 hostis
3268 896 3543 966 antiquus,

1958 987 2065 1042 quo
2106 973 2311 1030 [acilius
2351 977 2573 1033 insultet
2608 979 2876 1036 balatibus
2920 983 3102 1039 ovium
3143 984 3545 1058 destitutarum,

1957 1068 2109 1137 prius
2138 1069 2545 1127 dormitantium
2588 1072 2775 1143 incipit
2803 1078 3103 1133 cervicibus
3144 1079 3426 1136 imminere
3454 1097 3547 1151 pa-

1956 1169 2183 1216 storum.
2216 1162 2399 1233 Neque
2427 1180 2529 1236 ego
2558 1165 2629 1220 ita
2662 1167 2766 1222 mei
2795 1170 3095 1226 meminens
3140 1186 3247 1227 non
3290 1187 3441 1243 sum,
3487 1183 3547 1229 ut

1957 1267 2292 1323 nequaquam
2323 1271 2411 1311 me
2439 1260 2581 1313 hunc
2620 1272 2743 1314 esse
2791 1260 3137 1327 reminiscar;
3184 1278 3342 1330 quem
3374 1265 3547 1334 longis

1954 1345 2132 1401 adhuc
2167 1347 2434 1404 abluenda
2479 1350 2693 1406 ﬂetibus
2730 1354 3058 1409 conscientia
3104 1364 3345 1423 premat;
3389 1355 3544 1425 cujus

1955 1447 2195 1493 stercora
2224 1447 2427 1506 tamen,
2460 1441 2560 1495 sub
2585 1457 2687 1512 ope
2707 1443 2927 1509 Christi,
2958 1446 3276 1516 quandoque
3300 1446 3543 1516 mysticis

1953 1531 2258 1586 orationum
2297 1541 2509 1587 tuarum
2543 1534 2732 1589 rastris
2761 1536 3213 1592 eruderabuntur.
3262 1536 3370 1593 Sed
3412 1553 3546 1608 quo-

1954 1623 2097 1678 niam
2120 1625 2481 1691 supereminet
2508 1626 2698 1695 privati
2721 1636 2903 1682 reatus
2926 1628 3301 1683 verecnndiam
3329 1630 3543 1699 publica

1952 1713 2119 1781 salus,
2168 1729 2275 1769 non
2321 1718 2569 1783 verebor,
2614 1717 2715 1773 etsi
2754 1728 2940 1787 carpat
2974 1719 3149 1773 zelum
3198 1719 3252 1774 in
3300 1735 3388 1775 me
3417 1720 3543 1776 ﬁdei

252 1801 488 1872 quisque
514 1798 801 1863 sufﬁcitur,
834 1806 890 1851 ut
918 1812 949 1850 a
979 1795 1132 1851 vobis
1160 1804 1512 1865 praeceptum.
1541 1797 1695 1868 181
1716 1810 1746 1850 a
1769 1810 1856 1852 me
1883 1792 1932 1853 Β
1958 1807 2177 1862 sinister
2205 1808 2492 1877 interpres,
2523 1809 2625 1864 sub
2650 1810 2900 1865 vanitatis
2936 1810 3132 1866 invidia
3160 1825 3377 1866 causam
3410 1827 3540 1882 pro-

253 1892 521 1962 procedat
564 1890 903 1959 obsequium.
961 1888 1071 1944 Sed
1115 1890 1161 1943 si
1207 1889 1373 1958 (quod
1406 1899 1586 1944 tamen
1614 1889 1848 1945 arbitror

252 1987 480 2043 minime
511 1984 647 2054 fore)
672 1984 918 2053 precibus
946 1984 1080 2038 meis
1103 1983 1244 2052 apud
1269 1997 1364 2038 vos
1389 1983 1731 2039 malesuadus
1755 1984 1853 2039 ob-

247 2080 451 2135 stiterit
470 2079 766 2146 interpres,
787 2076 1028 2145 poteritis
1051 2076 1391 2145 praesentiam
1414 2084 1646 2130 vestram
1669 2076 1851 2145 potius

247 2186 519 2228 “cursare
543 2184 702 2239 quam
728 2168 938 2238 culpam
966 2184 980 2220 :
1022 2169 1163 2221 sicut
1186 2182 1217 2221 e
1241 2167 1486 2230 diverso,
1529 2168 1574 2222 si
1616 2168 1811 2224 venitis
1830 2209 1846 2233 ,

244 2264 543 2320 ostenditis
567 2262 691 2332 quia
719 2260 979 2315 terminus
1009 2261 1237 2329 potuerit
1264 2260 1388 2330 poni
1416 2270 1609 2315 vestra:
1629 2260 1849 2331 quidem

245 2354 485 2425 regioni,
517 2358 611 2408 sed
642 2367 746 2407 non
776 2353 1008 2422 potuerit
1031 2353 1264 2407 caritati.
1299 2350 1504 2409 Memor
1528 2351 1699 2407 nostri
1724 2365 1849 2408 esse

243 2448 498 2519 dignare,
530 2446 745 2502 domine
773 2460 929 2516 papa.

816 2536 1154 2595 EPISTULA
1194 2535 1285 2593 VI.

445 2633 694 2688 Sidonius
724 2631 931 2684 domino
961 2645 1110 2699 papa:
1136 2640 1157 2675 β
1182 2627 1379 2682 Basilio
1408 2626 1645 2689 salutem.

314 2728 461 2783 Sunt
500 2724 685 2788 nobis,
729 2736 952 2777 munere
990 2721 1114 2786 Dei,
1161 2735 1300 2774 novo
1346 2729 1651 2774 nostrorum
1702 2726 1842 2774 tem-

238 2835 440 2892 porum
488 2816 756 2884 exemplo,
804 2812 1161 2867 amicitiarum
1210 2820 1390 2867 vetera
1433 2811 1597 2880 jura:
1641 2809 1843 2880 diuque

236 2924 325 2970 est
355 2912 505 2980 quod
537 2908 767 2963 invicem
798 2904 1068 2973 diligimus
1096 2920 1165 2959 ex
1194 2918 1367 2972 aequo.
1422 2903 1596 2957 Porro
1636 2910 1839 2966 autem,

232 3005 390 3078 quod
420 3006 489 3057 ad
516 3016 855 3056 communem
885 2999 1267 3055 conscientiam
1299 2998 1550 3067 pertinet,
1576 3004 1630 3050 tu
1655 3003 1836 3065 patro-

234 3113 388 3153 nus:
419 3110 724 3165 quanquam
764 3093 869 3148 hoc
909 3093 1080 3160 ipsum
1125 3089 1532 3160 pratsumptiose
1574 3100 1833 3156 arrogan-

1952 1896 2083 1954 dere
2104 1899 2369 1955 veritatis.
2392 1897 2421 1937 τι
2445 1900 2666 1967 Evarix,
2690 1918 2787 1956 rex
2803 1902 3121 1969 Gothorum,
3145 1904 3289 1973 quod
3311 1904 3534 1959 limitem

1952 1990 2102 2060 regni
2145 1991 2260 2060 sui,
2316 2003 2475 2062 rupto
2522 1994 2893 2064 dissolutoque
2927 1994 3129 2049 {cedere
3156 1996 3406 2065 antiquo,
3449 1998 3537 2053 vel

1952 2090 2156 2137 tutatur
2182 2098 2457 2139 armorum
2480 2084 2624 2154 jure,
2659 2086 2742 2140 vel
2776 2096 3071 2155 promovet,
3102 2102 3204 2142 nec
3233 2088 3390 2144 nobis
3416 2105 3544 2160 pec—

1948 2175 2222 2231 catoribus
2244 2174 2329 2230 hic
2352 2191 2627 2246 accusare,
2650 2193 2748 2234 nec
2768 2178 2919 2233 vobis
2942 2180 3145 2234 sanctis
3167 2179 3252 2235 hic
3273 2181 3543 2239 discutere

1949 2265 2275 2337 permissum
2304 2276 2410 2323 est.
2453 2268 2592 2333 Quin
2640 2269 2815 2339 potius
2846 2270 2892 2325 si
2922 2271 3188 2341 requiras,
3218 2271 3424 2328 ordinis
3455 2288 3543 2327 res

1947 2367 2062 2423 est,
2110 2367 2169 2412 ut
2210 2365 2267 2413 et
2311 2358 2463 2413 dives
2505 2358 2590 2413 hic
2636 2374 2868 2429 purpura
2914 2360 3184 2431 byssoque
3216 2363 3443 2427 veletur,
3487 2370 3542 2418 et

1938 2447 2182 2504 Lazarus
2211 2448 2299 2504 hic
2329 2448 2600 2505 ulceribus
2627 2459 2682 2505 et
2713 2462 3027 2521 paupertate
3053 2452 3295 2509 feriatur.
3325 2453 3542 2510 Ordinis

1944 2556 2035 2598 res
2063 2549 2167 2610 est,
2200 2550 2258 2595 ut
2285 2542 2411 2596 dum
2442 2542 2495 2597 in
2524 2543 2624 2598 hac
2651 2544 2939 2614 allegorica
2968 2561 3246 2601 versamur
3277 2546 3536 2617 Aigypto,

1942 2633 2155 2691 Pharao
2202 2636 2415 2691 incedat
2459 2651 2580 2691 cum
2625 2637 2954 2704 diademate,
3003 2639 3240 2694 Israelita
3288 2656 3409 2695 cum
3440 2657 3539 2697 co-

1942 2726 2128 2795 phino.
2184 2725 2402 2782 Ordinis
2454 2739 2543 2780 res
2590 2736 2711 2791 est,
2762 2736 2821 2781 ut
2867 2727 2993 2782 dum
3047 2729 3100 2783 in
3149 2728 3251 2784 hac
3299 2732 3539 2800 ﬁgurata:

1945 2818 2234 2889 Babylonis
2280 2819 2499 2873 fornace
2547 2817 2926 2889 decoquimur,
2984 2833 3083 2874 nos
3132 2835 3253 2874 cum
3303 2822 3536 2878 .leremia

1946 2909 2284 2979 spiritualem
2310 2908 2606 2964 Jerusalem
2634 2910 2943 2980 suspiriosis
2973 2910 3290 2980 plangamus
3319 2914 3537 2969 ululati-

1938 3002 2063 3070 bus,
2110 3009 2167 3057 et
2208 3003 2381 3057 Assur
2429 3000 2569 3056 fastu
2599 3002 2747 3072 regio
2787 3014 2979 3058 tonans
3008 3014 3318 3059 sanctorum
3347 3016 3533 3062 sancta

1941 3095 2236 3165 proculcet.
2260 3094 2466 3162 Quibus
2482 3104 2809 3166 praesentum
2825 3111 2926 3166 ego
2944 3096 3350 3169 futurarumque
3366 3100 3538 3156 beati-

234 3155 675 3257 terque-loquar.
724 3155 965 3256 Namque
996 3155 1249 3255 iniquitas
1284 3155 1401 3238 mea
1439 3190 1584 3236 tanta
1620 3155 1734 3247 est,
1777 3189 1835 3234 ut
1861 3155 1907 3219 ο
1941 3155 2186 3242 ιυᾱὶιιιιιιι
2211 3155 2666 3242 vicissitudinibus
2693 3155 2970 3258 inspectis,
3000 3155 3303 3245 communia
3330 3191 3537 3261 patieno

233 3280 453 3339 mederi
502 3281 571 3335 de
616 3280 861 3349 lapsuum
890 3279 1007 3347 ejus
1044 3276 1357 3333 assiduitate
1394 3276 1480 3330 vix
1521 3275 1684 3329 etiam
1729 3282 1835 3329 tua:

233 3371 651 3443 supplicationis
698 3371 935 3425 el'licacia
985 3379 1165 3439 queat.
1219 3368 1383 3438 Igitur
1422 3369 1544 3436 quia
1593 3367 1727 3421 mihi
1773 3381 1834 3422 es

234 3479 349 3525 tam
385 3465 685 3535 patrocinio
708 3478 867 3533 quam
901 3462 1189 3524 dilectione
1218 3461 1300 3514 bis
1329 3460 1597 3525 dominus,
1632 3459 1836 3528 pariter

231 3568 289 3613 et
319 3557 469 3626 quod
500 3556 716 3611 memini
749 3554 936 3624 probe,
970 3568 1076 3622 quo
1120 3551 1326 3621 polleas
1376 3551 1499 3619 igne
1545 3564 1829 3617 sensuum,

231 3651 389 3705 loitte
436 3649 769 3703 verborum:
822 3646 912 3715 qui
959 3644 1184 3699 viderim
1237 3641 1609 3696 Modaharium
1659 3642 1831 3697 civem

236 3741 500 3809 Gothum,
532 3741 743 3795 Arianae
771 3738 1042 3803 lizereseos
1063 3737 1242 3807 jacula
1274 3736 1607 3811 vibrantem,
1642 3751 1750 3808 quo
1776 3744 1833 3799 tu

312 3986 339 4011 ο
374 3973 670 4029 Provinciae
703 3980 904 4038 quarta:
941 3968 1348 4037 Lugdunensis,
1396 3977 1451 4022 ut
1494 3966 1836 4022 observatum

236 4055 326 4101 est
360 4045 425 4097 ad
455 4044 613 4111 epist.
641 4042 730 4104 18,
762 4041 854 4095 lib.
882 4055 955 4095 tv.

310 4115 342 4155 δ
370 4114 439 4169 Ut
464 4106 554 4168 lib.
580 4129 652 4179 IV,
672 4112 830 4180 epist.
855 4112 941 4173 i8,
969 4111 1359 4179 Lugdunensem
1381 4109 1677 4180 secundum.
1703 4106 1836 4162 Pro-

237 4188 437 4242 vincite
469 4184 627 4247 olim,
654 4179 773 4236 cum
804 4182 1078 4249 simplices
1101 4189 1315 4245 essent,
1349 4179 1619 4250 pleneque
1651 4187 1835 4244 postea

237 4259 550 4326 principum
578 4262 709 4307 nutu
734 4253 789 4326 in
814 4256 991 4326 plures
1016 4251 1179 4326 dividi
1209 4259 1513 4326 coeperunt.
1559 4251 1694 4304 Hinc
1717 4259 1833 4326 o_rta

236 4318 669 4397 cognominant
698 4318 827 4397 aliae
848 4322 1036 4389 primae
1062 4322 1386 4385 dicerentur,
1413 4318 1831 4397 aliteseeundaa,

238 4392 451 4460 teFtim,
502 4404 556 4448 et
594 4396 671 4468 ita
713 4393 967 4468 deinceps
1013 4406 1109 4461 pro
1152 4405 1375 4468 numero
1414 4392 1828 4468 provinciarum.
1858 4407 1915 4468 Ι)

238 4466 550 4536 Aquitania:
592 4464 750 4532 igitur
776 4464 898 4536 dua:
930 4464 1168 4536 luerunt.
1223 4463 1435 4536 Ifyrirna,
1478 4461 1638 4536 cujus
1672 4471 1832 4529 caput

240 4532 548 4606 Biinrigee;
588 4534 843 4606 secunda,
873 4535 1025 4601 cujus
1053 4543 1212 4606 caput
1245 4532 1566 4606 Burdegala.
1606 4532 1833 4598 Semper

238 4603 442 4662 autem'
481 4606 586 4677 73
616 4605 801 4660 divisis
842 4605 1135 4677 provinciis
1168 4620 1312 4677 pars
1348 4604 1432 4657 illa
1490 4603 1675 4677 prima:
1733 4616 1829 4656 no-

240 4695 373 4732 men
400 4674 650 4735 obtinuit.
680 4682 764 4730 cui
797 4676 1107 4742 metropolis
1133 4674 1341 4743 obtigit,
1370 4689 1488 4741 quae
1516 4674 1679 4727 totius
1706 4687 1825 4741 pro-

238 4749 437 4803 vincte
466 4755 589 4800 ante
616 4745 934 4801 divisionem
967 4756 1126 4812 caput
1168 4756 1282 4799 erat
1313 4762 1325 4797 :
1370 4753 1428 4798 ut
1468 4744 1831 4798 Narbonensis

242 4822 418 4894 prima
450 4818 588 4894 dicta
619 4825 723 4883 est,
747 4818 801 4894 in
829 4831 930 4894 qua
958 4814 1747 4894 Narbo,_Lugdunen~is_‘prima
1778 4814 1830 4868 in

240 4885 352 4966 una
384 4888 719 4966 Lugdunum,
768 4885 1049 4966 Aquitania
1093 4888 1268 4966 prima
1311 4887 1363 4939 in
1405 4902 1508 4954 qua
1541 4885 1825 4966 Ilitttriges.

239 4960 377 5016 Inde
417 4955 498 5014 est
539 4955 1260 5027 primarum’provinciarum
1293 4955 1690 5024 metropolitani
1722 4955 1832 5027 pri-

239 5039 421 5085 mates
449 5037 603 5083 erant
643 5026 966 5099 reliquarum
996 5027 1245 5099 ejusdem,
1270 5027 1499 5081 nominis
1527 5026 1829 5099 provincia-

240 5118 390 5155 rum.
425 5101 574 5157 Sicut
604 5101 742 5153 enim
768 5097 1139 5168 Lugdunensis
1163 5097 1470 5168 episcopus,
1492 5107 1546 5149 ut
1573 5098 1736 5168 liquet
1759 5110 1827 5149 cit

241 5172 491 5237 Gregorii
518 5169 625 5248 _VII
650 5167 947 5248 _epist..i'55
994 5177 1050 5223 et
1072 5168 1195 5248 ’ὃὸ-ξ
1227 5167 1327 5248 lib.
1367 5183 1438 5220 τι.
1460 5238 1473 5248 .
1498 5167 1704 5248 I‘rituas
1747 5174 1832 5219 est

238 5255 474 5308 quatuor
517 5238 992 5310 Lugdunensium:
1040 5241 1118 5293 sic
1159 5238 1505 5310 Bituricensis
1549 5238 1829 5310 utriusque

242 5313 566 5383 Aquitaniae.
604 5308 785 5379 'Atque
813 5312 881 5364 ita
916 5312 1081 5365 ferme
1111 5311 1161 5362 in
1187 5308 1308 5383 aliis
1334 5308 1628 5383 provinciis
1648 5347 1663 5369 ,
1704 5322 1826 5383 cum

242 5377 446 5438 ex'una
476 5385 658 5451 plures
691 5377 916 5444 fiebant,
967 5383 1106 5433 idem
1138 5395 1255 5451 tuos
1285 5377 1416 5451 fuit,
1464 5386 1520 5430 ut
1548 5380 1599 5430 in
1626 5393 1686 5432 ea
1721 5382 1830 5451 pr?-

240 5469 360 5509 tnas
380 5449 522 5508 esset
541 5468 660 5523 qua:
682 5451 850 5522 prima
874 5463 928 5507 et
947 5450 1316 5520 antiquissima
1339 5450 1477 5502 inter
1501 5449 1828 5517 metropoles

241 5533 379 5580 erat.

317 5606 340 5641 ο
367 5601 635 5665 Aquarum
667 5592 973 5648 Sextiarum
994 5633 1032 5665 ,ί
1057 5600 1114 5645 ιιι
1144 5606 1286 5655 reor,
1331 5590 1610 5665 episcopo.
1661 5588 1729 5665 Iit
1754 5589 1825 5643 ita

242 5659 524 5733 rnnjici'am
566 5664 721 5729 fat-it,
766 5668 907 5734 qum]
954 5664 1055 5718 sub
1096 5665 1253 5734 linem
1293 5659 1825 5734 epistol-.ellasilium

241 5730 375 5796 urbe
416 5735 654 5803 medium
696 5730 817 5801 csse
855 5736 1000 5793 dicat
1044 5735 1183 5791 inter
1221 5733 1501 5795 Leontium
1537 5730 1822 5791 Arelaten-

1945 3277 2051 3340 tius
2078 3278 2417 3333 incommoda
2445 3276 2584 3333 fero.
2632 3278 2894 3346 Primum,
2921 3281 3066 3351 quod
3097 3282 3225 3337 mihi
3265 3297 3385 3353 qua:
3423 3297 3537 3337 me.

1944 3384 2069 3425 rear
2093 3369 2521 3439 introspicienti,
2550 3385 2885 3441 quaecunque
2911 3373 3135 3429 adversa
3166 3376 3530 3442 provenerint,

1940 3462 2142 3517 leviora
2174 3463 2598 3531 reputabuntur;
2641 3463 2767 3518 dein
2798 3466 2957 3535 183
2984 3466 3126 3535 quod
3154 3477 3361 3521 certum
3392 3469 3528 3533 scio,

1943 3554 2235 3608 maximum
2265 3568 2386 3608 esse
2435 3554 2733 3609 remedium
2780 3555 3051 3611 interioris
3083 3557 3337 3623 hominis,
3385 3558 3429 3613 si
3475 3558 3530 3614 in

1943 3645 2046 3701 bac
2074 3661 2197 3701 area
2231 3646 2413 3700 mundi
2442 3646 2607 3701 variis
2648 3647 2958 3717 passionum
2996 3648 3223 3718 ﬂagellis
3252 3650 3532 3707 trituretur

1942 3737 2201 3795 exterior.
2249 3736 2356 3793 Sed
2385 3737 2528 3808 quod
2558 3736 2835 3796 latendum
2865 3749 2981 3811 est,
3012 3743 3294 3813 praitatum
3350 3758 3530 3814 regem

1940 3980 2077 4033 sem,
2104 3966 2358 4043 Faustum
2389 3968 2663 4035 liciorum,
2689 3977 2745 4043 et
2772 3970 3018 4043 Grmcnm
3051 3971 3298 4027 Massilia:
3321 3974 3531 4043 episco-

1943 4052 2077 4106 pus:
2112 4039 2254 4093 inter
2284 4038 2383 4111 bas
2411 4049 2589 4093 autem
2621 4042 2783 4095 urbes
2813 4042 2990 4096 medio
3030 4058 3197 4110 prope
3229 4038 3402 4111 spatio
3427 4046 3529 4100 sita

1941 4119 2022 4181 est
2054 4109 2373 4175 metropolis
2394 4111 2744 4181 Aquensinm.
2782 4112 2959 4165 Basilii
2990 4109 3169 4166 autem
3201 4109 3378 4181 hujus,
3406 4124 3529 4169 tunc

1939 4179 2116 4249 adhuc
2157 4178 2486 4249 presbyteri,
2535 4181 2767 4248 prudens
2808 4182 3088 4236 consilium
3123 4178 3426 4248 factumque
3470 4183 3524 4237 in

1938 4247 2128 4373 ll‘tltnere
2156 4247 2342 4304 Hilarii
2370 4251 2605 4321 episcopi
2631 4252 2963 4307 Arelatensis
2989 4262 3171 4308 narrat
3196 4247 3383 4307 auctor
3405 4254 3527 4307 vita}

1993 4337 2003 4371 I
2034 4336 2153 4373 aru.

1943 4320 2153 4373 Ililarii.

2009 4388 2036 4425 ιι
2062 4391 2308 4463 Euricus,
2336 4391 2427 4460 qui
2460 4403 2515 4446 et
2546 4393 2802 4459 Eoricus,
2847 4394 2940 4448 lib.
2971 4410 3094 4458 vtu,
3139 4394 3294 4463 epist.
3328 4394 3379 4446 9.
3416 4393 3525 4452 .Sic

1938 4458 2207 4515 Deudorix
2237 4458 2378 4527 apud
2408 4463 2726 4519 Strabonem
2769 4458 2825 4520 et
2852 4464 3150 4519 Theuderis
3176 4458 3247 4518 'ac
3276 4464 3526 4518 Theodo-

1938 4531 2101 4594 ricus,
2149 4532 2364 4586 unicum
2402 4540 2489 4585 est
2518 4549 2734 4589 nomen.
2787 4535 2955 4599 Hujus
2983 4549 3111 4588 vero
3141 4534 3440 4591 Euricianm
3471 4537 3523 4589 in

1935 4602 2231 4656 eatliolicns
2255 4603 2665 4669 persecutionis,
2683 4605 2996 4671 Sidoniique
3019 4606 3259 4670 epistolas
3279 4605 3524 4659 meminit

1934 4671 2453 4745 Gregoriug’l‘uron.
2497 4674 2685 4745 Ιὶιιειι.
2720 4690 2839 4745 cap.
2876 4675 2947 4729 23
2980 4693 2995 4731 :
3042 4675 3279 4745 Sidonii,
3324 4676 3516 4745 inquit,

1934 4740 2160 4805 tempore
2202 4740 2395 4797 Evarix
2440 4760 2532 4797 rex
2570 4740 2888 4813 Gothorum,
2935 4747 3183 4801 excedens
3228 4740 3520 4811 Hispanam

1934 4812 2183 4887 limitem,
2228 4831 2428 4887 gravent
2478 4816 2532 4868 in
2580 4814 2764 4870 Galliis
2814 4833 2964 4887 super
2989 4816 3307 4873 Christianos
3346 4817 3520 4869 intulit

1933 4886 2355 4953 persecutionem.
2389 4885 2678 4939 Truncabat
2711 4885 2900 4954 passim
2933 4888 3250 4955 pev'rersitati
3282 4903 3388 4940 sum
3417 4903 3518 4939 non

1934 4955 2326 5027 consentientes,
2359 4954 2568 5011 clericos
2595 4959 2882 5012 carceribus
2911 4954 3204 5027 subigebat;
3233 4958 3521 5010 sacerdotes

1933 5040 2047 5077 vero
2075 5026 2205 5079 alios
2235 5025 2388 5079 dabat
2417 5026 2619 5092 exsilio,
2655 5030 2787 5082 alios
2817 5030 2995 5097 gladio
3025 5025 3333 5082 trucidabat.
3380 5026 3519 5080 Nam

1931 5104 1983 5169 et
2022 5097 2159 5169 ipsos
2207 5113 2471 5169 sacrorum
2516 5100 2822 5169 templorum
2870 5101 3042 5153 aditus
3088 5099 3251 5163 spinis
3289 5098 3535 5167 jusserat,

1933 5167 2157 5220 obserari
2183 5166 2371 5238 scilicet
2402 5177 2457 5222 ut
2485 5166 2671 5223 raritas
2698 5170 3018 5238 ingrediendi
3046 5169 3345 5223 oblivionem
3377 5171 3518 5236 face—

1931 5249 2006 5309 ret
2044 5238 2186 5309 ﬁdei.
2241 5236 2469 5293 Maxime
2505 5251 2623 5291 tunc
2654 5236 3161 5308 Nouempopulante,
3209 5240 3520 5309 gemimrque

1932 5308 2228 5381 équitauite
2251 5312 2405 5381 ‘urbes
2443 5311 2507 5362 ab
2546 5310 2641 5362 Itac
2683 5321 2974 5381 tempestate
3012 5308 3336 5381 depopulata:
3372 5315 3514 5381 sunt.

1934 5375 2393 5457 Exstatquenlto‘die
2428 5393 2597 5457 etupro
2620 5381 2723 5457 Altae
2750 5375 2907 5457 causa
2943 5375 3517 5457 ιιά--Βαεῑιξριηιςρξεερτ

1930 5465 2054 5518 pum
2083 5449 2263 5501 nobilis
2294 5449 2502 5504 Sidonii
2532 5452 2691 5520 ipsius
2721 5452 2959 5519 epistola.
3010 5450 3134 5503 lltec
3162 5447 3515 5520 ille,__Sidon_ii

1935 5520 2142 5591 [nereus
2163 5520 2422 5591 vestigiis.
2456 5516 2585 5575 Nam
2614 5523 2663 5575 in
2688 5516 3104 5591 Novempopulis
3125 5528 3250 5591 sunt
3275 5516 3514 5591 Elusani,

1932 5588 2181 5651 Vasates,
2228 5590 2525 5655 Convenae,
2574 5588 2915 5647 Auscenses:
2967 5588 3155 5657 reliqui
3207 5589 3259 5642 in
3310 5588 3516 5641 duabus

1929 5659 2250 5734 Aquitaniis.
2280 5661 2407 5734 “Sed
2450 5662 2592 5729 apud
2619 5662 2933 5734 Gregorium
2982 5660 3241 5717 mendose
3285 5658 3516 5732 legitur:

1930 5731 2245 5800 (emiturque
2267 5728 2569 5792 Germania.
2730 5728 2755 5734 ’
3342 5728 3352 5740 "
