3946 6176
427 302 522 362 δτι

1695 295 1931 354 διυυκιι
1973 294 2421 351 APOLLINARIS

3602 294 3708 351 572

430 416 749 481 Gothorum,
782 428 1082 485 quanquam
1112 412 1182 469 sit
1203 412 1273 468 ob
1294 411 1484 468 virium
1518 410 1703 465 merita
1734 410 2010 476 terribilis,
2044 413 2091 471 Α
2123 410 2471 465 ecclesiarum
2500 408 2875 464 conventicula
2906 418 3205 464 rarescunt.
3234 407 3372 476 Quid
3398 408 3546 464 enim
3576 406 3706 465 fide-

432 522 539 561 non
569 515 679 559 tam
707 504 963 559 Romanis
987 503 1255 559 moenibus
1276 517 1435 572 quam
1464 501 1672 570 legibus
1696 498 2018 554 Christianis

432 597 807 653 insidiaturum
829 609 1073 665 pavesco.
1107 595 1360 660 Tantum,
1386 602 1442 646 ut
1466 592 1663 658 ferunt,
1684 590 1787 658 ori,
1815 599 2019 645 tantum

438 687 640 756 pectori
685 700 785 742 suo
813 685 1061 742 catholici
1102 685 1303 740 mentio
1333 681 1566 737 nominis
1594 688 1743 742 acet,
1796 689 1856 734 ut
1901 693 2017 733 am.

436 780 607 849 bigas,
638 777 939 847 ampliusne
983 791 1095 831 sua:
1139 776 1332 845 gentis,
1373 790 1440 829 an
1490 788 1604 830 suae
1650 782 1816 827 secta:
1845 778 2024 827 teneat

439 869 819 938 principatum.
870 867 950 922 Ad
993 867 1125 933 hoc,
1175 867 1339 922 armis
1383 875 1599 935 potens,
1645 879 1770 920 acer
1793 863 2020 929 animis,

438 962 617 1014 alacer
662 959 854 1027 annis,
904 959 1047 1012 hunc
1091 958 1265 1013 solum
1317 958 1512 1026 patitur
1558 970 1831 1020 errorem,
1881 955 2023 1023 quod

442 1062 592 1121 putat
618 1052 721 1106 sibi
760 1061 1078 1106 tractatuum
1110 1051 1565 1119 consiliorumque
1593 1062 1899 1103 successum
1931 1048 2027 1102 tri-

442 1144 535 1198 bui
565 1160 662 1213 pro
704 1144 961 1212 religione
1001 1143 1257 1211 legitima,
1301 1157 1458 1210 quem
1509 1142 1681 1211 potius
1722 1140 2028 1209 assequitur

444 1250 541 1302 pro
597 1234 849 1288 felicitate
906 1244 1139 1289 terrena.
1203 1233 1428 1301 Propter
1475 1232 1619 1301 quod
1670 1230 1862 1286 discite
1916 1230 2025 1284 cito

438 1324 692 1379 catholici
742 1335 915 1379 status
944 1323 1301 1379 valetudinem
1347 1323 1634 1387 occultam,
1684 1332 1744 1377 ut
1787 1330 2026 1390 apertam

443 1416 706 1471 festinetis
759 1415 1020 1469 adbibere
1065 1416 1405 1469 medicinam.
1456 1413 1783 1482 Burdegala,
1833 1413 2027 1469 Petro.-

446 1507 614 1572 corii,
668 1507 899 1571 Ruteni,
950 1506 1295 1569 Lemovices,
1349 1503 1682 1571 Gabalitani,
1716 1513 1743 1543 ἰ
1773 1504 2027 1567 Elusani,

450 1599 693 1664 Vasates,
712 1597 740 1636 δ
758 1599 1043 1665 Convenm,
1072 1602 1399 1661 Auscenses,
1423 1597 1701 1666 multoque
1723 1597 1831 1666 jam
1859 1595 2031 1665 major

434 1706 703 1755 numerus
750 1691 1050 1757 civitatum,
1101 1691 1325 1745 summis
1374 1689 1741 1744 sacerdotibus
1791 1690 2029 1758 ipsorum

2121 502 2263 556 libus
2291 500 2468 555 solatii
2502 508 2783 568 superest,
2832 498 3050 569 quando
3091 499 3359 554 clericalis
3401 514 3511 554 non
3554 500 3708 556 modo

2121 592 2436 661 disciplina,
2477 602 2664 644 verum
2704 590 2866 644 etiam
2914 590 3175 644 memoria
3218 589 3403 660 perit?
3452 590 3707 658 Equidem

2120 699 2242 738 cum
2290 684 2517 738 clericus
2566 683 2791 752 quisque
2839 681 3181 750 defungitur,
3234 683 3283 737 si
3334 684 3712 740 benediCtione

2123 774 2375 829 succidua
2420 789 2529 828 non
2578 774 2807 843 accipiat
2848 774 3121 843 dignitatis
3171 775 3482 841 ha-redem,
3531 776 3585 829 in
3630 775 3714 831 illa

2124 866 2350 921 ecclesia
2386 864 2748 919 sacerdotium
2788 866 3038 930 moritur,
3072 879 3178 919 non
3216 866 3494 921 sacerdos.
3542 866 3715 935 Atque

2128 958 2201 1012 ita
2230 956 2354 1026 quid
2386 957 2499 1025 spei
2530 967 2738 1011 restare
2770 958 3088 1025 pronunties
3108 998 3124 1022 ,
3168 958 3254 1011 ubi
3297 958 3423 1013 facit
3452 959 3715 1013 terminus

2124 1049 2362 1112 hominis
2393 1048 2552 1102 finem
2593 1048 2912 1116 religionis?
2960 1048 3137 1102 Altius
3179 1049 3425 1117 iusp‘eite
3462 1048 3716 1118 spiritua-

2130 1143 2259 1197 lium
2286 1142 2483 1196 damna
2511 1142 2904 1207 membrorum;
2936 1144 3175 1211 profecto
3203 1144 3510 1214 intelligetis
3530 1144 3718 1214 quanti

2126 1234 2503 1304 subripiuntur
2544 1235 2819 1305 episcOpi,
2874 1245 3143 1291 tantorum
3191 1238 3344 1293 vobis
3394 1238 3718 1305 pepulerum

2133 1327 2292 1382 fidem
2326 1327 2771 1397 periclitaturam.
2823 1328 3000 1383 Taceo
3026 1339 3237 1384 vestros
3258 1328 3285 1366 ἀ
3307 1331 3538 1385 Crocum
3577 1329 3723 1385 Sim-

2134 1421 2458 1490 pliciumque
2509 1422 2782 1489 collegas,
2838 1437 2975 1490 quos
3024 1422 3298 1477 cathedris
3350 1423 3451 1477 sibi
3508 1422 3721 1478 traditis

2133 1514 2461 1578 eliminatos,
2511 1515 2701 1568 similis
2747 1515 2921 1569 exsilii
2964 1517 3166 1571 cruciat
3213 1532 3371 1585 pcena
3411 1517 3716 1572 dissimilis.

2133 1607 2374 1676 Namque
2402 1620 2541 1660 unus
2571 1606 2808 1675 ipsorum
2842 1622 2900 1662 se
2930 1608 3075 1662 dolet
3106 1624 3213 1662 non
3241 1609 3452 1678 videre,
3493 1624 3602 1679 quo
3636 1624 3726 1664 re-

2136 1697 2261 1753 deat
2286 1714 2299 1751 :
2331 1700 2467 1752 alter
2495 1713 2554 1753 se
2581 1698 2720 1753 dolet
2747 1699 2950 1762 videre,
2975 1715 3081 1767 quo
3110 1715 3215 1753 non
3247 1700 3405 1754 redit.
3436 1700 3516 1753 Tu
3542 1714 3729 1753 saera-

448 1792 624 1836 morte
648 1784 926 1848 truncatis,
954 1794 975 1820 ο
1001 1797 1099 1837 nec
1128 1782 1250 1835 ullis
1279 1781 1531 1850 deinceps
1559 1782 1827 1851 episcOpis
1856 1780 1909 1834 in
1935 1780 2029 1836 de-

2149 1790 2465 1845 Lissimorum
2502 1789 2814 1857 pontificum
2846 1790 3080 1855 Leontii,
3115 1790 3315 1853 FauSti,
3339 1788 3535 1853 Graeci,
3566 1790 3726 1854 urbe,

451 1884 755 1930 tunrtorum
787 1874 963 1929 officia
991 1874 1227 1927 suffectis
1248 1873 1369 1942 (per
1395 1888 1531 1941 quos
1559 1874 1742 1941 utique
1768 1874 2032 1927 minorum

456 1963 704 2019 ordinum
731 1964 1022 2018 ministeria
1048 1963 1521 2031 subrogabantur),
1552 1964 1714 2016 latum
1741 1962 2036 2030 Spiritualis

458 2059 629 2113 ruinae
654 2058 877 2113 limitem
909 2058 1088 2111 traxit.
1120 2059 1287 2122 Quam
1321 2056 1430 2111 fere
1460 2064 1671 2110 constat
1698 2057 1775 2110 sic
1804 2070 1899 2124 per
1925 2055 2037 2111 sin-

455 2152 608 2222 gulos
648 2151 763 2205 dies
804 2152 1125 2205 morientum
1161 2160 1370 2218 patrum
1403 2150 1663 2218 prolicere
1690 2147 1938 2212 defectu,
1982 2156 2041 2203 ut

454 2261 487 2300 n
512 2261 563 2298 in
603 2244 776 2298 solum
814 2244 1083 2313 quoslibet
1126 2243 1411 2299 haereticos
1450 2252 1807 2311 praesentum,
1851 2256 2037 2296 verum

454 2339 615 2391 ct'atn
647 2336 1033 2390 haeresiarchas
1077 2336 1312 2404 priorum
1354 2345 1656 2405 temporum
1698 2336 1929 2405 potuerit
1958 2336 2041 2390 in-

457 2429 675 2483 flectere
712 2444 724 2480 :
775 2428 845 2482 ita
893 2429 1121 2497 populos
1165 2443 1388 2483 excessu
1437 2429 1751 2498 pontificum
1798 2429 2038 2495 orbatos,

457 2519 629 2574 tristis
678 2517 947 2573 intercisa:
994 2519 1118 2574 ﬁdei
1166 2518 1470 2588 deSperatio
1516 2522 1732 2588 premit.
1783 2520 1935 2574 Nulla
1985 2521 2040 2576 in

455 2609 712 2665 desolatis
754 2624 879 2663 cura
920 2608 1247 2665 dioecesibus
1294 2611 1691 2681 parocbiisque.
1742 2612 1939 2667 Videas
1988 2613 2039 2669 in

458 2701 713 2757 Ecclesiis
739 2712 832 2756 aut
862 2711 1041 2772 putres
1070 2704 1364 2761 culminum
1396 2705 1594 2774 lapsus,
1625 2714 1717 2760 aut
1745 2706 1902 2777 184
1925 2707 2041 2759 val-

457 2812 644 2854 varum
674 2797 979 2852 cardinibus
1018 2798 1251 2863 avulsis,
1298 2800 1638 2854 basilicarum
1668 2801 1845 2854 aditus
1876 2800 2041 2870 hispi-

457 2890 649 2945 dorum
698 2892 938 2961 veprium
989 2890 1269 2946 fruticibus
1321 2892 1649 2949 obstructos.
1708 2892 1859 2962 ipsa,
1908 2894 2041 2963 proh

458 2982 650 3039 dolor!
696 2983 879 3037 videas
920 2993 1189 3048 armenta,
1237 2999 1343 3038 non
1393 2983 1553 3037 modo
1599 2986 2043 3053 semipatentibus

456 3074 638 3145 jacere
684 3075 1004 3140 vestibulis,
1066 3076 1159 3130 sed
1206 3077 1366 3129 etiam
1420 3076 1647 3131 herbosa
1696 3078 2039 3133 viridantium

459 3165 706 3223 altarium
749 3165 913 3219 latera
952 3164 1190 3234 depasci.
1241 3165 1347 3221 Sed
1389 3166 1497 3231 jam
1546 3183 1645 3221 nec
1687 3184 1781 3236 per
1813 3171 2042 3225 rusticas

446 3257 638 3312 solum
680 3255 912 3311 solitudo
954 3255 1275 3326 parochias:
1310 3258 1424 3325 ipsa
1474 3258 1693 3329 insuper
1722 3262 2042 3317 urbanarum

532 3462 561 3492 ι
586 3453 738 3509 Nulla
763 3462 844 3527 est
870 3452 1061 3527 injuria
1091 3455 1230 3524 quod
1257 3455 1519 3510 Elusanos
1544 3468 1817 3527 prmponat
1838 3461 2047 3515 caeteris

460 3524 990 3600 Novempopulanis.‘
1024 3524 1147 3600 Fut
1173 3528 1315 3581 enim
1338 3542 1500 3600 ,ACttflI
1538 3524 1700 3583 Elusa
1736 3534 2049 3600 metropolis

460 3605 605 3670 esset
644 3596 807 3670 totius
844 3596 1167 3665 provinciae,
1213 3606 1268 3652 et
1297 3598 1396 3651 sub
1420 3614 1481 3653 ea
1513 3613 1633 3652 cuiu
1666 3601 1886 3670 reliquis
1913 3596 2047 3657 civi-

460 3675 543 3721 tas
566 3666 908 3730 Ausciorum,
941 3682 1059 3735 quae
1100 3682 1241 3721 nunc
1274 3670 1582 3736 metropolis
1619 3688 1632 3723 :
1684 3682 1740 3724 ut
1782 3666 2048 3725 testantur

464 3751 571 3811 non
612 3737 771 3790 tnodo
800 3746 1010 3811 veteres
1027 3736 1253 3811 ΔΝξυιὶιίειιι
1284 3740 1714 3806 provinciarum,
1760 3744 1810 3795 in
1854 3743 2047 3811 quibus

462 3804 951 3875 Novempopulanze
992 3807 1238 3863 civitates
1284 3804 1383 3863 hoc
1429 3811 1586 3862 modo
1616 3804 2041 3867 describuntur:

468 3874 771 3948 Metropolis
813 3879 988 3929 civitas
1019 3877 1343 3945 Elusotium,
1390 3880 1567 3933 civitas
1600 3883 1948 3948 Aqumsium,
1994 3895 2043 3937 et

464 3954 585 4014 post
613 3946 743 3998 alias
773 3954 1061 4013 postrema,
1095 3948 1270 4001 ditas
1297 3951 1634 4015 Ausciorum;
1657 3946 1856 4006 verum
1887 3955 2044 4007 etiam

463 4016 884 4091 subscriptiones
935 4020 1275 4091 antiquarum
1329 4022 1681 4090 synodorum.
1754 4024 2045 4091 Agathensi

465 4087 663 4156 etenim
691 4087 919 4140 concilio
949 4087 1384 4156 subscripserunt
1413 4091 1602 4144 Clarus
1634 4087 1824 4145 Elusa;
1843 4106 2047 4148 metro-

503 4155 730 4210 olitattus
760 4158 1090 4228 etRNicetius
1120 4155 1436 4213 Auscio:um
1495 4162 1815 4228 episcopus;
1878 4167 2048 4219 Aure-

503 4170 730 4210 ontanus
760 4170 813 4210 et
857 4170 1090 4212 meettus
1120 4170 1436 4213 Ausetoum
1495 4170 1815 4228 episcopus;
1878 4170 2048 4219 Aure-

466 4170 692 4297 Yianensi
757 4226 865 4298 74
910 4232 1081 4296 primo
1128 4230 1416 4297 Leontius,
1471 4247 1576 4284 non
1623 4231 1939 4299 Tolosanm,
1993 4245 2050 4289 ut

508 4313 751 4367 erperam
785 4314 1037 4353 excusuni
1070 4310 1171 4363 est,
1203 4302 1293 4353 sed
1330 4300 1573 4353 Elosaum
1602 4306 1914 4367 metrotiolis
1936 4346 1950 4367 ,
1996 4316 2050 4359 et

520 4368 705 4447 icetius
727 4369 863 4447 idem
886 4370 1198 4447 Ausciorum
1221 4370 1795 4447 episcopus._lleu_icnsi
1820 4376 2049 4447 denique

468 4438 609 4511 apud
638 4439 992 4511 Flodoarduut
1027 4439 1118 4493 lib.
1146 4456 1201 4502 II,
1233 4438 1349 4507 cap.
1379 4438 1433 4505 5,
1464 4442 1832 4511 subscripsere
1862 4438 2045 4501 itidem

470 4508 709 4574 Senocus
752 4510 1097 4565 Elusanensis
1143 4521 1197 4565 et
1243 4511 1539 4567 Andericus
1583 4508 1911 4570 Auscensis:
1958 4534 2049 4571 co-

470 4577 987 4656 demqueﬁtentplo
1034 4582 1086 4634 in
1135 4583 1274 4647 aliis,
1308 4585 1541 4651 quandiu
1590 4588 1905 4656 metropolis
1952 4588 2050 4642 fuit

461 4647 655 4727 ‘Etusa.
705 4648 852 4702 Nunc
882 4647 1044 4727 enim,
1080 4670 1197 4722 qua:
1229 4647 1408 4727 rerum
1442 4656 1621 4709 vices!
1653 4647 2049 4726 sine'episcopo

469 4722 524 4790 in
550 4722 892 4790 vieutnpene
919 4722 1131 4777 redacta
1160 4734 1259 4778 est.
1316 4726 1510 4779 Eusain
1557 4728 1623 4780 ab
1663 4722 1885 4790 incolis,
1933 4722 2045 4783 sive

470 4787 664 4870 {desunt
719 4789 855 4853 dici,
914 4800 1058 4870 recte
1106 4794 1573 4870 docuitub‘caliger
1611 4798 1676 4849 ad
1720 4787 2040 4852 Ausonium.

473 4857 669 4911 Errant
699 4873 845 4922 vero,
886 4870 939 4913 et
977 4864 1256 4916 Ammiano
1289 4857 1595 4920 Marcellino
1623 4883 1859 4923 errorem
1893 4871 2044 4921 at‘tin.

470 4936 633 5000 gunt,
679 4930 864 5000 qui_in
911 4930 992 4984 bis
1020 4934 1137 5000 ejus
1163 4935 1343 4987 verbis
1381 4937 1471 4989 lib.
1508 4952 1595 4998 xv,
1627 4937 1690 4990 In
1720 4940 2046 4992 Narbonensi

472 4999 613 5077 clusa
641 5010 713 5052 est
735 4997 1078 5077 ﬂarbouaet
1116 5002 1309 5077 Tolosa
1331 5049 1344 5072 ,
1390 5020 1487 5073 pro
1516 5008 1661 5061 clusa
1695 5010 1907 5062 Elttsam
1942 5011 2043 5077 legi

474 5068 677 5144 volunt.
733 5070 897 5144 Elusa
932 5073 1074 5126 enim
1115 5074 1165 5127 in
1208 5068 1625 5144 Novetnpopulis
1666 5089 1782 5143 est,
1839 5095 1942 5132 non
1992 5068 2043 5134 in

471 5136 827 5219 lVarbonensi1
857 5140 964 5219 Nec
992 5145 1169 5219 minus
1189 5136 1446 5219 falluntur
1472 5136 1561 5217 qui
1594 5136 1877 5203 Elusouem
1911 5152 2044 5203 Pati-

472 5209 563 5286 l_ini
603 5210 767 5286 epist.
797 5211 860 5286 6,
907 5213 1019 5266 sive
1062 5215 1396 5286 Elusioneiu,
1448 5209 1503 5271 ιιί
1548 5231 1629 5273 est
1673 5220 1723 5273 in
1765 5220 2045 5275 ltinerario

476 5279 890 5349 Burdegalensi,
943 5285 1180 5337 eamdem
1228 5302 1348 5340 cum
1384 5279 1559 5343 'Elusa
1612 5291 1811 5343 faciunt
1853 5308 1867 5344 :
1921 5308 2041 5345 cuiu

475 5351 659 5405 Elusio
704 5351 841 5405 inter
884 5351 1134 5405 Tolosam
1177 5366 1231 5409 et
1272 5357 1571 5414 Narbonem
1628 5362 1729 5414 sita
1784 5363 1943 5415 fuerit
1992 5366 2044 5415 in

471 5421 834 5501 garbonensi,
870 5422 1032 5476 Elusa
1070 5424 1210 5501 inter
1235 5430 1459 5482 Auscios
1497 5441 1551 5484 et
1589 5432 1963 5501 llurdegalatn,
1995 5433 2044 5486 iu

471 5491 969 5571 μονιειηβοριιιιιιιει,Δ
995 5505 1050 5547 ιιι
1078 5495 1277 5571 dictum
1301 5510 1400 5552 est.
1434 5502 1511 5555 Ad
1540 5517 1657 5555 eam
1685 5491 1898 5571 quoque
1928 5491 2048 5570 per-

473 5564 605 5642 tinet
632 5564 1087 5642 ve_tus_iuse_riptio
1123 5566 1402 5642 Nemausi,
1449 5588 1569 5638 (ιιιιι)
1608 5564 1847 5627 continet
1875 5564 2046 5642 epita-

474 5633 656 5701 phium
688 5634 749 5685 L.
777 5633 994 5691 Taurini
1022 5639 1222 5693 Aurelii
1252 5633 1706 5697 civis'lﬂl'usensis.

542 5699 573 5742 δ
594 5702 694 5768 Qui
736 5720 876 5762 nunc
902 5706 1307 5779 Contingenses.
1340 5711 1773 5773 Narbonensibus
1810 5715 2048 5786 proximi

2136 1882 2366 1944 ordine,
2415 1882 2640 1935 caritate
2694 1882 2903 1935 medius
2956 1882 3252 1936 inveniris:
3304 1896 3401 1949 per
3445 1895 3542 1934 vos
3592 1882 3732 1933 mala

2137 1973 2402 2029 foederum
2452 1982 2713 2038 currunt,
2771 1986 2869 2040 per
2910 1986 3005 2027 vos
3046 1976 3194 2041 regni
3241 1973 3522 2041 utriusque
3580 1982 3733 2038 pacta

2124 2067 2584 2137 conditionesque
2624 2076 2926 2137 portantur.
2983 2069 3137 2136 Agite
3176 2076 3439 2135 quatenus
3490 2065 3612 2120 lucc
3667 2064 3737 2119 sit

2140 2160 2411 2227 amicitia,
2461 2158 2749 2214 concordia
2801 2157 3143 2227 principalis,
3198 2168 3255 2212 ut
3300 2157 3599 2226 episcopali
3651 2171 3739 2209 or-

2142 2252 2419 2307 dinatione
2468 2250 2757 2319 permissa,
2798 2251 3028 2319 populos
3067 2250 3357 2304 Galliarum
3401 2263 3540 2317 quos
3582 2248 3738 2301 limes

2143 2342 2383 2398 Gothicae
2446 2342 2610 2396 sortis
2670 2341 2975 2403 incluserit,
3021 2352 3299 2396 teneamus
3341 2355 3408 2395 ex
3452 2340 3594 2403 fide,
3640 2339 3739 2395 etsi

2146 2450 2251 2489 non
2285 2444 2527 2488 tenemus
2556 2449 2620 2488 ex
2653 2433 2873 2488 foedere.
2907 2434 3109 2488 Memor
3137 2432 3309 2488 nostri
3338 2447 3461 2488 esse
3488 2433 3740 2502 dignare,

2145 2525 2360 2583 domine
2389 2540 2543 2595 papa.

2576 2619 2731 2690 135
2773 2616 3105 2673 EPISTOLA
3163 2615 3269 2671 vtt.

2339 2711 2587 2766 Sidonius
2616 2710 2827 2764 domino
2858 2726 3005 2781 papa:
3036 2719 3059 2747 °
3099 2708 3277 2763 (ἐνωεο
3301 2708 3539 2762 salutem.

2220 2803 2359 2858 Ecce
2379 2803 2583 2857 iterum
2629 2803 2911 2857 Amantius
2955 2801 3297 2871 nugigerulus
3330 2812 3518 2854 noSter
3549 2798 3743 2853 Massi-

2136 2893 2275 2947 liam
2308 2908 2460 2948 suam
2491 2895 2707 2963 repetit,
2757 2893 2979 2963 aliquid,
3014 2902 3073 2947 ut
3110 2893 3272 2947 moris
3298 2900 3404 2957 est,
3433 2891 3502 2946 de
3544 2906 3743 2945 manu.-

2150 2985 2252 3040 biis
2284 2985 2518 3041 civitatis
2562 2986 2781 3040 domum
2836 2993 3229 3055 reportaturus,
3278 2985 3323 3039 si
3370 2992 3552 3038 tamen
3601 2993 3741 3039 ωιλ-

2149 3079 2268 3147 plus
2327 3078 2625 3133 arriserit:
2674 3094 2768 3148 per
2833 3094 2990 3149 quem
3046 3078 3361 3148 ioculariter
3409 3079 3561 3147 plura
3621 3093 3745 3146 gar-

2070 3148 2116 3211 C
2152 3170 2311 3225 rircm
2341 3210 2355 3233 ,
2412 3170 2458 3225 si
2508 3172 2706 3239 pariter
2778 3186 2914 3225 unus
2969 3171 3217 3239 idemque
3273 3170 3475 3224 valeret
3527 3170 3747 3223 animus

2154 3280 2413 3322 exercere
2458 3266 2579 3322 beta
2615 3276 2669 3322 et
2715 3266 2886 3321 tristia
2930 3266 3218 3321 sustinere.
3252 3263 3530 3335 Siquidem
3576 3266 3752 3319 nostri

2150 3462 2220 3518 ad
2257 3463 2431 3520 fontes
2456 3465 2762 3521 Garumnze.
2797 3467 2996 3522 llorum
3027 3466 3151 3522 olim
3182 3467 3368 3521 civitas
3398 3466 3751 3533 Lugdunum,

2152 3535 2473 3623 ᾼοιξγδοιινον
2512 3539 2971 3623 Κοςδουειίῶνμιιίειθ
3025 3538 3273 3623 Straboni
3325 3550 3378 3591 et
3410 3537 3750 3616 Ptolemaeo.

2151 3607 2220 3660 At
2243 3607 2679 3677 Comingensium
2702 3607 2862 3662 hodie
2888 3618 3047 3676 caput
3075 3619 3128 3661 et
3154 3609 3310 3663 sedes
3335 3609 3745 3677 ep'scnporum,

2150 3678 2339 3731 civitas
2388 3676 2447 3732 S.
2481 3678 2756 3731 Bertrandi
2797 3696 2810 3730 :
2863 3694 3020 3746 quam
3071 3680 3236 3748 ipsam
3273 3679 3600 3746 Lugdunum
3634 3695 3753 3733 esse

2152 3749 2441 3815 persuadet
2469 3750 2625 3814 situs,
2656 3750 2723 3802 ab
2752 3764 2816 3801 eo
2848 3750 2974 3803 nihil
3005 3750 3321 3817 discrepans
3341 3790 3353 3809 ,
3397 3764 3556 3817 quem
3602 3752 3751 3803 urbis

2150 3818 2471 3887 Gonvctticze
2493 3818 2747 3874 describit
2767 3819 3055 3887 Gregorius
3074 3821 3273 3873 Turon.
3296 3820 3383 3872 lib.
3407 3835 3497 3879 \‘ll,
3512 3834 3575 3872 ea
3593 3837 3643 3885 p.
3660 3820 3749 3872 5-5.

2151 3886 2331 3943 Posita
2376 3890 2516 3943 enim
2552 3899 2634 3943 est
2684 3890 2736 3942 itt
2786 3886 2940 3943 colle.
2999 3891 3310 3955 Lugdunum
3343 3900 3523 3943 autent
3559 3902 3749 3943 vetere

2152 3956 2423 4013 Gallorum
2477 3960 2653 4029 lingua
2702 3966 2785 4013 est
2832 3958 3018 4015 Clarus
3052 3963 3223 4015 Meus.
3276 3959 3479 4014 Ailltit'i
3524 3962 3748 4028 quidem

2153 4028 2511 4093 ltinerarium,
2556 4045 2677 4083 cum
2711 4031 2777 4083 ab
2808 4032 2970 4097 Aquis
2997 4031 3317 4085 Tarbellicis
3341 4030 3603 4083 Tolosam
3650 4033 3752 4084 iter

2151 4101 2389 4166 assignat
2418 4116 2510 4167 per
2542 4100 2889 4168 Lugdunum;
2940 4102 3066 4156 item
3098 4117 3219 4155 cum
3249 4101 3317 4154 ab
3345 4104 3576 4169 Agenno
3606 4102 3750 4169 Lng-

2149 4169 2352 4223 dunum
2379 4171 2541 4223 millia
2570 4186 2817 4238 passuum
2842 4181 3107 4239 numerat,
3133 4173 3203 4227 65
3224 4172 3291 4226 de
3312 4170 3582 4240 Lugdune
3609 4173 3755 4226 Cun-

2153 4255 2411 4294 venarum
2441 4243 2609 4309 accipi
2640 4242 2820 4296 debet.

2225 4322 2247 4349 ο
2299 4312 2409 4365 lloc
2467 4314 2638 4380 ipsum
2696 4313 2747 4366 in
2809 4314 3183 4380 persecutione
3238 4312 3530 4367 Vanda'ica
3587 4312 3753 4367 deﬂet

2154 4380 2335 4437 Victor
2382 4382 2691 4448 Uticensis,
2740 4382 2806 4435 de
2854 4384 3123 4451 t’piSCOpiS
3171 4398 3334 4451 agens
3386 4384 3437 4434 in
3489 4385 3751 4437 exsizium

2155 4454 2316 4517 pulsis
2347 4454 2415 4506 ab
2446 4455 2755 4508 llunerico:
2793 4453 3012 4522 Quibus,
3045 4456 3236 4521 inquit,
3269 4456 3320 4505 in
3348 4454 3533 4506 exsilio
3565 4455 3752 4521 positis

2153 4524 2275 4574 (lum
2313 4525 2479 4577 obitus
2516 4524 2825 4581 obvenisset,
2877 4540 2979 4575 non
3029 4525 3207 4577 licebat
3252 4524 3306 4575 in
3350 4539 3526 4575 eorum
3568 4525 3754 4578 ciuita-

2153 4594 2283 4645 tibus
2329 4595 2459 4645 alios
2505 4596 2764 4647 ordinare.
2822 4594 3101 4663 Episcopis
3142 4610 3269 4664 ergo
3310 4604 3483 4647 morte
3517 4594 3753 4648 sublatis

2152 4677 2271 4735 cum
2319 4665 2404 4716 alii
2447 4681 2551 4718 non
2593 4664 3034 4732 subrogarentur,
3090 4681 3183 4732 per
3228 4679 3363 4732 quos
3414 4665 3751 4735 presbyteri,

2074 4754 2126 4813 Β
2154 4732 2409 4788 diacones
2439 4736 2731 4804 cauet-ique
2760 4736 3354 4813 ulteriorumordinum
3388 4732 3756 4813 clerici'desi-

2150 4813 2461 4884 gnarentur,
2492 4821 2753 4859 summam
2792 4809 2842 4859 in
2872 4805 3130 4860 Ecclesiis
3162 4805 3406 4859 Omnibus
3437 4807 3755 4860 vastitatem

2152 4889 2301 4936 sequi
2335 4889 2555 4931 necesse
2588 4886 2724 4929 erat.

2223 4942 2249 4982 ἀ
2273 4944 2443 4999 Croco
2483 4948 2734 5013 episeopo
2775 4949 2913 5003 inter
2950 4948 3085 5000 alios
3111 4947 3364 5015 inscripta
3399 4956 3481 5002 est
3513 4947 3754 5011 epistola

2154 5014 2335 5068 Lucidi
2390 5017 2709 5085 presbyteri.
2765 5019 2838 5071 Ex
2877 5033 2982 5085 quo
3025 5020 3190 5085 liquet
3230 5014 3376 5071 illum
3423 5018 3751 5071 interfuisse

2151 5085 2356 5151 synodo
2385 5088 2704 5141 Arelatensi.
2757 5090 3052 5156 Etsiisc0pus
3082 5091 3179 5149 fuit
3212 5088 3637 5151 Nemausensis;
3687 5088 3755 5140 de

2154 5156 2429 5221 Simplicio
2454 5165 2653 5225 autem,
2686 5173 2789 5211 non
2819 5159 3004 5225 liquet.

2226 5235 2249 5262 θ
2279 5227 2539 5296 Episcopo
2569 5227 2916 5293 Massiliensi,
2947 5229 3153 5295 dequo
3191 5244 3371 5294 supra.
3425 5229 3649 5293 Scripta
3693 5243 3758 5280 eo

2156 5306 2397 5370 tempore
2426 5314 2529 5368 quo
2574 5313 2636 5351 ex
2667 5298 2892 5370 findere
2944 5302 3087 5368 pacis
3135 5315 3163 5352 a
3209 5301 3413 5370 Nepote
3447 5301 3597 5352 initae
3630 5314 3755 5352 cunt

2155 5368 2365 5431 Eurico,
2399 5366 2628 5424 Arverni
2654 5366 2843 5423 Gothis
2880 5387 2908 5423 a
2945 5366 3140 5437 quibus
3171 5372 3219 5423 vi
3259 5366 3373 5438 capi
3408 5384 3513 5423 non
3554 5379 3758 5437 potuc-

2155 5448 2307 5503 rant,
2351 5440 2472 5493 dedi
2517 5440 2650 5507 jussi
2696 5448 2821 5493 sunt
2851 5452 2906 5491 ut
2939 5441 3136 5493 dictum
3172 5450 3255 5494 est
3283 5443 3346 5493 ad
3376 5442 3672 5507 epistolam
3706 5441 3756 5499 ι,

2157 5509 2249 5561 lib.
2283 5525 2358 5561 Ill.
2413 5511 2697 5579 Propterea
2729 5510 2983 5565 Sidonius
3029 5527 3136 5563 tton
3186 5512 3450 5564 immerito
3492 5512 3757 5578 queritur

2155 5582 2518 5703 Arvernorum
2542 5581 2817 5638 meliorem
2842 5580 3006 5637 fuisse
3027 5581 3128 5637 sub
3147 5581 3289 5638 bello
3311 5596 3467 5651 quam
3487 5582 3600 5635 sub
3624 5594 3759 5650 pact:

2155 5664 2277 5703 Cum
2299 5660 2535 5703 tttOttctu.

2154 5660 2535 5706 (ῖυιιιιιιιοιιςιιι.
