3946 6176
214 265 309 323 575

1436 260 1911 319 EPISTOLARUM
1952 262 2079 319 LIB.
2125 264 2230 320 Vll.

3380 279 3484 335 574

213 381 293 435 hic
322 393 460 435 nunc
496 385 581 433 est
617 376 848 435 infelicis
880 377 1060 448 anguli
1101 384 1305 443 status;
1346 377 1518 448 cujus,
1549 385 1609 431 υι
1654 377 1790 430 fama
1829 377 1869 437 Α
1901 378 2141 449 Namque
2168 380 2271 435 alia
2300 380 2449 451 regio
2472 382 2665 438 tradita
2703 386 2977 443 servitium
3009 399 3212 460 sperat,
3244 392 3481 448 Arverna

210 472 518 535 conﬁrmat,
563 470 757 524 melior
810 468 905 523 fuit
954 468 1055 524 sub
1109 467 1251 523 bello
1298 483 1457 539 quam
1512 468 1612 522 sub
1657 482 1791 537 pace

211 562 457 621 conditio.
518 559 681 616 Facta
725 570 809 616 est
851 562 1088 616 servitus
1132 569 1313 615 nostra
1362 561 1588 630 pretium
1633 575 1786 613 secuo

212 658 377 716 ritatis
432 654 639 710 alienae.
696 657 1067 709 Arvernorum
1106 694 1122 721 ,
1185 653 1320 723 proh
1367 653 1555 708 dolor!
1619 652 1790 707 servi-

210 760 326 805 tus:
356 747 468 816 qui,
502 744 547 800 si
582 744 759 815 prisca
790 745 1206 815 replicarentur,
1245 744 1514 827 audebant
1539 758 1597 798 se
1619 759 1789 813 quou-

208 841 323 896 dam
354 838 545 894 fratres
584 836 741 892 Latio
777 836 981 902 dicere,
1015 847 1070 893 et
1110 837 1371 907 sanguine
1396 838 1463 891 ab
1504 838 1667 892 lliaco
1699 851 1789 906 po-

207 933 352 1001 pulos
372 938 709 1001 computare.
739 930 797 986 Si
824 932 1062 986 recentia
1091 930 1549 996 memorabuntur,
1586 930 1618 983 ii
1661 938 1785 984 sunt

204 1023 285 1093 qui
307 1023 507 1078 viribus
535 1022 765 1092 propriis
793 1021 1026 1076 hostium
1071 1020 1403 1091 publicorum
1436 1035 1583 1075 arma
1608 1035 1785 1074 remo-

204 1118 299 1173 rati
324 1125 448 1171 sunt
476 1132 489 1168 :
522 1115 607 1169 cui
651 1128 797 1184 sape
837 1113 1036 1184 populo
1061 1112 1269 1168 Gothus
1310 1127 1419 1170 non
1459 1112 1557 1166 fuit
1599 1113 1784 1165 clauso

204 1212 332 1266 intra
356 1208 554 1263 mania
585 1205 885 1272 formidini,
914 1220 1037 1260 cum
1082 1204 1325 1260 vicissim
1356 1204 1471 1273 ipse
1498 1203 1654 1258 fieret
1683 1218 1781 1271 0p-

203 1299 583 1372 pugnatoribus
615 1298 804 1368 positis
832 1297 972 1351 intra
1003 1306 1177 1352 castra
1204 1299 1420 1352 terrori.
1449 1296 1509 1350 lli
1538 1308 1663 1349 sunt
1688 1294 1781 1363 qui

198 1393 291 1447 sibi
342 1390 610 1445 adversus
662 1386 959 1444 vicinorum
1017 1386 1189 1447 aciem
1238 1396 1344 1441 tant
1418 1386 1582 1441 duces
1628 1386 1781 1443 fuere

200 1497 347 1553 quam
378 1482 604 1535 milites.
639 1481 713 1534 De
754 1494 982 1550 quorum
1020 1487 1198 1534 tamen
1224 1487 1371 1534 sorte
1398 1478 1775 1548 certaminum,

198 1577 237 1627 si
266 1573 387 1645 quid
419 1588 739 1644 prosperum
761 1572 947 1638 cessit,
980 1586 1078 1626 vos
1117 1570 1352 1625 secunda
1398 1570 1570 1625 solata
1617 1578 1773 1637 sunt;

197 1669 237 1723 si
283 1666 405 1734 quid
460 1667 841 1731 contrarium,
896 1664 1019 1719 illos
1065 1663 1292 1719 adversa
1351 1662 1644 1731 fregerunt.
1700 1663 1776 1718 Illi

1895 473 2236 542 supplicium.
2288 473 2431 529 Sane
2471 475 2514 528 si
2564 475 2818 532 medicari
2866 481 3065 536 nostris
3092 482 3247 554 187
3280 482 3482 540 ultimis

1896 577 2002 617 non
2030 564 2243 629 valetis,
2270 565 2457 619 saltem
2489 564 2590 620 hoc
2623 566 2820 623 efficite
2848 586 3004 638 prece
3033 572 3236 637 sedula,
3280 584 3334 628 ut
3364 588 3481 630 san-

1893 653 2009 723 guis
2032 654 2172 709 vivat
2200 670 2426 723 quorum
2456 667 2539 711 est
2571 658 2827 712 moritura
2860 660 3081 717 libertas
3122 679 3135 716 :
3170 674 3357 734 parate
3378 679 3478 719 ex-

1892 748 2098 803 sulibus
2140 758 2361 813 terram,
2405 750 2683 818 capiendis
2732 750 3177 821 redemptionem,
3224 756 3476 810 viaticum

1893 839 2324 909 peregrinaturis.
2357 841 2411 896 Si
2442 842 2641 895 'murus
2693 852 2879 896 noster
2925 845 3168 912 aperitur
3214 845 3474 909 hostibus,

1892 946 1996 986 non
2027 931 2097 986 sit
2126 932 2339 987 clausus
2368 942 2545 988 vester
2570 934 2894 1002 hospitibus.
2924 931 3129 992 Memor
3160 938 3330 992 nostri
3357 952 3478 995 esse

1888 1022 2129 1093 dignare,
2160 1022 2378 1079 domine
2408 1038 2565 1093 papa.

2436 1114 2764 1170 EPISTOLA
2824 1115 2960 1171 Vlll.

2026 1205 2275 1268 Sidonius
2301 1206 2506 1259 domino
2536 1223 2685 1277 papa:
2710 1218 2731 1245 ο
2761 1205 3064 1277 Euphronio
3086 1210 3324 1265 salutem.

1955 1297 2396 1365 Quandoquidem
2424 1312 2509 1350 me
2550 1297 2814 1352 clericalis
2844 1297 3005 1354 officii
3046 1300 3253 1355 vincula
3288 1300 3475 1374 ligant,

1884 1385 2249 1440 felicissimum
2296 1387 2681 1442 mediocritatis
2734 1405 2867 1445 mea:
2914 1400 3114 1445 statum
3161 1396 3477 1462 pronuntiav

1885 1497 2021 1549 rem,
2053 1482 2096 1534 si
2130 1481 2282 1535 nobis
2325 1481 2655 1536 haberentur
2684 1479 2710 1519 ἀ
2740 1498 2899 1551 quam
2956 1484 3229 1541 territoria
3277 1488 3474 1554 vicina,

1885 1584 1990 1627 tam
2036 1572 2255 1627 moenia.
2308 1572 2384 1627 De
2430 1574 2665 1627 minimis
2696 1573 2945 1628 videlicet
2997 1576 3159 1630 rebus
3216 1592 3473 1634 coronam

1882 1672 2027 1717 tuam
2076 1665 2431 1729 maximisque
2480 1666 2818 1718 consulerem
2855 1666 3155 1736 :fieretque
3203 1670 3474 1725 actionum

196 1775 367 1814 amore
389 1758 704 1829 reipublicae
731 1766 759 1796 ⁸
787 1757 1133 1823 Seronatum,
1175 1756 1418 1811 barbaris
1466 1756 1772 1827 provincias
1807 1752 1850 1811 Β
1880 1770 2115 1809 mearum
2141 1756 2289 1824 quasi
2322 1755 2621 1824 enjuspiam
2656 1756 2801 1809 fluvii
2846 1757 3238 1826 placidissimus
3283 1775 3474 1815 cursus

196 1851 562 1919 pr0pioantem
618 1866 725 1904 non
780 1851 1011 1903 timuere
1072 1847 1275 1918 legibus
1320 1847 1566 1911 tradere;
1619 1864 1777 1916 quem

193 1943 487 1997 convictum
515 1942 771 2011 deinceps
799 1940 1111 2010 respublica
1142 1940 1229 1992 vix
1262 1940 1603 2009 prwsuntpsit
1634 1940 1779 1994 occi-

193 2034 328 2095 dere.
370 2033 615 2088 lloccine
660 2042 974 2088 meruerunt
1018 2030 1224 2098 inopia,
1279 2031 1513 2094 flamma,
1546 2030 1772 2096 ferrum,

194 2128 511 2197 pestilentia,
537 2128 762 2197 pingues
792 2125 1034 2180 czedibus
1076 2123 1260 2194 gladii,
1309 2124 1466 2195 186
1511 2132 1565 2177 et
1610 2123 1779 2177 macri

190 2220 391 2290 jejuniis
441 2219 828 2289 praeliatores?
878 2217 1106 2286 Propter
1152 2214 1308 2283 hujus
1351 2224 1527 2269 tamen
1562 2214 1776 2285 inclyta:

190 2314 320 2381 pacis
344 2312 837 2380 exspectationem,
865 2310 1081 2364 avulsas
1132 2307 1427 2363 muralibus
1458 2305 1608 2361 rimis
1655 2306 1777 2361 her-

194 2402 277 2459 bas
306 2404 356 2457 in
390 2405 577 2457 ciburn
611 2403 909 2466 traximus;
937 2402 1136 2456 crebro
1167 2416 1263 2470 per
1291 2400 1651 2469 ignorantiam
1682 2414 1777 2454 vc-

191 2493 384 2548 nenatis
406 2493 749 2564 graminibus
787 2492 996 2558 infecti,
1017 2506 1135 2560 quae
1165 2490 1473 2545 indiscretis
1496 2489 1639 2543 foliis
1660 2504 1777 2545 suc-

191 2584 359 2654 eisque
379 2582 697 2647 viridantia,
729 2596 873 2653 saepe
912 2596 1103 2637 manus
1133 2581 1270 2636 fame
1321 2580 1576 2635 concolor
1623 2580 1769 2649 legit.

186 2674 281 2730 Pro
310 2675 371 2729 iis
400 2682 489 2729 tot
518 2676 786 2745 tantisque
824 2672 1123 2728 devotionis
1163 2673 1553 2742 experimentis
1604 2673 1772 2726 nostri

188 2770 463 2836 (quantum
512 2766 697 2835 audio)
749 2765 887 2820 facta
938 2764 1148 2835 jactura
1198 2773 1282 2818 est
1333 2783 1344 2817 :
1399 2763 1596 2832 pmieat
1649 2777 1770 2827 vos,

186 2876 486 2929 precamur,
518 2859 679 2930 hujus
709 2858 928 2914 foederis
954 2875 1054 2914 nec
1084 2859 1228 2913 utilis
1274 2874 1374 2913 nec
1417 2860 1621 2913 decori.
1669 2858 1772 2913 Per

186 2966 271 3006 vos
316 2952 623 3021 legationes
670 2959 868 3006 nteant.
929 2950 1096 3005 Vobis
1146 2951 1412 3019 primum,
1464 2964 1767 3018 quanquam

183 3045 409 3115 principe
438 3044 684 3111 absente,
717 3059 823 3099 non
852 3045 1025 3099 solum
1060 3051 1285 3097 tractata
1314 3054 1651 3112 reserantur,
1678 3058 1770 3097 ve-

1885 1858 2045 1917 atqtte
2077 1848 2396 1913 inoffensus,
2426 1850 2470 1902 si
2494 1865 2524 1902 e
2557 1858 2782 1903 tractatu
2806 1858 2898 1903 tuo
2949 1852 3117 1906 veluti
3158 1869 3188 1906 e
3232 1853 3475 1908 saluber-

1884 1940 2022 1993 rimo
2053 1938 2199 1992 lonte
2225 1947 2486 1993 manaret.
2518 1938 2707 1993 Procul
2740 1940 2902 1994 dubio
2924 1948 3049 1995 tunc
3076 1941 3163 1996 ille
3192 1958 3297 1997 non
3328 1954 3474 2000 esset

1883 2042 1976 2087 aut
2005 2048 2291 2101 spumosus
2320 2048 2415 2102 per
2449 2033 2787 2101 jactautiam,
2822 2046 2911 2088 aut
2945 2036 3189 2091 turbidus
3228 2054 3324 2107 per
3378 2046 3474 2094 Su-

1884 2124 2147 2194 perbiam,
2175 2134 2263 2177 aut
2286 2139 2536 2178 cmnosus
2564 2140 2659 2193 per
2686 2125 3094 2191 conscientiam,
3123 2138 3209 2180 aut
3234 2144 3473 2199 przcceps

1881 2233 1977 2287 per
1999 2216 2366 2284 juvetttutetn.
2412 2215 2551 2281 Quin
2605 2217 2778 2284 potius
2826 2217 2881 2271 in
2933 2218 3026 2271 illo
3076 2220 3377 2288 squalidum
3426 2222 3472 2277 si

1880 2307 2006 2377 quid
2037 2322 2100 2362 ac
2147 2315 2301 2378 putre
2346 2308 2615 2373 sorderet,
2666 2316 2834 2361 totum
2875 2309 2926 2362 id
2974 2309 3208 2364 admixta
3259 2312 3469 2367 consilii

1881 2399 1956 2453 tui
1992 2415 2124 2453 vena
2153 2401 2402 2454 dilueret.
2427 2399 2532 2454 Sed
2564 2400 2703 2468 quod
2738 2398 3104 2469 hujuscemodi
3134 2404 3271 2456 votis
3298 2404 3468 2472 spatia

1877 2500 2005 2545 sunt
2029 2490 2183 2560 longa
2215 2493 2355 2547 inter
2375 2492 2544 2560 posita
2579 2492 3019 2560 prmpedimento,
3046 2494 3233 2549 scdulo
3257 2511 3465 2563 precor,

1878 2592 1934 2637 ut
1978 2584 2348 2637 consulentem
2406 2584 2474 2637 de
2527 2582 2780 2650 scrupulo
2828 2583 3055 2636 incursu:
3107 2584 3467 2652 ambiguitatis

1876 2674 2165 2742 expedias:
2201 2684 2254 2728 et
2281 2674 2406 2742 quia
2447 2682 2470 2709 ο
2520 2672 2852 2742 Simplicium
2900 2672 3247 2741 spectabilem
3296 2674 3469 2732 virum

1877 2768 2188 2837 episcopum
2242 2766 2345 2820 sibi
2410 2766 2612 2834 llagitat
2671 2764 2898 2834 pupillus
2950 2763 3153 2819 Biturix
3204 2766 3463 2832 ordinari,

1875 2863 2002 2932 quid
2048 2877 2210 2930 super
2255 2869 2403 2914 tanto
2444 2859 2669 2914 debeam
2719 2857 2932 2928 negotio
2976 2857 3153 2913 facere
3183 2858 3462 2914 decernas.

1875 2954 2045 3024 llujus
2077 2968 2135 3008 cs
2168 2968 2399 3021 namque
2430 2952 2512 3006 vel
2550 2965 2679 3021 erga
2710 2964 2797 3004 me
2838 2948 3185 3019 dignationis,
3210 2951 3290 3005 vel
3339 2966 3464 3020 erga

1876 3048 2113 3116 reliquos
2148 3047 2308 3117 188
2336 3043 2689 3107 auctoritatis,
2714 3042 2834 3096 utsi
2866 3042 2991 3111 quid
3019 3042 3132 3096 fieri
3168 3043 3313 3097 voles
3344 3043 3464 3114 (vo-

186 3152 288 3195 rum
313 3137 485 3191 etiam
538 3134 813 3190 tractanda
860 3134 1290 3189 committuntur.
1339 3133 1630 3188 Veniabilis
1674 3136 1764 3205 sit,
1794 3125 1839 3187 C
1874 3140 1952 3195 les
1982 3148 2157 3193 autem
2202 3137 2461 3207 quidquid
2506 3135 2873 3206 aequissimum
2916 3134 3042 3203 est),
3077 3149 3184 3190 non
3236 3134 3466 3191 suadere

181 3243 507 3296 qumsumus,
560 3227 700 3296 apud
732 3240 889 3280 aures
936 3235 1145 3280 vestras
1190 3225 1431 3279 veritatis
1477 3226 1759 3295 asperitas,

182 3320 315 3387 cujus
344 3318 584 3373 convicii
628 3317 881 3372 invidiam
911 3316 1068 3372 dolor
1094 3317 1271 3386 eripit.
1308 3316 1504 3371 Parum
1532 3317 1585 3371 in
1608 3333 1761 3373 com-

179 3427 324 3471 mune
343 3412 683 3468 consulitis:
725 3419 779 3467 et
826 3425 948 3465 cum
998 3410 1055 3464 in
1104 3411 1390 3466 concilium
1437 3410 1760 3476 convenitis,

180 3520 271 3559 non
300 3513 407 3559 tam
449 3519 595 3559 curm
640 3512 724 3559 est
769 3503 1001 3573 publicis
1042 3502 1243 3559 mederi
1278 3504 1553 3572 periculis,
1601 3518 1758 3572 quam

180 3599 385 3665 privatis
418 3598 643 3652 studere
666 3596 932 3651 fortunis:
961 3596 1102 3665 quod
1151 3596 1333 3665 utique
1376 3610 1522 3663 saepe
1565 3594 1763 3663 diuque

178 3692 452 3756 iacientes,
479 3691 587 3760 iam
621 3687 647 3727 δ
675 3704 782 3746 non
810 3688 971 3759 primi
1020 3688 1548 3758 comprovincialium
1594 3687 1761 3755 coepi-

180 3784 264 3838 Siis
292 3799 445 3848 esse,
472 3780 566 3837 sed
591 3779 787 3836 ultimi.
819 3786 889 3835 At
916 3794 1196 3849 quousque
1231 3779 1349 3833 istae
1377 3788 1631 3849 poterunt
1665 3778 1762 3831 du-

179 3892 284 3930 rare
302 3874 632 3945 prmstigize‘l
662 3872 776 3927 Non
805 3871 948 3929 enim
977 3872 1178 3927 diutius
1201 3871 1302 3940 ipsi
1336 3870 1566 3941 majores
1593 3870 1761 3925 nostri

178 3969 267 4025 hoc
292 3969 521 4023 nomine
546 3967 938 4037 gloriabuntur,
975 3966 1064 4037 qui
1107 3966 1343 4021 minores
1370 3965 1628 4033 incipiunt
1655 3978 1758 4017 non

178 4064 379 4118 habere.
412 4062 754 4130 Quapropter
777 4062 857 4116 vel
895 4061 1143 4124 consilio,
1190 4074 1296 4129 quo
1342 4060 1594 4126 potestis,
1648 4067 1761 4112 sta-

176 4165 273 4210 tum
299 4155 612 4211 concordia:
641 4162 746 4207 tam
778 4154 949 4223 turpis
980 4153 1221 4208 incidite.
1253 4152 1441 4205 Adhuc
1465 4153 1507 4205 si
1541 4164 1762 4205 necesse

176 4259 244 4301 est
263 4246 529 4310 obsideri,
561 4244 739 4299 adhuc
767 4261 1025 4313 pugnare,
1057 4244 1231 4297 adhuc
1261 4243 1467 4297 esurire
1504 4242 1757 4296 delectat.

176 4343 221 4394 Si
250 4356 379 4395 Vero
410 4337 699 4403 tradimur,
730 4337 820 4406 qui
848 4353 954 4391 tton
985 4335 1251 4405 potuimus
1282 4334 1484 4389 viribus
1505 4333 1756 4398 obtineri,

176 4434 437 4490 invenisse
467 4450 564 4489 vos
589 4443 792 4488 certum
822 4439 923 4494 est,
954 4428 1080 4497 quid
1120 4427 1407 4481 barbarum
1460 4425 1760 4481 suaderetis

1870 3240 1977 3286 tam
2014 3229 2234 3294 debeas,
2262 3243 2420 3298 quam
2444 3226 2657 3297 jubere.
2708 3226 2783 3280 De
2823 3240 2928 3295 quo
2960 3235 3137 3280 tamen
3187 3225 3465 3296 Simplicio

1866 3323 2060 3378 scitote
2088 3322 2295 3375 narrari
2325 3320 2552 3389 plurima
2580 3319 2739 3382 bona,
2766 3327 2927 3388 atque
2953 3334 3012 3372 ea
3037 3318 3254 3388 quidem
3282 3335 3313 3374 a
3344 3321 3463 3388 plu-

1866 3416 2017 3470 rimis
2044 3414 2217 3468 bonis.
2251 3412 2381 3480 Quae
2413 3412 2719 3465 testimonia
2769 3409 2901 3464 mihi
2945 3410 3114 3479 prima
3146 3410 3319 3465 fronte
3350 3411 3461 3465 col-

1865 3506 2031 3578 loquii
2054 3522 2159 3560 non
2187 3506 2317 3558 satis
2344 3513 2520 3573 grata,
2550 3502 2675 3571 quia
2705 3501 2836 3556 satis
2859 3502 3116 3571 gratiosa,
3141 3501 3463 3571 judicaban-

1866 3610 1971 3655 tur.
2015 3604 2083 3654 At
2114 3607 2393 3667 postjuam
2444 3595 2671 3651 mmulos
2714 3596 2831 3663 ejus
2882 3594 3013 3649 nihil
3071 3595 3180 3649 vidi
3227 3596 3458 3664 amplius

1864 3708 2026 3763 quam
2075 3691 2259 3757 silere,
2300 3699 2462 3758 atque
2507 3702 2601 3742 eos
2647 3687 2877 3741 maxime
2918 3687 3008 3755 qui
3062 3686 3222 3741 fidem
3274 3688 3459 3741 fovent

1864 3788 2216 3849 Arianorum;
2242 3796 2415 3852 neque
2437 3780 2714 3850 quippiam
2744 3777 3039 3841 nominato,
3071 3777 3200 3832 licet
3228 3775 3454 3831 necdum

1865 3892 2064 3937 nostrae
2096 3878 2466 3949 professionis,
2502 3876 2745 3932 illicitum
2774 3874 2972 3943 opponi
3008 3890 3019 3927 :
3069 3875 3307 3928 animum
3356 3875 3454 3928 ad-

1864 3974 1998 4029 verti
2026 3969 2427 4026 cxaclissimum
2458 3968 2630 4022 virum
2660 3981 2817 4036 posse
2845 3966 3079 4028 censeri,
3128 3966 3193 4019 de
3223 3981 3329 4033 quo
3374 3966 3456 4021 ci-

1865 4066 1942 4118 vis
1971 4063 2141 4117 malus
2173 4060 2337 4130 loqui,
2364 4060 2537 4113 bonus
2581 4067 2758 4111 tacere
2802 4072 2909 4109 non
2952 4066 3150 4123 posset.
3204 4056 3307 4109 Sed
3358 4070 3456 4108 cur

1864 4171 1964 4223 ego
1986 4155 2087 4208 ista
2119 4152 2233 4206 haec
2265 4152 2478 4219 ineptus
2521 4148 2717 4216 adjeci,
2769 4157 3022 4215 tanquam
3053 4146 3238 4199 darem
3273 4146 3453 4199 consi-

1865 4251 1994 4305 lium
2058 4246 2149 4317 qui
2199 4242 2463 4313 poposci?
2520 4240 2656 4308 Quin
2704 4238 2883 4309 potius
2932 4238 3108 4291 omnia
3156 4253 3221 4290 ex
3270 4245 3453 4292 vestro

1864 4350 2015 4402 nutu,
2049 4337 2293 4400 arbitrio,
2322 4334 2621 4403 litterisque
2645 4331 3019 4401 diSponentnr,
3052 4327 3448 4395 sacerdotibus,

1863 4430 2208 4502 popularibus
2236 4424 2745 4479 manifestabuntur.
2774 4423 2957 4491 Neque
2985 4422 3127 4473 enim
3160 4420 3229 4474 ita
3258 4420 3452 4488 desipi-

177 4524 359 4595 ignavi.
389 4527 501 4582 Sed
530 4542 625 4581 cur
651 4521 827 4579 dolori
878 4520 1043 4575 nimio
1086 4520 1237 4573 frena
1281 4520 1559 4572 laxamus?
1613 4518 1751 4583 Quin
1780 4503 1833 4564 Ι)
1860 4538 1977 4577 mus
2007 4522 2058 4575 in
2093 4528 2290 4579 totum,
2342 4526 2398 4569 ut
2427 4514 2755 4569 evocandum
2796 4524 2848 4566 te
2893 4513 3145 4582 primum,
3195 4513 3236 4565 si
3270 4512 3453 4569 venire

176 4621 339 4686 potius
371 4620 633 4690 ignoscite
661 4616 897 4682 afflictis,
949 4629 1047 4669 nec
1075 4614 1331 4683 imputate
1375 4612 1748 4668 mmrcntibus.

235 4736 390 4806 75'l
438 4734 517 4789 De
555 4750 660 4804 quo
704 4731 798 4785 lib.
849 4745 915 4798 ιι,
966 4729 1121 4799 epist.
1164 4744 1216 4791 l,
1259 4735 1314 4782 et
1359 4726 1451 4781 lb.
1500 4742 1552 4789 ν,
1594 4728 1755 4796 epist.

177 4818 311 4857 Illll.

240 4875 683 4945 bEpiscoporum
738 4872 1030 4945 provinciae
1094 4869 1476 4945 Ar_elatertsis_._
1529 4869 1757 4945 blassilia

176 4947 291 4999 olim
326 4939 618 5015 provinciae
675 4950 845 4997 fuerat
883 4941 1251 5015 Viennensis:
1282 4951 1353 5015 at;
1383 4939 1592 5015 Sidonii
1641 4955 1758 5015 :cvo

174 5011 463 5070 Arelaiensi
510 5015 916 5068 attribuehatur.
972 5011 1087 5065 Jztm
1135 5012 1277 5065 enim
1336 5012 1529 5064 Leonis
1576 5012 1755 5077 magni

174 5088 248 5141 de:
270 5100 388 5141 rcto
430 5086 599 5139 divisa
644 5087 693 5137 in
722 5085 853 5137 duas
888 5084 1062 5136 fuerat
1095 5083 1365 5148 provincia
1400 5082 1752 5146 Viennensis;

173 5159 233 5208 ita
263 5167 320 5210 ut
366 5173 488 5224 pars
514 5156 737 5209 Vienna:
767 5156 985 5208 cederet
1019 5152 1334 5224 metropoli,
1362 5166 1484 5224 pars
1512 5152 1751 5206 Arelato.

176 5226 307 5281 inter
362 5223 692 5280 Arelatensis
734 5236 910 5278 autem
958 5223 1247 5293 provincia:
1292 5223 1533 5276 civitates
1584 5225 1752 5289 prima

171 5308 278 5351 erat
309 5298 543 5351 Massilia
576 5313 590 5360 ;
624 5308 733 5349 tum
776 5295 1000 5359 Avenio,
1047 5295 1293 5355 Arausio,
1339 5294 1751 5360 Carpentorate,

175 5369 326 5422 \‘asio
377 5378 432 5421 et
478 5368 616 5421 alim.
681 5368 843 5422 Primi
890 5380 1017 5435 ergo
1064 5364 1754 5435 comprovincialium,epi-

168 5440 309 5508 SCopi
350 5439 746 5508 Massilienses.
778 5442 846 5491 At
891 5433 1054 5500 nunc,
1100 5435 1171 5508 ait
1212 5434 1483 5508 Sidonius,
1529 5433 1754 5501 reliquis

170 5504 277 5564 fere
305 5509 617 5564 civitatibus
644 5509 694 5561 in
724 5507 1021 5563 Gothorum
1050 5507 1132 5559 vel
1181 5504 1613 5572 Burgundionum
1654 5518 1748 5571 po-

170 5589 421 5635 testatem
451 5579 698 5645 redactis,
719 5578 829 5646 jam
856 5594 962 5632 non
992 5577 1147 5646 primi
1175 5576 1225 5630 in
1250 5590 1310 5629 ea
1341 5576 1606 5644 provincia
1639 5590 1749 5630 cu:-

170 5660 360 5721 perant
388 5664 525 5714 esse,
555 5650 648 5704 sed
680 5650 871 5703 ultimi.

237 5733 261 5762 ⁸
293 5721 763 5791 Augustoduueusi
788 5721 1039 5795 episc0p0
1073 5735 1086 5775 :
1115 5718 1180 5776 ad
1216 5732 1374 5790 quem
1406 5724 1489 5774 est
1512 5716 1667 5789 (’[ll:l.
1690 5717 1749 5795 2,

1858 4611 2115 4685 possibile
2146 4618 2264 4673 est;
2294 4606 2487 4661 deinde
2516 4606 2559 4659 si
2589 4603 2713 4673 quid
2756 4618 2930 4668 secus,
2978 4613 3124 4657 ct-rte
3168 4604 3453 4658 consulen-

1863 4729 1958 4783 lih.
1987 4741 2059 4789 tv,
2089 4722 2229 4777 etde
2256 4736 2361 4790 quo
2386 4718 2609 4788 epistola
2638 4719 2823 4772 ultima
2859 4718 2949 4771 lib.
2970 4733 3057 4790 ,Ix.
3082 4716 3285 4790 Colitur
3313 4716 3453 4790 inter

1866 4787 2081 4853 sanctos
2114 4810 2165 4847 ιιι
2199 4787 2365 4845 nonas
2396 4787 2639 4856 Augusti.
2674 4788 3007 4853 Subscripsit
3046 4788 3289 4856 epistola:
3312 4787 3451 4842 Fau-

1862 4869 1931 4925 sti
1963 4876 2016 4920 et
2044 4865 2251 4935 synodo
2277 4862 2595 4935 Arelatensi.
2634 4862 2769 4935 Ante
2798 4860 3171 4935 episc0patnm
3191 4872 3315 4911 vero
3358 4858 3451 4911 ba-

1864 4928 2159 4994 silicam—3.
2189 4931 2563 5002 Syutphorjaui
2591 4934 2642 4984 in
2669 4931 2799 4983 urbe
2838 4944 2932 4983 sua
2963 4928 3224 5002 condidit,
3253 4936 3307 5002 ιιι
3352 4943 3449 4981 au-

1864 5019 1978 5063 ctor
2009 5017 2092 5061 est
2115 4997 2400 5072 Gregorius
2424 5001 2625 5055 Turon.
2666 5002 2759 5054 lib.
2808 5015 2862 5063 ll,
2896 5015 3036 5072 cap.‘
3063 5000 3149 5053 15.
3186 4997 3356 5066 llujus
3397 5007 3452 5052 et

1867 5081 1997 5147 Lupi
2024 5079 2096 5131 Tr
2121 5068 2598 5147 cisliniltabetnus
2619 5072 2923 5147 epistolam,
2952 5068 3106 5147 cujus
3144 5079 3268 5147 ante
3300 5084 3449 5124 men-

1872 5140 2114 5205 tio'facta
2142 5155 2247 5204 est.
2298 5143 2365 5197 de
2394 5143 2619 5211 bigamis
2655 5140 2869 5195 clericis
2912 5152 2967 5195 et
3009 5140 3073 5194 iis
3119 5141 3208 5204 qui
3255 5152 3450 5191 uxores

1860 5223 2159 5280 duxerunt;
2216 5217 2436 5270 alteram
2464 5210 2855 5267 desideramus
2890 5226 3049 5278 quam
3104 5210 3268 5264 Idalio
3315 5216 3449 5260 te~te

1859 5292 1924 5346 ad
1950 5291 2295 5357 Agrippinum
2325 5286 2575 5357 comitem
2606 5283 2916 5357 scripserat,
2947 5283 3014 5336 de
3049 5280 3300 5349 prodigiis
3327 5292 3447 5345 qua:

1870 5364 1921 5416 in
1954 5356 2123 5415 Gallia
2156 5360 2254 5411 sub
2287 5357 2466 5411 Attilae
2494 5356 2782 5408 adventum
2811 5356 2918 5427 visa
2953 5361 3095 5427 sunt.
3290 5424 3296 5427 Δ
3337 5416 3349 5427 .

1930 5430 1956 5469 ά
1986 5430 2208 5486 Arverni
2247 5428 2452 5483 1Eduos
2483 5427 2819 5498 contingunt.
2845 5424 3048 5498 itaque
3070 5421 3447 5498 i_nter.utrins-

1864 5518 1967 5570 que
2013 5502 2191 5570 populi
2240 5500 2582 5570 dimceseset
2624 5496 2889 5570 territoria
2922 5492 3051 5570 nihil
3083 5492 3444 5570 interjectum,

1858 5559 1925 5629 A't
1966 5559 2105 5628 inter
2144 5572 2303 5625 urbes
2335 5574 2479 5640 ipsas
2518 5569 2674 5637 longa
2721 5567 2927 5620 dierum
2968 5561 3171 5630 aliquot
3209 5559 3452 5625 interpo-

1862 5648 1962 5699 sita
1995 5644 2184 5699 spatia.

1942 5661 1964 5753 Ξ
1995 5661 2199 5791 ineaijltio
2226 5713 2280 5769 iu
2307 5713 2588 5778 concione,
2619 5714 2738 5781 post
2766 5704 3050 5778 epistolam
3080 5708 3419 5775 sequentem.
