3946 6176
443 348 547 405 575

1690 296 1957 395 smozvtt
1977 333 2433 391 APOLLINARIS

3620 332 3725 390 576

445 463 571 516 dum
622 459 1056 527 decerneremus,
1124 454 1231 516 nisi
1273 452 1327 512 in
1381 451 1630 514 omnibus
1689 448 2021 505 obsecuturi.
2055 453 2104 510 Α
2132 447 2341 503 tacendi
2371 445 2678 517 patientiam
2702 462 2859 516 quam
2885 446 3135 518 loquendi
3162 454 3497 501 monstrasse
3523 445 3718 502 doctri-

446 554 646 609 Metnor
676 550 845 609 nostri
866 563 988 606 esse
1017 548 1260 617 dignare,
1282 545 1498 601 domine
1529 558 1680 615 papa.

990 638 1325 696 EPISTOLA
1378 636 1469 694 IX.

589 734 839 791 Sidonius
861 734 1066 789 domino
1096 749 1243 807 papa:
1281 742 1306 769 ἰ
1340 730 1598 799 Perpetuo
1638 730 1879 789 salutem.

515 827 794 893 Desiderio
822 826 1180 897 spiritualium
1210 824 1502 883 lectionum
1538 838 1761 892 quarum
1791 822 1885 876 tibi
1919 830 2027 875 tam

446 937 539 991 per
568 919 905 974 authenticos
945 934 1105 988 quam
1151 932 1247 986 per
1294 916 1661 991 disputatores
1707 913 2029 972 bibliotheca

450 1011 575 1065 fidei
626 1009 905 1064 catholica:
960 1006 1333 1078 perfamiliaris
1390 1016 1511 1071 est,
1563 1004 1723 1061 etiam
1774 1004 1864 1058 illa
1910 1018 2030 1085 qua:

447 1104 679 1157 maxime
707 1111 916 1156 tuarum
949 1100 1155 1154 scilicet
1178 1099 1388 1161 aurium
1434 1098 1653 1152 minime
1696 1095 1857 1166 digna
1907 1104 2033 1150 sunt

451 1208 717 1263 occupare
742 1204 1047 1254 censuram,
1095 1204 1319 1244 noscere
1350 1190 1507 1265 189
1552 1188 1722 1256 cupis.
1757 1185 2032 1256 Siquidem

448 1283 700 1354 iujungis,
736 1294 791 1335 ut
816 1283 1114 1336 orationem
1139 1295 1299 1350 quam
1334 1280 1523 1333 videor
1554 1280 1618 1332 ad
1646 1278 1854 1354 plebem
1885 1277 2034 1331 Bitu-

447 1374 574 1451 rigis
599 1373 649 1425 in
678 1371 901 1426 ecclesia
932 1372 1350 1440 sermocinatus,
1382 1370 1474 1424 tibi
1500 1370 1725 1439 dirigam
1771 1384 1787 1423 :
1817 1369 1900 1422 cui
1925 1383 2032 1422 non

448 1462 713 1520 rhetorica
749 1464 985 1533 partitio,
1019 1478 1124 1517 non
1178 1463 1430 1517 oratoriae
1476 1463 1657 1527 mium,
1710 1478 1815 1518 non
1856 1478 2036 1532 gram-

449 1557 727 1625 maticales
773 1556 998 1629 figurte,
1046 1564 1430 1622 congruentem
1473 1554 1743 1619 decorem,
1799 1553 2038 1622 discipli-

453 1661 685 1715 namque
708 1644 1203 1715 suppedttavetunt.
1233 1643 1416 1715 Neque
1443 1645 1585 1699 enim
1611 1644 1747 1716 illic,
1769 1654 1826 1697 ut
1850 1652 2037 1699 exacte

450 1738 826 1813 perorantibus
874 1752 992 1792 mos
1018 1746 1142 1803 est,
1188 1744 1281 1791 aut
1330 1736 1563 1807 pondera
1609 1736 1898 1803 historica,
1942 1745 2038 1791 aut

2132 553 2254 593 nam
2288 557 2300 591 :
2332 548 2385 593 et
2416 538 2494 607 sic
2536 537 2856 606 incipientes
2882 552 3128 609 quosque
3155 537 3297 592 inter
3335 538 3718 604 diSputantiutn

2130 640 2604 689 consectaneorum
2653 612 2937 686 cathedras
2982 640 3187 685 mututn
3213 630 3536 686 sustinuisse
3561 631 3721 701 quin-

2130 723 2449 791 quennium;
2502 729 2560 774 nt
2595 721 2757 776 etiam
2797 721 3057 776 celeriora
3088 722 3468 792 quorumpiam
3509 722 3718 792 ingenia

2133 829 2239 867 non
2273 813 2457 867 liceret
2482 821 2607 867 ante
2635 811 2839 867 laudari
2886 826 3045 881 quam
3090 811 3310 867 deceret
3349 812 3591 883 agnosci.
3648 812 3720 867 lta

2133 904 2313 976 ﬁebat,
2336 913 2395 958 ut
2420 904 2636 974 eosdem
2662 914 2783 975 post
2812 904 3026 975 longam
3050 904 3467 960 taciturnitatem
3493 905 3723 968 locutos.

2133 996 2359 1066 quisque
2399 996 2586 1051 audire
2627 1004 2887 1065 coeperat,
2920 1011 3024 1052 non
3068 1004 3272 1051 taceret
3318 1012 3334 1049 :
3382 996 3508 1067 quia
3553 995 3729 1051 donec

2133 1087 2414 1141 scientiam
2441 1096 2628 1141 natura
2656 1086 2999 1154 combiberit,
3058 1102 3163 1141 non
3210 1086 3384 1156 major
3427 1095 3515 1142 est
3559 1086 3729 1157 gloria

2134 1178 2343 1235 dixisse
2382 1179 2523 1246 quod
2568 1181 2804 1241 noveris,
2852 1195 3009 1249 quam
3052 1179 3267 1234 siluisse
3310 1180 3451 1249 quod
3492 1180 3727 1236 nescias.

2134 1275 2203 1323 At
2234 1284 2375 1323 nunc
2405 1270 2831 1324 mediocritatem
2860 1284 3032 1324 meam
3072 1280 3255 1325 manet
3307 1270 3465 1341 longe
3511 1271 3733 1327 diversa

2136 1360 2372 1414 conditio
2402 1377 2415 1412 :
2448 1361 2532 1415 cui
2562 1375 2658 1429 per
2700 1359 3024 1434 suspiriosas
3071 1361 3355 1430 voragines
3401 1370 3457 1416 et
3502 1362 3735 1431 ﬂagitio-

2137 1467 2253 1506 rum
2298 1452 2569 1506 volutabra
2590 1440 2897 1522 gradienti,
2938 1452 3290 1521 professionis
3333 1452 3561 1522 hujusce
3600 1470 3736 1523 pon-

2137 1542 2238 1597 dus
2278 1543 2565 1612 impactum
2591 1553 2692 1599 est.
2739 1543 2806 1597 Et
2834 1542 3145 1613 priusquam
3177 1542 3270 1597 ulli
3317 1543 3581 1598 bonorum
3611 1545 3734 1600 red-

2138 1635 2261 1688 dam
2290 1634 2544 1689 discentis
2575 1634 2915 1703 obsequium,
2949 1650 3116 1705 cogor
3156 1634 3355 1690 debere
3396 1638 3613 1690 ueteris
3635 1637 3736 1692 do-

2140 1724 2310 1779 centis
2339 1724 2593 1795 officium.
2622 1725 2886 1794 Adjicitur
2908 1724 3032 1779 hnic
3059 1725 3473 1795 impossibilitati
3522 1728 3735 1795 pondus

451 1830 656 1899 poetica
683 1828 980 1894 schemata,
1021 1828 1350 1883 scintillasve
1370 1829 1857 1883 controversalium
1889 1828 2035 1882 clau-
2066 1816 2109 1875 Β
2142 1817 2393 1886 Pudor“;
2439 1817 2579 1886 (Ιυοά
2612 1816 2743 1872 mihi
2798 1816 3139 1886 peculiari!”
3191 1817 3396 1887 pagina!
3441 1817 3736 1873 decretalis

450 1922 686 1975 solarum
716 1920 869 1974 l.buit
899 1920 1090 1988 aptari.
1120 1919 1251 1973 Nam
1280 1934 1401 1975 cum
1431 1934 1518 1973 me
1552 1920 1780 1987 partium
1812 1919 2035 1979 seditio-

451 2027 570 2078 nes,
614 2012 831 2081 studia,
866 2010 1195 2076 varietates,
1246 2012 1297 2065 in
1344 2011 1555 2067 diversa
1599 2022 1906 2080 raptarent;
1957 2013 2037 2067 sic

452 2103 687 2159 dictandi
715 2102 844 2156 mihi
868 2102 1145 2161 materiam
1160 2102 1477 2174 suggerebat
1500 2102 1709 2169 injuria,
1730 2103 1871 2172 quod
1898 2112 2036 2163 tem-

452 2209 550 2268 pus
578 2194 857 2262 occupatio
885 2192 1250 2246 subtrahebat.
1295 2192 1505 2254 Etenim
1534 2200 1677 2246 tanta
1711 2193 1861 2248 turba
1892 2208 2039 2249 com-

451 2286 758 2353 petitorum,
785 2293 842 2337 ut
871 2282 1143 2337 cathedra:
1169 2281 1325 2336 unius
1355 2284 1825 2337 numerosissimos
1855 2284 2042 2338 candi-

453 2376 605 2431 datos
647 2392 746 2431 nec
772 2375 878 2431 dno
924 2377 1166 2441 recipere
1212 2390 1426 2432 scamna
1470 2377 1784 2445 potuissent.
1837 2377 2040 2431 Omnes

453 2469 731 2537 placebant
761 2469 888 2533 sibi,
913 2483 1099 2523 omnes
1140 2468 1391 2523 omnibus
1433 2469 1812 2538 displicebant.
1859 2469 2042 2540 Neque

456 2561 597 2616 cnim
648 2562 1006 2615 valuissemus
1052 2560 1251 2630 aliquid
1298 2561 1351 2615 in
1396 2576 1680 2615 commune
1729 2563 2037 2628 consulere,

463 2652 564 2706 nisi
591 2651 776 2727 judicii
805 2652 887 2706 sui
921 2650 1120 2706 faciens
1151 2651 1302 2721 plebs
1326 2651 1487 2706 lenita
1525 2651 1811 2721 jacturam,
1861 2667 2043 2707 sacer—

454 2743 619 2807 dotali
650 2758 708 2797 se
740 2744 914 2813 potius
939 2743 1143 2819 judicio
1182 2744 1506 2799 subdidisset
1536 2761 1549 2797 :
1605 2744 2040 2816 presbyterorum

453 2850 583 2890 sane
610 2838 789 2904 paucis
830 2836 1120 2905 angulatim
1150 2834 1177 2874 δ
1211 2835 1694 2905 fringultientibus;
1742 2850 1904 2906 porro
1943 2850 2043 2889 au-

455 2935 562 2981 tem
596 2926 768 2995 palam
800 2940 865 2979 ne
890 2926 1295 2980 mussitantibus
1324 2926 1541 2995 quidem
1568 2942 1581 2989 ;
1636 2925 1757 2995 qula
1803 2925 2044 2995 plerique

455 3034 563 3073 non
596 3018 771 3072 minus
800 3033 954 3071 suum
976 3033 1135 3087 quam
1162 3019 1397 3087 reliquos
1435 3018 1653 3072 ordines
1692 3018 2044 3087 pertimesce-

456 3110 603 3172 bant.
637 3108 801 3177 Igitur
829 3108 955 3161 dutn
1003 3109 1211 3176 publice
1261 3117 1400 3161 totos
1448 3107 1641 3176 singuli
1691 3116 1911 3173 cavent,
1960 3105 2041 3160 fa-

2138 1908 2340 1974 oblatu,
2375 1919 2397 1947 ο
2427 1909 2694 1979 pontificis
2718 1908 2948 1979 eligendi
2978 1908 3274 1963 mandastis
3300 1908 3610 1976 arbitrium,
3636 1924 3735 1964 co-

2139 2020 2251 2059 ram
2280 2013 2623 2059 sacrosancto
2652 2009 2706 2057 et
2744 2001 3055 2072 pontiﬁcatu
3093 1999 3325 2059 maximo
3352 1998 3391 2037 ἀ
3413 2000 3739 2071 dignissinn

2139 2109 2275 2169 papa
2311 2112 2323 2147 :
2354 2093 2443 2164 qui
2472 2107 2593 2148 cum
2616 2092 2689 2148 sit
2734 2106 2846 2147 suae
2896 2091 3186 2161 provinciae
3228 2100 3409 2160 caput,
3452 2093 3527 2145 sit
3570 2092 3738 2147 etiam

2142 2189 2274 2244 mihi
2326 2187 2692 2253 institutione,
2750 2184 3037 2250 facundia,
3088 2184 3410 2255 privilegio,
3466 2193 3738 2253 tempore,

2143 2291 2301 2335 astate
2334 2279 2718 2349 praestantior:
2761 2291 2861 2347 ego
2904 2275 3096 2345 deque,
3149 2286 3744 2346 coramquemetmpo-

2144 2373 2308 2425 litano
2339 2370 2502 2425 verba
2532 2369 2793 2434 facturus,
2832 2375 2887 2422 et
2926 2365 3289 2435 provincialis,
3319 2366 3608 2433 etjunior,
3643 2380 3744 2435 pa-

2142 2465 2274 2518 riter
2297 2463 2410 2517 fero
2451 2461 2685 2530 imperiti
2732 2458 3138 2525 verecundiam,
3188 2458 3431 2526 procacis
3456 2457 3743 2512 invidiam.

2142 2555 2248 2611 Sed
2270 2554 2520 2625 quoniam
2548 2562 2729 2608 vestro
2751 2551 2832 2606 sic
2864 2550 3074 2604 libitum
3102 2551 3294 2614 errori,
3343 2560 3399 2604 ut
3442 2550 3559 2618 ipse
3608 2566 3743 2620 prn—

2144 2650 2324 2705 dentia
2348 2662 2561 2714 carens,
2587 2645 2903 2717 prudentem
2929 2644 3106 2713 vobis,
3151 2645 3203 2697 itt
3248 2644 3512 2713 cujusque
3552 2659 3744 2712 perso-

2146 2756 2269 2796 nam
2302 2741 2454 2811 191
2479 2738 2618 2794 bona
2646 2737 2810 2792 multa
2842 2747 3206 2800 concurrant,
3257 2736 3358 2790 sub
3397 2752 3501 2805 ope
3538 2736 3743 2791 Christi

2146 2836 2460 2905 episcOpum
2487 2831 2769 2901 exquiram
2799 2846 2814 2885 :
2866 2829 3126 2884 noveritis
3175 2828 3481 2897 hujusmodi
3514 2843 3745 2885 assensu

2146 2904 2373 2982 multum
2406 2938 2491 2978 me
2522 2923 2764 2986 honoris,
2800 2924 2919 2991 plus
2946 2922 3128 2976 oneris
3173 2921 3441 2991 excipere.
3499 2921 3753 2978 Primore

2147 3020 2286 3085 loco,
2317 3016 2571 3088 grandem
2604 3014 2829 3084 publica:
2851 3013 3123 3083 opinionis
3143 3012 3407 3067 sarcinam
3438 3012 3744 3082 penditote,

2147 3109 2290 3180 quod
2316 3106 2625 3177 injunxistis
2666 3105 2942 3172 incipienti
2971 3110 3340 3158 consummata
3369 3103 3573 3172 judicia
3608 3121 3622 3156 :
3670 3111 3750 3161 at.

456 3208 601 3254 ctum
633 3210 716 3253 cst
743 3209 800 3252 ut
830 3212 1020 3252 omnes
1062 3213 1168 3252 non
1211 3207 1561 3267 aspernanter
1606 3197 1874 3264 audirent,
1904 3199 2047 3269 quod
2073 3185 2121 3249 C
2152 3218 2256 3273 qtte
2295 3201 2363 3255 ab
2394 3201 2496 3255 hoc
2543 3209 2749 3255 rectum
2787 3197 2998 3254 concilii
3033 3197 3301 3251 tramitem
3332 3196 3645 3265 postu'atis,
3696 3196 3749 3250 in

456 3292 711 3361 deinceps
741 3290 1037 3345 ambienter
1058 3298 1390 3359 expeterent.
1418 3290 1597 3359 Itaque
1623 3290 1869 3358 paginam
1891 3304 2046 3345 sume

456 3383 683 3441 subditis
715 3381 1075 3438 voluminibus
1104 3383 1409 3451 adjunctam
1446 3400 1458 3433 :
1488 3396 1648 3451 quam
1674 3382 1884 3438 duabus
1908 3382 2044 3453 vigi-

456 3476 541 3535 liis
589 3476 745 3533 unius
797 3474 973 3529 noctis
1021 3474 1242 3540 aestivat,
1290 3472 1505 3529 Christo
1556 3482 1715 3537 teste,
1765 3473 2041 3540 dictatam,

458 3570 743 3641 plurimum
776 3582 986 3635 vereor,
1019 3582 1087 3621 ne
1111 3567 1209 3636 ipsi
1239 3566 1469 3634 amplius
1517 3565 1733 3621 lectioni
1775 3582 1894 3636 qua».
1940 3567 2042 3621 hoc

458 3659 523 3714 de
550 3676 609 3715 se
638 3660 849 3729 probat,
893 3674 1050 3736 quam
1087 3658 1215 3712 mihi
1246 3657 1456 3713 credas.
1484 3656 1685 3712 Memor
1715 3657 1882 3713 nostri
1920 3672 2041 3714 esse

459 3749 695 3819 dignare,
727 3748 944 3804 domine
975 3763 1131 3818 papa.

1143 3853 1351 3893 ςοῐςειο.

534 3928 689 3998 190
720 3925 902 3981 Refert
922 3927 1142 3979 historia
1163 3925 1459 3993 saecularis,
1484 3927 1835 3996 dilectissimi,
1859 3946 2047 4000 quem-

460 4015 580 4073 dam
631 4017 1070 4088 philosophorum
1111 4018 1390 4087 discipulis
1434 4020 1845 4077 advenientibus
1891 4026 2046 4092 prius

528 4192 554 4220 ι
585 4182 857 4236 Turonum
903 4183 1155 4249 episcopo
1179 4220 1195 4245 ,
1245 4180 1415 4233 tertia:
1447 4177 1818 4246 Lugdunensis
1845 4174 2062 4235 metro?

459 4254 695 4321 politatto
723 4268 737 4305 :
766 4252 920 4319 cujus
974 4251 1263 4321 provinciae
1292 4250 1498 4303 duabus
1536 4250 1756 4321 syttodis
1790 4252 2032 4321 praefuit,

458 4323 725 4379 Venetiam
771 4332 826 4375 et
851 4321 1173 4373 'l‘uronettsi.
1228 4320 1360 4372 lluic
1402 4334 1530 4385 ergo
1573 4320 1734 4374 mittit
1779 4320 2036 4375 Sidonius

457 4395 768 4450 concionem
796 4406 955 4459 quam
984 4390 1047 4442 ad
1080 4389 1291 4458 plebem
1336 4389 1622 4443 Bituricam
1676 4392 1728 4444 in
1775 4392 2035 4459 Simplicii

458 4464 694 4535 episc0pi
722 4462 984 4535 electione
1027 4462 1305 4535 habuerat.
1344 4459 1420 4535 lle
1447 4460 1709 4535 Perpetuo
1738 4471 1792 4515 et
1819 4461 2036 4535 basilica

458 4530 519 4590 S'.
545 4534 751 4589 Martini
772 4533 841 4585 ab
865 4548 929 4585 eo
952 4541 1175 4596 structa,
1199 4531 1306 4597 jam
1331 4530 1528 4584 dictum
1556 4543 1638 4585 est
1660 4531 1751 4585 lib.
1781 4548 1851 4600 tv,
1876 4534 2033 4600 epist.

2154 3310 2261 3364 quo
2292 3292 2528 3347 recolitis
2553 3290 2727 3347 adhuc
2758 3305 2928 3360 nuper
2947 3301 3204 3344 erratum.
3248 3287 3413 3358 Igitur
3439 3290 3565 3357 quia
3597 3290 3751 3344 vobis

2159 3387 2211 3441 id
2244 3386 2340 3439 fuit
2362 3385 2536 3449 cordi,
2570 3384 2820 3447 obsecro,
2852 3393 2909 3436 ut
2962 3381 3150 3451 quales
3198 3396 3295 3435 nos
3348 3383 3452 3436 fide
3500 3382 3745 3446 creditis,

2152 3478 2284 3532 tales
2309 3476 2693 3531 intercessione
2724 3476 2956 3539 faciatis;
2977 3482 3137 3542 atque
3159 3474 3446 3544 dignemini
3472 3475 3751 3530 humilita-

2149 3577 2256 3623 tem
2282 3577 2515 3621 nostram
2539 3565 2870 3619 orationibus
2892 3566 3065 3634 potius
3086 3566 3136 3618 in
3160 3566 3353 3639 caelum
3378 3565 3519 3620 ferre
3544 3577 3571 3603 ε
3588 3584 3749 3637 quam

2151 3658 2453 3730 plausibus.
2477 3657 2711 3711 Primum
2740 3666 2918 3711 tamen
2949 3670 3106 3711 nosse
3134 3671 3227 3710 vos
3263 3667 3486 3727 pareat,
3519 3658 3572 3712 in
3618 3676 3749 3729 quas

2157 3767 2243 3806 me
2269 3748 2644 3819 obloquiorum
2684 3748 2903 3819 scyHas,
2929 3757 2983 3802 et
3014 3748 3066 3802 in
3095 3764 3231 3817 quos
3274 3731 3605 3819 linguarum,
3657 3751 3749 3806 sed

2154 3843 2511 3897 humanarum
2555 3840 2781 3894 latratus
2826 3840 3181 3910 quorumdam
3229 3857 3326 3896 vos
3365 3843 3636 3901 infamare
3663 3861 3753 3900 co-

2154 3942 2375 3989 nantum
2405 3932 2561 3986 turbo
2587 3931 2898 4000 conjecerit.
2931 3931 3025 3986 Est
3056 3931 3199 3986 enim
3247 3932 3361 3988 hac
3384 3935 3644 4003 quaedam
3673 3937 3754 3991 vis

2156 4024 2313 4080 malis
2339 4023 2598 4090 moribus,
2632 4031 2689 4076 ut
2718 4021 3077 4078 innocentiam
3118 4025 3476 4082 multitudinis
3505 4027 3752 4084 devenu-

2140 4181 2408 4236 institulo.
2445 4179 2553 4236 Sed
2581 4178 2995 4248 provincialibus
3019 4178 3087 4232 ab
3121 4178 3316 4233 Euricn
3340 4180 3593 4244 sublatis,
3621 4182 3756 4238 vici-

2141 4267 2329 4323 narum
2382 4250 2781 4323 provinciarum
2832 4249 3091 4323 evocandi
3137 4250 3349 4318 fuerunt
3384 4253 3625 4320 episcopi
3658 4271 3670 4304 :
3702 4264 3755 4316 et

2141 4320 2394 4393 populus,
2418 4332 2539 4375 cum
2564 4337 2593 4374 e
2618 4335 2810 4389 magno
2836 4320 3240 4393 candidatorum
3269 4336 3492 4393 numero
3517 4324 3752 4377 incertus

2141 4390 2288 4448 esset
2308 4406 2465 4462 quem
2500 4400 2796 4456 expeteret,
2828 4391 3106 4462 communi
3126 4390 3344 4444 decreto
3374 4392 3628 4461 suffragia
3656 4409 3748 4447 SI“

2139 4463 2192 4518 in
2217 4461 2373 4518 unius
2397 4461 2602 4517 Sidonii
2646 4464 3002 4515 Arvernorum
3026 4461 3261 4529 episcopi
3292 4462 3515 4516 arbitrio
3552 4476 3612 4518 et
3654 4479 3752 4518 vo-

2144 4535 2350 4588 luntate
2377 4534 2671 4587 constituit.
2708 4531 2958 4588 Sidonius
2984 4532 3313 4601 Simplicium
3338 4532 3511 4587 virum
3544 4546 3753 4604 Specta-

462 4608 550 4661 18.
584 4604 817 4657 summit
844 4603 1084 4671 ejusdem
1114 4595 1234 4655 cum
1268 4602 1422 4654 laude
1451 4602 1651 4669 aliquot
1690 4595 2037 4656 locis'Pauli-
2064 4595 2115 4653 D
2143 4605 2300 4659 bilem
2335 4605 2549 4670 delegit.

460 4690 561 4729 tt-ts
588 4676 679 4727 lib.
706 4688 753 4725 ιιι
781 4673 848 4727 de
892 4673 1007 4726 Vita
1051 4674 1107 4727 S.
1140 4673 1372 4737 Martini,
1405 4684 1458 4726 et
1488 4674 1537 4725 in
1566 4675 1810 4727 versibus
1837 4674 1905 4727 de
1944 4675 2049 4729 Ne-

532 4746 666 4797 tulo.

532 4760 666 4797 tuto.

460 4760 559 4852 pob
590 4814 869 4868 Passerttm
902 4827 1051 4867 more
1079 4813 1454 4879 garrientibus.
1496 4812 1628 4867 Nam
1658 4828 1935 4882 passerum
1964 4823 2048 4871 est

466 4884 767 4954 fringultire
813 4897 908 4954 seu
958 4883 1253 4949 ftinguttre.
1330 4883 1478 4937 Unde
1524 4884 1778 4938 Sidonius
1832 4885 1925 4938 lib.
1968 4902 2042 4951 tx,

462 4952 625 5023 epist.
656 4956 692 5008 ‘2
734 4972 747 5009 :
802 4952 1198 5023 Fringultientes
1245 4970 1510 5019 passerum
1552 4971 1787 5008 susurros
1832 4958 2049 5023 proprie

462 5026 643 5088 dixit;
692 5033 747 5078 et
793 5038 1071 5095 passerum
1119 5038 1289 5095 genus
1349 5032 1431 5078 est
1480 5023 1766 5094 l'ringillus.
1816 5023 2046 5095 Glossat,

462 5100 637 5156 mritis;
659 5097 684 5150 ὁ
708 5094 972 5166 στρουθός,
1002 5092 1284 5166 [ι’ἕηρίιιιικ.
1369 5163 1378 5166 _

538 5176 560 5202 ε
594 5163 813 5235 Quaado
846 5166 1021 5232 populi
1053 5163 1321 5233 suffragiis
1366 5163 1419 5218 itt
1466 5165 1731 5235 episcOpis
1783 5164 2046 5234 eligendis

465 5236 531 5291 ad
554 5234 832 5303 epistolam
866 5236 1103 5287 ultimam
1129 5236 1219 5289 lib.
1255 5249 1305 5288 tv
1337 5246 1663 5300 notavunus,
1692 5236 1877 5290 eadem
1902 5240 2045 5291 vale-

465 5309 595 5363 bant
616 5307 667 5360 in
696 5306 908 5358 creandi
936 5305 1327 5377 metropolitani
1358 5307 1590 5360 comitiis
1624 5325 1637 5359 :
1670 5305 1862 5377 quibus
1884 5307 2046 5361 nimi-

465 5394 582 5432 rum
608 5386 834 5446 prteerat
862 5375 956 5447 qui
993 5376 1336 5444 prarogatiVa
1382 5379 1602 5447 collegis
1632 5375 2043 5445 provincialibus

464 5449 717 5502 anteibat.
751 5447 860 5501 Leo
886 5446 1103 5515 Magnus
1133 5450 1196 5498 ad
1224 5446 1563 5502 Anastasium
1584 5450 1741 5515 epist.
1772 5447 1841 5502 82
1871 5464 1884 5500 :
1934 5447 2046 5501 Me-

465 5522 795 5588 tropolitauo,
831 5516 1023 5585 inquit,
1053 5516 1315 5586 dt‘futtrlo,
1346 5519 1680 5589 provinciales
1706 5519 1933 5587 episcOpt'
1974 5519 2044 5573 ad

466 5589 711 5660 civitatem
740 5589 1183 5660 metrOpolt'tanam
1225 5594 1491 5643 convenire
1527 5589 1788 5653 debebunt,
1837 5598 1892 5642 ut
1935 5606 2045 5642 om-

465 5658 623 5730 nium
659 5662 767 5730 '76
814 5658 1115 5713 clericorum
1166 5670 1315 5727 atque
1363 5662 1585 5730 omnium
1639 5659 1823 5712 civium
1864 5664 2044 5715 volun-

467 5728 843 5799 tatcgdis'cttssa,
872 5746 936 5783 ea:
964 5730 1263 5799 presbyteris
1282 5731 1392 5799 ejus
1417 5728 1675 5795 Ecclesitr,
1700 5729 1777 5783 vel
1798 5731 2043 5785 diaconus

470 5797 691 5869 optimus
734 5797 972 5875 eligatur.
1017 5797 1458 5872 Fecissent'ergo
1487 5800 1749 5872 Bituriges
1768 5817 1833 5860 cx
1863 5810 2041 5862 vetere

2226 4672 2253 4711 ά
2286 4676 2535 4743 Agrmcio
2577 4670 2907 4737 Senonensi,
2948 4688 3105 4739 quem
3152 4674 3311 4738 epist.
3353 4672 3417 4734 5.
3464 4673 3747 4732 invitarat.

2155 4745 2348 4799 Coram
2381 4745 2482 4798 hoc
2508 4759 2636 4809 ergo
2662 4743 3073 4810 metropolitano
3099 4743 3261 4798 verba
3287 4743 3524 4798 facturus
3546 4757 3665 4799 erat
3686 4747 3749 4801 de

2155 4815 2550 4882 metropolitani
2581 4812 2924 4868 Bituricensis
2960 4813 3247 4879 electione,
3293 4813 3407 4881 ipse
3448 4816 3765 4883 provincia.-

2157 4886 2225 4940 lis
2254 4896 2457 4940 tantum
2497 4884 2782 4950 episcopus
2815 4899 2830 4937 :
2862 4900 3162 4953 quanquam
3216 4886 3354 4943 inter
3402 4887 3750 4953 comprovin-

2156 4958 2317 5011 ciales
2341 4956 2637 5027 Aquitaniae
2669 4954 2853 5027 prima:
2896 4955 3177 5025 episcOpos
3227 4955 3523 5027 principem
3574 4958 3752 5011 locum

2158 5028 2367 5082 obtinet
2394 5026 2679 5093 episeopus
2706 5024 3092 5084 Arvernorum,

2227 5107 2250 5135 ο
2277 5097 2600 5163 Deprecatur
2621 5097 2832 5149 ittattent
2861 5096 3229 5163 plausum,qui
3259 5096 3511 5164 frequens
3532 5096 3663 5150 olim
3688 5096 3753 5150 ab

2154 5168 2459 5221 auditorum
2490 5182 2686 5221 corona
2725 5165 2952 5219 excitari
2992 5166 3222 5229 solebat,
3272 5167 3431 5223 etiam
3483 5169 3538 5219 in
3584 5168 3754 5220 sacris

2154 5237 2527 5291 concionibus.
2559 5237 2637 5311 ita
2666 5244 2718 5311 et
2750 5234 3165 5311 ChrysostOtttus
3194 5236 3527 5311 :Avdpta'wmv
3569 5254 3622 5290 XI
3648 5256 3659 5288 :
3694 5240 3753 5291 Ti

2153 5330 2241 5381 μοι
2261 5316 2359 5362 τῶν
2390 5304 2783 5381 κρότων-ὄφελος
2808 5304 3005 5381 rem»
3026 5324 3039 5371 ;
3059 5311 3140 5381 Δτί
3188 5307 3241 5365 δέ
3270 5304 3373 5381 rent
3398 5311 3750 5381 iraivmv,ztu'

2154 5377 2253 5453 λεὼν
2283 5377 2545 5453 θορύςωη
2570 5377 2771 5453 ἔπαινος
2802 5379 2932 5448 ἐμοὶ,
2957 5377 3135 5453 ςόγὸιὰ
3157 5388 3264 5453 τῷν
3286 5378 3446 5452 ἔργων
3475 5382 3615 5453 ὑμᾶς
3640 5380 3749 5432 ἔπι·

2153 5449 2315 5515 δεῖξαι
2340 5447 2403 5505 ίτὰ
2426 5452 2668 5522 λεγόμενα
2690 5447 2909 5522 «dum.
2944 5447 3072 5514 Quis
3097 5450 3220 5522 mihi
3252 5447 3447 5522 fructus
3472 5447 3749 5519 plausuum

2152 5522 2364 5575 istorum
2387 5522 2411 5573 ?
2433 5518 2519 5573 aut
2544 5518 2662 5590 quis
2691 5518 2905 5590 laudum
2932 5530 2979 5571 et
2999 5521 3300 5587 strepituum
3316 5521 3339 5573 ?
3356 5518 3494 5573 Laus
3518 5534 3629 5573 mea
3651 5527 3744 5590 est,

2152 5600 2205 5643 nt
2235 5608 2292 5645 ea
2320 5607 2436 5661 qua:
2463 5588 2727 5654 dicuntur,
2760 5588 2908 5661 rebus
2936 5590 3185 5661 lactisque
3215 5591 3338 5659 ipsis
3387 5606 3558 5643 omnes
3598 5589 3748 5642 (xlii-

2152 5659 2341 5716 beatis.
2356 5664 2523 5729 Quem
2557 5674 2763 5731 morem
2796 5659 3052 5731 Bernardi
3084 5660 3244 5731 ctiam
3267 5661 3595 5729 temporibus
3623 5674 3747 5731 pcr-

2149 5733 2371 5793 durasse
2409 5731 2682 5790 nonnulla:
2701 5729 2817 5803 ejus
2843 5730 3077 5789 homiliac
3098 5730 3388 5789 declarant.

3018 5850 3065 5891 ηιξ
