3946 6176
155 312 238 367 577

1353 301 1829 361 EPISTULARUM
1868 303 1997 361 LIB.
2044 304 2145 359 Vll.

3306 309 3412 369 578

154 432 274 481 stent
297 420 504 478 scelera
535 429 825 491 paucorum
852 431 865 470 :
896 430 1019 474 cum
1044 425 1221 473 tamen
1250 430 1284 474 e
1310 417 1531 474 diverso
1556 418 1723 473 bono-
1752 421 1804 482 Α
1829 418 2122 473 multorum
2154 425 2345 472 notare
2374 430 2667 488 personas:
2712 418 2809 475 hoc
2835 421 3010 476 solum
3040 429 3243 486 astruo,
3270 427 3415 492 quod

154 531 252 571 runt
281 514 478 569 raritas
506 510 705 581 ﬂagitia
735 508 1025 564 multorum
1055 517 1290 580 nequeat
1325 524 1586 565 excusare
1615 510 1721 563 vir-

154 608 337 665 tutibus
379 602 812 659 communicatis.
893 599 949 655 Si
1012 601 1320 670 quempiam
1374 601 1723 655 nominavero

154 698 547 759 monachorum,
569 693 813 763 quamvis
848 692 995 745 illum
1026 691 1227 759 Paulis,
1261 692 1528 755 Antoniis,
1579 690 1723 744 Hila-

154 789 398 852 rionibus,
429 784 677 841 Macariis
705 783 1110 849 conferendum,
1162 790 1382 838 sectatus
1421 783 1721 837 anachore-

156 896 260 938 seos
280 877 634 950 prrerogativa
661 877 969 938 comitetur,
1000 888 1159 928 aures
1188 873 1331 927 illico
1355 887 1504 928 meas
1537 872 1725 927 incon-

156 973 248 1026 dite
270 968 501 1023 tumultu
530 964 984 1033 circumstrepitas
1013 963 1321 1033 ignobilium
1371 964 1721 1033 pumilionum

156 1076 380 1118 mormur
405 1059 693 1114 everberat
719 1056 1156 1127 conquerentium
1210 1073 1224 1111 :
1275 1055 1371 1110 ilic
1421 1058 1509 1125 qui
1553 1057 1725 1111 nomi-

156 1163 320 1216 natur,
364 1152 650 1220 inquiunt,
700 1164 807 1204 non
845 1148 1107 1218 episcopi,
1157 1148 1251 1203 sed
1302 1148 1478 1217 potius
1517 1149 1757 1211 abbatis

155 1245 372 1314 complet
399 1242 676 1306 officium;
722 1247 779 1295 et
818 1239 1152 1295 intercedere
1181 1239 1348 1307 magis
1379 1254 1475 1308 pro
1522 1240 1727 1293 anima-

156 1339 243 1394 bus
264 1335 408 1407 apud
438 1335 741 1399 cmiestem,
774 1347 932 1402 quam
963 1346 1064 1401 pro
1089 1332 1407 1402 corporibus
1436 1331 1576 1403 apud
1622 1341 1728 1386 ter-

156 1446 329 1487 renum
356 1428 592 1497 iudicem
635 1433 831 1496 potest.
862 1424 969 1480 Sed
1015 1423 1133 1492 quis
1177 1439 1281 1478 non
1324 1423 1723 1487 exacerbescat,

156 1536 266 1577 cum
315 1518 499 1574 videat
546 1516 810 1573 sordidari
860 1517 1113 1571 virtutum
1162 1514 1525 1569 sinceritatem
1572 1515 1727 1584 192

156 1611 519 1668 criminatione
534 1609 822 1664 vitiorum?
846 1610 902 1663 Si
925 1608 1177 1678 eligimus
1206 1606 1486 1671 humilem,
1509 1619 1729 1660 vocatur

157 1704 385 1774 abjectus
406 1718 423 1759 :
448 1703 492 1756 si
520 1701 842 1772 proferimus
866 1708 1131 1763 erectum,
1154 1698 1435 1766 superbire
1458 1708 1727 1753 censetur.

1824 526 1949 566 cum
1992 511 2197 565 nullum
2240 510 2509 580 proferam
2556 514 2902 582 nuncupatim
2929 554 2945 581 ,
2997 514 3088 568 ille
3127 516 3415 573 confitetur

1826 605 2097 670 repulsam
2145 601 2234 671 qui
2280 603 2558 669 profitetur
2597 603 2877 658 oﬂ'ensam.
2909 602 3052 661 Sane
3098 606 3148 659 id
3188 606 3411 661 liberius

1828 691 1949 747 dico
1992 692 2061 748 de
2097 693 2435 748 multitudine
2471 694 2933 749 circumstantium
2975 697 3174 752 multos
3200 698 3412 767 episco-

1830 787 1977 857 pales
2005 802 2157 853 esse,
2200 787 2294 843 sed
2337 796 2480 842 tutos
2507 788 2790 857 episcopos
2829 802 2949 843 esse
2993 804 3098 843 non
3140 804 3329 858 posse;
3360 799 3415 844 et

1828 893 1948 935 cum
2002 878 2198 947 singuli
2251 878 2585 934 diversorum
2642 879 3027 934 charismatum
3085 881 3415 949 proprietate

1830 971 2126 1040 potiantur,
2157 970 2408 1026 sufficere
2445 984 2633 1025 omnes
2676 971 2813 1035 sibi,
2841 971 3091 1025 omnibus
3119 971 3415 1026 neminem.

1829 1062 1888 1117 Si
1917 1061 2201 1115 militarem
2223 1061 2410 1115 dixero
2437 1061 2575 1116 forte
2600 1076 2918 1129 personam,
2950 1063 3193 1130 pretinus
3216 1063 3270 1116 in
3300 1062 3416 1116 hinc

1826 1152 1987 1208 verba
2021 1153 2365 1221 consurgitur
2398 1168 2414 1205 :
2459 1152 2716 1208 Sidonius
2758 1152 2824 1207 ad
2855 1153 3166 1209 clericatum
3197 1154 3318 1223 quia
3349 1155 3417 1207 de

1828 1244 2071 1299 smculari
2102 1244 2435 1314 professione
2457 1247 2745 1301 translatus
2764 1258 2865 1312 εει,
2884 1247 3006 1301 ideo
3021 1246 3119 1301 sibi
3141 1261 3417 1303 assumere

1830 1336 2301 1406 metropolitanum
2332 1337 2401 1392 de
2430 1337 2683 1407 religiosa
2712 1339 3128 1409 congregatione
3165 1339 3417 1394 dissimu-

1832 1429 1907 1483 lat
1934 1443 1950 1483 :
1994 1429 2260 1483 natalibus
2291 1440 2498 1499 turget,
2529 1430 2847 1499 dignitatum
2876 1432 3156 1501 fastigatur
3198 1432 3419 1501 insigni-

1830 1520 1953 1587 bus,
1977 1523 2273 1576 contemnit
2308 1536 2568 1590 pauperes
2596 1520 2817 1575 Christi.
2847 1521 3180 1592 Quapropter
3209 1523 3419 1589 impraz-

1831 1616 2125 1666 sentiarum
2152 1614 2380 1679 solvam,
2425 1628 2583 1682 quam
2613 1628 2719 1667 non
2747 1622 2853 1666 tam
2886 1616 3144 1668 l-onorum
3170 1612 3418 1668 charitati

1832 1716 1991 1770 quam
2040 1702 2423 1757 maledicorum
2478 1702 2775 1770 suspicioni
2829 1703 3000 1758 debeo
3049 1704 3227 1759 fidem.
3281 1706 3421 1758 Vivit

157 1798 207 1853 Si
235 1796 411 1850 minus
431 1794 758 1861 institutum,
788 1804 1005 1864 propter
1033 1792 1356 1861 imperitiam
1381 1792 1620 1847 creditur
1660 1794 1728 1846 ir-
1760 1797 1809 1857 Β
1833 1791 2067 1859 Spiritus
2090 1802 2307 1846 sanctus
2329 1832 2344 1858 ,
2377 1794 2719 1861 omnipotens
2745 1795 2885 1848 Deus
2917 1806 3117 1859 n'asler,
3148 1794 3240 1864 qui
3275 1796 3420 1851 Petri

158 1888 432 1952 ridendus;
464 1886 509 1940 si
538 1885 875 1955 aliquatenus
913 1884 1152 1947 doctum,
1186 1892 1407 1952 prepter
1450 1880 1729 1936 scientiam

159 1981 408 2035 clamatur
461 1976 699 2032 inﬂatus.
749 1976 805 2030 Si
849 1989 1138 2039 severum,
1183 1981 1436 2041 tanquam
1495 1972 1732 2026 crudelis

161 2073 431 2136 horretur;
460 2071 508 2125 si
539 2069 922 2139 indulgentem,
954 2065 1210 2121 facilitate
1231 2065 1499 2136 culpatur.
1523 2065 1577 2120 Si
1604 2064 1734 2119 sim-

162 2166 365 2236 plicem,
398 2164 696 2231 despicitur
721 2170 781 2216 ut
808 2162 1039 2224 brutus;
1081 2160 1128 2214 si
1173 2174 1372 2223 acrem,
1427 2158 1628 2212 vitatur
1680 2167 1737 2211 ut

163 2258 398 2313 callidus.
449 2255 504 2311 Si
544 2255 855 2324 diligentem
886 2285 902 2317 ν
942 2250 1349 2322 superstitiosus
1392 2249 1733 2314 decernitur;

160 2350 198 2405 si
219 2348 507 2405 remissum
536 2346 807 2415 negligens
833 2342 1122 2412 iudicatur.
1174 2341 1231 2396 Si
1277 2340 1555 2405 solertem,
1580 2341 1735 2409 cupi-

160 2442 283 2507 dus;
341 2441 387 2494 si
435 2438 707 2510 quietum,
756 2436 1129 2507 pronuntiatur
1170 2434 1409 2504 ignavus.
1455 2433 1511 2487 Si
1555 2433 1737 2487 abste-

159 2535 310 2589 mium
370 2531 757 2601 producimus,
802 2541 999 2582 avarus
1043 2525 1334 2595 accipitur;
1381 2523 1429 2579 si
1483 2539 1607 2579 eum
1648 2522 1738 2592 qui

160 2622 471 2692 prandendo
503 2628 704 2689 pascat,
734 2618 1014 2674 edacitatis
1046 2616 1322 2684 impetitur
1357 2631 1372 2668 :
1419 2614 1465 2669 si
1493 2629 1616 2669 eum
1647 2614 1739 2684 qui

159 2713 428 2785 pascendo
450 2710 678 2782 jejunet,
711 2708 963 2763 vanitatis
989 2708 1253 2777 arguitur.
1286 2705 1617 2762 Libertatem
1643 2721 1741 2775 pro

159 2806 503 2878 improbitate
540 2802 929 2867 condemnant;
959 2799 1336 2856 verecundiam
1378 2813 1477 2869 pro
1524 2797 1743 2853 rustici-

159 2910 261 2957 tate
304 2897 637 2961 fastidiunt;
679 2894 881 2965 rigidos
920 2893 988 2947 ab
1032 2890 1345 2947 austeritate
1390 2905 1498 2945 non
1546 2889 1747 2946 habent

160 3006 336 3059 caros;
370 2990 559 3046 blandi
588 2987 727 3059 apud
750 3002 845 3043 eos
865 2984 1243 3042 communione
1273 2983 1556 3040 vilescunt.
1599 2984 1677 3039 Ac
1698 2984 1744 3037 si

161 3085 290 3156 apud
318 3099 423 3140 eos
456 3080 709 3137 utrolibet
735 3092 934 3150 genere
963 3078 1177 3131 vivatur
1199 3117 1214 3140 ,
1262 3090 1476 3145 semper
1524 3076 1611 3130 hic
1668 3084 1748 3130 ta-

1835 1896 1965 1937 voce
1992 1882 2267 1937 damnavit
2294 1883 2347 1937 irt
2377 1882 2600 1939 Simone
2626 1899 2806 1954 mago,
2844 1900 2942 1940 cur
2971 1888 3280 1955 opinaretur
3299 1901 3423 1956 gra-

1837 1974 1962 2028 tiam
2010 1974 2397 2030 benedictionis
2443 1978 2615 2045 pretio
2667 1991 2787 2031 sese
2832 1992 2993 2045 posse
3025 1980 3291 2044 mercari;
3336 1994 3423 2034 me

1836 2066 1889 2119 in
1931 2081 1998 2120 eo
2026 2081 2182 2136 quem
2215 2066 2367 2121 vobis
2411 2077 2771 2136 opportunum
2799 2071 2982 2124 censui
3004 2111 3019 2132 ,
3052 2085 3153 2125 nec
3184 2072 3423 2140 pecunia:

1838 2158 2017 2214 favere
2045 2173 2142 2214 nec
2159 2160 2374 2228 gratiae;
2397 2158 2491 2214 sed
2518 2170 2657 2215 statu
2688 2161 2821 2217 satis
2843 2176 3112 2232 superque
3140 2162 3419 2227 trutinato,

1841 2264 2103 2317 personae,
2138 2251 2416 2320 temporis,
2449 2252 2760 2320 provincim,
2783 2255 3045 2323 civitatis,
3067 2255 3243 2310 virum
3272 2254 3426 2323 cujus
3482 2248 3484 2250 ’

1840 2338 1893 2393 in
1946 2337 2101 2409 194
2149 2342 2604 2411 consequentibus
2655 2345 2848 2411 raptim
2904 2345 3009 2399 vita
3058 2343 3425 2416 replicabitur,

1840 2430 2395 2498 competentissimum
2438 2434 2755 2489 credidisse.
2789 2444 2815 2471 ³
2840 2436 3158 2493 Benedictus
3199 2435 3425 2506 Simpli-

1842 2521 1979 2584 cius,
2010 2523 2267 2577 hactenus
2295 2524 2493 2589 vestri,
2522 2525 2739 2594 jamque
2767 2527 2835 2581 ab
2876 2526 3003 2581 hinc
3040 2530 3207 2583 nostri
3243 2527 3428 2597 (modo

1846 2629 1942 2683 per
1971 2629 2064 2668 vos
2105 2616 2245 2670 Deus
2275 2618 2499 2685 annuat)
2543 2617 2819 2672 habendus
2862 2619 3068 2673 ordinis
3101 2633 3319 2685 comes,
3354 2619 3426 2674 ita

1848 2704 2058 2773 utrique
2087 2706 2222 2773 parti
2248 2705 2334 2760 vel
2362 2714 2505 2771 actu,
2537 2706 2621 2759 vel
2663 2704 2994 2773 professione
3030 2708 3340 2777 respondet,
3371 2716 3429 2762 ut

1847 2806 1904 2852 et
1927 2798 2231 2867 respublica
2255 2798 2308 2852 in
2330 2812 2395 2852 eo
2417 2799 2556 2867 quod
2580 2800 2894 2867 admiretur,
2918 2812 2971 2854 et
2995 2799 3235 2854 Ecclesia
3262 2799 3430 2869 possit

1847 2888 2089 2944 invenite
2117 2890 2258 2960 quod
2280 2889 2485 2960 diligat.
2516 2891 2571 2945 Si
2603 2891 2867 2945 natalibus
2894 2892 3157 2946 servanda
3183 2906 3432 2946 reveren-

1852 2980 1923 3035 tia
1950 2989 2051 3047 est,
2080 2983 2202 3050 quia
2231 2991 2285 3036 et
2315 2983 2414 3035 hos
2441 2997 2547 3037 non
2579 2982 2910 3038 omittendus
2929 2983 3255 3051 evangelista
3279 2999 3433 3039 mon-

1810 3130 1813 3135 ,
1852 3076 2045 3129 stravit
2099 3075 2245 3144 (nam
2293 3075 2464 3130 Lucas
2492 3076 2848 3132 laudationem
2871 3076 3096 3131 Joannis
3128 3090 3431 3146 aggressus,

163 3191 277 3231 men
333 3175 605 3230 bonarum
655 3170 885 3241 partium
929 3183 1109 3224 mores
1156 3167 1515 3238 pungentibus
1553 3167 1820 3236 linguisc
1854 3170 2355 3238 praestantissimum
2402 3168 2764 3239 computavit,
2811 3170 2953 3241 quod
3000 3171 3320 3227 sacerdotali
3368 3170 3437 3226 de

170 3268 555 3324 maledicorum
596 3264 760 3320 veluti
787 3262 1095 3333 bicipitibus
1126 3262 1301 3315 hamis
1330 3260 1746 3314 inuncabuntur.

165 3360 295 3417 Inter
320 3360 448 3415 base
478 3357 943 3413 monasterialibus
983 3352 1282 3423 diaciplinis
1310 3368 1450 3422 aegre
1481 3351 1748 3420 subditur,

164 3454 239 3510 vel
266 3453 615 3525 popularium
643 3450 1016 3515 cervicositas,
1045 3449 1131 3502 vel
1160 3447 1378 3502 licentia
1401 3446 1743 3502 clericorum.

166 3544 218 3601 Si
243 3546 509 3600 clericum
540 3542 753 3607 dixero,
787 3548 1073 3609 sequentes
1111 3539 1453 3603 aemulantur,
1486 3538 1749 3609 derogant

164 3637 566 3694 antecedentes.
593 3632 726 3688 Nam
774 3621 965 3687 itaex
1015 3631 1080 3687 iis
1121 3631 1297 3700 pauci,
1329 3629 1471 3701 quod
1519 3630 1753 3700 reliquo-

165 3750 274 3788 rum
305 3747 447 3804 pace
474 3731 546 3785 sit
571 3729 797 3793 dictum,
827 3726 993 3782 solam
1026 3725 1313 3781 clericatus
1341 3724 1751 3780 diuturnitatem

165 3839 255 3893 pro
291 3822 507 3879 meritis
554 3827 834 3875 autumant
873 3816 1242 3872 calculandam
1270 3832 1284 3880 ;
1317 3824 1374 3869 ut
1400 3830 1500 3870 nos
1530 3817 1582 3871 in
1611 3816 1754 3870 anti-

163 3918 281 3973 stite
310 3913 714 3979 consecrando,
746 3927 851 3966 non
881 3910 1164 3966 utilitatem
1204 3909 1374 3964 velint
1403 3909 1623 3980 eligere,
1656 3910 1751 3965 sed

165 4020 373 4066 aetatem
413 4025 430 4064 :
482 3991 734 4077 tanquam
777 4005 871 4060 diu
914 4004 1090 4074 potius
1127 4018 1287 4073 quam
1346 4002 1484 4059 bene
1529 4006 1751 4068 vivere,

166 4101 352 4157 debeat
376 4099 551 4168 accipi
573 4097 640 4152 ad
662 4111 930 4152 summum
947 4094 1304 4149 sacerdotium
1323 4094 1751 4165 adipiscendum,

166 4204 256 4260 pro
282 4189 536 4246 omnium
557 4188 849 4258 gratiarum
873 4185 1153 4256 privilegio
1176 4186 1329 4257 193
1352 4185 1753 4255 decoramento,

167 4284 621 4341 lenocinamento.
644 4281 712 4335 Et
734 4280 806 4334 ita
819 4280 1083 4350 quispiam
1104 4279 1155 4334 in
1174 4280 1527 4335 ministrando
1538 4295 1752 4351 segnes,

167 4374 216 4429 in
243 4372 593 4446 obloquendo
630 4372 859 4437 celeres,
883 4371 938 4426 in
971 4370 1286 4426 tractatibus
1311 4371 1505 4441 otiosi,
1532 4373 1585 4427 in
1615 4374 1757 4428 sedi-

167 4467 402 4523 tionibus
426 4464 699 4535 occupati,
730 4464 783 4518 in
822 4461 1047 4519 caritate
1076 4462 1296 4530 infirmi,
1335 4463 1386 4517 in
1414 4463 1643 4520 factione
1668 4480 1757 4519 ro-

1851 3262 2019 3330 stirpe
2052 3261 2336 3330 veniebat,
2387 3269 2442 3316 et
2485 3262 2815 3317 nobilitatem
2854 3264 2977 3315 vita:
3024 3263 3434 3331 przedicaturus,

1851 3352 2001 3423 prius
2042 3362 2218 3408 tamen
2267 3352 2459 3407 extulit
2510 3351 2723 3409 familiai
2769 3353 3136 3423 dignitatem);
3192 3365 3439 3421 parentes

1852 3447 2054 3517 ipsius,
2087 3456 2181 3501 aut
2209 3445 2511 3512 cathedris,
2551 3454 2642 3499 aut
2671 3445 3023 3499 tribunalibus
3050 3445 3436 3513 prtesederunt.

1853 3538 2079 3593 illustris
2123 3538 2175 3592 in
2208 3546 2437 3607 utraque
2464 3536 2876 3591 conversatione
2908 3533 3173 3605 prosapia.
3206 3547 3299 3589 aut
3326 3536 3440 3603 epi-

1852 3632 2034 3702 scopis
2056 3632 2258 3697 ﬂoruit,
2281 3638 2373 3685 aut
2395 3630 2659 3699 praefectis
2688 3647 2703 3684 :
2729 3631 2798 3684 ita
2830 3645 3043 3700 semper
3071 3630 3294 3698 hujusce
3321 3645 3439 3684 ma-

1850 3725 2081 3796 joribus,
2102 3732 2193 3779 aut
2222 3724 2642 3788 bumanum,aut
2670 3722 2910 3789 divinum
2937 3724 3141 3779 dictare
3163 3722 3252 3792 jus
3280 3738 3443 3777 ausus

1854 3819 1981 3885 fuit;
2015 3819 2060 3873 si
2105 3832 2236 3874 vero
2282 3832 2565 3888 personam
2608 3833 2757 3872 suam
2807 3826 3039 3872 tractatu
3072 3818 3445 3874 consiliosiore

1859 3927 2169 3983 pensemus,
2219 3914 2518 3968 invenimus
2546 3912 2692 3966 illam
2721 3920 2908 3968 tenere
2948 3913 3068 3969 istic
3092 3912 3121 3952 ιι
3151 3914 3292 3969 ἰηιι-ι·
3316 3929 3442 3983 spe-

1856 4004 2083 4059 ctabiles
2107 4004 2371 4075 principes
2396 4007 2588 4059 locum.
2615 4002 2719 4059 Sed
2740 4004 2917 4061 dicitis
2944 4007 3088 4060 viros
3119 4006 3438 4061 Eucherium

1861 4108 1917 4153 et
1964 4098 2316 4153 Pannichium
2366 4098 2600 4153 illustres
2648 4099 2835 4154 haberi
2878 4100 3185 4170 superiores
3229 4118 3245 4154 :
3300 4101 3441 4167 quod

1859 4190 2115 4245 hactenus
2142 4205 2236 4246 eos
2257 4199 2373 4245 esto
2394 4199 2640 4262 putatos:
2675 4190 2769 4245 sed
2802 4198 3119 4261 praesentem
3141 4191 3251 4261 jam
3284 4192 3445 4246 modo

1858 4281 1925 4336 ad
1957 4296 2173 4337 causam
2204 4282 2281 4336 illi
2312 4296 2377 4336 ex
2408 4296 2615 4338 canone
2646 4297 2751 4337 non
2777 4282 3143 4353 requiruntur,
3166 4285 3256 4352 qui
3288 4283 3444 4336 ambo

1858 4372 1925 4427 ad
1973 4382 1995 4411 ε
2039 4372 2301 4428 secundas
2332 4373 2545 4442 nuptias
2576 4374 2923 4429 transierunt.
2956 4373 3013 4430 Si
3061 4387 3231 4428 annos
3278 4374 3445 4443 ipsius

1860 4473 2231 4534 computemus
2264 4481 2280 4531 ;
2309 4463 2469 4519 habet
2495 4464 2789 4520 efficaciam
2817 4466 2884 4519 de
2912 4464 3215 4532 iuventute,
3246 4463 3313 4518 de
3356 4479 3444 4519 se-

167 4560 299 4617 busti
326 4602 345 4628 ,
400 4563 457 4614 in
506 4533 906 4613 aemulationum
943 4555 1355 4611 conservatione
1403 4556 1627 4612 stabiles
1648 4597 1664 4622 ,
1699 4557 1754 4613 in
1786 4533 1836 4595 Ι)
1861 4533 2075 4613 nectute
2118 4557 2418 4611 consilium.
2445 4556 2503 4613 Si
2540 4556 2747 4610 litteras
2791 4556 2872 4610 vel
2902 4556 3169 4625 ingenium
3195 4555 3446 4611 confera-

167 4650 559 4707 sententiarum
600 4647 903 4703 assertione
950 4655 1201 4703 nutantes
1225 4691 1241 4718 ,
1284 4648 1528 4704 nituntur
1564 4663 1757 4721 regere

169 4741 486 4807 Ecclesiam,
517 4754 653 4810 quos
684 4739 795 4809 jam
824 4738 935 4808 regi
964 4753 1188 4794 necesse
1214 4749 1298 4795 est
1336 4754 1432 4810 per
1458 4752 1753 4798 senectam.

166 4833 263 4890 Sed
303 4847 411 4890 nec
455 4831 658 4887 diutius
700 4830 874 4900 placet
903 4837 1125 4900 propter
1163 4844 1457 4900 paucorum
1498 4834 1752 4907 ambitus,

235 4980 263 5010 ι
284 4970 409 5025 Non
435 4976 515 5024 est
544 4916 840 5045 co‘gnomen
872 4968 971 5023 hoc
1000 4969 1118 5045 loco
1145 4946 1477 5045 benedictus,
1519 4982 1612 5030 sed
1644 4978 1759 5045 epi-

170 5041 378 5097 thetum
447 5054 554 5107 quo
599 5040 933 5111 Christianos
983 5044 1127 5094 viros
1177 5042 1412 5111 plerique
1470 5040 1754 5103 ornabant.

169 5111 428 5165 Paulinus
453 5110 677 5177 epistola
708 5111 740 5164 9
771 5111 836 5164 ad
865 5110 1122 5166 Severum
1149 5129 1160 5164 :
1191 5110 1339 5165 Alius
1366 5113 1566 5169 libellus
1597 5134 1659 5171 ea:
1678 5120 1757 5175 Itis

164 5192 232 5235 est
253 5198 389 5251 quos
410 5182 476 5235 ad
499 5181 835 5251 benedictum,
858 5183 911 5234 id
934 5192 1005 5235 est
1033 5181 1379 5237 Christianum
1409 5186 1594 5251 virum,
1626 5193 1759 5242 auti-

164 5250 279 5305 cum
321 5267 495 5305 meum
524 5250 894 5305 Endelecltium
927 5252 1192 5319 scripsisse
1224 5254 1417 5308 videor.
1448 5250 1755 5315 Endelechii

161 5324 307 5377 enim
340 5321 561 5376 nomina
589 5332 761 5389 erant,
780 5326 1006 5377 Sanctus
1034 5324 1267 5378 Severus
1292 5324 1671 5389 Endelechius.
1701 5341 1759 5385 ut

161 5395 289 5448 alibi
340 5395 708 5447 observatum.
740 5391 831 5448 Sic
870 5392 1183 5448 benedictus
1215 5394 1492 5449 Pascasius
1532 5397 1758 5453 Paulino

162 5464 343 5518 eidem
397 5462 450 5516 in
490 5463 717 5530 epistola
754 5464 818 5516 ad
852 5462 1161 5518 Vietricium
1188 5504 1204 5527 ,
1249 5465 1563 5522 benedictus
1603 5469 1762 5525 Eleu-

162 5535 387 5603 therusw
408 5533 734 5587 Tertulliano
762 5535 829 5588 de
878 5533 1376 5603 Prmscriptionibus
1398 5578 1413 5601 ,
1447 5538 1760 5595 benedictus

163 5621 298 5673 papa
347 5602 650 5673 Cyprianus
687 5606 738 5658 in
783 5605 1009 5673 epistola
1048 5602 1175 5659 cleri
1210 5607 1431 5661 Romani
1461 5611 1525 5662 ad
1555 5611 1757 5667 clerum

158 5675 665 5741 Carthaginiensem
684 5717 696 5734 .
732 5676 1048 5730 benedictus
1069 5676 1323 5731 Paulinus
1347 5676 1542 5734 Fausto
1563 5680 1761 5735 Reien-

153 5747 200 5800 si
232 5784 251 5807 .
308 5745 630 5803 benedictus
685 5746 965 5803 Tetradius
1029 5755 1085 5803 et
1141 5746 1454 5805 benedictus
1514 5751 1762 5822 Agricola

1859 4663 2002 4714 mus,
2023 4656 2194 4703 certat
2215 4656 2402 4701 natura
2425 4646 2702 4701 doctrinm.
2729 4645 2787 4700 Si
2804 4645 3107 4700 humanitas
3122 4647 3446 4716 requirenda

1860 4752 1973 4807 est,
2018 4740 2159 4805 civi,
2208 4739 2406 4794 clerico
2430 4779 2446 4803 ,
2493 4739 2810 4807 peregrino,
2844 4738 3065 4791 minimo
3104 4741 3450 4810 maximoque

1862 4838 2024 4891 etiam
2070 4845 2230 4901 supra
2278 4829 2653 4884 sufficientiam
2703 4829 2945 4896 offertur,
2980 4840 3033 4886 et
3066 4846 3221 4886 suum
3255 4833 3448 4902 saepius

1862 4976 2124 5101 fgegorio
2153 4972 2354 5027 Turon.
2379 4970 2761 5026 Confessorutn
2794 4971 2884 5039 86,
2917 4982 2971 5027 et
3005 4971 3098 5027 lib.
3134 4990 3186 5028 ιιι
3221 4973 3447 5046 Histor.,

1936 5116 1963 5155 ι)
2008 5116 2283 5182 Principes
2328 5112 2640 5181 municipii,
2689 5110 3029 5182 principales.
3081 5115 3447 5174 Glossarium:

1865 5189 2135 5255 Princeps,
2167 5186 2572 5255 πρωτοπολίτης.
2597 5184 2713 5238 Jam
2739 5198 2900 5251 sutira
2924 5185 3259 5255 Simplicium
3277 5191 3447 5241 virum

1863 5258 2209 5326 spectabilem
2238 5257 2400 5323 dixit,
2448 5257 2605 5325 epist.
2638 5257 2691 5310 8.
2744 5256 2823 5308 Ad
2860 5255 3181 5312 Eucherium
3222 5273 3348 5313 vero
3396 5267 3450 5311 et

1864 5329 2229 5399 Pannychium
2260 5326 2475 5399 scripsit
2506 5326 2596 5381 lib.
2620 5342 2688 5399 illi
2712 5334 2765 5380 et
2785 5326 2877 5380 lib.
2913 5343 2965 5382 v.

1940 5410 1962 5438 ο
1989 5398 2190 5469 Bigami
2219 5398 2630 5469 enimgepiscopi
2656 5411 2775 5452 esse
2807 5412 2903 5466 per
2932 5412 3166 5454 canones
3197 5412 3300 5451 non
3329 5411 3451 5465 pos-

1867 5481 2029 5536 sunt;
2060 5467 2129 5523 ac
2159 5483 2225 5523 ne
2255 5467 2436 5538 clerici
2466 5468 2682 5537 quidem
2716 5469 2876 5523 ullius
2906 5470 3126 5538 gradus,
3154 5483 3215 5519 ex
3242 5482 3451 5522 canone

1870 5545 2041 5611 primo
2073 5540 2260 5611 synodi
2290 5537 2605 5611 Valentius),
2640 5548 2692 5592 et
2723 5537 3103 5611 aliispassim:
3147 5552 3448 5611 quanquam

1866 5608 2074 5667 variant
2096 5614 2145 5666 in
2174 5610 2439 5681 inferioris
2467 5610 2665 5680 gradus
2694 5608 2989 5678 ordinibus,
3021 5619 3180 5681 prout
3206 5609 3450 5665 diversus

1869 5685 2106 5741 loc-~rum
2138 5696 2255 5737 mos
2279 5680 2392 5734 fuit.
