3946 6176
508 272 611 331 579

1772 264 2013 322 SIDONII
2053 266 2093 321 Α

2199 264 2505 322 LLINARIS
2984 236 2991 239 ’
3610 287 3694 344 530

509 402 698 457 panem
736 387 824 443 illc
852 387 1027 456 potius
1073 384 1164 455 qui
1204 399 1310 439 non
1341 391 1457 439 erat
1503 382 1809 439 redditurus
1853 381 2090 450 agnovit.
2123 385 2173 444 Λ
2202 396 2340 449 rum,
2369 389 2458 436 aut
2504 382 2752 436 altarium
2798 381 3080 437 cathedras
3105 395 3225 439 cum
3267 389 3341 441 sul
3376 391 3550 449 ordinis
3574 396 3698 457 laude

505 482 574 538 SI’
610 481 899 535 necessitas
936 478 1091 549 195
1137 478 1458 547 arripienda:
1503 476 1785 547 legationis
1826 473 2094 537 incubuit,

510 586 615 626 non
654 571 743 625 ille
778 570 945 624 semel
989 583 1087 638 pro
1140 568 1241 623 hac
1288 569 1504 624 civitate
1541 568 1691 623 stetit
1724 574 1847 619 ante
1886 564 2098 633 pellitos

505 675 682 732 reges,
723 660 808 715 vel
839 669 965 715 ante
996 658 1265 729 principes
1307 668 1644 727 purpuratos.
1686 656 1741 711 Si
1791 655 2095 725 ambigitur,

505 766 613 822 quo
659 751 917 821 magistro
964 749 1286 804 rudimentis
1342 748 1463 803 fidei
1506 748 1667 803 fuerit
1724 747 1997 812 imbutus,
2039 753 2098 800 ut

506 840 921 911 proverbialiter
969 839 1178 909 loquar,
1230 839 1375 894 domi
1421 839 1605 893 habuit
1655 838 1798 894 unde
1843 838 2093 893 disceret.

506 929 786 985 Postremo
820 930 922 986 iste
951 937 1037 984 est
1064 929 1175 991 ille,
1205 929 1488 995 carissimi,
1521 929 1604 983 cui
1650 928 1703 982 in
1736 927 1973 982 tenebris
2009 940 2097 981 er-

507 1022 865 1090 gastularibus
908 1021 1235 1088 constituto,
1278 1019 1644 1089 multipliciter
1682 1020 1929 1075 obserata
1976 1020 2099 1073 har-

508 1115 679 1171 barici
715 1113 950 1169 carceris
998 1112 1254 1168 divinitus
1286 1113 1518 1168 claustra
1553 1120 1859 1181 patuerunt.
1899 1111 2093 1176 Istum,

508 1219 564 1263 ut
590 1209 912 1273 audivimus,
947 1216 974 1244 ει
1003 1215 1111 1261 tam
1157 1220 1345 1261 socero
1374 1220 1534 1276 quam
1582 1215 1733 1274 patre
1761 1204 2094 1274 postpositis,

507 1299 574 1354 ad
614 1300 973 1355 sacerdotium
1014 1298 1138 1352 duci
1192 1306 1443 1367 Oportere
1493 1295 1939 1352 vociferabimini.
1980 1296 2097 1361 Quo

506 1391 721 1460 quidem
775 1400 1018 1460 tempore
1063 1389 1349 1457 plurimum
1401 1387 1573 1442 laudis
1627 1388 1845 1442 domum
1890 1385 2095 1449 retulit,

506 1487 721 1557 quando
768 1486 1022 1541 honorari
1073 1493 1353 1554 parentum
1398 1484 1587 1538 maluit
1631 1482 1887 1548 dignitate
1934 1494 2095 1550 quam

506 1576 743 1647 propria.
777 1577 919 1630 Pene
958 1576 1276 1629 transieram
1322 1574 1464 1642 quod
1508 1572 1771 1642 praeteriri
1802 1587 1908 1626 non
1937 1585 2098 1639 opor-

508 1676 699 1723 tuerat.
750 1667 865 1722 Sub
896 1666 1077 1736 Moyse
1120 1664 1424 1736 quondam,
1468 1665 1609 1719 sicut
1653 1662 2096 1734 psalmographus

2203 480 2509 530 tenuerunt.
2547 474 2689 528 Sane
2715 472 2837 541 quia
2868 487 3094 543 persona
3134 483 3375 533 matronae
3400 491 3696 546 verecundam

2199 574 2256 620 et
2298 566 2621 620 succinctam
2675 564 2758 619 sui
2806 564 2972 634 exigit
3030 566 3379 635 mentionem,
3444 587 3699 636 constamu-

2200 656 2551 723 astruxerim,
2598 656 2925 725 respondere
2969 656 3112 709 illam
3166 656 3399 716 feminam
3441 670 3700 728 sacerdotiis

2198 748 2476 817 utriusque
2518 747 2754 811 familiae,
2781 750 2867 802 vel
2914 747 3001 800 ubi
3046 746 3264 802 educata
3313 755 3486 822 crevit,
3529 760 3600 814 vel
3629 765 3702 818 ubi

2199 837 2367 892 electa
2392 838 2655 908 migravit.
2687 837 2850 892 Filios
2877 837 3037 893 ambo
3068 838 3203 892 bene
3227 848 3277 893 et
3305 844 3559 909 prudenter
3584 850 3703 905 iusti-

2201 935 2389 992 tuunt;
2435 927 2629 998 quibus
2658 936 3002 997 comparatus
3044 937 3191 995 pater
3215 929 3331 984 inde
3353 930 3534 989 felicior
3558 938 3706 1008 incipit

2197 1038 2336 1089 esse,
2380 1025 2532 1095 197
2561 1024 2684 1094 quia
2716 1023 2969 1078 vincitur.
3002 1023 3067 1077 Et
3095 1023 3219 1092 quia
3246 1028 3533 1082 sententiam
3568 1033 3706 1098 parvi.

2194 1116 2324 1175 satis
2372 1130 2507 1169 mea:
2540 1116 2591 1168 in
2630 1114 2729 1170 hac
2766 1115 3033 1169 electione
3073 1114 3348 1168 valituram
3394 1130 3499 1171 esse
3531 1124 3708 1188 Jurastis

2199 1208 2486 1278 (siquidem
2517 1223 2622 1262 non
2664 1215 2748 1263 est
2787 1207 3013 1261 validius
3035 1208 3217 1262 dicere
3238 1220 3555 1276 sacramenta,
3582 1228 3708 1281 quam

2199 1299 2484 1371 scribere),
2511 1301 2565 1354 In
2592 1301 2811 1355 nomine
2832 1299 3027 1364 Patris,
3057 1307 3111 1353 et
3136 1299 3278 1365 Filii,
3312 1310 3363 1354 et
3389 1301 3590 1371 Spiritus
3608 1318 3711 1359 san-

2201 1391 2292 1453 cti.
2324 1391 2635 1460 Simplicius
2659 1400 2764 1455 est,
2793 1405 2952 1460 quem
2982 1390 3268 1459 provinciae
3292 1398 3472 1446 nostra:
3495 1404 3711 1463 metropo-

2199 1482 2422 1537 litanum
2443 1522 2458 1545 ,
2493 1482 2725 1537 civitatis
2757 1489 2953 1536 vestrm
2984 1495 3252 1534 summum
3297 1482 3594 1537 sacerdotem
3620 1486 3712 1540 fieri

2198 1570 2399 1627 debere
2429 1572 2738 1640 pronuntio.
2768 1570 2876 1625 Vos
2900 1580 3077 1625 autem
3109 1571 3176 1626 de
3214 1572 3330 1626 viro
3368 1572 3432 1627 de
3453 1588 3545 1643 quo
3570 1575 3712 1643 loqui-

2198 1679 2340 1730 mur,
2358 1665 2402 1719 si
2419 1679 2610 1719 uovam
2632 1664 2952 1719 sententiam
2971 1678 3143 1719 meam
3162 1664 3456 1735 sequimini,
3474 1666 3712 1722 secundum

508 1758 604 1823 ait,
638 1757 689 1811 in
726 1756 915 1811 diebus
945 1756 1201 1825 antiquis,
1240 1765 1297 1809 ut
1323 1754 1649 1810 tabernaculi
1677 1754 1896 1809 foederis
1924 1753 2095 1807 forma
2123 1746 2173 1807 Β
2200 1764 2430 1811 vestram
2456 1767 2694 1813 veterem
2719 1764 3033 1812 consonate.

507 1855 875 1917 consurgeret,
905 1856 1049 1901 totus
1076 1846 1237 1900 Israel
1260 1846 1312 1899 in
1334 1860 1519 1900 eremo
1540 1854 1663 1900 ante
1685 1844 1973 1899 Beseleelis
1994 1858 2090 1912 pe-

505 1938 624 2002 des,
655 1936 884 1992 oblatitii
922 1936 1226 2006 symbolum
1254 1934 1594 1989 coacervavit
1628 1932 1904 2003 impendii.
1938 1932 2095 1987 Salo-

507 2043 634 2084 mon
665 2029 937 2097 deinceps,
967 2037 1025 2082 ut
1049 2026 1304 2096 templum
1331 2024 1623 2081 aedificaret
1648 2024 1701 2078 in
1720 2025 1975 2095 Solymis,
1998 2039 2093 2078 εο-

507 2121 645 2176 lidas
665 2120 846 2190 populi
868 2122 1011 2174 vires
1043 2121 1093 2173 in
1116 2133 1279 2188 opere
1304 2118 1580 2173 concussit
1605 2131 1620 2170 :
1642 2116 1889 2185 quamvis
1921 2114 2093 2169 Palae-

506 2213 771 2267 stinorum
805 2211 1044 2281 captivas
1090 2225 1222 2280 Opes
1246 2251 1262 2273 ,
1311 2219 1367 2263 et
1403 2207 1875 2276 circumiectorum
1905 2220 2092 2276 regum

507 2305 814 2360 tributarias
840 2302 1162 2366 functiones.
1186 2301 1437 2356 australis
1470 2302 1668 2370 reginae
1692 2299 1924 2354 Sabaitis
1964 2313 2095 2369 gaza

505 2394 881 2450 cumulaverit.
912 2394 1009 2448 llic
1038 2393 1192 2448 vobis
1221 2391 1504 2448 ecclesiam
1530 2392 1764 2461 juvenis,
1795 2390 1970 2458 miles,
2016 2401 2096 2445 tc-

505 2488 626 2543 nuis
648 2532 663 2556 ,
711 2488 885 2553 solus,
916 2487 1093 2541 adhuc
1122 2486 1266 2540 filius
1308 2484 1565 2550 familias,
1597 2493 1653 2539 et
1686 2484 1795 2553 jam
1822 2492 1977 2553 pater
2003 2497 2098 2539 εκ·-

505 2580 721 2635 struxit.
751 2578 859 2633 Nec
905 2578 1052 2632 illum
1101 2592 1131 2631 a
1174 2576 1448 2646 proposita
1488 2574 1773 2630 devotione
1819 2573 2097 2643 suspendit

504 2671 590 2726 vel
628 2671 889 2725 tenacitas
936 2684 1165 2735 senum,
1208 2670 1295 2722 vel
1346 2668 1569 2723 intuitus
1613 2667 2000 2738 parvulorum:
2042 2675 2099 2722 et

508 2772 685 2819 tamen
734 2764 832 2818 fuit
875 2761 902 2801 ι’
946 2777 1156 2818 morum
1205 2762 1410 2817 factura
1453 2776 1574 2832 quae
1612 2770 1836 2816 taceret.
1871 2760 1965 2815 Vir
2016 2769 2098 2815 est

504 2874 757 2930 namque,
791 2859 846 2913 ni
879 2859 1054 2926 fallor,
1082 2860 1248 2913 totius
1281 2857 1654 2928 popularitatis
1692 2856 1900 2912 alienus
1928 2874 1943 2911 :
1970 2872 2098 2927 gra-

505 2952 631 3005 tiam
661 2966 766 3005 non
806 2959 984 3019 captat
1013 2952 1251 3005 omnium
1272 2992 1286 3017 ,
1319 2951 1414 3004 sed
1456 2950 1760 3015 bonorum;
1816 2965 1921 3004 non
1955 2950 2097 3004 indi-

505 3050 678 3096 screta
710 3041 1071 3095 familiaritate
1100 3042 1366 3095 vilescens
1390 3080 1406 3105 ,
1440 3040 1533 3095 sed
1563 3039 1869 3095 examinata
1898 3040 2095 3096 sodali-

2777 1846 3110 1905 EPISTOLA
3148 1849 3220 1907 Χ.

2410 1943 2661 1999 Sidonius
2697 1958 2848 2013 papa:
2883 1951 2903 1979 ο
2935 1942 3178 2008 Auspicio
3204 1957 3295 1996 suo
3320 1942 3535 1996 salutem.

2266 2034 2322 2090 Si
2360 2036 2497 2090 ratio
2545 2043 2845 2102 temporum
2890 2032 3280 2102 regionumque
3323 2040 3601 2102 pateretur,
3633 2040 3717 2087 non

2198 2139 2293 2194 per
2332 2124 2443 2179 sola
2481 2124 2658 2179 ofﬁcia
2694 2123 2978 2177 verborum
3015 2124 3284 2179 amicitias
3314 2124 3465 2178 semel
3493 2125 3627 2179 initas
3646 2138 3720 2177 ex-

2197 2215 2376 2271 colere
2414 2229 2682 2270 curarem.
2718 2213 2824 2269 Sed
2860 2214 3113 2281 quoniam
3154 2213 3400 2269 fraternae
3431 2214 3601 2284 quietis
3623 2222 3721 2267 voto

2197 2306 2327 2360 satis
2369 2306 2633 2373 obstrepit
2679 2305 3103 2360 conflictantium
3156 2306 3389 2375 procella
3440 2319 3720 2375 regnorum;

2199 2397 2374 2453 saltim
2402 2397 2543 2452 inter
2571 2397 2835 2453 discretos
2864 2405 3257 2467 separatosque
3285 2396 3512 2452 litterarii
3538 2410 3724 2451 consuea

2200 2488 2331 2544 tudo
2358 2487 2628 2544 sermonis
2655 2488 2777 2558 jure
2805 2488 3145 2553 retinebitur,
3175 2504 3297 2558 qua:
3321 2490 3426 2557 jam
3454 2487 3631 2557 pridem
3657 2501 3727 2540 ca-

2200 2578 2371 2634 ritatis
2396 2578 2619 2634 obtentu
2641 2578 2833 2634 merito
2860 2579 3072 2633 inducta
3092 2578 3369 2633 veteribus
3396 2578 3564 2631 annuit
3582 2590 3725 2631 exem-

2200 2671 2323 2742 plis.
2365 2673 2624 2739 Superest
2663 2680 2717 2724 ut
2761 2669 2995 2725 sollicito
3045 2668 3357 2725 veneratori
3402 2668 3589 2737 culpam
3626 2673 3727 2719 rate

2200 2761 2532 2819 occursionis
2570 2760 2848 2830 indulgeas
2880 2778 2895 2816 :
2937 2775 3055 2830 qua:
3084 2761 3374 2830 quominus
3401 2758 3594 2813 assidue
3616 2770 3729 2810 con-

2200 2864 2416 2923 spectus
2434 2854 2508 2908 tui
2531 2861 2874 2908 sacrosancta
2895 2852 3357 2921 contemplatione
3378 2853 3603 2920 potiatur,
3618 2859 3732 2900 nunc

2201 2946 2494 3017 periculum
2522 2945 2590 3001 de
2626 2944 2819 2999 vicinis
2851 2944 3019 3008 timet,
3052 2958 3201 2998 nunc
3226 2942 3472 2998 invidiam
3496 2939 3555 2994 de
3579 2944 3728 3008 patro-

2204 3038 2308 3093 nis.
2332 3038 2436 3093 Sed
2483 3037 2553 3092 de
2585 3037 2669 3092 his
2704 3038 2803 3092 ista
2841 3037 2956 3091 haec
3001 3036 3164 3091 etiam
3200 3036 3363 3091 multa
3394 3041 3527 3088 sunt.
3556 3030 3732 3085 Interim

505 3142 613 3188 tate
641 3132 940 3202 pretiosus;
984 3142 1039 3186 et
1073 3134 1229 3203 196
1251 3133 1394 3186 bono
1413 3132 1588 3186 viratu
1613 3132 1822 3186 aemulis
1847 3133 1959 3187 suis
1981 3147 2092 3187 ma-
2122 3114 2169 3177 C
2199 3128 2412 3183 Petrum
2436 3172 2451 3197 ,
2482 3127 2816 3181 tribunitium
2862 3125 3033 3181 virum
3056 3168 3072 3193 ,
3103 3126 3420 3194 portitorem
3462 3120 3609 3177 nostri
3644 3132 3734 3173 ser-

505 3228 587 3297 gis
615 3226 872 3296 prodesse
898 3225 1120 3294 cupiens
1148 3239 1307 3295 quam
1336 3225 1549 3293 placere
1574 3241 1588 3289 ;
1621 3226 1826 3279 severis
1855 3224 2094 3294 patribus

504 3316 918 3387 comparandus,
944 3318 1034 3386 qui
1057 3317 1314 3385 juvenum
1338 3316 1568 3369 filiorum
1595 3324 1831 3371 nontam
1858 3317 2096 3385 cogitant

506 3417 631 3463 vota
663 3423 821 3478 quam
848 3408 1151 3462 commoda.
1188 3409 1240 3460 In
1271 3406 1514 3462 adversis
1540 3416 1818 3472 constans,
1845 3410 1897 3461 In
1919 3408 2094 3464 dubiis

507 3500 742 3565 fidus,in
785 3499 1058 3568 prosperis
1106 3499 1402 3565 modestus,
1436 3498 1489 3553 in
1535 3498 1717 3554 habitu
1745 3499 1995 3569 simplex,
2038 3500 2093 3555 in

504 3606 754 3647 sermone
782 3593 972 3656 comis,
1003 3592 1057 3645 in
1087 3591 1440 3645 contubernio
1469 3591 1714 3662 aequalis,
1762 3593 1815 3647 in
1868 3593 2095 3648 consilio

507 3682 842 3752 praecellens.
896 3682 1173 3737 Amicitias
1233 3684 1481 3751 probatas
1510 3684 1671 3738 enixe
1714 3684 1935 3753 expetit,
1968 3700 2096 3739 con-

505 3783 711 3827 stanter
740 3773 970 3839 retinet,
1013 3776 1327 3841 perenniter
1378 3782 1576 3828 servat.
1619 3775 1928 3830 Inimicitias
1958 3775 2097 3831 indi-

506 3873 621 3919 etas
652 3864 877 3917 honeste
898 3872 1133 3927 exercet,
1168 3864 1319 3918 tarde
1349 3865 1539 3928 credit,
1566 3866 1814 3923 celeriter
1838 3867 2090 3937 deponit:

507 3957 741 4009 maxime
771 3954 1119 4020 ambiendus,
1160 3955 1281 4024 quia
1332 3954 1554 4011 minime
1600 3958 1916 4012 ambitiosus
1940 3998 1955 4023 ,
1988 3973 2095 4013 non

506 4047 688 4101 studet
717 4049 991 4114 suscipere
1014 4047 1397 4111 sacerdotium,
1419 4047 1515 4101 sed
1544 4050 1761 4102 mereri.
1783 4047 1935 4103 Dicet
1958 4050 2093 4103 mihi

504 4137 698 4207 aliquis
737 4153 752 4194 :
799 4136 950 4191 Unde
988 4137 1082 4191 tibi
1126 4137 1193 4191 de
1235 4137 1329 4192 illo
1361 4149 1467 4192 tam
1507 4140 1784 4205 citotanta
1821 4152 2095 4210 comperta

508 4230 668 4285 sunt?
692 4229 788 4287 Cui
817 4228 1137 4295 respondeo,
1165 4228 1322 4283 Prius
1352 4230 1617 4299 Bituriges
1650 4245 1905 4285 noveram
1935 4248 2093 4299 quam

508 4321 792 4391 Biturigas.
811 4319 1001 4373 Multos
1024 4320 1077 4373 in
1095 4319 1307 4385 itinere,
1322 4318 1519 4375 multos
1536 4322 1587 4376 in
1603 4321 1937 4391 commilitio,
1960 4324 2095 4377 mul-

508 4422 592 4467 tos
630 4413 682 4467 in
736 4420 1042 4477 contractu,
1070 4411 1270 4466 multos
1299 4412 1353 4466 in
1380 4420 1633 4480 tractatu,
1663 4415 1860 4471 multos
1886 4416 1938 4470 in
1970 4432 2087 4485 sua,

2197 3222 2374 3276 monis
2403 3221 2637 3284 insinuo,
2670 3220 2761 3290 qui
2788 3220 2838 3273 id
2867 3220 3039 3289 ipsum
3070 3219 3265 3274 sedulo
3294 3217 3555 3287 exposcit;
3579 3212 3738 3282 quique

2197 3313 2327 3383 quid
2361 3312 2557 3381 negotii
2580 3311 2719 3367 ferat
2746 3303 3117 3381 prmseut'aneo
3148 3307 3571 3380 compendiosius
3597 3308 3737 3372 potest

2199 3406 2447 3460 intimare
2477 3411 2776 3458 memoratu
2810 3421 2823 3457 :
2878 3405 2965 3457 cui
2998 3416 3218 3472 precor,
3257 3401 3398 3472 quod
3433 3398 3484 3453 in
3519 3395 3653 3451 vobis
3675 3398 3741 3445 est

2197 3500 2334 3569 ορίεν
2357 3496 2550 3552 imum!
2568 3495 2949 3566 ροκίηωιθε
2967 3496 3258 3564 ρι’ωεεηιὶε
3273 3492 3511 3554 accedat;
3533 3492 3740 3541 manente

2198 3600 2446 3662 respectu
2500 3589 2847 3644 nihilominus
2896 3587 3206 3658 mquitatis,
3256 3592 3442 3641 contra
3489 3592 3629 3650 quam
3663 3586 3742 3628 nec

2198 3686 2368 3754 magis
2425 3682 2767 3737 familiarium
2823 3694 3014 3734 causas
3069 3676 3455 3734 commendare
3502 3664 3738 3728 consuevi.

2199 3780 2405 3836 Memor
2428 3777 2601 3833 nostri
2632 3789 2755 3830 esse
2782 3774 3027 3843 dignare,
3051 3773 3275 3828 domine
3298 3785 3449 3842 papa.

2760 3865 3095 3922 EPISTULA
3132 3864 3229 3919 XI.

2414 3961 2659 4017 Sidonius
2686 3959 2896 4013 domino
2937 3974 3087 4028 papa:
3118 3956 3311 4011 erco
3339 3942 3564 4009 salutem.

2272 4052 2488 4108 Invideo
2520 4051 2763 4106 felicitati
2792 4047 3256 4105 consuetudinarii
3298 4041 3587 4116 portitoris,
3611 4052 3635 4091 a
3662 4047 3749 4104 quo

2199 4147 2424 4215 contigit
2450 4144 2647 4215 saepius
2676 4158 2773 4198 vos
2800 4142 2996 4197 videri.
3028 4140 3136 4197 Sed
3167 4140 3301 4211 quid
3326 4138 3397 4193 de
3443 4131 3666 4191 Amantio
3688 4127 3755 4181 lo-

2197 4252 2360 4308 quar,
2404 4252 2524 4291 cum
2567 4236 2711 4307 ipsas
2735 4248 2949 4305 quoque
2983 4232 3196 4287 litteras
3223 4245 3377 4287 meas
3407 4226 3631 4285 :cmuler,
3654 4229 3751 4287 qua:

2198 4329 2556 4385 sacrosanctis
2588 4326 2977 4382 reserabuntur
3005 4324 3214 4393 digitis,
3249 4319 3596 4390 inspicientur
3619 4315 3748 4366 obtu-

2166 4470 2177 4481 .
2199 4424 2375 4481 tibus?
2392 4423 2456 4478 Et
2472 4438 2571 4493 ego
2592 4422 2711 4476 istic
2726 4421 2867 4475 inter
2889 4418 3174 4475 semiustas
3190 4416 3339 4471 muri
3370 4412 3562 4482 fragilis
3576 4410 3753 4463 clausus

507 4506 704 4560 multos
744 4505 798 4559 in
831 4514 1012 4559 nostra
1057 4505 1488 4576 peregrinatione
1537 4508 1929 4576 cognoscimus.
1970 4509 2093 4564 Plu-
2119 4491 2174 4552 Ῑ)
2201 4491 2657 4590 angustiam—belli
2687 4523 2895 4569 terrore
2924 4512 3156 4581 contigui
3183 4548 3201 4575 ,
3238 4508 3511 4566 desiderio
3536 4504 3597 4560 de
3632 4496 3755 4552 vobis

507 4599 642 4651 rima
668 4596 873 4651 notitia:
901 4598 1093 4651 dantur
1118 4606 1173 4652 et
1194 4613 1259 4651 ex
1287 4598 1541 4667 opinione
1564 4601 1883 4670 compendia
1910 4613 1925 4656 :
1967 4602 2092 4673 quia

508 4701 617 4742 non
644 4695 750 4741 tam
782 4700 975 4755 parvos
1001 4688 1260 4743 terminos
1292 4689 1470 4758 posuit
1496 4689 1652 4745 famae
1688 4701 1894 4758 natura,
1930 4709 2090 4764 quam

509 4780 715 4849 patriae.
744 4778 1004 4844 Quocirca
1034 4780 1077 4831 si
1110 4779 1318 4834 urbium
1358 4789 1529 4836 status
1559 4798 1664 4836 non
1684 4790 1791 4837 tam
1815 4800 2089 4841 murorum

507 4871 733 4939 ambitu,
758 4885 915 4939 quam
940 4869 1131 4923 civium
1153 4871 1393 4927 claritate
1421 4875 1683 4929 taxandus
1699 4886 1819 4943 est;
1846 4892 1952 4933 non
1978 4895 2092 4935 mo-

509 4963 580 5017 do
602 4962 831 5031 primum
868 4962 959 5031 qui
988 4961 1199 5028 essetis,
1224 4962 1316 5019 sed
1349 4965 1438 5019 ubi
1470 4970 1663 5023 essetis
1691 4974 1905 5039 agnovi.
1941 4972 2092 5028 Uxor

510 5052 585 5108 illi
616 5053 685 5109 de
716 5052 1073 5107 Palladiorum
1102 5054 1268 5124 stirpe
1305 5054 1601 5124 descendit,
1630 5061 1718 5129 qui
1754 5070 1845 5115 aut
1874 5062 2090 5119 littera-

567 5209 743 5292 sliinc
780 5218 922 5292 patet
944 5209 1252 5292 .Palladium
1285 5220 1343 5292 et
1371 5214 1475 5285 77
1507 5215 1814 5292 Bulodium,
1854 5223 1942 5289 qui
1977 5239 2098 5292 pro.

509 5282 637 5337 simi
658 5282 1672 5361 fuerantcpiscopillituriceneESJIunc
1690 5282 1916 5361 patrem,
1934 5282 2082 5350 illum

509 5368 763 5428 socerum
791 5352 1080 5428 Sitnplicii_
1106 5354 1289 5428 fuisse.
1329 5356 1550 5428 Palladii
1581 5352 1708 5428 ergo
1750 5362 1854 5415 lilia
1882 5352 1915 5427 ,’
1952 5381 2086 5421 uxor

508 5424 789 5545 Simqlitcii.
824 5424 996 5479 Infra:
1038 5422 1180 5477 Uxor
1205 5424 1286 5477 illi
1320 5426 1383 5479 de
1413 5422 1771 5483 Palladiorum
1807 5422 1965 5505 stirpe
1997 5438 2089 5491 de-

509 5510 682 5545 scemt
715 5533 730 5545 .

509 5506 705 5548 scendit
715 5533 730 5548 .

583 5565 610 5600 ι)
638 5565 712 5618 Ita
744 5564 902 5620 fuerit
931 5565 1168 5620 moribus
1191 5567 1539 5635 compositus,
1569 5580 1627 5623 ut
1656 5574 1935 5628 ecclesiam
1965 5593 1994 5630 a
2027 5593 2085 5632 se

512 5635 780 5711 conditam
804 5676 818 5699 ,
860 5636 1068 5711 Iaudem
1099 5640 1303 5702 vitans,
1333 5639 1545 5711 silentio
1587 5656 1873 5711 premeret.
1909 5647 2085 5702 Utitur

513 5703 699 5758 eadem
730 5720 858 5760 voce
883 5708 1126 5763 Ruricius
1148 5712 1301 5777 cpist.
1329 5708 1421 5764 M:
1453 5703 1653 5781 Equinn
1681 5715 1881 5784 qualem
1903 5720 2083 5786 jusse-

2198 4626 2321 4667 meo
2350 4622 2687 4679 nequaquam
2711 4604 3021 4661 satisfacere
3056 4603 3369 4673 permittor.
3393 4602 3563 4667 Atque
3584 4592 3755 4647 utinam

2198 4702 2312 4757 lucc
2362 4708 2507 4757 esset
2553 4701 2811 4753 Arverna:
2853 4698 3020 4750 forma
3072 4694 3157 4750 vel
3198 4707 3370 4748 causa
3420 4686 3681 4759 regionis,
3713 4686 3758 4732 ιιι

2196 4794 2372 4849 minus
2419 4790 2757 4846 excusabiles
2807 4801 3217 4842 excusaremur.
3252 4783 3363 4839 Sed
3403 4780 3543 4852 quod
3575 4786 3648 4832 est
3681 4772 3759 4825 du-

2194 4889 2325 4949 rius,
2356 4899 2454 4955 per
2481 4881 2757 4951 iniustitia:
2788 4887 2986 4934 nostra:
3028 4877 3222 4933 merita
3258 4875 3562 4937 conficitur,
3591 4877 3641 4923 ut
3680 4880 3756 4920 ex-

2193 4976 2398 5033 cusatio
2443 4973 2598 5030 nobis
2639 4972 2782 5040 justa
2809 4987 2918 5024 non
2966 4968 3124 5024 desit.
3157 4967 3437 5035 Quocirca
3478 4958 3762 5017 salutatione

2198 5072 2437 5143 prazfata,
2462 5068 2600 5124 sicut
2621 5080 2741 5120 mos
2770 5064 2943 5135 poscit
2966 5062 3151 5128 officii,
3177 5070 3517 5131 magnopere
3536 5054 3763 5122 deposco,

2203 5245 2288 5282 ras
2304 5226 2569 5292 destinavi,
2581 5223 2970 5279 mansuetudine
2984 5222 3273 5290 placidum,
3291 5217 3533 5273 membris
3546 5210 3762 5294 ratifittttt.

2193 5301 2397 5367 ﬁrmum
2418 5298 2617 5361 robore,
2644 5297 2810 5365 forma
2832 5300 3177 5365 praestantem,
3200 5296 3417 5362 {actura
3440 5292 3765 5357 compositum.

2194 5371 2378 5423 animis
2410 5379 2757 5437 temperatum.

2270 5450 2291 5478 ε
2322 5430 2559 5494 'ftillensi
2592 5439 2886 5491 Leucorum
2926 5434 3204 5503 episcopo.
3242 5433 3462 5502 Scripta
3507 5441 3613 5499 quo
3655 5430 3764 5503 tctu-

2198 5493 2338 5576 pore
2373 5509 2529 5563 Gothi
2570 5523 2689 5562 cum
2721 5493 2977 5561 Romanis
3009 5493 3207 5560 bellum
3241 5493 3550 5576 gerebant,
3582 5505 3631 5551 et
3655 5493 3772 5576 _Bus_'-

2194 5561 2491 5650 gaudiones
2515 5561 2798 5646 Arvernis,
2830 5588 2887 5633 ut
2918 5577 3117 5634 dictum
3140 5561 3273 5642 est,"
3288 5574 3498 5630 auxilio
3526 5561 3671 5626 erant
3696 5561 3764 5613 οὐ·

2196 5667 2381 5708 versus
2407 5650 2635 5708 Gothos.
