3946 6176
392 319 497 375 585

1666 295 1908 360 511)οΝ11
1941 289 2395 356 APOLLINARIS

3573 274 3671 331 584

389 433 732 494 Tricassibus
765 427 948 485 venit:
981 436 1088 495 quo
1117 419 1221 477 loci
1252 416 1385 474 mihi
1426 412 1622 484 raptim
1653 425 1715 465 ac
1751 407 1987 464 breviter
2015 409 2067 468 Α
2094 402 2363 456 duntaxat
2423 395 2788 453 institutorum
2857 397 3038 446 tantus
3093 387 3366 459 colligitur
3425 385 3676 454 affectus,

393 536 689 600 inspectus,
724 532 969 578 sanetum
1000 517 1310 588 episcOpum
1355 511 1559 589 Lupum
1581 547 1598 572 ,
1630 503 1786 558 facile
1827 502 1983 570 prin-

392 594 565 693 cipem
597 613 909 690 pontificum
940 612 1337 668 Gallicanorum
1358 643 1374 669 ,
1406 599 1518 657 sua:
1551 611 1658 654 tam
1691 594 1984 668 professio-

396 716 479 767 nis
526 712 842 780 magistrum
890 718 1049 774 quam
1099 696 1371 769 dignitatis
1417 703 1725 750 auctorem,
1775 699 1983 741 morum

395 804 552 860 nobis
582 778 877 855 imitatione
905 791 1156 850 restituit.
1186 782 1328 844 Deus
1359 785 1530 840 bone!
1565 779 1685 852 qua:
1717 778 1832 833 viro
1859 790 1987 830 cen-

393 912 521 952 sura
563 909 685 949 cum
723 898 1031 953 venustate,
1079 886 1122 940 si
1161 882 1286 953 quid
1326 881 1484 952 201
1516 868 1782 932 deliberet
1824 872 1983 934 forte,

397 989 483 1043 vel
528 985 785 1042 suadeat?
826 980 1079 1036 Abundat
1125 973 1290 1030 animi
1330 973 1446 1027 sale
1493 984 1612 1024 cum
1654 964 1983 1042 consulitur,

399 1078 558 1134 melle
587 1092 708 1130 cum
742 1071 992 1128 consulit.
1020 1068 1238 1123 Summa
1273 1061 1478 1118 homini
1517 1073 1644 1115 cura
1671 1057 1739 1111 de
1770 1055 1984 1117 litteris,

400 1170 496 1224 sed
522 1167 752 1220 maxime
787 1160 1071 1230 religiosis,
1102 1159 1154 1212 in
1187 1156 1380 1226 quibus
1407 1168 1528 1208 eum
1560 1152 1729 1220 magis
1760 1138 1989 1216 occupat

402 1259 634 1318 medulla
688 1269 984 1318 sensuum,
1036 1264 1198 1318 quam
1243 1261 1432 1316 Spuma
1486 1243 1798 1298 verborum.
1855 1239 1988 1292 Tota

401 1353 480 1409 illi
510 1352 778 1406 actionum
802 1358 1018 1400 suarum
1046 1338 1295 1405 intentio,
1327 1334 1599 1399 celeritas,
1633 1345 1802 1394 mora,
1833 1327 1987 1383 Chri-

401 1455 518 1501 stus
556 1453 669 1506 est;
709 1439 961 1510 quodque
991 1433 1188 1488 mirere
1220 1429 1307 1484 vel
1349 1428 1557 1492 laudes,
1591 1424 1721 1478 nihil
1761 1423 1990 1477 Otiosum

404 1535 564 1602 facit,
604 1547 726 1586 cum
771 1529 904 1582 nihil
941 1525 1098 1579 faciat
1138 1535 1246 1576 non
1283 1519 1545 1589 quietum.
1577 1513 1802 1584 Jejuniis
1843 1510 1994 1565 dele-

404 1634 612 1688 ctatur,
657 1620 905 1676 edulibus
954 1612 1286 1684 acquiescit;
1318 1609 1424 1664 illis
1470 1606 1713 1662 adhaeret
1771 1611 1993 1672 propter

407 1715 853 1772 consuetudinem
881 1711 1076 1771 erucis,
1106 1707 1223 1761 istis
1253 1703 1487 1758 flectitur
1518 1707 1737 1769 propter
1763 1695 1989 1765 gratiam

406 1809 666 1864 caritatis.
734 1805 956 1860 Summo
1021 1808 1308 1865 utrumque
1377 1791 1744 1847 moderamine
1795 1805 1808 1840 :

409 1897 737 1970 eomprimit,
765 1894 978 1964 quoties
1008 1889 1274 1960 prandere
1300 1886 1507 1950 Statuit,
1539 1880 1749 1951 gulam;
1782 1877 1994 1946 quoties

414 1965 720 2051 abstinere,
771 1981 1100 2054 jactantiam.
1145 1975 1330 2031 Officia
1377 1969 1696 2039 multiplicat
1747 1965 1994 2036 propria,

409 2083 542 2136 vitat
585 2079 799 2132 aliena:
831 2085 1064 2141 cumque
1103 2067 1204 2137 ipsi
1240 2064 1477 2120 vicissim
1526 2060 1712 2116 deceat
1750 2056 1994 2125 occurri,

411 2172 614 2244 gratius
644 2168 835 2234 habet,
862 2166 907 2219 si
937 2163 1038 2218 sibi
1080 2167 1300 2215 mutuus
1331 2156 1503 2211 honor
1537 2152 1796 2208 debeatur
1821 2152 1994 2216 mage,

412 2278 573 2335 quam
614 2259 962 2330 rependatur.
1009 2255 1064 2309 In
1112 2252 1394 2314 convivio,
1443 2249 1668 2313 itinere,
1708 2259 1998 2309 consessu,

414 2333 756 2412 inferioribus
804 2348 986 2412 cedit;
1039 2359 1145 2415 quo
1199 2343 1257 2396 fit
1299 2351 1356 2396 ut
1401 2354 1460 2394 se
1500 2337 1579 2392 illi
1627 2333 2002 2405 voluptuosius

415 2445 573 2500 turba
632 2448 920 2513 postponat
973 2436 1332 2506 superiorum.
1388 2431 1707 2487 Sermonem
1768 2426 2004 2482 maximo

417 2543 843 2605 temperamento
889 2545 1012 2586 eum
1054 2528 1396 2597 colloquente
1440 2523 1754 2592 dispensat;
1801 2518 1856 2573 in
1897 2533 2005 2588 quo

417 2644 526 2684 non
573 2628 771 2697 patitur
809 2623 1004 2690 ullam,
1043 2629 1136 2674 aut
1171 2615 1546 2673 verecundiam
1597 2622 1875 2678 externus,
1917 2616 2009 2663 aut

418 2719 699 2776 familiaris
729 2715 1009 2784 injuriam,
1039 2720 1131 2765 aut
1170 2707 1424 2764 credulus
1470 2703 1723 2760 invidiam
1745 2741 1761 2768 ,
1794 2710 1887 2755 aut
1913 2714 2007 2756 cu-

420 2812 598 2867 riosus
643 2806 914 2877 repulsam
941 2842 957 2868 ,
1006 2811 1099 2856 aut
1147 2798 1476 2869 suspiciosus
1526 2793 1871 2865 nequitiam:
1919 2797 2009 2846 aut

423 2903 631 2973 peritus
678 2898 1035 2959 calumniam,
1078 2901 1171 2946 aut
1208 2891 1484 2961 imperitus
1529 2886 1823 2942 infamiam.
1869 2885 2014 2941 Sim-

425 2996 718 3066 plicitatem
749 2989 1012 3046 columbae
1057 2987 1108 3040 in
1142 2983 1373 3039 ecclesia
1403 2991 1615 3046 servat,
1646 2980 1699 3034 in
1740 2978 1858 3033 foro
1895 2990 2014 3032 ser-

427 3088 602 3158 pentis
633 3085 912 3146 astutiam;
947 3080 1099 3135 bonis
1129 3077 1398 3147 prudens,
1438 3074 1592 3128 malis
1621 3081 1846 3138 cautus,
1883 3085 2015 3124 neu-

2085 501 2319 563 quantus
2347 505 2448 544 nee
2480 494 2854 557 prtesentanea
2879 481 3164 537 sedulitate
3190 478 3495 534 conficitur.
3523 477 3678 547 Igitur

2085 583 2130 637 si
2176 583 2246 636 ita
2278 589 2392 645 est,
2432 578 2695 633 desistant
2723 572 3041 630 calumniari
3080 572 3384 627 communis
3426 570 3678 625 absentia:

2089 674 2502 738 necessitatem,
2554 670 2714 741 203
2767 667 3013 721 vultuum
3063 679 3220 733 mage
3263 679 3424 733 quam
3475 678 3682 717 morum

2088 764 2491 834 praedicatores.
2529 761 2789 829 Equidem
2817 760 2861 812 si
2893 759 3122 811 humana
3156 754 3457 810 subStantia
3487 755 3683 808 rectius

2089 856 2234 910 mole
2263 869 2421 924 quam
2465 862 2646 907 mente
2692 849 2962 905 censenda
3003 859 3122 915 est,
3167 847 3457 916 plurimum
3501 846 3686 915 ignoro

2091 945 2220 1016 quid
2271 944 2565 998 secundum
2617 939 3042 1010 corpulentiam,
3088 953 3185 1008 per
3225 938 3397 1007 spatia
3444 937 3688 1006 quamvis

2095 1050 2366 1110 porrecta,
2422 1040 2662 1105 finalem,
2697 1039 2748 1091 in
2800 1037 3018 1090 homine
3065 1036 3355 1099 miremur,
3401 1049 3507 1101 quo
3558 1032 3690 1087 nihil

2095 1140 2248 1201 atque
2278 1134 2534 1188 miserum
2561 1126 2984 1196 destitutumque
3013 1125 3268 1183 nascendi
3299 1125 3537 1180 conditio
3566 1139 3691 1194 pro-

2090 1221 2286 1283 duxit:
2326 1227 2525 1297 quippe
2562 1240 2683 1280 cum
2734 1223 2969 1292 praebeat
3019 1230 3273 1289 tanquam
3318 1217 3388 1271 ab
3433 1215 3690 1285 adverso,

2093 1321 2213 1376 bovi
2253 1320 2413 1388 pilus,
2448 1332 2580 1388 apro
2605 1326 2741 1382 seta,
2773 1313 2976 1368 volucri
3018 1313 3198 1381 pluma
3242 1311 3540 1363 vestitum:
3573 1309 3695 1378 qui-

2093 1412 2195 1467 bus
2243 1412 2497 1480 insuper,
2551 1417 2608 1462 ut
2661 1407 2765 1460 vim
2817 1405 2902 1460 vel
2951 1404 3218 1468 inferant,
3259 1403 3343 1455 vel
3393 1401 3692 1470 repellant,

2091 1509 2298 1570 cornu,
2337 1503 2494 1567 dens,
2541 1500 2754 1571 unguis,
2783 1513 2934 1552 arma
2981 1497 3212 1566 genuina
3252 1504 3415 1548 sunt:
3449 1493 3696 1548 membra

2104 1612 2232 1652 vero
2269 1605 2449 1650 nostra
2492 1596 2544 1648 in
2593 1595 2735 1646 hunc
2781 1585 3034 1644 mundum
3075 1590 3191 1643 sola
3235 1599 3459 1642 censeas
3489 1587 3695 1655 ejecta,

2095 1705 2202 1744 non
2225 1687 2366 1742 edita
2392 1704 2407 1742 :
2438 1694 2668 1754 cumque
2696 1681 2977 1752 gignendis
2998 1679 3219 1734 artubus
3247 1678 3561 1732 animalium
3590 1693 3700 1732 ctr-

1867 1786 1992 1855 quia
2029 1783 2075 1842 B
2103 1787 2339 1836 terorum
2385 1777 2677 1833 multifario
2715 1785 2902 1828 natura
2951 1773 3222 1842 praesidio,
3254 1771 3407 1841 quasi
3448 1770 3702 1840 qumdam

2097 1874 2219 1928 sinu
2260 1878 2475 1941 patente
2521 1877 2693 1923 mater
2730 1875 3015 1921 occurrat:
3056 1863 3290 1916 humana
3331 1871 3541 1916 tantum
3565 1877 3704 1930 ,cor-

2100 1980 2231 2034 pora
2271 1961 2491 2026 effudit,
2516 1972 2745 2030 quorum
2779 1956 3132 2012 imbecillitati
3162 1953 3561 2022 quodaminodo
3599 1970 3703 2006 no-

2099 2059 2429 2113 vercarettir.
2458 2053 2591 2109 Nam
2634 2050 2798 2117 illud,
2840 2048 2999 2104 sicuti
3045 2062 3146 2116 ego
3194 2055 3414 2114 eenseo,
3445 2045 3537 2113 qui
3583 2045 3707 2098 ani-

2102 2164 2248 2203 mum
2272 2158 2421 2202 tuum
2447 2145 2704 2200 membris
2725 2143 2865 2198 duco
2891 2141 3179 2212 potiorem,
3203 2155 3307 2194 nou
3334 2138 3497 2194 habet
3523 2154 3709 2208 aequa~

2102 2242 2340 2307 litatem,
2370 2240 2511 2309 quod
2556 2249 2753 2293 statum
2802 2245 3045 2290 nostrum
3091 2249 3251 2302 supra
3306 2233 3545 2302 pecudes
3586 2231 3704 2285 veri

2103 2334 2328 2403 falsique
2379 2331 2627 2398 nescias,
2677 2330 3018 2384 ratiocinatio
3067 2327 3261 2380 animte
3317 2325 3708 2380 intellectualis

2113 2427 2334 2484 evexit:
2369 2426 2522 2495 cujus
2561 2424 2608 2479 si
2657 2425 2917 2493 tantisper
2965 2426 3341 2476 summoveant
3385 2419 3708 2488 dignitatern

2108 2518 2227 2588 isti,
2269 2517 2360 2588 qui
2399 2517 2602 2571 amicos
2649 2513 3033 2569 ludificabundi
3071 2528 3178 2566 non
3211 2522 3315 2564 tam
3342 2509 3703 2580 judicialiter,

2107 2623 2267 2679 quam
2307 2610 2598 2663 oculariter
2625 2607 2932 2669 intuentur;
2961 2603 3176 2670 dicant,-
3207 2600 3369 2655 velim
3389 2640 3404 2664 ,
3435 2599 3490 2653 in
3533 2600 3709 2654 homi-

2110 2705 2196 2759 nis
2224 2702 2395 2758 forma
2425 2701 2552 2771 quid
2597 2700 2728 2754 satis
2769 2707 3050 2769 praestans,
3097 2694 3222 2764 quid
3262 2692 3559 2763 spectabile
3607 2707 3708 2761 pu-

2113 2803 2248 2852 tent.
2273 2791 2765 2850 Proceritatemne?
2787 2791 2939 2859 quasi
2970 2804 3074 2843 non
3100 2789 3212 2841 haec
3236 2799 3380 2854 saepe
3403 2799 3711 2854 congruen-

2114 2891 2219 2943 tius
2241 2887 2482 2942 trabibus
2505 2894 2744 2953 aptetur;
2767 2897 2836 2936 an
2866 2864 3264 2936 fortitudinem?
3299 2893 3418 2948 qua:
3442 2878 3711 2932 valentior

2117 2982 2172 3036 in
2214 2980 2442 3037 leoninae
2469 2979 2695 3034 cervicis
2735 2975 2868 3030 toris
2896 2981 3117 3042 regnat;
3158 2987 3224 3025 an
3253 2971 3505 3027 decorem
3539 2970 3712 3023 linea-

2120 3071 2462 3126 mentorum?
2500 3083 2660 3139 quem
2704 3066 2898 3121 crebro
2938 3065 3127 3120 melius
3172 3062 3373 3131 infigit,
3416 3070 3473 3115 et
3517 3061 3714 3130 argilla

427 3152 528 3235 tris
565 3177 792 3233 callidus
826 3172 1116 3242 judicatur.
1153 3167 1291 3235 Quid
1329 3165 1519 3236 plura?
1549 3163 1742 3218 Totum
1777 3171 1829 3216 te
1859 3161 2013 3216 nobis
2043 3152 2090 3216 C
2120 3166 2452 3231 simulacris,
2493 3172 2550 3219 et
2595 3178 2718 3218 cera
2759 3161 3012 3232 picturis;
3051 3174 3119 3212 an
3167 3157 3548 3213 velocitatem?
3593 3169 3715 3224 quae

427 3271 518 3326 ille
549 3270 659 3340 jam
702 3264 972 3321 reddidit:
1015 3270 1180 3316 totam
1219 3269 1363 3312 tuam
1411 3254 1851 3324 temperantiam,
1889 3250 2018 3306 reli-

427 3364 640 3434 gionem
659 3399 673 3423 ,
705 3357 1007 3412 libertatem
1027 3392 1042 3418 ,
1071 3348 1451 3406 verecundiam
1473 3387 1490 3413 ,
1521 3354 1576 3401 et
1602 3345 1744 3399 illam
1773 3343 2016 3398 delicata:

431 3456 627 3515 mentis
668 3451 1068 3524 pudicissimam
1101 3443 1514 3499 teneritudinem
1553 3438 1784 3510 jocunda
1828 3435 2019 3491 simili-

431 3550 619 3607 tudine
646 3543 951 3612 exscripsit.
979 3541 1316 3610 Quapropter
1343 3541 1598 3604 quantum
1630 3533 1792 3603 202
1829 3530 2018 3584 volue-

431 3641 507 3696 ris
534 3641 789 3705 deinceps
819 3633 918 3687 frui
951 3641 1184 3694 secreto,
1217 3627 1495 3694 indulgere
1531 3623 1801 3686 secessui,
1842 3620 2022 3675 licebit

433 3734 748 3801 indulgeas:
779 3723 1210 3798 quandoquidem
1252 3735 1351 3774 nos
1390 3720 1443 3772 in
1482 3716 1647 3770 fratre
1687 3729 1808 3769 meo
1841 3713 2021 3768 llime-

433 3826 534 3890 rio,
560 3835 718 3875 avum
749 3819 984 3883 nomine,
1012 3822 1217 3884 patrem
1243 3811 1396 3879 facie,
1427 3817 1712 3876 utrumque
1739 3803 2021 3875 prudentia

436 3915 542 3985 jam
574 3924 839 3967 tenemus.
867 3908 1017 3962 Vale.

975 3994 1306 4051 EPISTOLA
1347 3993 1487 4048 XIV.

760 4091 1009 4147 Sidonius
1050 4088 1317 4156 Philagrio
1345 4103 1439 4142 auo
1466 4085 1702 4140 salutem.

510 4186 761 4242 Proxime
812 4186 952 4238 inter
992 4190 1288 4236 summates
1315 4179 1460 4233 viros
1503 4177 1638 4246 (erat
1678 4185 1732 4230 et
1774 4173 2025 4243 frequens

439 4281 596 4351 ordo)
630 4277 792 4334 vestri
838 4275 1040 4330 mentio
1071 4273 1190 4326 fuit.
1221 4272 1422 4325 Omnes
1452 4269 1520 4324 de
1559 4279 1611 4323 te
1647 4267 1774 4322 boni
1805 4267 1857 4320 in
1888 4280 2028 4321 com-

442 4389 602 4428 mune
651 4377 936 4427 senserunt
982 4365 1161 4420 omnia
1210 4364 1388 4429 bona,
1437 4377 1558 4417 cum
1607 4371 1787 4415 tamen
1834 4357 2028 4428 singuli

440 4467 638 4535 quique
680 4462 826 4516 varia
859 4459 1115 4513 virtutum
1157 4471 1352 4526 genera
1397 4454 1682 4510 dixissent.
1723 4452 1868 4508 Sane
1903 4467 2027 4506 cum

443 4521 840 4623 s'ibiOquispiam
878 4550 945 4605 de
977 4521 1259 4618 praesentia
1291 4555 1402 4613 tua,
1435 4545 1586 4615 quasi
1619 4554 1672 4599 te
1702 4545 1870 4614 magis
1900 4559 2027 4599 nos-
2053 4521 2106 4580 D

445 4654 596 4708 seut,
631 4654 824 4711 printer
855 4657 1065 4712 azquum
1097 4639 1480 4710 gloriarentur,
1519 4635 1789 4691 incandui.
1821 4635 2031 4704 Quippe

447 4750 570 4792 cum
600 4733 705 4788 dici
745 4749 852 4787 non
895 4731 1265 4802 :equanimiter
1307 4729 1681 4793 admitterem,
1713 4727 1885 4781 virum
1917 4741 2034 4781 orn-

451 4829 596 4882 nium
638 4826 934 4879 litterarum
967 4823 1321 4877 vicinantibus
1355 4823 1595 4887 rusticis,
1624 4835 1783 4891 quam
1824 4819 2036 4874 institu-

454 4921 521 4975 tis
557 4918 673 4974 fieri
722 4915 1102 4972 remotioribus
1143 4915 1445 4980 notiorem,
1493 4914 1756 4983 processit
1800 4913 1849 4965 in
1895 4912 2033 4965 ulte-

454 5012 594 5066 riora
644 5008 917 5064 contentio
960 5025 974 5062 :
1020 5016 1073 5060 et
1123 5021 1242 5060 cum
1292 5005 1454 5076 aliqui
1500 5020 1661 5075 super
1708 5007 1808 5060 hoc
1853 5016 2038 5060 errore

456 5103 804 5174 pervicaciter
843 5108 1385 5156 controversarentur
1430 5099 1739 5171 (idiotarum
1776 5096 2037 5167 siquidem

456 5205 572 5262 est,
610 5197 748 5251 sicut
795 5193 952 5248 facile
993 5194 1276 5260 convinci,
1318 5194 1388 5247 ita
1436 5192 1653 5246 difficile
1691 5190 2037 5259 compesci),

454 5296 766 5345 constanter
793 5285 1028 5352 asserui,
1068 5287 1112 5339 si
1142 5284 1517 5354 eloquentibus
1548 5283 1735 5338 amicis
1768 5297 2038 5351 nunquam

455 5381 656 5454 agnitio
685 5377 1098 5445 contemplativa
1131 5379 1436 5446 proveniat,
1467 5392 1586 5432 esse
1632 5391 1883 5444 asperum
1903 5415 1918 5438 ,
1958 5385 2042 5428 ut-

455 5488 667 5544 cunque
713 5472 991 5528 tolerabile
1037 5481 1258 5525 tamen:
1301 5471 1418 5540 quia
1459 5472 1781 5539 praevaleant
1830 5469 2040 5538 ingenia

458 5579 584 5629 sua,
615 5580 794 5621 coram
823 5565 1014 5634 quibus
1050 5564 1313 5633 imperitia
1348 5564 1514 5617 civica
1556 5563 1946 5631 peregrinatur,
1975 5560 2042 5616 ad

463 5665 787 5710 remotarum
827 5654 1091 5711 desideria
1131 5653 1546 5724 provinciarum,
1580 5653 1721 5721 style
1751 5650 2045 5706 adminicu-

461 5752 607 5804 lante
645 5753 917 5818 porrigere
951 5767 963 5801 :
1007 5765 1100 5820 per
1140 5764 1295 5820 quem
1344 5761 1716 5818 saepenumero
1757 5745 2038 5804 absentum

2120 3257 2513 3328 competentius
2569 3254 2796 3310 canibus
2849 3251 3171 3316 ascribitur;
3213 3265 3280 3303 an
3327 3248 3714 3317 vigilantiam?

2119 3352 2206 3408 cui
2237 3358 2408 3405 certat
2443 3360 2492 3404 et
2539 3356 2763 3411 noctua;
2794 3345 2956 3416 205.
2981 3360 3047 3398 an
3080 3349 3303 3397 vocem?
3329 3341 3412 3395 eui
3453 3356 3564 3395 non
3600 3356 3716 3395 ces-

2121 3442 2253 3496 serit
2281 3441 2465 3496 asinus
2511 3440 2784 3502 claritate;
2827 3452 2894 3491 an
2944 3435 3294 3490 industriam?
3331 3434 3416 3487 cui
3469 3448 3572 3501 pro
3621 3448 3716 3486 suo

2121 3534 2340 3589 modulo
2366 3529 2667 3601 comparari
2698 3544 2796 3585 nec
2838 3526 3060 3582 formica
3093 3524 3364 3581 formidat.
3404 3524 3513 3580 Sed
3553 3525 3716 3579 forsi-

2122 3634 2210 3680 tan
2251 3624 2543 3696 prmferunt
2583 3623 2690 3676 vim
2741 3620 2994 3675 videndi:
3027 3631 3276 3687 tanquam
3328 3632 3434 3672 non
3470 3619 3540 3670 sit
3582 3615 3714 3670 emi—

2123 3719 2335 3771 nentior
2364 3717 2508 3770 visus
2536 3713 2858 3783 aquilarum.
2902 3712 3200 3766 Prazfcrunt
3235 3707 3489 3762 auliendi
3522 3708 3711 3762 effica-

2123 3805 2301 3861 ciam:
2347 3815 2597 3875 tanquam
2647 3819 2739 3858 sus
2786 3803 3031 3871 hispidus
3081 3815 3186 3855 non
3236 3799 3457 3853 antistet
3503 3800 3711 3853 auditu.

2123 3901 2425 3957 Praeferunt
2452 3899 2712 3954 odorandi
2736 3897 3124 3952 subtilitatem:
3150 3901 3403 3962 tanquam
3437 3908 3542 3946 non
3580 3907 3716 3961 pra:-

2125 3994 2281 4049 cedat
2309 3993 2486 4047 vultur
2526 3990 2747 4046 olfactu.
2786 3987 3086 4042 Prmferunt
3127 3983 3374 4055 guSIandi
3423 3983 3714 4037 discretio-

2127 4100 2250 4141 nem
2279 4101 2293 4137 :
2330 4095 2578 4153 tanquam
2612 4095 2718 4136 non
2759 4079 3052 4150 plurimum
3083 4077 3208 4130 hinc
3245 4090 3343 4129 nos
3375 4075 3636 4128 cedamus
3665 4083 3716 4128 et

2127 4177 2304 4232 simio.
2332 4175 2470 4242 Quid
2499 4174 2568 4228 de
2612 4181 2759 4227 tactu
2811 4171 3021 4241 loquar,
3052 4169 3239 4238 quinto
3270 4180 3434 4222 sensu
3473 4166 3718 4234 corporis

2129 4269 2339 4334 nostri,
2394 4283 2554 4339 quem
2613 4267 2715 4321 sibi
2781 4264 3149 4319 indifferenter
3200 4270 3308 4314 tam
3364 4259 3718 4329 philnsOphus

2130 4379 2288 4433 quam
2311 4361 2635 4416 vermiculus
2659 4359 2951 4427 usurpant?
2978 4357 3152 4410 Taceo
3180 4355 3266 4408 hic
3296 4353 3365 4408 de
3388 4353 3719 4422 appetitibus

2131 4453 2488 4516 illecebrosis,
2515 4466 2647 4522 quos
2679 4451 2729 4504 in
2760 4451 2903 4504 coitu
2936 4449 3099 4502 motui
3134 4446 3368 4502 belluino
3403 4447 3585 4500 carnis
3624 4446 3719 4497 hu-

2135 4561 2306 4600 mana:
2349 4545 2592 4614 voluptas
2633 4542 2881 4597 inclinata
2926 4540 3311 4595 communicat.
3363 4537 3503 4591 Ecce
3559 4551 3719 4606 quam

2136 4640 2404 4693 miseriam
2454 4636 2746 4707 praeferunt
2789 4635 3186 4702 excoluntque,
3231 4631 3320 4700 qui
3371 4632 3542 4694 mihi,
3581 4631 3720 4699 quod

2136 4731 2216 4786 eis
2240 4731 2354 4785 solo
2382 4730 2456 4785 sis
2486 4730 2673 4783 obtutu
2705 4729 2911 4795 notior,
2943 4725 3135 4794 turgidi
3177 4725 3452 4778 insultant.
3487 4722 3585 4776 Ast
3624 4737 3722 4792 ego

2137 4823 2284 4877 illum
2325 4836 2538 4890 semper
2565 4819 2888 4887 Philagrium
2919 4819 3093 4882 video,
3124 4817 3275 4885 cuius
3306 4817 3348 4868 si
3392 4819 3618 4869 tacent's
3649 4816 3723 4863 vi-

2138 4914 2318 4968 derem
2353 4912 2572 4976 faciem,
2606 4909 2928 4980 Philagrium
2970 4924 3075 4962 non
3106 4907 3369 4963 viderem.
3397 4904 3551 4960 Unde
3597 4904 3721 4956 illud

2141 5006 2319 5061 simile
2346 5005 2617 5074 vulgatum
2648 5013 2758 5069 est,
2803 5003 2941 5072 quod
2984 5000 3057 5053 ait
3099 4999 3312 5068 quidam
3357 4999 3407 5049 in
3448 5011 3608 5049 causa
3642 4996 3720 5046 tli-

2143 5100 2321 5170 spari,
2352 5097 2614 5153 sententia
2664 5097 2774 5167 pari
2810 5115 2821 5147 :
2858 5093 3054 5148 Filium
3098 5093 3174 5146 Μ.
3200 5090 3455 5144 Ciceronis
3505 5091 3724 5158 populus

2145 5193 2409 5246 Romanus
2436 5206 2536 5242 non
2559 5187 2866 5261 agnoscebat
2899 5187 3201 5255 loquentem.
3231 5182 3570 5236 Conclamata
3606 5187 3723 5231 sont

2145 5299 2375 5352 namque
2406 5283 2606 5351 judicio
2639 5281 2920 5334 universali
2958 5278 3194 5330 scientia:
3229 5274 3483 5344 dignitas.
3515 5274 3722 5324 virtus.

2147 5376 2493 5444 prterogativa
2521 5374 2675 5440 cujus
2716 5373 2779 5424 ad
2821 5370 3108 5423 maximum
3156 5370 3365 5421 culmen
3415 5363 3724 5418 meritorum

2145 5467 2399 5538 gradibus
2428 5464 2753 5519 ascenditur.
2786 5461 3024 5516 Primum
3063 5461 3223 5514 etiam
3257 5457 3482 5512 bestiale
3510 5468 3725 5522 Corpus,

2149 5557 2193 5612 si
2215 5558 2324 5626 jam
2356 5556 2490 5611 forte
2521 5555 2805 5609 formatum
2830 5563 2942 5615 est,
2975 5552 3230 5620 dignitate
3259 5547 3589 5602 transcendit
3619 5561 3726 5599 nia.

2149 5652 2334 5706 teriam
2380 5648 2684 5703 informem.
2726 5645 2927 5699 Deinde
2973 5645 3200 5697 formato
3241 5641 3570 5710 przeponitnr
3615 5651 3722 5690 θυι-ι

2149 5757 2251 5812 pus
2314 5741 2626 5797 animatum.
2678 5737 2859 5795 Tertio
2923 5733 3179 5806 praecedit
3228 5735 3456 5788 animam
3511 5729 3732 5796 perustis
