3946 6176
196 310 294 365 595

1378 304 1852 362 EPISTULARUM
1894 307 2022 361 LIB.
2066 307 2193 362 Vill.

3327 316 3429 370 591

196 419 349 474 modo
380 424 583 483 tempus
609 422 688 467 est
713 414 1001 485 serialegi,
1038 417 1172 467 seria
1212 414 1395 475 scribi,
1426 417 1598 484 deque
1629 432 1746 484 per-
1780 422 1821 475 Α
1850 416 2013 485 gloria
2041 416 2326 484 :rqu'p-iri;
2356 417 2493 474 idem
2522 427 2695 473 tamen
2739 436 3003 490 nunquam
3034 440 3092 478 se
3120 424 3249 477 satis
3278 425 3434 477 duxit

198 522 347 578 petua
370 507 475 560 vita
500 506 667 573 potius
689 517 846 574 quam
873 508 1130 557 memoria
1155 508 1398 571 cogitari,
1428 507 1756 574 nimiumque

197 602 513 665 itu-titittisse,
546 606 725 653 nostra
776 604 894 663 post
945 609 1170 650 mortem
1203 614 1306 650 non
1334 599 1611 665 cpttscula.
1659 598 1752 651 sed

196 706 352 761 opera
394 689 681 757 penSanda.
714 688 842 755 Quae
888 688 1100 755 quidem
1151 688 1215 739 ad
1267 704 1501 754 presens
1549 704 1653 742 non
1686 689 1756 742 ita

201 787 399 853 loquor,
428 781 575 850 quasi
598 790 650 833 tu
680 796 782 832 non
813 788 1034 845 utraque
1064 778 1323 831 laudanda
1352 778 1642 831 conﬁcias:
1666 784 1759 832 aut

198 876 236 928 si
263 874 433 926 adhuc
461 873 615 926 durat
644 870 695 923 in
746 882 991 921 sermone
1018 868 1221 933 la-titia,
1277 883 1381 922 non
1426 869 1758 923 custodiatur

200 970 246 1022 iit
282 963 486 1019 actione
506 978 729 1017 censura
764 975 778 1015 :
805 963 897 1014 sed
930 967 987 1014 ιιι
1015 963 1104 1031 qui
1132 961 1349 1015 Cbristo
1383 962 1592 1017 favente
1618 964 1755 1018 clam

199 1066 402 1110 sanctus
436 1056 651 1119 es,jam
701 1054 860 1123 218
905 1055 1074 1120 palam
1124 1053 1371 1121 religiosa
1424 1055 1757 1109 venerandus

201 1149 314 1216 jugo
334 1144 533 1198 salubri
561 1146 695 1197 colla
727 1147 924 1211 pariter
948 1150 1001 1195 et
1028 1143 1189 1196 corda
1218 1145 1446 1197 sitltdnre
1476 1160 1489 1195 :
1522 1144 1758 1212 invigilet

201 1240 495 1297 cmlestlbus
523 1238 695 1308 lingua
722 1239 1020 1307 pral‘COIIiiS,
1046 1240 1224 1292 anima
1248 1241 1547 1301 sententiis,
1571 1241 1755 1294 dextra

201 1329 443 1395 donariis,
470 1330 739 1400 prmeipue
758 1342 929 1383 tamen
954 1329 1140 1383 dextra
1170 1329 1437 1393 donariis;
1464 1330 1581 1398 quia
1605 1331 1759 1399 quid-

201 1422 313 1496 quid
337 1420 577 1479 ecclesiis
599 1424 823 1492 spargis,
856 1422 947 1475 tibi
982 1420 1189 1489 colligis
1219 1436 1234 1475 :
1262 1422 1324 1473 ad
1356 1421 1507 1489 cujus
1536 1421 1757 1477 exerci—

204 1520 264 1573 tia
304 1515 514 1571 virtutis
557 1514 685 1569 illud
726 1514 811 1568 vel
845 1513 1210 1581 principaliter
1237 1520 1289 1565 te
1339 1515 1527 1581 poterit
1570 1528 1757 1567 accen-

202 1609 336 1669 dere,
359 1607 499 1675 quod
529 1606 665 1659 inter
685 1618 811 1672 opes
827 1604 1087 1672 quaslibet
1110 1603 1266 1671 positi
1295 1604 1436 1671 (qua:
1458 1606 1594 1657 bona
1620 1605 1754 1658 stul-

204 1699 265 1751 tis
292 1696 419 1751 falso
444 1694 725 1762 vocantur)
750 1695 793 1746 si
820 1693 946 1763 quid
974 1694 1203 1762 agimus,
1240 1704 1514 1757 nostrum;
1553 1697 1597 1747 si
1627 1695 1752 1764 quid

204 1790 465 1853 habemus,
493 1786 723 1841 alienum
754 1795 857 1838 est.
900 1785 1048 1840 Vale.

753 1896 1078 1953 EPISTULA
1121 1898 1159 1952 ν

507 1992 751 2049 Sidonius
786 1988 1060 2045 Fortunali
1084 2008 1178 2045 suo
1198 1992 1430 2045 salutem.

264 2107 361 2162 lbis
393 2116 444 2159 et
478 2114 537 2160 tu
580 2107 632 2159 itt
687 2106 902 2173 pag’nas
950 2112 1182 2167 nostras,
1216 2104 1462 2157 amicitim
1511 2094 1757 2157 columen

206 2197 520 2259 Fortunalis,
557 2196 873 2248 lbericarutn
902 2192 1066 2247 decus
1094 2192 1301 2246 illustre
1325 2193 1619 2261 regionum.
1652 2191 1759 2248 Ne-

204 2305 292 2357 que
312 2290 446 2341 cuiut
482 2287 581 2340 tibi
614 2285 944 2339 familiaritas
977 2294 1083 2337 tam
1116 2300 1275 2351 parva
1306 2298 1426 2338 cuin
1458 2286 1669 2349 litteris,
1704 2296 1759 2340 ut

204 2398 283 2451 per
311 2383 401 2435 bas
425 2384 574 2449 ipsas
600 2381 666 2434 de
696 2390 746 2433 te
772 2378 968 2448 aliquid
1001 2388 1121 2448 post
1147 2388 1197 2432 te
1228 2393 1509 2447 superesse
1538 2394 1642 2431 non
1666 2379 1760 2431 de-

203 2484 321 2528 ceat.
377 2474 538 2527 Vivet
586 2473 753 2539 ilicet,
796 2472 940 2525 vivet
978 2474 1031 2526 in
1078 2481 1347 2533 posterum
1406 2473 1636 2526 nominis
1685 2471 1757 2525 ttti

200 2565 370 2628 gloria.
394 2564 530 2615 Nam
559 2562 602 2615 si
630 2577 731 2630 qua
758 2570 889 2613 nosti
908 2561 950 2613 is
977 2562 1433 2631 qualitercumque
1457 2563 1644 2630 gratia,
1676 2577 1760 2615 re-

203 2654 437 2719 verentia,
494 2654 627 2707 ﬁdes
670 2654 923 2706 chartulis
963 2654 1120 2715 inest,
1167 2658 1297 2707 sciat
1326 2664 1458 2707 aetas
1496 2656 1619 2706 volo
1664 2667 1762 2723 po-

205 2754 379 2810 slutna,
412 2743 550 2798 nihil
586 2753 671 2797 tua
703 2743 806 2797 t‘tde
854 2745 1078 2809 tirmius,
1110 2746 1277 2798 forma
1311 2745 1603 2813 pulchrius,
1636 2758 1761 2799 Sen-

207 2835 349 2889 tentia
371 2833 594 2905 justius,
627 2834 880 2901 patientia
919 2836 1249 2899 tolerantius,
1280 2835 1759 2905 colloquiojncun-

207 2928 326 2978 dius.
358 2926 483 2979 Illud
513 2940 729 2993 quoque
766 2940 928 2992 supra
959 2937 1152 2981 (κείρω
1192 2937 1469 2993 agnoscet,
1496 2926 1757 2993 praeconia

209 3018 429 3072 laudibus
460 3029 515 3071 tu
541 3032 569 3070 s
605 3032 669 3070 ex
698 3028 938 3071 votorum
964 3019 1341 3071 contrarletate
1364 3016 1595 3070 venisse.
1629 3017 1758 3071 Nam

206 3126 352 3178 prope
389 3120 489 3174 est,
542 3118 603 3162 ut
630 3105 948 3163 eminentius
988 3116 1292 3174 censeatur,
1332 3108 1473 3177 quod
1503 3108 1760 3177 probave-
1787 3130 1831 3193 ς

206 3211 311 3253 rant
339 3210 388 3255 te
416 3201 650 3255 adversa
699 3209 1060 3262 constantem,
1103 3214 1263 3269 quam
1312 3196 1357 3253 si
1396 3196 1630 3255 celarent
1676 3215 1763 3255 se-

206 3292 357 3345 cunila
388 3292 623 3346 felicem.
663 3290 813 3344 Vale.

648 3404 808 3474 219
848 3397 1176 3457 EPISTOLA
1218 3398 1305 3456 vt.

455 3497 710 3551 Sidonius
740 3505 765 3530 ⁸
803 3494 1095 3547 A'ammatio
1131 3510 1223 3547 suo
1248 3494 1487 3547 salutem.

266 3610 321 3663 (ἒ.
356 3608 627 3663 (Συεετιτειη
676 3609 1012 3671 dittatorem,
1058 3623 1162 3673 quo
1196 3607 1371 3661 ferunt
1410 3606 1609 3660 nullum
1644 3617 1754 3659 rem

210 3700 466 3753 militarem
496 3699 745 3753 ducalius
767 3698 1186 3765 administrasse,
1221 3700 1394 3751 studia
1422 3699 1655 3753 dictandi
1685 3699 1757 3753 le-

210 3793 511 3860 ettandique
554 3790 658 3843 sibi
689 3799 871 3843 mutuo
901 3791 1259 3845 vindicavere.
1304 3791 1369 3843 Et
1398 3792 1518 3844 licet
1568 3792 1620 3845 in
1649 3806 1762 3860 per-

210 3900 319 3936 sona
348 3886 499 3937 ttnins
545 3884 895 3952 ejusdemque
935 3890 1175 3951 tempore
1213 3896 1310 3935 suo
1346 3887 1602 3953 principis
1629 3884 1752 3948 viri,

210 3978 490 4044 castrensis,
515 3975 875 4044 oratoriaeque
892 3974 1126 4029 scientia.-
1146 3991 1271 4028 cura
1293 3976 1577 4030 certaverit
1592 3974 1759 4031 ferme

266 4188 287 4214 ⁸
316 4175 422 4231 Non
453 4178 625 4246 liquet
654 4192 719 4246 an
751 4176 836 4230 ltic
878 4178 947 4230 sit
986 4176 1275 4239 Natmtius,
1306 4188 1565 4230 consocer
1593 4170 1748 4231 Ruri-

208 4248 283 4309 cii,
307 4248 367 4298 ad
391 4264 548 4314 quem
578 4256 631 4309 ιι
650 4245 959 4299 Cerauniam
987 4249 1101 4311 ejus
1122 4245 1400 4316 conjugetn
1426 4258 1634 4302 exstant
1657 4248 1753 4303 ali-

209 4330 316 4383 quot
341 4319 580 4384 cpistolzc
613 4318 809 4369 liurieti
837 4316 1095 4383 ejusdem.

268 4388 290 4425 ιι
317 4386 705 4453 Lugdune-usis,
756 4402 818 4439 ex
852 4389 1117 4455 advocato
1156 4385 1297 4441 sedis
1324 4388 1654 4455 praetoriana:
1699 4397 1754 4442 et

209 4471 312 4511 asse
338 4473 477 4520 sore,
506 4460 591 4508 vir
622 4454 950 4519 siiec'ahilis.
985 4454 1115 4511 Tres
1163 4454 1338 4509 autent
1375 4459 1751 4511 honoratorum

210 4526 384 4590 gradus
414 4526 464 4580 itt
498 4542 605 4577 uno
636 4526 896 4589 distiuxi',
936 4525 1365 4587 clarissitnatum,
1398 4529 1751 4589 spe-etabilita-

211 4604 322 4660 leui,
350 4600 669 4650 illustratum
706 4615 717 4648 :
748 4600 813 4649 de
862 4598 1052 4663 quibus
1099 4597 1447 4649 Cassiodorus
1482 4596 1754 4650 Variarum

214 4664 291 4717 lilt.
321 4684 365 4718 vt
393 4678 447 4720 et
473 4682 569 4719 \‘ll.
596 4668 666 4718 lla
686 4668 737 4719 in
765 4668 937 4718 eilicm
969 4664 1212 4720 llunet'ici
1241 4667 1376 4731 regis
1404 4666 1540 4732 apud
1578 4665 1758 4721 Victo-

212 4748 308 4789 rem
337 4736 635 4792 Uticensem
671 4736 761 4788 lib.
795 4752 846 4789 ιιι
891 4737 1235 4804 tle-signantur
1273 4734 1515 4793 illustres.
1558 4750 1756 4806 specta-

213 4807 269 4855 ιιι
294 4824 333 4869 δ,
364 4818 641 4864 senatores,
675 4806 773 4857 hoc
800 4818 880 4857 est
920 4806 1217 4858 clarissittti.
1252 4806 1311 4858 Et
1342 4821 1370 4855 ρ
1407 4806 1595 4872 triplici
1621 4809 1755 4870 judi-

213 4888 313 4927 citm
336 4879 498 4941 gradu
526 4876 879 4944 provinciales
912 4888 1146 4930 rectores
1174 4875 1450 4928 claris-imi
1482 4890 1652 4941 erant,
1680 4880 1761 4931 vi-

212 4944 321 4998 carii
363 4948 621 5011 majorum
649 4946 939 4998 diiecesum
987 4946 1320 5012 spectabiles,
1368 4945 1598 5012 prml'ecli
1633 4962 1760 5013 prm-

214 5016 333 5068 torio
368 5017 621 5068 illustres.
662 5016 921 5068 Nicetium
964 5018 1138 5082 itaque
1168 5013 1520 5069 clarissimum
1558 5021 1755 5070 iecerat

214 5095 340 5135 ortu;
370 5086 665 5137 senatorius
704 5104 714 5138 :
740 5083 1077 5151 speetabib-m
1102 5087 1362 5138 diuturnze
1394 5088 1756 5140 advocationis

214 5157 529 5218 pra-teriam}?
570 5157 923 5221 privilegium,
957 5172 1020 5208 ex
1054 5154 1266 5208 Novella
1308 5156 1658 5209 Valentiniani
1690 5159 1757 5209 de

214 5228 529 5289 intstttlando,
548 5241 664 5293 qua!
687 5226 956 5279 advocatis
978 5223 1190 5293 postrlt‘i
1216 5240 1383 5277 annos
1402 5226 1486 5291 jus
1514 5227 1758 5279 cont-edit

215 5295 408 5414 lnaria:
434 5292 729 5364 dignitatis.
774 5295 1035 5349 lllustrem
1080 5292 1308 5363 denique
1352 5297 1535 5349 merita
1570 5297 1757 5349 redde—

274 5381 299 5412 ΙΙ
328 5404 341 5414 .

277 5444 297 5469 ε
322 5433 489 5488 Patris
513 5435 591 5486 sui
618 5448 806 5487 nomen
828 5434 1076 5489 Sidonius
1105 5448 1361 5499 nusquam
1401 5433 1527 5495 prod
1555 5439 1592 5485 t.
1620 5434 1760 5487 Prm-

216 5499 391 5556 lm'tum
424 5507 670 5569 prmtorio
708 5503 992 5568 Galliarum
1024 5504 1185 5557 fuisse
1217 5520 1353 5553 anno
1380 5505 1484 5557 Hi
1524 5504 1759 5557 declarat

212 5573 305 5638 33
364 5578 561 5626 Asturii
628 5578 963 5635 Consulatus,
1020 5575 1111 5639 qui
1170 5586 1359 5625 ttonteu
1424 5574 1569 5626 dedit
1615 5590 1757 5626 anno

219 5649 324 5693 ut).
369 5646 449 5695 (lli
482 5646 615 5697 hanc
645 5658 768 5706 ergo
812 5645 1175 5711 pra-fectitratu
1226 5642 1559 5710 prml'eetorzo
1604 5654 1755 5709 patre

219 5727 355 5769 natus
385 5716 450 5768 ab
482 5714 725 5769 Arvando
756 5717 924 5769 dictus
947 5714 1221 5782 Sidonius,
1255 5711 1345 5765 lib.
1379 5728 1413 5773 ι.
1439 5712 1596 5783 epist.
1623 5712 1675 5778 7,
1701 5722 1754 5767 ct

1861 506 1912 559 in
1944 508 2218 575 utriusque
2262 509 2393 561 artis
2435 524 2557 561 arce
2587 513 2961 577 t-otttpositunt,
2990 516 3288 583 priusquam
3337 531 3426 565 ve-

1858 597 1952 649 stri
1986 598 2259 661 Arpinatis
2287 599 2595 653 testimonio
2624 602 2831 654 cmtctis
2860 604 3172 658 mortalibus
3196 607 3428 659 ante'erc

1859 694 2024 740 retur.
2057 688 2206 754 Quod
2253 688 2381 741 ntllti
2425 704 2659 758 quoque,
2690 691 2732 743 si
2772 706 2930 759 parva
2974 696 3175 758 magnis
3204 710 3426 759 compn-

1861 794 1988 831 nerc
2036 778 2180 844 licet,
2223 780 2512 833 secumlum
2556 780 2829 834 modulum
2879 798 3073 845 meum,
3122 801 3427 853 quanquam

1858 869 2235 933 dissimillimo,
2268 871 2770 924 sitnililcracceSsit.
2798 873 2927 937 Qum
2953 890 3110 939 super
3131 884 3347 928 cunctos
3370 884 3425 929 te

1858 965 2247 1031 quamprimum
2292 964 2468 1017 deruit
2506 979 2815 1030 agnoscere,
2868 968 2989 1032 quia
3048 966 3137 1019 tibi
3191 975 3274 1019 est
3315 977 3423 1018 tam

1858 1056 2021 1121 gloria
2054 1069 2168 1105 mea
2199 1066 2355 1123 quam
2392 1055 2705 1107 verecundia
2738 1056 3018 1123 pluriuunn
3056 1072 3217 1111 ειη-ιιι.
3256 1056 3279 1095 δ
3306 1058 3425 1111 Fia-

1859 1143 1976 1195 vius
2003 1144 2255 1206 Nicetius,
2290 1145 2369 1196 vir
2390 1154 2507 1197 ortu
2531 1146 2883 1210 ClarlSB'lllDS,
2914 1148 3188 1215 privilegio
3217 1158 3425 1213 spei-ta-

1859 1233 2003 1295 bilis,
2048 1245 2237 1287 merito
2290 1236 2532 1297 illustris,
2578 1246 2632 1288 et
2677 1237 2945 1290 ltotnii-um
2992 1242 3173 1307 pat'ia:
3227 1251 3423 1293 nostra:

1861 1324 2137 1390 prudentia
2163 1326 2619 1394 peritiaquejuxta
2649 1330 2928 1392 maximus,
2953 1331 3235 1396 prmconio,
3258 1346 3423 1399 quan-

1859 1424 1967 1468 tum
1997 1418 2253 1482 comperi,
2283 1417 2543 1470 immenso
2576 1420 2850 1485 prmscntis
2872 1422 3110 1487 opusculi
3157 1421 3425 1474 volumina

1857 1508 2091 1573 extollit;
2120 1511 2258 1567 insui
2279 1523 2342 1563 cr
2374 1509 2666 1575 praedicans
2703 1511 2845 1578 quod
2881 1510 3138 1578 plurimos
3165 1510 3419 1579 juvennm

1861 1617 1957 1653 nec
1987 1615 2173 1654 senum
2217 1616 2437 1671 paucos,
2466 1602 2612 1656 vario
2635 1618 2829 1669 genere
2868 1596 3100 1657 dictandi
3135 1604 3425 1657 militandi-

1859 1706 1984 1757 que,
2016 1692 2212 1759 quippe
2242 1692 2417 1745 adhuc
2455 1707 2569 1745 a-vo
2601 1692 2805 1757 viridis,
2831 1694 2942 1762 ipse
2970 1697 3070 1749 sim
3113 1702 3424 1761 supergres-

1790 1776 1971 1836 Bsns.
2035 1783 2288 1851 Equidem
2331 1783 2382 1836 in
2428 1795 2682 1851 quantum
2730 1784 2841 1838 llcri
2892 1796 3082 1851 prtetcr
3119 1784 3424 1852 jactantiaai

1862 1883 1966 1942 pot-
1988 1884 2058 1939 st,
2081 1875 2289 1943 gaudeo
2320 1874 2387 1928 de
2411 1876 2836 1941 praestantissimi
2876 1874 2975 1927 viri
3014 1876 3347 1935 auctoritate,
3381 1875 3425 1927 si

1859 1976 2037 2019 certus
2075 1976 2187 2026 est;
2222 1980 2426 2028 amore,
2469 1965 2515 2019 si
2544 1965 2775 2019 fallitur:
2804 1966 2925 2020 licet
2964 1968 3080 2036 quis
3112 1978 3426 2035 provocatus

1862 2070 2003 2108 nunc
2033 2054 2098 2107 ad
2125 2056 2259 2108 facta
2287 2054 2572 2123 majorum,
2603 2071 2708 2108 non
2743 2056 3118 2120 inertissimus,
3146 2058 3263 2125 quis
3292 2071 3427 2125 quo-

1859 2162 1963 2217 que
2026 2147 2092 2199 ad
2150 2147 2311 2201 verba
2379 2162 2483 2199 non
2540 2145 2928 2200 infantissimus
2986 2146 3127 2200 erit?
3194 2146 3429 2214 Namque

1862 2240 2023 2309 220
2054 2238 2280 2293 virtutes
2311 2242 2503 2295 artium
2534 2242 2753 2294 istarum
2798 2240 3007 2294 saeculis
3038 2241 3210 2308 potius
3240 2240 3429 2308 priscis

1861 2332 2179 2386 sweulorum
2209 2342 2384 2387 rector
2412 2333 2645 2403 ingenuit
2674 2352 2689 2398 ;
2718 2348 2836 2402 qutc
2877 2347 2968 2402 per
3008 2343 3216 2387 attatcm
3250 2333 3427 2386 ntttudi

1856 2424 1965 2492 jam
2005 2426 2357 2490 senescentis,
2412 2426 2620 2480 lassatis
2652 2427 2810 2480 veluti
2848 2426 3159 2489 seminibus,
3194 2425 3428 2480 emedub

1862 2515 2004 2575 latae,
2040 2529 2225 2580 parum
2256 2516 2454 2583 aliquid
2507 2518 2607 2570 ltoc
2640 2526 2879 2584 tempore
2909 2517 2959 2569 in
3002 2516 3426 2583 ιιυὶιιιιιοιιιιιιιιρ.

1859 2615 2016 2675 atque
2048 2607 2096 2659 id
2140 2607 2189 2660 in
2225 2610 2407 2675 paucis
2438 2608 2736 2663 mirandum
2769 2624 2829 2661 ae
2873 2609 3217 2661 memorabile
3258 2619 3427 2661 osten-

1862 2705 1996 2750 tant.
2050 2698 2211 2765 llujtts
2264 2708 2439 2752 tamen
2490 2714 2621 2767 ego,
2668 2709 2722 2752 et
2760 2700 2805 2752 si
2850 2702 2966 2751 stud
2993 2716 3141 2752 orum
3191 2700 3426 2754 omnium

1859 2799 2017 2856 caput
2045 2797 2125 2841 est
2148 2789 2572 2860 litterarumque,
2604 2790 2693 2859 qui
2728 2806 3005 2860 personam
3031 2807 3243 2857 semper
3272 2807 3427 2844 exco-

1862 2880 1955 2945 lui,
1982 2895 2170 2934 vereor
2201 2882 2542 2945 sententiam,
2570 2896 2727 2949 supra
2755 2896 2911 2949 quam
2938 2881 3044 2933 veri
3072 2896 3129 2934 as
3154 2881 3329 2945 liabet,
3354 2880 3430 2933 af-

1861 2971 1999 3024 fectu
2021 2972 2397 3037 ponderatiore
2416 2971 2697 3040 prolatam.
2720 2973 2894 3039 Nequi-
2913 2972 2981 3025 ob
3011 2972 3321 3025 ltocittlicias
3357 2972 3429 3026 ic-

1862 3065 1983 3123 ritn.
2006 3078 2088 3116 me
2108 3080 2251 3133 saepe
2267 3062 2549 3118 luculentis
2569 3062 2994 3131 cjusacdonlbns
3034 3062 3282 3116 astitissc.
3302 3064 3431 3129 ina-

1866 3173 1981 3210 rum
2010 3174 2094 3212 me
2123 3159 2199 3227 (et
2236 3160 2278 3211 si
2313 3170 2554 3211 mutuum
2593 3157 2817 3212 reddere
2844 3156 3046 3225 videor)
3073 3156 3153 3211 vel
3184 3173 3249 3210 ex
3288 3166 3435 3223 pario

1864 3250 2169 3317 cursimque
2199 3248 2310 3302 fieri
2343 3262 2633 3303 memorem
2664 3247 2742 3302 fas
2763 3256 2861 3303 est.
2892 3248 3080 3303 Audivi
3107 3263 3226 3302 eum
3253 3248 3430 3301 adule-

1866 3355 2043 3403 scens,
2067 3352 2226 3409 atque
2247 3342 2421 3395 adhuc
2444 3357 2610 3410 nuper
2630 3356 2693 3395 ex
2717 3357 2901 3409 purro,
2930 3357 3047 3395 cum
3073 3352 3094 3379 ο
3113 3350 3259 3410 pater
3285 3356 3433 3393 meus

1866 3433 2144 3498 prmiectus
2159 3434 2409 3498 pra-torio
2425 3432 2709 3487 Gallicanis
2732 3434 3078 3487 tribunalibus
3091 3432 3428 3501 pra-sideret:

1862 3522 1959 3575 sub
2012 3522 2161 3589 Clljlla
2217 3524 2462 3577 tidelicet
2515 3523 2854 3592 magistratu,
2888 3523 2913 3560 ά
2946 3525 3126 3577 consul
3191 3523 3432 3577 A~tcrins

1860 3613 1986 3665 anni
2006 3609 2086 3665 sui
2120 3612 2260 3668 fores
2293 3613 2528 3667 votivum
2561 3615 2823 3669 trabeatus
2845 3624 3142 3682 aperuerat.
3176 3614 3425 3669 Adlnrre-

1864 3705 1981 3757 bam
2010 3705 2157 3757 selle
2178 3704 2369 3769 curuli,
2398 3715 2450 3760 et
2479 3706 2522 3760 si
2552 3721 2653 3759 non
2688 3708 2855 3760 latens
2881 3721 2971 3774 per
2995 3705 3256 3771 ordinem,
3288 3713 3433 3757 cetto

1863 3810 1966 3846 non
2002 3795 2197 3848 sedens
2220 3810 2311 3860 per
2332 3802 2541 3849 aetatem
2573 3813 2587 3850 :
2620 3797 2921 3865 mixtusque
2945 3807 3132 3850 turnia:
3155 3807 3177 3833 ο
3212 3813 3435 3852 censua-

1862 3886 1989 3939 lium
2026 3887 2416 3954 penulatorutn,
2456 3884 2729 3952 rprettiute
2750 3888 2953 3942 consuli
2986 3889 3238 3956 proximis
3266 3906 3432 3948 erant.

1862 3977 2043 4046 Itaque
2084 3984 2141 4030 ut
2168 3977 2393 4043 primum
2438 3976 2582 4032 brevi
2609 3988 2631 4025 ε
2661 3990 2876 4046 peracta
2922 3995 3018 4033 nec
3052 3980 3229 4033 brevis
3270 3994 3423 4047 spor-

1857 4187 2006 4243 pater
2048 4174 2245 4231 Sidonii
2290 4172 2575 4231 Galliarum
2620 4177 2873 4230 soliditati
2916 4177 3205 4246 praefuisse,
3255 4179 3344 4231 lib.
3380 4195 3429 4239 v.

1854 4250 2014 4307 enim.
2040 4247 2073 4301 9
2094 4248 2156 4300 ad
2182 4248 2511 4311 Aquilinttut.
2549 4248 2678 4299 illnc
2705 4262 2957 4314 praeterea
2991 4248 3201 4300 ducitur
3226 4251 3429 4311 cpiti-Ita

1856 4318 2026 4371 :etatis
2055 4314 2285 4379 Sidonii,
2327 4320 2413 4380 qui
2447 4332 2504 4372 se
2553 4333 2645 4386 per
2687 4316 2741 4372 id
2771 4326 2979 4387 tempus
3019 4318 3431 4371 adolescenti-nu

1861 4391 2159 4454 ingressum
2182 4389 2470 4453 signiﬁcat.
3126 4448 3131 4453 '

1932 4457 1957 4493 ἀ
1986 4457 2212 4511 Tui-cius
2255 4458 2433 4509 [luti-is
2467 4458 2726 4519 Asterius,
2772 4473 2891 4511 eum
2919 4456 3215 4521 Protogene
3243 4459 3431 4510 consul

1861 4543 2023 4589 anno,
2070 4536 2125 4577 ιιι
2154 4528 2258 4590 jam
2299 4527 2329 4577 tl
2358 4528 2429 4585 xi.
2462 4528 2587 4580 ΗΞ).
2624 4528 2695 4579 De
2723 4539 2789 4580 co
2832 4526 3080 4579 nonnulla
3121 4529 3430 4593 olm-rvam-

1868 4614 1987 4652 mus
2015 4598 2078 4649 ad
2122 4596 2440 4649 Ennodintn.
2471 4598 2616 4647 Nune
2652 4595 2951 4648 addendum
2996 4608 3077 4648 est
3128 4596 3392 4649 Asterium
3420 4638 3434 4659 ,

1866 4679 2001 4721 teste
2041 4668 2225 4731 Idalio,
2253 4667 2561 4731 magistrum
2597 4676 2873 4734 ulcusque
2910 4666 3108 4718 militia-
3143 4676 3263 4719 ante
3309 4682 3437 4719 cou-

1866 4741 2096 4791 su'atutn
2128 4737 2312 4788 fuisse.
2350 4736 2439 4787 Sic
2488 4736 2627 4786 t-nitu
2676 4737 2743 4786 de
2772 4738 2859 4785 illo
2893 4736 3071 4788 scribit
3107 4738 3206 4787 sub
3239 4752 3436 4789 annum

1862 4809 1971 4861 ΗΘ
1997 4823 2010 4857 :
2042 4805 2268 4857 Asterius
2290 4807 2393 4856 dua:
2414 4806 2679 4869 utriusque
2700 4804 2895 4857 mil-tia:
2919 4806 2986 4856 ad
3018 4804 3296 4873 Hispanias
3319 4811 3435 4858 mis-

1862 4894 1946 4931 sus
1980 4874 2439 4927 Turraconensium
2467 4875 2615 4927 credit
2652 4876 3022 4928 multitudinem
3053 4875 3435 4927 Bataudnrum.

1936 4956 1961 4984 ε
1999 4944 2288 5012 Censuales
2335 4946 2476 4997 enim
2509 4945 2714 5012 petiolis
2738 4945 2810 4997 uti
2840 4944 2995 5011 jussi,
3024 4954 3082 4997 ιιι
3107 4946 3286 4997 caeteri
3316 4945 3438 4997 nlli~

1862 5017 2046 5068 viales.
2073 5012 2203 5066 Cod.
2231 5010 2597 5069 Theodoste
2628 5010 2810 5068 habitu
2835 5010 2941 5083 quo
2969 5017 3042 5069 uti
3060 5025 3269 5085 oportet
3297 5014 3435 5069 intra

1862 5089 2071 5139 urbem.
2560 5118 2563 5119 ν

1938 5152 1956 5194 ί
2003 5156 2056 5208 In
2111 5152 2346 5207 editione
2388 5150 2617 5220 Labbei,
2672 5153 2915 5221 proximis
2940 5153 3133 5207 consuli
3173 5153 3434 5225 proximus

1860 5237 2000 5279 eram
2010 5266 2021 5279 .

1938 5302 1963 5342 ις
2006 5296 2270 5350 διιιριηηίςι
2301 5307 2545 5357 munera,
2566 5302 2684 5361 qu-e
2712 5292 2889 5361 Spargi
2918 5303 3005 5346 aut
3027 5292 3164 5348 mitti
3194 5291 3437 5361 solebant

1863 5365 1914 5418 in
1940 5365 2528 5433 auspit-iis‘cttusulatus,
2548 5360 2602 5415 et
2621 5360 3287 5433 aliorum’mag‘istratuum.
3306 5360 3435 5413 Tres

1866 5431 2053 5487 belliu;
2086 5436 2252 5489 Pollio
2276 5436 2347 5489 de
2377 5433 2612 5501 Sportula
2644 5434 2867 5487 Gallieni
2897 5451 2908 5485 :
2936 5431 3201 5501 Matronas
3222 5432 3434 5501 artemt-

1861 5506 2085 5557 sulatum
2116 5520 2266 5557 suum
2292 5518 2317 5556 r
2341 5498 2484 5575 'grit'it
2506 5503 3015 5575 iisdemqueutat‘tum
3043 5499 3136 5575 sibi
3158 5498 3434 5575 osculanti-

1861 5576 1951 5627 llus
1982 5584 2250 5643 qualcinria
2290 5569 2468 5625 aureos
2494 5569 2838 5643 suiittoutirtis
2880 5570 3038 5623 dedit.
3080 5569 3433 5643 Syttttnacbtts

1858 5643 1947 5696 lib.
1993 5639 2067 5705 it,
2103 5647 2260 5708 epist.
2306 5645 2489 5695 ultima
2524 5660 2535 5692 :
2572 5641 2865 5703 Sporrulum
2914 5640 3204 5708 consulatus
3258 5639 3352 5692 mei
3388 5646 3434 5691 et

1857 5704 2091 5767 amicitur
2137 5704 2323 5767 nostra:
2360 5723 2405 5767 et
2449 5712 2630 5766 honori
2675 5720 2761 5763 tuo
2790 5709 2965 5763 debeo.
3013 5704 3161 5764 "aut:
3188 5711 3247 5765 in
3272 5710 3439 5765 solido
