3946 6176
552 260 657 315 59¹ὶ

1819 248 2061 308 SlDONll
2102 244 2552 302 APOLLINARIS
3666 258 3755 316 600

551 372 641 435 qui
669 383 809 435 szepe
839 368 937 421 sibi
966 365 1034 429 de
1059 364 1290 426 molibus
1319 364 1630 421 facultatum
1659 376 2126 434 congregatarum.
2161 367 2206 427 Α
2241 360 2431 420 mium.
2473 358 2786 428 possideris.
2835 358 3018 419 Redde
3058 368 3112 414 te
3143 360 3297 427 patri.
3327 360 3482 417 redde
3505 373 3552 419 te
3586 371 3754 435 patrim,

551 461 724 527 deque
775 458 1042 527 congestis
1079 455 1187 524 jam
1233 455 1585 527 nigri-scentis
1636 455 1845 523 argenti
1895 454 2133 511 struibus

553 545 990 603 blandiebantur?
1034 546 1121 599 ubi
1169 545 1331 598 etiam
1381 544 1589 596 illorum
1619 542 1992 611 prmrogativa,
2042 543 2131 612 qui

551 649 733 692 contra
761 638 992 691 indolem
1020 636 1289 705 juniorum
1326 634 1433 686 sola
1464 636 1625 705 225
1667 634 1952 687 occztsioue
1991 646 2129 703 pra:—

552 748 581 786 c
615 732 789 784 dentis
811 729 984 787 letalis
1010 727 1471 782 intumescebant?
1493 726 1587 781 Ubi
1620 736 1743 781 sunt
1775 727 1873 789 illi,
1903 741 2131 793 quorum

552 822 786 875 affinitas
828 821 977 874 nullo
1005 820 1201 873 indicio
1248 832 1452 882 ιιηιμιτο
1497 817 1837 885 cognoscitur
1864 832 2022 884 quam
2059 816 2133 871 si-

555 911 824 964 multate?
866 909 1068 977 Nempe
1106 923 1224 962 cunt
1263 910 1491 976 primum
1541 906 1696 960 bonis
1738 906 1947 960 actibus
1985 907 2132 960 locus

553 1004 656 1065 est,
708 1009 764 1054 ct
801 1000 867 1052 ad
907 1000 1159 1052 trutinam
1187 997 1367 1065 judicii
1400 996 1708 1066 principalis
1755 1010 1991 1066 appensa
2020 1006 2136 1049 tan-

552 1094 673 1166 dem
716 1105 821 1143 non
870 1103 1205 1141 nummorum
1238 1086 1393 1145 libra.
1436 1088 1529 1141 sed
1563 1102 1802 1151 morum;
1834 1101 2134 1141 remansere

558 1182 629 1234 illi
670 1180 756 1249 qui
802 1178 1185 1247 superbissime
1213 1179 1569 1245 Opiuabantur
1596 1178 1711 1231 solo
1740 1193 1799 1231 se
1824 1192 1989 1231 censu
2016 1192 2135 1231 t-sse

556 1270 855 1324 censendos
888 1287 902 1323 :
948 1269 1145 1341 quique
1188 1267 1267 1320 sic
1307 1266 1448 1320 vitiis
1488 1276 1543 1320 ut
1571 1266 1770 1320 dvitiis
1798 1268 2133 1331 incubantes,

558 1361 739 1414 volunt
774 1360 1024 1413 vanitatis
1054 1358 1221 1413 videri
1244 1358 1473 1412 alienam
1504 1359 1804 1411 surrexisse
1828 1373 2135 1426 personam,

557 1468 674 1508 cum
705 1454 875 1506 nolint
899 1450 1207 1520 cupiditatis
1251 1450 1421 1503 notari
1454 1465 1601 1503 suam
1632 1448 1867 1504 crevisse
1890 1450 1989 1501 sub
2021 1457 2139 1500 tan-

558 1544 705 1596 tiam.
740 1544 794 1596 In
826 1558 927 1611 qua
970 1553 1146 1595 tamen
1186 1540 1506 1594 detrahendi
1549 1541 1792 1607 palaestra
1837 1540 2132 1601 exercitati,

558 1647 808 1704 tanquam
857 1650 950 1703 per
1001 1633 1211 1696 oleum,
1257 1634 1335 1684 sic
1381 1647 1475 1699 per
1514 1630 1681 1684 infusa
1736 1630 2135 1683 astitulationutu

560 1743 763 1781 venena
812 1734 1171 1779 macerantur.
1216 1724 1292 1777 Tu
1339 1738 1465 1777 Vero
1497 1724 1637 1776 inter
1667 1723 1781 1775 hate
1811 1730 1984 1774 macte
2005 1761 2020 1783 ,
2048 1721 2137 1789 qui
2178 1733 2220 1792 υ

558 1822 891 1890 ιιῑίιιΐθεῐυτεε
923 1821 1090 1874 titulis
1118 1818 1404 1886 ampliatus
1426 1857 1441 1879 ,
1470 1816 1590 1869 Iit‘ct
1620 1816 1878 1870 haetettus
1900 1828 1930 1867 c
1954 1826 2137 1881 prosa-

560 1914 643 1981 pia
688 1913 908 1965 illustris
934 1923 1323 1976 computarere.
1351 1906 1696 1971 peculiariter
1727 1904 1892 1957 nihilo
1919 1904 2139 1972 segnius

559 2003 867 2064 elaborasti,
893 2010 948 2053 ttt
972 2015 1000 2051 a
1026 2010 1076 2051 te
1092 1997 1375 2067 gloriosius
1396 1998 1589 2062 posteri
1611 1997 1684 2048 tui
1705 2006 2136 2049 numerarentur.

560 2099 701 2154 Nihil
742 2099 881 2152 enim
910 2106 993 2151 est
1022 2096 1113 2149 illo
1148 2110 1241 2157 per
1270 2103 1472 2147 seutcnt
1501 2107 1583 2143 am
1617 2092 1739 2145 boni
1770 2093 2029 2160 cujusque
2057 2106 2138 2160 ge-

562 2193 834 2255 nerosius,
875 2191 1114 2259 quisquis
1151 2186 1382 2257 ingenii,
1411 2186 1653 2255 corporis
1674 2226 1689 2251 ,
1722 2185 2138 2252 opumjunctam

562 2286 615 2336 in
642 2284 740 2336 ltoc
769 2290 1019 2335 constans
1049 2293 1268 2348 cperam
1298 2287 1513 2331 exercet
1545 2316 1561 2341 ,
1589 2286 1645 2329 ut
1694 2276 1989 2343 majoribus
2027 2278 2142 2329 suis

562 2382 933 2444 anteponatur.
967 2372 1115 2440 Quod
1148 2380 1432 2439 superest,
1466 2369 1635 2423 Deum
1670 2384 1832 2437 po-co
1864 2379 1915 2421 ut
1949 2377 2001 2422 te
2046 2368 2138 2420 filii

552 2476 961 2537 ’ronsequantur
980 2508 995 2532 ,
1024 2475 1116 2519 aut
1144 2465 1282 2534 quod
1319 2465 1434 2534 plus
1460 2464 1615 2518 decet
1641 2463 1777 2519 vele
1801 2505 1817 2528 ,
1866 2473 2143 2517 transcen-

563 2561 688 2613 dant
716 2578 727 2611 :
762 2567 816 2613 et
856 2560 1157 2627 quicunque
1196 2570 1299 2610 neu
1332 2556 1557 2609 sustinet
1590 2565 1641 2609 te
1666 2553 1891 2623 diligere
1919 2568 2141 2622 provec-

563 2664 698 2718 tum,
729 2652 928 2708 tuedull
954 2663 1038 2705 tus
1068 2660 1359 2704 a-stuantes
1387 2666 1413 2702 a
1451 2650 1747 2720 semetipso
1795 2648 1977 2702 livoris
2020 2662 2142 2715 pro-

564 2746 661 2814 prii
693 2760 904 2813 semper
934 2744 1109 2813 exigat
1148 2755 1332 2814 paruas
1365 2758 1380 2795 :
1421 2755 1650 2811 cumque
1678 2740 1848 2793 nullas
1878 2741 1930 2792 in
1964 2748 2016 2794 te
2047 2738 2142 2791 ba-

565 2837 737 2892 buerit
765 2851 994 2904 unquam
1028 2833 1408 2889 misericordiae
1438 2847 1627 2886 causas
1646 2872 1662 2897 ,
1689 2831 1880 2889 habent
1907 2831 2137 2884 invidiae.

563 2928 837 2995 Siptidem
864 2927 1009 2996 juste
1045 2935 1068 2962 ο
1092 2925 1190 2979 sub
1210 2927 1354 2994 justo
1384 2923 1623 2992 principe
1645 2922 1815 2993 jacet,
1846 2923 1935 2995 qui
1968 2937 2062 2990 per
2083 2935 2141 2975 se

564 3021 835 3079 minimus.
857 3029 910 3071 et
932 3026 1133 3071 tantum
1164 3033 1258 3085 per
1285 3031 1377 3071 sua
1406 3018 1690 3081 maximus,
1716 3013 1897 3069 animo
1919 3015 2142 3086 exiguus

566 3111 712 3175 vivit,
743 3120 796 3163 et
823 3107 1142 3179 patrimonio
1172 3108 1450 3174 plurimus.
1485 3106 1631 3159 Vale.

582 3204 585 3207 δ
1000 3200 1162 3273 223
1201 3195 1528 3251 EPISTULA
1573 3196 1707 3251 vnt.

885 3290 1133 3343 Sidonius
1162 3287 1188 3324 δ
1218 3287 1438 3357 Syagrio
1467 3302 1561 3341 suo
1586 3288 1825 3345 salutem.

639 3384 753 3450 Dic,
797 3382 1082 3436 Gallicana:
1121 3380 1218 3433 fias
1262 3379 1572 3446 iuventutis,
1606 3393 1884 3448 quousque
1927 3377 2138 3432 tandem

566 3476 817 3529 ruralium
848 3487 1071 3541 Operum
1112 3472 1423 3547 negotiosus
1451 3470 1650 3524 urbana
1690 3468 1945 3523 fastidis?
1972 3486 2143 3538 quan-

566 3568 653 3621 tliu
680 3566 885 3619 attritas
908 3574 1228 3619 tesserarum
1259 3563 1524 3631 quondam
1543 3562 1774 3630 jactibus
1794 3576 1982 3614 manus
2011 3576 2139 3615 con-

566 3666 647 3711 tra
683 3658 770 3725 jus
808 3657 988 3724 fasque
1032 3654 1132 3708 sibi
1178 3670 1207 3706 v
1233 3653 1447 3707 ndicant
1486 3653 1835 3706 instrumenta
1875 3650 2141 3705 cerealis?

565 3754 851 3815 Quouspte
892 3757 978 3800 tua
1012 3756 1063 3799 te
1108 3756 1129 3783 ο
1163 3746 1500 3800 Taionnacus
1541 3744 1780 3812 patricia:
1826 3743 2007 3812 stirpis
2038 3743 2143 3797 las-

566 3840 705 3891 sabit
748 3836 1075 3903 agricolam?
1117 3850 1393 3904 quousque
1434 3833 1569 3903 prati
1611 3834 1874 3889 comantis
1914 3831 2141 3887 exuvias

570 3926 804 3981 hibernis
845 3926 1141 3988 novalibus,
1185 3940 1289 3977 non
1332 3935 1386 3977 ιιι
1428 3941 1614 3992 eque,
1656 3924 1750 3979 sed
1792 3933 1849 3977 ttt
1886 3925 2143 3978 bubulcus

566 4018 889 4073 abscondis?
917 4032 1189 4087 quousque
1229 4018 1432 4086 pondus
1469 4018 1659 4087 ligonis
1687 4018 1860 4073 obtusi
1894 4032 1992 4071 nec
2021 4033 2140 4086 per-

568 4116 725 4170 fossis
773 4111 986 4167 antibus
1034 4111 1221 4181 ponis?
1262 4111 1397 4177 Quid
1447 4110 1799 4166 Serranorum
1843 4110 2065 4164 aemulus
2093 4120 2146 4165 et

565 4206 933 4266 Camillorum,
979 4219 1097 4259 eutn
1140 4218 1296 4271 regas
1339 4202 1529 4255 stivam
1556 4243 1570 4262 ,
1613 4199 1920 4253 dissimulas
1960 4210 2144 4269 optare

564 4298 886 4364 palmatam?
918 4296 1083 4349 Parce
1110 4304 1313 4346 tantum
1354 4293 1405 4345 in
1446 4292 1735 4345 nobilita‘is
1772 4292 2022 4347 invidiam
2055 4308 2145 4347 ru-

568 4391 768 4445 sticari.
802 4388 1001 4457 Agrum
1038 4387 1083 4440 si
1113 4385 1449 4439 mediocriter
1484 4383 1649 4446 colas,
1692 4383 1959 4451 possides;
1992 4386 2036 4437 si
2064 4387 2141 4440 ni-

571 4546 702 4595 And:

572 4541 801 4595 Audacis
847 4553 1059 4610 quoque
1103 4541 1309 4604 reliqua
1359 4541 1571 4588 nomina
1615 4541 1785 4600 prodit
1817 4576 1830 4594 .
1877 4546 1931 4593 et
1959 4541 2139 4590 nescio

572 4613 696 4677 quid
726 4614 902 4674 operis
941 4613 1007 4661 ab
1051 4624 1116 4663 eo
1160 4609 1339 4661 Roma!
1372 4615 1496 4677 post
1521 4606 1846 4677 barbaricam
1881 4608 2144 4661 iurursio-

574 4675 693 4734 nem
722 4681 828 4750 37
873 4681 1165 4749 perfectum
1217 4677 1415 4731 indicat
1448 4675 1529 4729 his
1567 4676 1778 4729 verbis:

853 4813 1229 4869 CASTAUUS
1265 4812 1424 4866 INNO

857 4883 1147 4937 CEN'I‘IUS
1188 4883 1421 4937 AUDtX
1462 4882 1525 4935 ν.
1566 4881 1623 4936 C.

856 4952 1284 5008 PRA'IH‘LC'I'US
1325 4952 1525 5007 UllBlS

856 5025 1013 5077 Viti!)
1051 5023 1272 5076 SACllA
1310 5023 1383 5076 η)
1397 5023 1633 5077 [)ICANS

854 5094 935 5149 Bt
947 5095 1075 5147 ΚΒΑ
1087 5095 1241 5146 ΗΙΟΑ
1282 5092 1685 5147 INCURSIUNE

858 5164 1168 5221 SUBLATA
1209 5162 1565 5219 RESTITUI’I’

574 5324 725 5379 Hanc
743 5337 805 5376 ev
822 5318 1124 5376 Joannisde
1143 5318 1316 5373 Mares
1345 5332 1478 5370 nova
1523 5316 1869 5371 eollcctaneis
1899 5314 2154 5382 deprom-

576 5397 815 5465 psimus:
849 5393 933 5465 qui
970 5392 1154 5465 iterum
1179 5388 1304 5441 olim
1324 5389 1502 5465 _(nutre
1526 5388 1671 5465 enim
1697 5402 1803 5440 non
1843 5386 2042 5454 exstat)
2079 5387 2145 5439 ad

573 5456 740 5523 autem
766 5464 823 5519 S.
853 5463 1030 5517 Mariae
1052 5474 1203 5514 novae
1225 5460 1447 5525 positam
1479 5456 1640 5512 misse
1661 5466 1865 5512 monet.

645 5546 670 5572 ⁸
706 5535 846 5590 Julio
878 5534 1099 5600 Nepote,
1141 5538 1199 5582 ut
1228 5526 1426 5600 dictum
1457 5538 1740 5600 est__supra
1770 5526 1882 5600 lib,
1904 5543 1959 5591 ν,
1987 5526 2151 5595 epist.

575 5608 645 5659 tl;
686 5620 699 5657 :
739 5605 852 5657 Hoc
890 5595 1057 5656 tamen
1086 5595 1267 5654 sancte
1308 5595 1485 5651 luL‘us
1531 5596 1727 5668 Nepos,
1754 5599 1911 5652 armis
1961 5600 2148 5666 pariter

575 5689 805 5727 summa:
826 5674 1077 5741 Augustus
1097 5680 1145 5728 et
1173 5668 1417 5725 moribus.

847 4553 1059 4610 quoque
1103 4537 1309 4604 reliqua
1359 4533 1571 4610 nomina
1615 4536 1785 4610 prodit
1817 4576 1830 4594 ,
1877 4546 1931 4610 et
1959 4538 2139 4590 nescio
2168 4542 2218 4597 ι)

2241 451 2405 508 redde
2448 461 2498 505 te
2536 450 2694 505 etiam
2741 450 2986 504 fidelibus
3029 451 3237 514 amicis,
3276 453 3364 520 qui
3400 452 3511 522 jure
3535 471 3757 523 ponuntur

2238 541 2380 596 inter
2409 541 2654 595 affectus.
2687 543 2794 595 Aut
2820 542 2865 595 si
2894 551 2945 595 te
2974 550 3181 595 tantum
3215 540 3497 601 Cincinnati
3524 547 3756 609 dictatoris

2240 636 2345 689 vita
2369 635 2619 699 delectat,
2640 631 2669 671 (ι
2693 634 2795 688 duc
2823 644 2946 687 ante
2971 632 3247 699 Raciliam,
3277 650 3391 701 quae
3416 635 3564 690 boves
3581 638 3753 709 jungat,

2239 725 2420 795 Neque
2466 726 2689 783 dixerim
2738 724 2968 795 sapienti
3018 724 3263 777 virorem
3314 726 3633 782 domesticam
3670 748 3756 787 non

2240 833 2360 871 esse
2404 818 2696 870 curandam
2722 855 2740 882 ,
2770 817 2863 873 sed
2917 830 2983 869 eo
3032 825 3469 885 temperamento,
3510 822 3631 889 quod
3671 838 3757 878 non

2240 909 2441 976 solum,
2464 909 2590 978 quid
2620 910 2841 975 habere,
2863 908 2958 966 sed
2983 909 3112 979 quid
3131 908 3321 967 debeat
3340 925 3458 968 esse
3480 915 3757 975 consideret.

2239 1000 2369 1055 Nam
2401 1005 2444 1056 si
2471 1004 2685 1057 caeteris
2712 1002 2970 1057 nobilium
2999 1002 3292 1059 studiorum
3339 1005 3531 1060 artibus
3556 1010 3696 1077 repud
3716 1025 3759 1059 :i.

2241 1094 2329 1159 tis,
2373 1093 2484 1151 sola
2531 1102 2581 1149 te
2628 1091 2987 1163 propagandae
3015 1092 3094 1147 rei
3141 1091 3413 1149 familiaris
3452 1096 3605 1151 urtica
3641 1101 3761 1153 solli-

2239 1186 2362 1237 citat
2390 1201 2401 1235 :
2439 1184 2563 1237 licet
2591 1194 2645 1237 tu
2674 1183 2967 1240 deductum
3002 1198 3194 1239 nomen
3217 1200 3247 1235 a
3271 1186 3478 1252 trabeis,
3499 1200 3640 1257 atque
3661 1192 3765 1247 cbo.

2242 1284 2383 1331 ratas
2406 1276 2641 1339 curules,
2673 1284 2731 1329 et
2758 1276 3079 1344 gestatorias
3109 1274 3422 1339 bracteatas,
3450 1289 3501 1331 et
3526 1277 3666 1335 fastos
3694 1296 3765 1335 re-

2239 1367 2386 1421 colas
2438 1366 2873 1435 purpttrissatos,
2925 1365 2970 1419 is
3017 1366 3260 1436 profecto
3310 1366 3597 1435 inveniere,
3637 1386 3765 1437 quem

2240 1457 2431 1510 debeat
2468 1458 2547 1509 sic
2590 1457 2932 1523 industrium,
2969 1457 3109 1527 quod
3154 1458 3430 1520 latentem.
3455 1475 3552 1513 nou
3575 1469 3666 1515 tam
3691 1466 3767 1517 lto.

2243 1563 2433 1601 noram
2460 1562 2670 1611 clausor,
2701 1561 2861 1615 quam
2883 1562 3077 1605 census
3100 1562 3346 1603 onerare.
3378 1548 3513 1606 Vale.

2708 1638 2865 1709 227
2909 1637 3242 1693 EPISTOLA
3282 1638 3371 1692 1x.

2533 1726 2779 1780 Sidonius
2811 1738 2833 1763 ε
2865 1727 3162 1794 Lampridio
3190 1744 3284 1780 suo
3314 1730 3533 1781 salutent.

2310 1816 2442 1869 Cum
2469 1815 2697 1889 primum
2726 1816 3076 1884 liurdegalam
3107 1818 3252 1881 veni,
3279 1817 3474 1872 litteras
3495 1819 3606 1872 tttilti
3633 1819 3769 1873 tabel-

2241 1909 2407 1962 larius
2439 1922 2561 1963 tuus
2590 1907 2784 1963 obtulit
2822 1910 3007 1981 plenas
3040 1910 3294 1975 nectaris,
3325 1910 3525 1974 florum,
3556 1913 3768 1980 margari-

2244 2010 2415 2054 tarum
2455 2020 2467 2053 ε
2507 2001 2697 2067 quibus
2737 2002 3005 2055 silentium
3053 2016 3234 2057 meum
3274 2003 3476 2069 culpas,
3519 2014 3561 2055 et
3603 2004 3769 2071 aliquos

2244 2107 2498 2145 versuum
2533 2107 2773 2146 meorum
2802 2093 3052 2147 versibus
3075 2093 3281 2163 poscis,
3300 2094 3384 2163 qui
3416 2093 3504 2146 tibi
3530 2095 3679 2148 solettl
3698 2110 3769 2163 per

2241 2183 2503 2235 musicum
2551 2182 2710 2255 palati
2744 2197 3063 2250 concavum,
3109 2183 3320 2236 variata
3354 2198 3477 2239 vct-e
3504 2184 3765 2253 tinnientes,

2242 2274 2392 2343 quasi
2427 2273 2571 2327 tibiis
2604 2275 3062 2329 multiforatilibus
3089 2275 3314 2330 effundi.
3351 2276 3450 2331 Sed
3482 2278 3573 2333 hoc
3598 2287 3642 2330 tu
3680 2294 3768 2330 mu-

2242 2364 2509 2418 nificentia
2542 2365 2681 2436 regis
2708 2367 2839 2421 satis
2867 2367 3116 2432 abutens,
3156 2368 3267 2436 jatn
3307 2383 3517 2423 securus
3551 2380 3650 2437 post
3676 2385 3768 2421 mtt-

2243 2469 2369 2508 nera
2400 2454 2528 2508 facis
2555 2470 2567 2507 :
2601 2460 2723 2521 quia
2750 2456 2970 2513 forsitan
3002 2457 3301 2526 satyricum
3337 2458 3458 2511 illud
3486 2459 3546 2513 de
3581 2459 3768 2529 satyrico

2245 2558 2349 2598 non
2384 2545 2681 2599 recordaris
2704 2561 2718 2609 ;

2549 2640 2694 2688 Satur
2718 2646 2813 2703 est,
2840 2652 2949 2688 cum
2970 2641 3087 2689 dicit
3122 2640 3352 2692 Horatius
3376 2655 3510 2691 evoe.

2244 2732 2379 2798 Quid
2420 2733 2621 2788 multa?
2655 2734 2840 2787 Merito
2881 2749 2965 2787 me
3009 2746 3232 2790 cantare
3274 2752 3337 2791 ex
3368 2738 3471 2789 otio
3494 2735 3650 2805 jubcs,
3673 2736 3767 2806 quia

2247 2834 2300 2879 te
2340 2825 2449 2894 jam
2500 2825 2698 2881 saltare
2748 2824 2999 2880 delectat.
3044 2826 3318 2896 Quidquid
3370 2827 3489 2881 illud
3529 2836 3617 2890 est,
3646 2841 3768 2893 pareo

2248 2926 2453 2979 tamen;
2486 2916 2642 2985 idque
2670 2931 2776 2969 non
2822 2916 2980 2970 modo
3012 2932 3116 2970 non
3157 2929 3403 2985 coaetus,
3444 2934 3607 2971 verum
3642 2918 3767 2971 etiam

2246 3009 2557 3075 spontaliter
2581 3007 2737 3064 facio.
2752 3008 2980 3065 Tantum
3007 3018 3060 3061 tu
3080 3020 3356 3079 utcunque
3373 3009 3625 3065 moderere
3647 3009 3769 3062 Cato-

2167 3095 2217 3157 C
2248 3103 2465 3156 nianum
2516 3101 2882 3169 superciliosze
2916 3102 3103 3155 frontis
3143 3102 3450 3156 arb‘trium.
3493 3101 3624 3155 Nosti
3658 3100 3769 3155 enim

2246 3208 2410 3263 prope
2438 3193 2675 3248 laetitiam
2708 3204 2986 3261 poetarum
3014 3210 3027 3244 :
3058 3208 3295 3262 qunrttm
3341 3195 3417 3247 sic
3458 3192 3644 3263 ingenia
3668 3205 3769 3247 mai.

2244 3290 2474 3357 roribus,
2515 3300 2576 3365 ut
2601 3287 2841 3357 p'sciculi
2886 3289 3088 3343 retibus
3118 3290 3444 3343 amiciuntur
3472 3307 3483 3340 :
3514 3297 3565 3343 et
3602 3286 3640 3343 si
3672 3283 3768 3354 quid

2243 3397 2493 3449 asperum
2526 3391 2617 3433 aut
2648 3380 2819 3443 triste.
2852 3395 2956 3434 non
2990 3379 3169 3435 statim
3206 3396 3267 3435 se
3296 3382 3493 3451 poetica
3523 3375 3770 3433 teneritudo

2242 3489 2271 3525 a
2314 3472 2529 3527 vinculo
2565 3472 2765 3527 incursi
2818 3472 3034 3539 angoris
3081 3472 3352 3538 elaqueat.
3405 3472 3617 3525 Necdum
3657 3470 3768 3521 enim

2245 3565 2530 3633 quidquam
2557 3565 2623 3618 tle
2652 3562 2965 3617 hmreditate
2994 3565 3251 3623 socruali,
3277 3564 3356 3617 vel
3391 3564 3439 3615 itt
3472 3577 3605 3615 usuin
3634 3558 3767 3613 tertia:

2246 3656 2346 3709 sub
2366 3656 2535 3722 pretio
2560 3655 2859 3709 medietatis
2872 3654 3096 3711 obtinui.
3132 3652 3352 3707 Interim
3372 3662 3423 3706 tu
3446 3654 3492 3709 vi
3512 3653 3621 3707 leris
3640 3663 3766 3719 quam

2251 3748 2343 3801 tibi
2374 3748 2444 3801 sit
2470 3746 2871 3817 epigrammatis
2900 3745 3117 3814 ﬂagitati
3142 3745 3340 3799 lemma
3368 3747 3681 3815 placiturum:
3703 3754 3769 3793 tne

2251 3848 2426 3892 tamen
2476 3852 2812 3909 nequaquam
2853 3836 3161 3890 sollicitudo
3202 3837 3459 3906 permittit
3502 3833 3627 3888 aliud
3662 3842 3773 3884 nunc

2253 3930 2448 3985 habere
2480 3932 2535 3983 in
2558 3929 2787 3994 actione,
2816 3928 2961 3983 aliud
2990 3929 3040 3982 in
3075 3931 3338 3984 carmine.
3380 3928 3501 3982 Illud
3529 3942 3638 3981 sane
3664 3938 3769 3992 pra:-

2256 4032 2336 4076 ter
2380 4021 2638 4090 justitiam
2692 4019 2905 4087 feceris,
2957 4020 3000 4074 si
3054 4021 3532 4089 impraesentiarum
3581 4014 3767 4070 vicissim

2254 4115 2447 4178 scripta
2481 4113 2628 4181 quasi
2658 4126 2959 4189 compares.
3003 4115 3167 4183 228
3196 4116 3310 4182 Ago
3340 4113 3656 4170 laboriosum,
3682 4105 3770 4175 agis

2256 4205 2368 4279 ipse
2387 4204 2618 4258 felicem.
2637 4204 2748 4272 Ago
2761 4203 2933 4257 adhuc
2953 4205 3215 4270 exsulem,
3233 4205 3347 4274 agis
3369 4204 3478 4274 ipse
3493 4204 3591 4271 jam
3605 4201 3767 4254 civem:

2252 4306 2304 4350 et
2332 4296 2400 4349 ob
2429 4299 2529 4349 hoc
2560 4295 2837 4364 iumqualia
2868 4311 3023 4360 cano,
3050 4298 3170 4365 quia
3217 4298 3411 4352 similia
3444 4309 3608 4363 posco.
3631 4300 3675 4345 et
3699 4301 3768 4357 pa-

2255 4391 2331 4443 ria
2362 4406 2465 4443 non
2496 4390 2743 4459 impetro.
2771 4389 2924 4452 Quod
2947 4391 2992 4445 si
3019 4389 3270 4458 quopiam
3295 4405 3418 4444 casu
3451 4387 3652 4455 ineptias
3670 4384 3770 4436 istas

2318 4545 2343 4579 ι)
2387 4541 2461 4596 Ad
2511 4558 2665 4603 quem
2709 4544 2864 4608 epist.
2916 4543 2971 4605 5,
3024 4542 3115 4597 lib.
3159 4559 3222 4608 ν,
3247 4534 3390 4612 quod
3440 4534 3771 4612 f;istorttm_wb

2254 4614 2408 4664 finem
2430 4612 2867 4665 commemoratio
2889 4613 3169 4666 confirmat
3195 4631 3206 4665 :
3236 4608 3424 4667 alludit
3444 4615 3572 4667 enim
3594 4611 3649 4663 ad
3667 4608 3771 4675 Sya-

2252 4685 2423 4751 grium
2457 4683 2735 4736 consulem
2766 4682 2918 4749 hujus
2950 4698 3229 4748 proavum.

2328 4764 2349 4789 ε
2397 4753 2524 4806 \‘ide
2551 4768 2617 4807 an
2658 4746 2845 4805 referri
2887 4746 2987 4807 huc
3014 4756 3181 4817 possit
3212 4752 3495 4813 'l'aiwunus,
3526 4766 3661 4819 quam
3687 4746 3769 4798 Tao

2253 4823 2375 4948 gula
2402 4823 2671 4878 itineraria
2703 4826 2754 4879 in
2778 4822 2969 4881 Eduis
3000 4824 3158 4893 luent,
3185 4822 3324 4879 haud
3352 4823 3523 4890 procul
3554 4822 3769 4887 Augusto-

2292 4908 2420 4947 uno.

2292 4908 2420 4947 uno.

2324 4961 2351 4999 ά
2396 4964 2468 5017 Ita
2499 4962 2705 5019 restitui
2740 4963 2937 5033 veteris
2968 4963 3088 5017 libri
3122 4964 3340 5033 vestigia
3372 4974 3591 5021 secutus,
3621 4960 3663 5011 in
3688 4968 3771 5031 quo

2256 5034 2528 5103 legebatur
2546 5036 2735 5086 ducant
2759 5032 3027 5103 Ercift'am.
3058 5032 3419 5088 ltacilia’enim
3450 5047 3625 5086 nomen
3646 5038 3767 5079 utor!

2257 5102 2322 5159 L.’
2341 5104 2638 5157 Cincinnati
2667 5106 2805 5169 apud
2839 5102 3044 5156 Livium
3076 5103 3166 5157 lib.
3200 5120 3278 5158 tu.
3729 5162 3739 5173 _

2331 5184 2353 5209 ο
2395 5174 2616 5227 lihetori
2659 5173 3059 5241 Burdegalensi,
3092 5175 3288 5229 eximio
3333 5185 3516 5241 poem,
3545 5181 3596 5225 ut
3629 5174 3694 5241 est
3729 5178 3768 5214 Iit

2257 5243 2480 5311 epistola
2515 5245 2572 5295 Η
2610 5245 2675 5297 ad
2705 5237 2928 5312 Leptim,
2961 5254 3015 5298 et
3044 5237 3131 5308 i5,
3156 5244 3250 5297 lib.
3285 5237 3359 5310 ix,
3390 5246 3459 5296 ad.
3480 5237 3766 5295 Tonantium.

2252 5314 2474 5367 Sidonio
2504 5315 2598 5366 fuit
2623 5317 2672 5367 in
2699 5314 2898 5366 intimis
2925 5331 2937 5365 :
2960 5324 3100 5381 quot
3130 5315 3398 5383 proicipue
3418 5313 3770 5383 declat-antqua:

2252 5384 2319 5438 de
2349 5385 2491 5437 illius
2517 5394 2687 5440 morte
2717 5383 2783 5437 ad
2814 5380 3021 5450 Lupum
3048 5380 3251 5438 scribit.
3277 5380 3473 5438 Aberat
3500 5384 3541 5435 is
3560 5380 3647 5433 huc
3667 5384 3769 5427 tetu-

2254 5469 2383 5522 pore
2403 5455 2689 5522 tturdegala
2712 5472 2724 5505 :
2747 5466 2986 5521 quocum
3015 5454 3265 5509 Sidonius
3284 5454 3349 5509 ad
3365 5453 3605 5509 Euricutn
3623 5456 3769 5513 RW“

2252 5525 2425 5578 exsilii
2473 5527 2633 5577 tinctu
2666 5524 3001 5593 “agitaturus
3041 5526 3309 5589 venisset,
3357 5536 3575 5591 sequens
3615 5528 3765 5593 νοθφτι

2252 5595 2510 5657 condidit,
2537 5584 2998 5662 Oppido'elegans,
3028 5604 3184 5662 atque
3212 5595 3276 5647 ad
3296 5584 3635 5649 contuendum
3658 5584 3768 5639 auidi

2252 5665 2499 5721 Gothica:-
2520 5664 2921 5738 amplitudincm
2948 5664 3304 5736 aptissimum.
