3946 6176
342 335 437 389 UH

332 549 483 601 ntetsi
515 544 723 600 ca-teris
754 543 859 598 eris
887 541 940 595 in
972 540 1074 594 ltoc
1100 554 1299 608 genere
1330 535 1598 607 pugnandi
1636 535 1920 588 dimicatu-

332 656 441 704 rus,
472 641 515 692 si
544 638 672 708 quid
702 652 823 691 tneo
848 634 1050 704 judicio
1086 648 1277 688 censes
1305 628 1753 699 acquiescendutn
1803 626 1923 695 (ne-

330 740 433 799 que
459 729 598 783 enim
646 728 901 797 injustntn
942 734 1027 778 est
1064 723 1290 777 credere
1316 718 1586 789 experto),
1614 726 1921 772 senatorem

333 829 597 886 nostrum,
645 818 910 886 hospitem
942 829 1144 877 meum,
1172 809 1443 866 conﬂictui
1487 808 1612 861 huic
1637 809 1799 860 facies
1826 822 1923 860 ex-

334 924 532 968 sortem
563 929 577 965 :
609 910 761 980 cujus
788 910 833 962 si
883 906 1133 962 convivio
1164 914 1412 972 tectoque
1438 898 1718 963 succedas,
1758 896 1926 966 dapes

336 1003 698 1069 CleOpatricas
726 1009 780 1054 et
806 1009 830 1035 κ
861 998 976 1051 loca
1001 995 1160 1050 lautia
1200 1004 1373 1063 putes.
1404 990 1534 1045 Nam
1564 989 1808 1059 quamvis
1835 1002 1927 1040 su-

339 1112 432 1164 per
463 1097 563 1149 ltoc
587 1095 765 1149 studio
788 1101 895 1145 tam
926 1092 1037 1157 ipse
1066 1104 1225 1156 quam
1263 1085 1432 1155 patria
1461 1084 1771 1151 confligant.
1799 1080 1927 1133 olint

338 1190 442 1241 lata
465 1186 728 1241 sententia
757 1193 860 1250 est,
909 1180 1053 1251 quod
1097 1180 1188 1233 ille
1212 1186 1449 1232 transeat
1488 1185 1714 1233 ctcteros
1741 1175 1886 1228 cives
1910 1212 1926 1237 ,

340 1282 459 1337 licet
483 1292 533 1334 et
567 1278 655 1334 illa
687 1286 913 1330 caeteras
941 1274 1207 1327 civitates.
1240 1270 1393 1325 Vale.

880 1388 1214 1445 EPISTULA
1254 1386 1393 1441 XIII.

466 1510 718 1566 Sidonius
748 1508 956 1562 domino
984 1522 1135 1578 papw
1157 1503 1187 1542 δ
1224 1502 1524 1558 Nonnechio
1562 1502 1797 1558 salutem.

368 1608 379 1619 ’
414 1628 574 1683 Multa
604 1627 657 1679 in
691 1635 742 1678 te
761 1636 956 1694 genera
991 1623 1269 1684 virtutum,
1299 1633 1435 1689 papa
1462 1618 1793 1681 beatissime,
1818 1632 1932 1669 mu-

345 1736 476 1777 nere
520 1734 754 1782 superno
796 1729 1047 1784 congeSta
1079 1711 1394 1783 gaudemus.
1452 1709 1726 1779 Siquidem
1771 1722 1933 1777 agere

1590 328 1838 387 SIDONII
1878 323 2336 383 APOLLINABIS

329 458 681 518 locustarum.
729 451 889 509 cedat
947 448 1132 503 vilium
1171 446 1326 501 turba
1352 459 1693 501 cancrorum.
1740 444 1821 497 'I‘u
1852 455 1931 496 ta.
1964 447 2015 503 Α

3521 318 3622 373 612

2575 436 2907 493 EPISTOLA
2947 435 3086 491 XIV.

2172 552 2420 608 Sidonius
2464 551 2673 605 domino
2705 565 2856 619 papa:
2892 559 2914 587 ε
2952 546 3219 620 Principio
3247 546 3489 601 salutem.

2098 687 2309 745 Jamdiu
2363 684 2546 751 nobis,
2605 699 2742 754 papa
2787 681 3142 745 venerabilis.
3184 690 3241 736 et
3289 680 3335 734 si
3401 678 3623 733 necdum

2031 790 2212 838 vester
2236 779 2419 834 vultus
2460 790 2745 847 aspectus,
2772 786 2950 829 tamen
3001 784 3154 827 actus
3206 772 3484 840 inspectus
3520 781 3620 824 est.

2033 873 2274 940 Namque
2312 876 2622 923 sanctorum
2664 865 2856 919 iliﬂ'usa
2905 863 3024 918 laus
3071 863 3387 917 meritorum
3438 861 3624 928 stringi

2034 963 2221 1033 Spatiis
2248 964 2359 1017 non’
2400 969 2486 1014 est
2536 966 2793 1012 contenta
2846 954 3120 1013 finalibus.
3167 954 3305 1008 llinc
3356 962 3441 1007 est
3488 953 3626 1020 quod

2031 1055 2155 1123 quia
2178 1052 2332 1105 bona:
2361 1047 2708 1104 conscientiae
2736 1044 2927 1100 modus
2951 1060 3058 1097 non
3085 1043 3323 1113 ponitur,
3348 1056 3447 1095 nec
3476 1041 3627 1094 bona:

2032 1142 2273 1210 cpittioni
2325 1142 2586 1194 terminus
2616 1135 2907 1192 invenitur.
2952 1135 3082 1199 Quae
3112 1136 3300 1203 loquor
3343 1132 3471 1186 falsa
3501 1148 3629 1187 cen-

2033 1247 2179 1301 sete,
2231 1236 2331 1291 nisi
2391 1232 2711 1302 professioni
2764 1245 2898 1284 mea:
2950 1238 3265 1297 competens
3318 1225 3628 1294 astipulator

2033 1326 2342 1389 act-esserit,
2375 1324 2502 1378 satis
2546 1323 2599 1377 itt
2651 1322 2742 1375 illo
2768 1320 3035 1388 quondam
3062 1318 3313 1373 ctenobio
3355 1317 3616 1370 Lirinensi

2034 1420 2326 1491 spectabile
2354 1426 2530 1487 caput,
2557 1415 2824 1484 Luporum
2847 1413 3129 1467 conci-llita
3147 1411 3625 1477 Msuitnorumque,

2036 1526 2092 1569 et
2122 1511 2463 1582 parcitnoniae
2492 1508 2715 1562 saltibus
2740 1506 2997 1575 consequi
3029 1504 3288 1558 all‘ectans
3332 1502 3538 1571 Metnph
3565 1504 3628 1556 ti-

2036 1620 2128 1660 eos
2155 1613 2212 1658 et
2256 1601 2569 1656 Palaestinos
2600 1597 3076 1651 archimandritas.
3132 1594 3180 1648 Is
3209 1595 3491 1663 episcopus
3528 1596 3631 1646 An-

2038 1696 2221 1751 tiolius
2254 1712 2269 1749 :
2296 1693 2451 1760 cujus
2481 1692 2681 1753 relatu,
2712 1689 2804 1756 qui
2838 1700 2987 1755 pater
3008 1687 3179 1752 Vobis,
3204 1686 3403 1754 quique
3422 1683 3633 1752 quales-

346 1810 582 1866 narraris
608 1810 724 1863 sine
752 1807 999 1877 superbia
1034 1805 1290 1867 nobilem,
1331 1803 1449 1856 sine
1501 1800 1697 1854 invidia
1739 1808 1930 1866 poten-

2047 1800 2142 1855 quc
2176 1798 2270 1837 vos
2299 1781 2514 1844 fratres,
2545 1793 2647 1847 qua
2680 1792 2891 1832 morum
2927 1775 3277 1845 praerogativa
3325 1777 3631 1843 pontiticatu

345 1914 477 1971 tem,
505 1903 623 1957 sine
640 1897 1022 1969 superstitione
1051 1895 1379 1958 religiosum,
1407 1892 1523 1947 sine
1556 1892 1814 1961 jactantia
1837 1891 1929 1943 lit-

345 2004 607 2055 teratum,
636 1992 753 2045 sine
784 1988 978 2057 ineptia
1017 2001 1267 2056 gravem,
1297 1984 1418 2039 sine
1446 1984 1625 2037 studio
1669 1982 1897 2036 facetum
1919 2021 1935 2044 ,
1964 1996 1967 1999 ν

345 2086 464 2141 sine
492 2082 779 2153 asperitate
822 2088 1183 2142 constantem,
1228 2075 1387 2147 242
1426 2075 1542 2130 sine
1585 2075 1938 2145 popularitate

345 2192 708 2234 communem.
737 2175 999 2229 Prteterea
1026 2172 1107 2224 his
1136 2171 1238 2224 hoc
1262 2168 1761 2239 prmstantissimnm
1786 2167 1939 2219 bonis

351 2271 491 2325 fama
521 2274 922 2337 superaggerat,
953 2263 1096 2334 quod
1121 2274 1172 2319 te
1202 2262 1394 2317 asserit
1442 2262 1601 2314 hasce
1628 2270 1704 2314 tot
1735 2260 1937 2325 gratias

347 2362 763 2431 fastigatissimae
814 2359 1051 2413 caritatis
1101 2371 1224 2410 arce
1279 2353 1680 2410 transcendere.
1742 2351 1937 2413 Fama.

348 2455 586 2523 inquam,
618 2465 738 2521 quae
763 2450 831 2504 de
861 2449 1105 2503 laudibus
1127 2447 1231 2501 tuis
1260 2461 1381 2500 cum
1413 2454 1568 2500 canat
1612 2444 1798 2503 multa.
1826 2444 1943 2511 plus

349 2546 557 2602 reticet.
622 2545 753 2597 Nam
799 2542 1010 2611 longius
1056 2540 1361 2595 c0t.stitutis
1409 2538 1675 2592 actionum
1732 2544 1940 2588 tuarum

351 2639 680 2710 prepositum
714 2648 885 2706 potest
913 2637 1209 2704 assignare,
1238 2647 1341 2686 non
1367 2646 1670 2685 numerttm.
1699 2631 1934 2697 Quarum

352 2731 615 2788 relatione
650 2744 970 2792 succensus.
1027 2728 1167 2782 ultro
1200 2726 1403 2793 primus
1431 2735 1489 2779 ttt
1531 2725 1688 2793 longe
1727 2722 1945 2777 infe:io-

352 2838 466 2877 rem
488 2821 663 2885 decet,
705 2819 770 2873 ad
799 2818 1055 2873 solvenda
1085 2817 1261 2872 officia
1299 2831 1597 2886 procurro;
1636 2831 1735 2870 nec
1757 2829 1948 2869 vereor

350 2912 676 2982 garrulitatis
710 2910 997 2980 aliquando
1026 2909 1208 2977 argui,
1241 2908 1330 2977 qui
1378 2907 1526 2976 potui
1565 2906 1947 2961 taciturnitatis

353 3007 629 3074 hucusque
673 2994 902 3072 culpari.
950 3001 1283 3057 Commendo
1340 3002 1652 3056 Promotum
1700 2999 1943 3069 gerulum

354 3098 690 3158 litterarum,
720 3094 872 3148 nobis
908 3092 1127 3162 quidem
1166 3092 1276 3161 jam
1325 3102 1451 3148 ante
1498 3092 1799 3162 cognitum,
1852 3091 1945 3145 sed

2040 1877 2275 1933 maximo
2302 1873 2462 1930 ambo
2489 1871 2803 1942 fungamini,
2851 1870 3111 1925 sollicitus
3147 1883 3476 1939 cognoscere
3525 1877 3639 1919 stu-

2038 1970 2151 2032 dtti,
2205 1976 2261 2022 et
2311 1965 2552 2035 gaudens
2595 1964 2915 2032 cognovisse
2966 1978 3051 2017 me
3098 1960 3341 2016 memini.
3373 1960 3471 2014 Cui
3504 1963 3637 2027 patri

2039 2059 2311 2131 quondam
2339 2056 2593 2113 videlicet
2642 2070 2736 2110 vos
2792 2054 3032 2118 habenti,
3084 2054 3166 2107 vix
3210 2052 3404 2107 domus
3459 2054 3638 2106 Aaron

2042 2152 2311 2223 pontificis
2350 2148 2559 2218 antiqui
2599 2146 2794 2201 tnerito
2837 2155 3283 2214 compararetur:
3316 2157 3475 2212 quem
3519 2144 3642 2196 licet

2044 2245 2273 2314 primum
2306 2243 2357 2297 in
2388 2240 2568 2296 medio
2617 2239 2789 2311 plebis
2837 2238 3153 2301 eretnitidis,
3198 2236 3640 2292 sanctiﬁrationis

2043 2342 2162 2396 oleo
2204 2340 2408 2410 legiferi
2440 2338 2620 2393 fratris
2647 2338 2841 2391 dextra
2886 2335 3200 2402 perfuderit,
3252 2335 3390 2389 Iilios
3419 2334 3537 2403 ejus
3589 2335 3641 2387 in

2043 2436 2236 2491 similis
2265 2435 2430 2490 officii
2460 2434 2641 2487 munia
2662 2449 2858 2486 vocans
2879 2440 3086 2496 ;tantett
3116 2430 3279 2499 ipsius
3306 2444 3471 2497 super
3505 2430 3518 2482 Ι
3550 2430 3643 2483 lia—

2047 2547 2161 2585 mar
2187 2542 2242 2584 ct
2268 2530 2523 2583 Eleanro
2553 2528 2878 2589 felicitatem,
2915 2525 3094 2579 Nadab
3125 2536 3177 2579 et
3220 2525 3359 2579 Abiu
3402 2525 3644 2579 fulmini-

2047 2625 2147 2677 bus
2174 2621 2334 2693 ZM
2370 2620 2534 2673 affliti
2579 2619 2958 2674 decolorat-ere
3006 2631 3296 2685 :tqnorutn
3347 2619 3643 2686 quamlibet

2048 2716 2490 2782 itttet'etnptertttn
2567 2714 2853 2766 credamus
2932 2710 3288 2765 absolvendas
3363 2711 3571 2764 animas
3625 2756 3641 2775 ,

2048 2808 2261 2877 punitas
2317 2816 2496 2860 tamen
2567 2804 2766 2859 Scimus
2817 2816 2936 2856 esse
2990 2816 3268 2870 personas.
3339 2799 3449 2854 Vos
3508 2817 3643 2855 vero

2050 2900 2241 2953 tacturi
2281 2898 2525 2967 paginam
2572 2894 2799 2961 altaris,
2849 2892 3020 2958 nihil,
3075 2903 3130 2947 ut
3182 2892 3341 2946 audio
3390 2937 3405 2960 ,
3436 2892 3646 2947 oﬂ‘ertis

2050 2991 2190 3059 ignis
2241 2989 2402 3044 alieni
2453 3006 2467 3043 :
2528 2987 2621 3041 sed
2676 2985 3058 3040 comitantibus
3116 2983 3349 3038 victimis
3397 2984 3643 3038 caritatis

2050 3086 2422 3155 castitatisque
2459 3125 2473 3146 ,
2521 3081 3003 3149 fragrantissimum
3057 3078 3336 3133 incensum
3393 3075 3647 3131 tttribu'is

357 3192 601 3240 nostrum
629 3198 799 3253 nuper
836 3182 1083 3237 effectum
1129 3185 1326 3238 vestris
1369 3183 1703 3237 orationibus
1748 3183 1949 3237 contri-
1976 3189 2022 3251 ς
2052 3177 2230 3232 cordis
2259 3174 2503 3229 adoletis.
2536 3172 2616 3227 Ad
2640 3173 2742 3226 hoc
2770 3172 2979 3240 quoties
3018 3169 3208 3239 jugtnn
3258 3168 3392 3237 legis
3418 3169 3648 3223 cervici-

356 3277 537 3332 bulem
569 3294 585 3331 :
620 3274 856 3345 quicum
890 3275 961 3329 sit
1004 3285 1160 3345 gente
1192 3274 1429 3343 Iudaeus,
1463 3276 1565 3330 fide
1596 3287 1769 3329 tamen
1802 3290 1940 3344 pra:-

356 3368 520 3441 elegit
544 3370 747 3424 censeri
782 3368 1017 3423 Israelita
1045 3384 1203 3437 quant
1236 3369 1527 3438 sanguine;
1556 3377 1612 3422 et
1651 3367 1944 3435 municipa-

358 3477 474 3521 tum
499 3466 735 3521 ctelesns
762 3463 903 3521 illius
938 3464 1166 3519 civitatis
1193 3454 1470 3528 affectans,
1504 3462 1945 3529 occidentemque

357 3561 587 3616 litteram
643 3558 837 3629 spiritu
882 3558 1182 3613 vivificante
1230 3556 1529 3623 fastidiens,
1582 3557 1782 3626 pariter
1821 3556 1944 3611 hinc

355 3654 511 3736 iustis
541 3654 753 3723 praemia
786 3652 1053 3721 proposita
1082 3651 1471 3720 contemplans,
1498 3649 1644 3713 hinc.
1676 3649 1777 3704 nisi
1812 3648 1946 3703 fare-

357 3755 442 3803 ret
462 3745 528 3799 ad
553 3746 823 3800 Christum
867 3744 934 3797 de
960 3743 1371 3799 circumcisione
1400 3740 1774 3811 transfugiunt,
1805 3756 1943 3810 prtu—

358 3835 546 3891 videns
585 3850 706 3889 sese
743 3849 839 3903 per
866 3843 1066 3888 :eterna
1109 3836 1305 3888 saecula
1337 3833 1631 3903 aequiterna
1685 3833 1945 3901 supplicia

359 3941 687 3997 passurum:
732 3926 956 3995 patriam
1001 3925 1106 3980 sibi
1153 3926 1343 3980 maluit
1395 3927 1724 3982 Hierusalem
1774 3929 1947 3995 potius

357 4032 515 4086 quam
561 4010 980 4086 Hierosolymam
1013 4017 1335 4085 computari.
1367 4016 1569 4084 Quibus
1608 4017 1823 4087 agnitis,
1848 4019 1946 4071 ad-

357 4121 663 4164 ventantem
692 4108 922 4163 Abrahae
971 4124 1113 4162 nunc
1172 4108 1338 4163 lilium
1371 4110 1636 4164 veriorem
1689 4109 1948 4166 maternis

357 4200 500 4256 ulnis
537 4198 793 4270 spiritalis
824 4200 955 4254 Sara
982 4199 1258 4265 suscipiat.
1294 4199 1535 4268 Namque
1577 4198 1644 4252 ad
1684 4200 1825 4268 Agar
1854 4215 1950 4253 an-

357 4295 535 4350 cillam
566 4293 833 4360 pertinere
863 4298 988 4343 tunc
1028 4289 1209 4355 desiit,
1253 4305 1376 4344 cum
1405 4290 1562 4360 legali
1593 4291 1950 4345 observantiae

356 4387 667 4439 servitutem
693 4383 878 4453 gratiae
906 4381 1154 4435 libertate
1189 4382 1431 4435 tnntavit.
1468 4381 1542 4436 De
1568 4391 1795 4447 caetero,
1829 4397 1950 4451 qua:

361 4475 463 4543 ipsi
493 4476 647 4528 fuerit
675 4473 776 4527 isto
800 4487 960 4527 causa
990 4471 1262 4536 veniendi,
1295 4483 1662 4541 praesentaneo
1689 4474 1949 4528 conduci.

2046 3268 2145 3323 bus
2172 3263 2593 3336 superbientinm
2622 3277 2717 3332 per
2743 3260 2952 3316 vincula
3002 3260 3399 3329 pratdicationis
3446 3261 3648 3315 astrin-

2044 3360 2189 3429 gitis,
2215 3369 2342 3412 tunc
2365 3356 2472 3411 Deo
2500 3367 2684 3408 tauros
2714 3354 3069 3422 spiritualiter
3119 3352 3431 3407 immolatis.
3496 3354 3645 3420 Quo-

2049 3449 2146 3503 lies
2169 3463 2314 3501 Const
2335 3446 2513 3502 ientia:
2550 3444 2876 3499 luxuriantis
2917 3442 3101 3498 fedore
3132 3444 3388 3514 pollutos,
3419 3443 3484 3497 ad
3513 3458 3646 3497 soa-

2047 3539 2364 3596 \eolentiam
2429 3538 2696 3609 pudicitia:
2762 3537 2993 3593 stimulis
3054 3538 3401 3592 correctionis
3452 3538 3519 3590 int
3562 3540 3647 3592 e3-

2049 3638 2185 3703 litis,
2232 3634 2502 3690 hircorum
2554 3649 2647 3685 vos
2692 3633 2952 3687 obtu'isse
2995 3632 3335 3685 virulentiam
3393 3630 3646 3685 Christus

2047 3727 2147 3784 sibi
2177 3734 2472 3795 computat.
2502 3725 2722 3793 Quoties
2752 3723 3094 3778 hortantibus
3132 3723 3281 3777 Vobis
3322 3722 3376 3777 in
3398 3738 3465 3792 qu
3492 3740 3644 3777 cun-

2047 3836 2153 3892 que
2173 3830 2494 3889 compuncto
2521 3819 2704 3881 culpas
2743 3832 2872 3872 suas
2913 3816 3087 3871 anima
3131 3816 3411 3885 pmoaliler
3457 3831 3643 3870 recor-

2050 3916 2172 3968 data
2196 3911 2463 3981 suspirat;
2494 3911 2614 3980 quis
2651 3924 2747 3963 vos
2777 3909 3009 3978 ambigat
3040 3908 3184 3976 paria
3216 3918 3517 3975 turturum,
3548 3921 3643 3963 aut

2050 4007 2203 4061 binos
2226 4007 2401 4072 pullos
2426 4003 2820 4072 columbarum,
2862 4003 2952 4073 qui
2982 4003 3251 4072 duplicem
3282 4002 3641 4055 substantiam

2050 4101 2326 4169 utriusque
2373 4095 2604 4151 hominis
2646 4096 2812 4151 nostri
2852 4106 2958 4149 tam
2993 4111 3219 4150 numero
3246 4110 3406 4163 quant
3436 4107 3642 4164 gemitu

2048 4194 2342 4264 assignant,
2393 4191 2621 4261 myStico
2650 4188 2833 4243 litasse
2862 4189 3162 4243 sacrificio?
3209 4189 3426 4255 Quoties
3460 4200 3644 4240 vestro

2050 4288 2256 4341 monitu
2306 4284 2529 4338 obesum
2576 4282 2880 4352 quicunque
2928 4295 3165 4349 corpus,
3215 4288 3645 4347 mstuantentqne

2053 4379 2245 4450 turgidi
2290 4380 2496 4433 ventris
2543 4378 2804 4445 arvinam,
2854 4375 3047 4430 crebro
3091 4374 3421 4443 jejuniorum
3475 4375 3645 4426 deco-

2055 4472 2299 4541 quendus
2336 4472 2459 4538 igne
2488 4469 2770 4529 torruerit;
2818 4466 2950 4521 nulli
2981 4464 3202 4519 dubium
3243 4475 3328 4519 est
3370 4479 3463 4517 vos
3509 4473 3646 4516 tunc

364 4564 563 4619 bilibus
594 4565 731 4618 idem
760 4564 955 4633 pcterit
981 4563 1251 4631 explicare
1278 4572 1594 4618 memoratu.
1634 4563 1797 4618 Nobis
1822 4580 1948 4619 vero
1979 4558 2029 4617 D
2054 4562 2287 4616 similam
2317 4562 2506 4615 frixam
2531 4562 2580 4614 in
2610 4560 2837 4629 quadam
2858 4556 3199 4614 continentia:
3220 4555 3486 4625 sartagine
3506 4571 3647 4609 con-

362 4663 578 4724 propter
606 4669 724 4723 qua:
753 4654 1135 4731 suprascripsi
1165 4655 1475 4710 carissimus
1509 4656 1735 4712 habetur
1759 4673 1773 4709 :
1802 4657 1945 4728 quod

360 4745 521 4817 243
568 4760 633 4799 eo
671 4744 950 4813 significo,
1005 4748 1127 4814 quia
1178 4746 1223 4801 is
1268 4746 1641 4803 efficacissime
1685 4764 1951 4818 quemque

362 4834 726 4898 commendat,
753 4836 840 4901 qui
873 4850 1047 4888 meras
1066 4836 1431 4905 causasjustac
1458 4839 1947 4893 commendationis

360 4928 648 4999 aperuerit.
678 4927 881 4981 Memor
908 4925 1077 4981 nostri
1113 4942 1233 4982 esse
1260 4930 1501 4999 dignare,
1544 4931 1761 4987 domine
1792 4950 1945 5002 papa,

423 5088 449 5116 ι
497 5074 806 5153 $ic_p0tius
861 5090 890 5128 a
922 5074 1165 5153 _Sidonio
1218 5079 1475 5153 scriptum
1505 5096 1724 5145 censeo.
1777 5100 1937 5153 quam

361 5148 473 5202 loca
501 5145 671 5207 Latia,
722 5154 880 5213 atque
922 5147 991 5200 ita
1023 5162 1244 5215 prorsus
1292 5150 1477 5204 ltabuit
1520 5145 1939 5211 vetustissuttum

361 5228 417 5273 et
439 5216 1329 5289 probatssimmnotmexemplar:
1384 5221 1435 5274 in
1483 5238 1587 5289 quo
1638 5232 1814 5278 tamen
1860 5242 1940 5281 re-

362 5291 570 5360 centior
592 5301 780 5360 manus
805 5287 964 5340 lautia
996 5288 1047 5342 in
1095 5290 1241 5342 Latia
1273 5287 1524 5348 mutarat.
1575 5294 1710 5347 Loca
1742 5296 1901 5349 ΙειιΙΙικ
1922 5337 1938 5360 ,

364 5375 490 5436 ςιιιιιε⁵
511 5357 698 5436 legatis
717 5357 1113 5436 decernisolita
1146 5374 1161 5412 :
1195 5371 1390 5414 tectum
1434 5365 1634 5418 Miliiccl
1660 5357 1939 5436 epulmqne

367 5429 640 5506 lautiores.
679 5428 801 5506 Inde
819 5428 885 5481 ad
902 5429 1009 5506 alia
1033 5445 1244 5506 quoque
1267 5436 1660 5506 transli-relmnt
1682 5428 1773 5489 {ut
1797 5428 1939 5506 Apu-

368 5501 498 5575 leius
518 5501 609 5552 lib.
636 5515 688 5552 ttt
707 5540 721 5563 ,
752 5498 1037 5575 hospitium
1060 5501 1180 5575 mihi
1201 5501 1381 5575 etfacit
1405 5505 1565 5557 lautia
1581 5498 1934 5575 prwbtturnm.

368 5568 841 5648 .SYIII'IIIIICll-Ilsnlilz).
879 5586 950 5635 tv,
994 5572 1152 5641 epist.
1204 5568 1293 5635 56,
1328 5571 1488 5627 Musis
1529 5568 1802 5644 iu'pai'atio
1833 5580 1946 5632 loca

367 5640 527 5691 (milia
558 5649 611 5689 tu
632 5640 832 5693 dedisti.

447 5705 472 5741 ι’
506 5707 839 5786 blunechiuf,
884 5715 1178 5786 Νουνξχιος,
1213 5714 1544 5769 emendatius
1594 5717 1845 5771 st-rihitur
1892 5720 1947 5774 in

369 5777 595 5831 concilio
624 5777 896 5839 Yeuetico.
942 5777 1401 5854 cui'Subscripsit.
1455 5786 1571 5846 Fuit
1597 5788 1733 5843 alter
1757 5798 1941 5859 postea

2054 4662 2374 4712 secraturos.
2404 4651 2623 4719 Quoties
2648 4651 2877 4715 aliquem
2908 4651 3101 4704 mentis
3144 4647 3359 4718 perfida:
3386 4647 3641 4714 figmenta

2055 4759 2363 4817 ponentem,
2408 4761 2592 4799 sanam
2623 4744 2948 4811 respondere
2976 4743 3299 4808 doctrinam,
3334 4742 3488 4796 fidem
3514 4757 3641 4796 cre-

2052 4842 2201 4906 dere,
2236 4842 2372 4893 viam
2405 4851 2608 4902 tenere,
2638 4842 2798 4890 vitam
2846 4852 3065 4906 sperare
3097 4837 3362 4898 suadetis;
3393 4836 3510 4903 quis
3542 4850 3644 4887 vos

2055 4934 2261 4989 dubitet
2289 4933 2340 4985 itt
2389 4929 2547 4999 hujus
2590 4928 2963 4983 emendatione
2990 4927 3256 4992 conversi,
3304 4927 3393 4994 qni
3427 4926 3534 4995 jattt
3570 4928 3644 4981 sit

2050 5085 2292 5156 ejusdem
2312 5082 2552 5156 nominis
2567 5081 2883 5156 Gnntratnni
2911 5083 3050 5156 regis
3070 5086 3399 5156 temporibus
3422 5084 3642 5139 Nonne.

2050 5154 2205 5209 cltitts
2228 5159 2513 5223 episcopus
2538 5154 2929 5225 Namnetensts.
2964 5154 3159 5225 [felicis
3181 5158 3417 5225 episcopi
3443 5171 3641 5211 conso-

2050 5228 2231 5280 ltrinns
2260 5235 2314 5279 et
2355 5240 2666 5290 successor,
2712 5223 2915 5294 dequo
2956 5223 3249 5294 Gregorius
3299 5223 3497 5280 'l‘uron.
3533 5226 3634 5280 lib.

2047 5313 2096 5352 VI
2128 5308 2182 5351 ΘΙ.
2208 5312 2317 5350 VIII.

2115 5376 2137 5402 ο
2195 5366 2541 5421 Suessionum
2592 5365 2866 5432 episcopo,
2920 5363 3071 5420 fra'ri
3125 5367 3347 5437 lletnigii
3394 5370 3634 5437 episcopi

2045 5438 2329 5493 “emensis
2363 5455 2376 5489 :
2408 5453 2562 5505 quem
2594 5436 2754 5490 etiam
2775 5475 2791 5499 ,
2819 5447 3130 5505 patremque
3161 5436 3437 5492 lEutiliutn
3474 5444 3635 5493 tacito

2053 5509 2271 5563 nomine
2299 5510 2495 5561 lauitat.
2531 5507 2605 5561 De
2660 5508 2849 5560 iisdem
2881 5509 3130 5562 omnibus
3174 5510 3504 5562 lt'lotloardus
3534 5513 3631 5565 lih.

2053 5595 2102 5643 ι,
2127 5595 2243 5646 cap.
2294 5580 2380 5633 I0.
2415 5579 2679 5631 Antiolius
2706 5586 2916 5643 autem,
2948 5595 3105 5647 quem
3149 5582 3275 5633 olitn
3325 5596 3447 5633 cum
3482 5582 3633 5647 la-po

2051 5650 2356 5703 'l‘ricassino
2384 5659 2439 5702 et
2479 5650 2709 5704 Maximo
2747 5648 2962 5702 liciensi
3013 5650 3346 5704 Lirinensetn
3388 5666 3629 5705 erenmin

2050 5720 2300 5800 habuisse
2330 5719 2623 5789 significat,
2670 5721 2947 5788 cujusnam
2975 5724 3118 5776 sedis
3148 5722 3304 5777 fuerit
3346 5722 3629 5790 episcopus

2048 5801 2330 5845 IllCCl’lUlll.
