3946 6176
339 320 443 375 615

1564 320 2045 378 ΕΡιδτυιΑιιυΜ
2088 319 2219 376 LIB.
2270 320 2401 374 Vill.

3503 321 3603 375 6H

342 432 475 484 liber
498 428 568 483 ab
597 427 808 495 haeresi,
856 430 991 486 liber
1019 431 1087 486 ab
1127 431 1415 500 hypocrisi,
1451 430 1584 487 liber
1626 434 1695 488 ab
1742 435 1919 487 schis-
1951 443 1997 497 Α
2031 434 2125 487 scd
2154 433 2331 499 operis
2350 430 2547 498 arrepti
2578 430 2717 486 fasce
2742 442 3039 500 perspecto,
3072 432 3255 487 ta~dut
3284 432 3560 485 inchoasse
3586 450 3598 482 :

343 531 503 582 male,
535 524 971 591 purgatissimum
1010 523 1395 592 propositionis
1440 537 1629 591 panem
1658 538 1779 577 cum
1812 526 1923 578 sin-

342 613 576 667 ceritatis
625 624 681 668 et
728 614 966 668 veritatis
1011 615 1211 685 azymis
1242 615 1617 669 dedicaturus?
1645 616 1923 669 Postremo

344 704 461 772 quis
490 704 713 769 nesciat,
753 703 1009 773 quidquid
1054 704 1186 772 legis
1214 704 1402 759 diebus
1431 704 1591 776 245
1632 707 1924 776 figuraliter

343 793 724 849 immolabatur
770 795 821 847 in
874 794 1211 862 Corporibus,
1261 796 1401 863 quod
1450 806 1617 849 totum
1652 796 1701 850 id
1743 797 1927 865 gratiae

343 897 586 954 tempore
634 886 916 940 manifeste
957 901 1052 939 vos
1081 886 1318 940 offeratis
1358 886 1410 939 in
1438 887 1719 941 moribus?
1749 890 1925 955 Atque

344 980 466 1033 ilco
496 987 675 1047 grates
696 979 887 1031 uberes
911 978 1019 1031 Deo
1044 976 1241 1041 refero,
1260 977 1400 1045 quod
1420 976 1712 1031 secundum
1737 992 1926 1031 teszra:

346 1072 553 1137 paginae
580 1070 910 1139 qualitatem,
942 1069 1095 1123 facile
1141 1084 1373 1137 agnosco
1420 1068 1712 1122 antistitem
1741 1083 1927 1136 supra-

345 1162 509 1212 fatum
542 1159 611 1213 de
641 1160 793 1212 vobis
819 1174 938 1213 cum
980 1175 1165 1227 magna
1194 1158 1414 1223 dixerit,
1444 1159 1645 1227 majora
1676 1159 1922 1213 tacuisse.

343 1256 682 1320 Quapropter
712 1265 869 1305 nemo
895 1250 1235 1321 dubitaverit,
1276 1251 1365 1321 qui
1399 1251 1567 1303 bonus
1608 1266 1666 1304 es
1695 1264 1814 1304 cum
1844 1250 1925 1303 iu-

342 1342 561 1406 lilcfll‘ls,
595 1352 646 1395 et
676 1344 866 1396 melior
893 1357 1013 1395 cum
1047 1343 1257 1411 legeris,
1285 1358 1405 1397 esse
1435 1352 1487 1396 te
1515 1344 1772 1409 optimum
1804 1358 1925 1398 cum

346 1432 486 1485 videt
503 1430 570 1484 is.
604 1431 897 1501 Megethius
940 1431 1191 1496 clericus,
1242 1433 1405 1486 vestri
1451 1432 1664 1502 gerulus
1704 1432 1923 1501 eoquii,

344 1525 507 1578 rebus
530 1539 597 1578 ex
628 1524 893 1578 sententia
924 1526 1108 1593 gestis,
1140 1525 1260 1595 quia
1295 1533 1504 1578 [mrum
1536 1524 1744 1593 apicum
1768 1524 1924 1577 detu-

344 1613 405 1667 lit
436 1630 686 1680 munera,
707 1630 944 1668 meorum
974 1624 1210 1684 reportat
1232 1616 1483 1684 obsequia
1514 1634 1526 1668 :
1557 1632 1711 1685 quem
1736 1617 1923 1669 saltent

342 1708 586 1775 juvimns
628 1716 774 1772 voto,
818 1710 941 1777 quia
989 1724 1045 1762 re
1090 1708 1309 1763 forsitan
1354 1726 1458 1762 non
1509 1706 1753 1764 valemus
1787 1726 1801 1762 :
1835 1724 1927 1776 per

2028 536 2245 595 pr0pter
2302 525 2404 577 hoc
2455 525 2614 577 nullis
2661 527 2879 577 auribus
2926 527 3128 580 cre.tidi
3178 527 3319 594 quod
3373 541 3600 593 prnunm

2027 632 2112 670 me
2139 630 2363 670 censore
2408 616 2806 668 damnaveram.
2859 617 3095 681 Dabitur,
3123 626 3178 669 ut
3211 630 3390 683 spero,
3417 630 3602 683 preca~

2028 708 2099 760 tui
2131 716 2220 759 tuo
2248 717 2301 759 et
2341 705 2547 777 meritis
2576 704 2834 759 antistitis
2861 706 3076 770 summi,
3107 716 3367 773 quatenus
3399 720 3600 773 pra-co-

2029 800 2118 852 niu
2159 814 2257 851 suo
2283 798 2383 851 sub
2411 811 2728 866 quacunque
2773 806 2826 848 et
2872 795 3087 864 quidem
3119 797 3280 850 celeri
3322 798 3603 849 occasion

2028 890 2365 943 famulemur.
2398 890 2658 941 (lacteum
2689 897 2744 940 tu
2771 888 3007 941 creditor
3032 886 3225 954 justus,
3269 885 3604 939 laudabiliter

2030 980 2130 1033 hoc
2172 978 2547 1048 imprudentia:
2592 977 2862 1032 temerarii
2906 977 3163 1032 debitorts
3211 976 3513 1042 indulseris,
3549 986 3606 1028 ut

2027 1070 2167 1138 quod
2218 1069 2345 1123 mihi
2378 1068 2659 1121 insolubie
2689 1067 2918 1132 videtur,
2976 1067 3069 1119 tibi
3109 1081 3323 1135 quoque
3365 1066 3607 1119 videatur

2028 1161 2416 1231 irrepOscibtle.
2468 1159 2672 1215 Memor
2715 1159 2882 1214 nostri
2929 1171 3051 1214 csse
3089 1159 3338 1227 dignare,
3389 1157 3605 1210 domine

2028 1268 2186 1325 papa.

2556 1362 2886 1419 EPISTULA
2929 1362 3068 1417 XVI.

2352 1477 2603 1534 Sidonius
2625 1476 2918 1533 Constantio
2944 1494 3039 1531 suo
3061 1478 3295 1533 salutem.

2099 1632 2126 1672 δ
2145 1633 2545 1703 Sp0ponderam
2564 1632 2835 1698 Petronio,
2854 1633 3047 1688 illustri
3066 1634 3199 1700 viro,
3219 1649 3454 1703 praesens
3472 1652 3609 1705 opu-

2026 1728 2233 1777 sculum
2268 1724 2449 1793 paucis
2478 1740 2564 1779 me
2608 1727 2850 1792 epistolis
2895 1725 3264 1793 expediturum
3290 1741 3305 1780 :
3332 1727 3481 1795 cujm
3512 1744 3604 1779 au-

344 1814 506 1866 quetn
541 1798 767 1853 obsecro
800 1802 1036 1890 impense
1062 1811 1128 1851 'ut
1177 1800 1320 1853 sitim
1354 1808 1590 1853 nostram
1622 1798 1926 1890 frequenter
1960 1800 2005 1859 Β
2033 1817 2180 1871 ribus
2212 1833 2317 1871 ηοη
2347 1818 2581 1886 peperci,
2613 1819 2735 1871 dum
2767 1818 2871 1871 mis
2901 1834 3080 1887 parco.
3106 1820 3261 1874 Malui
3292 1837 3519 1890 namque
3550 1831 3605 1877 ιη

342 1890 545 1943 litteris
593 1890 869 1953 lim-ratis,
919 1888 1079 1941 ambo
1120 1890 1397 1957 germani,
1448 1899 1501 1942 tu
1556 1889 1922 1958 frequentius,

343 1981 607 2051 irrigetis.
656 1981 759 2035 Sed
805 1980 850 2034 si
897 1981 1180 2036 difficultas
1206 1981 1262 2034 iti
1289 1984 1413 2036 .eris
1450 1981 1676 2036 intersiti
1705 1981 1926 2035 resultat

343 2072 568 2140 optatis,
620 2070 703 2126 vel
746 2070 1026 2140 aliquoties
1079 2087 1174 2139 pro
1237 2072 1564 2141 supplicibus
1608 2073 1923 2141 supplicate.

342 2163 521 2231 Majus
570 2174 650 2217 est
696 2173 894 2230 autent,
927 2161 971 2216 si
1023 2160 1174 2216 nobis
1212 2163 1444 2217 tribuere
1471 2162 1755 2232 dignemini
1792 2168 1926 2216 raris

340 2253 828 2310 intercessionibus
877 2253 1125 2319 salutem,
1159 2267 1314 2322 quam
1363 2257 1407 2307 si
1449 2255 1650 2307 crebris
1680 2254 1926 2308 atl'atilms

340 2331 684 2415 dignitatettt.
745 2344 947 2400 Memor
1010 2348 1178 2399 ηυδπί
1229 2360 1348 2399 esse
1395 2332 1654 2416 dignare,
1710 2346 1926 2401 domine

342 2451 504 2504 νίψει
1404 2500 1405 2503 η

902 2526 1229 2581 EI‘ISTOLA
1270 2527 1381 2582 XV.

527 2617 767 2675 Sidonius
795 2619 998 2671 domino
1024 2636 1171 2690 papa:
1196 2632 1219 2656 ι·
1254 2621 1507 2690 Prospero
1533 2621 1765 2675 salutem.

418 2708 558 2763 Dum
604 2711 849 2764 laudibus
876 2712 1099 2765 summis
1143 2723 1385 2765 sanctum
1435 2711 1721 2777 Attianum,
1757 2714 1928 2766 maxi-

340 2817 499 2855 mum
547 2803 1233 2872 consommatissimumque
1284 2806 1609 2870 pontificem,
1660 2804 1806 2871 Lupo
1838 2822 1929 2871 pa-

340 2908 489 2959 rem,
526 2890 895 2962 Germanoque
927 2910 1030 2948 non
1077 2897 1333 2962 imparem
1371 2898 1452 2946 vis
1480 2894 1767 2960 celebrari;
1805 2896 1932 2948 lide-

340 2986 591 3055 liutnque
619 2986 889 3039 desideras
916 2987 1221 3055 pectoribus
1250 2987 1394 3057 infigi
1426 2988 1523 3040 viri
1556 2989 1677 3040 talis
1705 3004 1768 3041 ac
1798 2998 1867 3042 tat
1894 2989 1929 3043 ti

338 3092 557 3140 mores,
587 3079 797 3142 merita,
844 3080 1096 3141 virtutes;
1125 3081 1211 3132 cui
1241 3078 1400 3132 etiam
1448 3082 1571 3132 illud
1599 3096 1703 3134 non
1733 3082 1933 3149 absque

2028 1907 2180 1961 illum
2211 1909 2564 1962 correctionis
2591 1908 2763 1971 labor,
2818 1918 2868 1962 te
2898 1910 3068 1963 honor
3097 1909 3348 1963 editionis
3397 1911 3603 1979 aspice—

2028 2006 2132 2061 ret,
2168 1998 2573 2066 perveniretque
2618 1998 2668 2050 in
2708 2012 2896 2051 manus
2922 2008 3128 2054 ve~tras
3172 2000 3418 2054 volumen
3466 2001 3603 2055 istud

2027 2090 2207 2145 alieno
2252 2090 2507 2160 periculo,
2554 2090 2814 2158 obsequio
2857 2107 2996 2144 meo.
3058 2090 3275 2146 Peracta
3324 2094 3606 2159 promissio

2029 2190 2111 2235 cst
2155 2198 2167 2233 :
2215 2196 2334 2234 nam
2368 2181 2556 2250 peritia
2604 2191 2690 2233 tua
2738 2182 2782 2236 si
2827 2192 3128 2235 coactorum
3174 2181 3226 2236 in
3272 2183 3607 2237 membranas

2031 2271 2279 2338 inspiciat
2305 2271 2454 2340 signa
2485 2272 2781 2337 titulorum,
2809 2270 2918 2338 jam
2947 2273 3220 2341 ropiosum
3250 2281 3321 2336 te,
3352 2273 3403 2325 ni
3430 2272 3605 2341 fallor,

2031 2362 2207 2429 pulsat
2236 2362 2527 2430 exemplar,
2552 2364 2660 2429 jam
2694 2366 2907 2417 venitur
2937 2364 3001 2416 ad
3034 2364 3298 2432 margines
3326 2364 3607 2419 umbilico-

2031 2468 2173 2518 rum,
2194 2453 2301 2516 jam
2327 2461 2533 2522 tempus
2556 2465 2656 2515 est,
2681 2452 2837 2523 247
2864 2466 2918 2506 ttt
2959 2455 3218 2523 sstyt'icus
3245 2459 3338 2521 ait,
3361 2456 3605 2509 OreSIem

2033 2551 2275 2595 nostrum
2322 2544 2405 2596 vel
2453 2531 2617 2611 supér
2666 2552 2811 2613 terga
2857 2545 3015 2597 finiri.
3062 2544 3175 2597 Non
3227 2545 3311 2598 hic
3340 2560 3438 2614 ego
3462 2560 3606 2601 com-

2033 2636 2326 2689 mentitiam
2357 2634 2765 2703 Terpsichorem
2810 2652 2959 2689 more
3000 2636 3158 2689 smdii
3188 2638 3382 2692 veteris
3408 2637 3607 2702 il.-Cl\'i;

2035 2744 2133 2783 nec
2150 2728 2303 2797 juxta
2334 2728 2708 2797 scaturigiuem
2739 2728 2901 2782 fontis
2932 2730 3265 2799 Aganippici,
3301 2745 3394 2801 per
3435 2733 3607 2785 rosci-

2035 2824 2133 2877 das
2163 2824 2305 2891 ripas
2335 2830 2390 2876 et
2421 2823 2655 2889 pumices
2701 2821 2971 2875 muscidos
3001 2823 3195 2891 stylum
3245 2822 3398 2876 traxi.
3436 2827 3609 2889 Atque

2038 2915 2237 2968 utinam
2270 2913 2355 2967 hic
2380 2914 2452 2967 nil
2484 2912 2666 2978 molle,
2701 2914 2770 2965 nil
2800 2913 3041 2979 fluidum,
3074 2915 3143 2966 nil
3177 2918 3243 2968 de
3274 2915 3439 2970 triviis
3465 2930 3611 2969 com-

2039 3005 2291 3075 pitalibus
2319 3010 2614 3057 mutuatum
2664 3004 3010 3070 reperiretur.
3065 3002 3337 3071 Siquidem
3377 3015 3609 3068 maturo,

2041 3111 2098 3154 ut
2127 3114 2185 3153 es
2216 3098 2349 3167 ipse,
2384 3097 2569 3152 lectori
2599 3111 2704 3150 non
2732 3103 2936 3150 tantum
2963 3097 3127 3150 dictio
3156 3096 3384 3160 exossis,
3408 3109 3614 3165 tenera,

337 3171 558 3237 iustitia
582 3170 766 3236 gloria:
794 3173 967 3233 datur,
991 3169 1131 3237 quod
1165 3180 1215 3223 te
1237 3169 1398 3240 246
1419 3188 1494 3224 ευ.
1514 3187 1727 3225 cessure
1750 3173 1929 3225 detes-

2039 3190 2324 3257 defumbis,
2356 3198 2613 3257 quantum
2661 3187 2964 3249 vetuscula,
3015 3196 3190 3242 torosa
3236 3194 3291 3241 ct
3318 3188 3466 3257 quasi
3498 3202 3614 3241 ma-

339 3263 457 3325 sit;
498 3277 755 3330 exegeras
794 3263 920 3327 tnilti
974 3275 1027 3315 ut
1067 3265 1431 3331 promittetem
1479 3264 1569 3318 tibi
1599 3267 1774 3319 Atziia:
1823 3267 1932 3320 bel-

341 3355 461 3409 lum
503 3358 649 3421 stylo
695 3372 778 3410 me
829 3356 1056 3424 posteris
1102 3355 1468 3410 intimaturum
1502 3374 1515 3409 :
1547 3374 1651 3426 quo
1689 3361 1934 3414 videlicet

338 3447 756 3500 Aurelianensis
806 3448 952 3500 urbis
998 3447 1228 3512 obsidio,
1286 3457 1632 3517 oppugnatio,
1686 3452 1931 3518 irruptio,

340 3556 447 3595 nec
495 3539 751 3609 direptio,
781 3549 837 3595 et
865 3540 951 3593 illa
986 3540 1192 3609 vulgata
1223 3541 1458 3595 exauditi
1498 3541 1708 3595 ctelitus
1751 3560 1932 3596 sacer-

340 3634 497 3688 dotis
544 3632 850 3686 vaticinatio
897 3632 1291 3686 comincbatur.
1344 3635 1623 3700 (.wperam
1673 3634 1928 3698 scribere,

413 3764 539 3838 94
566 3775 594 3802 ι
637 3766 729 3837 Epi
764 3782 899 3836 c0po
941 3769 1342 3832 Aurelianensi.
1390 3772 1539 3840 cujus
1584 3786 1732 3830 extra
1790 3779 1930 3834 hunc

341 3840 534 3917 locum
578 3848 632 3890 et
680 3842 855 3917 Belias
881 3841 1390 3917 mattyrologiumiv
1410 3845 1628 3917 calend.
1685 3850 1929 3917 Augusti,

342 3909 563 3962 mentio
586 3911 724 3987 apud
749 3909 995 3987 antiquos
1018 3909 1099 3963 vix
1126 3916 1384 3987 occurrit.
1410 3913 1638 3987 Prosper
1659 3909 1800 3971 enim
1824 3909 1935 3987 cpi;

341 3994 575 4048 seopus,
621 3981 707 4047 qui
751 3982 1217 4048 Carpentoratensi
1265 3992 1320 4036 et
1352 3981 1663 4039 Vasionensi
1702 3981 1930 4043 concilio

342 4050 621 4112 interfuit,
652 4052 723 4123 ab
746 4051 844 4102 hoc
874 4053 1114 4105 diversus
1140 4064 1242 4116 est,
1277 4064 1456 4123 utpote
1488 4060 1768 4121 posterior.
1801 4060 1932 4114 Nam

341 4134 687 4197 synotzorum
714 4121 929 4174 ist'«rum
954 4121 1625 4197 temporeAurelianorum
1654 4130 1936 4197 episcoiius

341 4202 471 4244 erat
506 4206 611 4241 non
642 4192 890 4260 Prosper,
925 4194 1018 4246 Sed
1048 4193 1310 4247 Eusebius
1350 4197 1432 4249 vel
1482 4192 1751 4252 Leontius.
1806 4192 1937 4254 l'l'utc

345 4277 497 4336 \'cto_
537 4269 696 4314 aetate
749 4265 1098 4336 propior,_ac
1144 4263 1541 4336 plaue_su_ppar
1583 4266 1679 4321 fuit
1711 4269 1939 4336 Prosper

344 4330 863 4407 Aquitanus,quem
889 4334 974 4384 alii
1008 4330 1286 4407 Reiensem
1316 4330 1575 4407 in_Gallia,
1600 4339 1684 4390 alii
1714 4330 1941 4407 llegien-

341 4417 473 4457 setn
510 4401 731 4477 in_|tafia
764 4403 1073 4470 episcopum
1103 4402 1319 4477 faciunt,
1355 4404 1477 4477 Sed
1505 4406 1549 4458 is
1578 4423 1692 4460 mea
1725 4401 1938 4477 quidem

342 4472 625 4547 sententia
650 4474 930 4539 episcopus
951 4488 1219 4547 nunquam
1249 4474 1365 4547 fuit.
1388 4475 1598 4547 Reiensi
1624 4472 1755 4531 sane
1774 4482 1938 4547 (quod

342 4542 885 4617 inultismagtrsque
924 4544 1050 4596 viris
1094 4544 1581 4617 placuissevidt-o)
1630 4549 1680 4600 in
1728 4542 1941 4616 pro-vut-

2039 3279 2183 3334 seula
2214 3281 2404 3349 placet.
2459 3278 2563 3333 Sed
2611 3284 2953 3331 reserventur
2977 3277 3074 3331 ista
3119 3277 3411 3345 potioribus
3445 3277 3615 3333 :mibi

2037 3370 2254 3433 sufficit,
2286 3370 2330 3424 si
2357 3371 2464 3423 cito
2502 3368 2745 3435 ignoscas
2794 3367 2932 3435 quod
2963 3381 3147 3421 sutnus
3177 3369 3332 3420 tardi.
3356 3367 3617 3425 Praeterea

2039 3465 2082 3515 si
2110 3463 2191 3515 vir
2231 3462 2454 3514 illustris
2485 3457 2683 3527 aliquid
2714 3460 2936 3523 insuper
2966 3457 3313 3525 ampliuscule
3337 3456 3498 3511 scribi
3527 3457 3618 3511 ἁθ-

2038 3554 2392 3621 poposcisset,
2421 3549 2472 3602 in
2502 3562 2678 3600 moras
2693 3546 2933 3613 grandes
2956 3546 3348 3599 incidissemus.
3372 3545 3502 3599 Nam
3527 3562 3618 3613 per

2038 3653 2070 3681 ο
2093 3641 2380 3695 armariola
2411 3649 2462 3694 et
2492 3638 2800 3693 zotheculas
2845 3644 3057 3691 nostras
3102 3651 3208 3690 non
3248 3646 3618 3713 remanserunt

2038 3777 2299 3844 Fulgentii
2347 3774 2411 3828 ad
2466 3774 2753 3844 Mbnimum
2798 3770 2889 3824 lib.
2927 3785 2977 3835 ι,
3027 3784 3159 3844 (κιρ.Δ
3192 3771 3296 3844 50;
3328 3771 3622 3844 Marcellini

2039 3840 2262 3905 Comitis
2294 3847 2344 3899 in
2376 3845 2630 3897 chronico
2660 3843 2870 3896 sincero
2894 3851 2949 3894 et
2978 3856 3082 3895 non
3116 3840 3317 3904 vitiato,
3362 3842 3619 3896 aliorum-

2038 3935 2142 3988 que
2172 3935 2184 3971 :
2212 3918 2448 3988 quicum
2495 3915 2561 3988 de
2594 3912 2855 3980 Prospero
2891 3913 2993 3988 alia
3045 3912 3500 3988 otnnia__narrent,
3554 3914 3622 3967 de

2039 3980 2326 4058 episcopali
2370 3987 2486 4051 ejus
2529 3982 2731 4058 honore
2770 3984 3100 4058 mentionem
3130 3982 3348 4058 pullam
3402 3982 3620 4058 faciunt.

2041 4051 2601 4125 Quare—l’roSperum,
2633 4055 2721 4121 qui
2770 4054 2909 4125 inter
2948 4051 3309 4125 [legiiLepidi
3356 4053 3622 4125 antistites

2045 4120 2394 4187 timueratur,‘
2421 4125 2580 4177 alium
2628 4120 2696 4175 ab
2745 4123 3009 4190 Aquitano
3055 4122 3214 4173 fuisse
3262 4120 3621 4184 crediderim,

2044 4200 2264 4268 fallique
2289 4212 2383 4252 eos
2405 4195 2493 4266 qui
2515 4209 2638 4248 cum
2660 4191 2954 4247 Tritbemio
2974 4201 3027 4245 et
3054 4190 3314 4245 Flaminio
3339 4200 3621 4259 utrumque

2042 4287 2073 4325 c
2096 4269 2395 4324 :nl'ttudunt.

2124 4340 2148 4378 ι»
2190 4341 2284 4392 Cui
2313 4336 2596 4406 peculiaris
2627 4334 2712 4387 hic
2732 4330 2890 4406 ΔΙίικιι·
2918 4331 3123 4406 dicatus
3149 4339 3229 4384 est
3253 4331 3410 4406 epist.
3452 4331 3503 4385 l.
3554 4328 3623 4385 Ut

2040 4401 2395 4480 epistolartim,
2423 4407 2615 4475 inquit,
2642 4403 2821 4458 seriem
2844 4404 2983 4470 parvi
3005 4401 3175 4454 adhuc
3203 4401 3396 4453 numeri
3424 4417 3622 4455 summa

2044 4481 2290 4603 “tum:
2310 4517 2504 4601 scrinia
2528 4554 2583 4599 et
2610 4543 2869 4597 museola.
2901 4541 3107 4595 Plinius
3140 4538 3321 4608 junior
3344 4539 3395 4593 in
3419 4540 3622 4595 descri-

342 4618 431 4687 cia
474 4599 811 4687 l_|_lscc_:i:si;e'
835 4628 1068 4687 praeesse
1094 4599 1201 4666 non
1229 4616 1420 4687 putuit,
1463 4599 1582 4670 eum
1612 4599 1935 4683 certoin-ﬁsci,
1967 4599 2016 4658 D
2047 4599 2279 4687 [itionem
2315 4599 2468 4670 villas
2497 4599 2615 4669 sua;
2638 4613 3020 4687 :_Lauren_tin:e,
3061 4599 3157 4664 lib:
3197 4626 3254 4674 tt,
3301 4613 3459 4687 epist.
3509 4612 3571 4665 i7
3600 4625 3618 4665 :

344 4683 435 4737 vel
469 4681 697 4752 Sidolio
727 4691 964 4745 auctore,
1008 4686 1058 4736 in
1102 4699 1162 4737 ea
1207 4681 1457 4738 cathedra
1502 4697 1617 4752 post
1654 4681 1934 4742 Maximum

343 4754 566 4806 sedisse
616 4749 868 4804 Faustum
914 4768 929 4805 ε
972 4768 1195 4818 quorum
1241 4756 1327 4808 ille
1382 4749 1559 4810 llilaiii
1613 4758 1938 4813 Arelatensis

349 4822 699 4895 temporibus
727 4830 806 4895 (ut
848 4838 916 4895 ex
943 4824 1161 4895 lleiensi
1209 4826 1642 4895 Arattsicanoqne
1688 4830 1857 4882 cont-il
1882 4847 1932 4891 υ,

344 4903 520 4957 atque
550 4907 613 4944 ex
642 4891 823 4966 llilarii
858 4893 1021 4959 ipsius
1066 4893 1181 4966 Vita
1227 4898 1465 4961 constat)
1506 4891 1788 4966 episcopus
1833 4901 1934 4963 iam

344 4972 500 5036 erat,
524 4978 587 5036 :tc
618 4964 847 5036 proinde
869 4964 1155 5027 snperstile
1181 4966 1355 5019 adhuc
1378 4966 1430 5018 l’t
1448 4964 1658 5034 nspcrn,
1684 4964 1772 5036 qui
1800 4974 1934 5022 ultra

346 5031 548 5086 llilarti
579 5046 810 5105 attatem,
837 5032 935 5086 hoc
964 5044 1046 5085 est
1077 5037 1261 5087 urbem
1285 5050 1459 5105 iisque
1485 5031 1521 5090 a'
1542 5031 1789 5091 Vandalis
1816 5057 1934 5105 cap-

346 5113 470 5156 tam
518 5118 613 5153 sua
651 5102 912 5157 Chronica
960 5105 1226 5171 perduxit.
1283 5102 1506 5161 Faustus
1548 5123 1678 5162 Vero
1721 5102 1931 5161 Maximi

344 5186 661 5234 successor,
706 5189 761 5244 ut
791 5189 854 5227 γι
901 5172 1101 5227 Sidonii
1155 5175 1397 5240 epistolis
1447 5177 1630 5244 liquet,
1688 5179 1932 5243 Prosperi

345 5258 532 5295 annos
560 5243 810 5306 CLCCSall,
842 5259 999 5311 quem
1029 5259 1214 5297 omnes
1241 5252 1579 5300 consentiunt
1623 5250 1689 5301 ad
1732 5250 1925 5303 Anthe-

346 5317 448 5366 mii
497 5314 632 5380 Aug.
669 5323 902 5379 tempma
950 5329 1055 5366 non
1105 5314 1426 5381 perveni~se.
1475 5318 1623 5371 Unde
1672 5324 1929 5383 sequitur,

346 5385 686 5457 Prnsperum
718 5385 1039 5457 Aqtrtanum
1072 5399 1240 5457 neque
1269 5395 1392 5457 ante
1422 5385 1728 5452 Maximum,
1756 5403 1930 5457 neque

346 5464 483 5527 post
512 5451 792 5515 Faustum,
818 5453 1100 5507 lieietiSettt
1125 5451 1430 5527 cathedram
1462 5471 1646 5527 regere
1671 5451 1909 5527 patuisse

352 5525 471 5576 Sed
506 5533 560 5572 ut
594 5538 894 5591 episcopum
928 5540 1143 5593 prorsus
1175 5541 1279 5578 non
1314 5526 1474 5579 fuisse
1513 5525 1760 5588 sentiam.
1811 5529 1934 5582 facit

350 5603 874 5668 veterumuirtutum
922 5598 1231 5668 auctoritas,
1271 5595 1484 5649 Victorii
1526 5598 1594 5651 de
1636 5600 1789 5668 cyclo
1836 5600 1931 5652 l’a-

343 5661 535 5715 scliali
560 5660 621 5712 ad
658 5662 911 5733 llilarutn,
944 5662 1201 5717 Gennadii
1247 5670 1567 5733 scriptorum
1610 5660 1933 5723 ecclesiasti-

349 5746 545 5788 corutu
588 5747 705 5799 cap.
735 5736 821 5799 8i,
852 5732 1049 5789 Gelasii
1089 5748 1235 5804 papa:
1279 5732 1548 5793 de'Libris
1593 5740 1929 5809 apocrypltis,

2044 4682 2232 4743 Contra
2261 4688 2502 4756 parietem
2531 4684 2754 4756 medium
2783 4685 2994 4756 zotheca
3034 4696 3144 4756 per
3167 4697 3322 4756 quam
3367 4682 3622 4756 eleganter

2042 4761 2231 4812 recedit
2257 4752 2274 4812 ἓ
2305 4772 2418 4827 qua:
2448 4754 2792 4827 specularibus
2814 4760 2871 4827 et-
2899 4753 3021 4827 velis
3048 4752 3275 4827 obductis
3316 4752 3617 4827 reductisve.

2042 4832 2192 4881 modo
2210 4822 2455 4898 adjicitur
2478 4824 2730 4898 cubiculo,
2746 4822 2903 4898 modo
2923 4823 3157 4898 aufertur
3179 4837 3197 4898 _:
3222 4824 3399 4898 lectum
3417 4830 3470 4898 et
3490 4822 3619 4898 duas

2041 4891 2308 4951 cathedra}
2336 4898 2489 4964 capit.
2527 4899 2651 4946 item
2703 4894 2801 4964 Ιιιι.Δ
2826 4908 2878 4955 v,
2926 4893 3060 4964 epist
3092 4892 3144 4951 6.
3176 4894 3227 4945 in
3258 4891 3618 4964 descriptione

2042 4969 2350 5023 'l'uscamcze
2377 4960 2545 5019 {Mox
2573 4960 2836 5016 zothecula
2863 4963 3048 5031 refugit
3079 4964 3225 5029 quasi
3251 4962 3303 5012 in
3330 4960 3617 5014 cubiculum

2041 5039 2176 5092 idem
2206 5049 2354 5105 atque
2395 5035 2586 5088 aliud:
2621 5033 2836 5099 lectulus
2885 5034 2965 5105 Itic
3009 5044 3054 5084 et
3102 5031 3325 5099 undique
3363 5033 3614 5105 fenestras.

2043 5100 2403 5162 Dubiuninou
2428 5117 2508 5161 est
2534 5107 2659 5174 quin
2688 5119 2878 5174 vot-em
2901 5103 3038 5174 hanc
3066 5109 3337 5174 mutuatus
3357 5102 3427 5155 sit
3454 5116 3482 5152 a
3506 5100 3618 5155 Pn-

2039 5182 2147 5232 nio.
2194 5182 2344 5231 Nunc
2382 5172 2562 5229 tamen
2613 5175 2820 5239 vulgata
2869 5172 3019 5225 Plinii
3050 5172 3395 5241 exetnplaria,
3427 5185 3614 5223 corre—

2036 5260 2244 5302 ctorum
2274 5249 2422 5310 vitio,
2452 5250 2574 5311 quia
2614 5246 2665 5297 in
2711 5252 2822 5298 toto
2868 5248 3140 5309 utriusque
3179 5243 3418 5309 epistolte
3468 5250 3613 5311 testu

2035 5322 2313 5372 dztetarutn
2360 5307 2681 5369 xtetarutttve
2733 5316 2932 5367 tnentio
2977 5307 3161 5366 crebri
3204 5307 3467 5373 rerurrit,
3529 5307 3615 5362 hic

2038 5391 2200 5442 etiam
2232 5388 2440 5441 duobus
2480 5388 2532 5440 in
2563 5388 2692 5438 locis
2718 5385 2929 5437 dianam
2960 5392 3010 5435 et
3032 5382 3298 5435 diaetulazu
3325 5378 3611 5441 exhibent;

2035 5460 2126 5513 sed
2157 5470 2300 5511 certa
2331 5468 2414 5511 est
2441 5469 2678 5509 veterum
2721 5456 2961 5508 codicum
3001 5453 3160 5505 lectio
3186 5449 3292 5520 95
3336 5462 3494 5520 quam
3530 5462 3613 5501 re-

2038 5529 2378 5595 pimsctitavi.
2413 5528 2487 5580 Ex
2525 5525 2674 5579 Plinii
2706 5536 2882 5577 autem
2922 5522 3098 5595 verbis
3136 5516 3237 5572 nuit
3260 5516 3486 5595 difficile
3530 5529 3613 5572 est

2036 5589 2383 5666 cognoscere,
2414 5597 2664 5651 zotheeas
2699 5592 3095 5666 propriedictas
3121 5589 3444 5666 secretiores
3464 5603 3611 5666 u-cos

2035 5658 2570 5723 etiiabttatittttculas
2599 5658 2789 5717 domus
2802 5658 3064 5715 cubiculis
3088 5660 3381 5728 adjunctus,
3407 5658 3457 5710 itt
3489 5661 3609 5726 qui-

2038 5741 2135 5797 bus
2158 5740 2359 5795 domini
2384 5738 2808 5799 dirersabantur,
2831 5730 3154 5797 priv-tisuue
3181 5729 3369 5785 studiis
3392 5743 3610 5792 operam
