3946 6176
314 323 418 378 615

1557 303 1799 358 SlD-‘JNII
1842 299 2289 357 APOLLINARlS

3476 294 3580 352 Gl6

311 442 468 506 iligna
516 431 746 504 prolatu.
812 428 966 486 Unde
1030 438 1327 495 cognosce.
1378 422 1515 490 quod
1562 421 1662 475 etsi
1714 431 1893 476 tacere
1924 425 1974 483 Α
2003 416 2227 472 ι’θυνιυίιῖ
2258 416 2363 470 Nos
2386 416 2638 481 opuscula
2667 425 2916 468 sermone
2944 410 3208 467 edidimus
3234 412 3402 474 arido,
3427 417 3576 475 exiti,

311 528 538 586 necdum
564 526 824 593 cepimus,
845 530 995 574 certe
1025 518 1294 571 taciturire
1313 516 1420 583 jam
1445 512 1891 577 deliberavimus,

312 614 506 685 duplici
538 630 606 668 ex
634 628 793 667 causa
822 627 837 665 :
874 620 933 664 ut
959 610 1002 661 si
1031 609 1325 676 placemus,
1360 619 1523 672 pauca
1571 603 1784 656 lecturis
1809 603 1892 655 iu-

311 712 477 761 citent
505 706 865 771 voluptatem;
904 699 950 752 si
983 698 1300 759 refutamur,
1336 710 1439 748 non
1470 695 1702 748 excitent
1731 693 1892 744 multa

313 798 581 852 fastidium
612 812 626 847 :
656 794 853 863 quippe
900 792 953 844 in
1007 792 1107 843 huc
1149 788 1328 857 stylo,
1370 789 1454 840 cui
1504 803 1608 838 non
1660 786 1897 837 urlianus

316 891 461 954 lepos
488 888 650 949 inest,
676 884 768 937 sed
799 897 998 951 pagana
1026 879 1357 945 simplicitas.
1397 877 1545 930 Unde
1569 876 1711 929 enim
1743 873 1897 927 nobis

314 981 347 1032 il
375 980 441 1031 u.l
476 973 727 1043 loquendi
761 972 1006 1026 tetricum
1035 982 1200 1035 genus
1227 981 1289 1018 ac
1319 963 1723 1032 perantiquum?
1750 962 1900 1017 Unde

314 1070 402 1123 illa
436 1076 460 1102 ³
491 1065 651 1118 verba
673 1062 916 1123 Saliaria,
951 1059 1034 1112 vel
1067 1057 1351 1126 Sibyllina,
1381 1055 1466 1107 Vrl
1496 1054 1713 1108 Sabinis
1745 1052 1903 1105 abus-

316 1175 423 1225 que
444 1154 673 1210 Curibus
703 1151 908 1205 accita?
936 1164 1055 1216 quae
1101 1149 1371 1215 magistris
1421 1148 1733 1214 plerumque
1778 1145 1904 1196 reii-

318 1249 561 1302 centilms
593 1242 886 1309 promptius
916 1240 1118 1293 fetialis
1162 1238 1371 1304 aliquis,
1423 1247 1513 1289 aut
1553 1236 1766 1300 ﬂamen,
1815 1245 1905 1290 aut

318 1354 635 1398 veternosus
688 1339 933 1407 legalium
965 1335 1319 1405 qumstionum
1352 1335 1700 1402 aenigmatista
1754 1344 1904 1399 pate-

319 1503 518 1556 dabant
563 1498 736 1566 qualia
789 1505 913 1550 sunt
948 1509 1067 1563 quae
1114 1492 1274 1561 vulgo
1324 1490 1621 1566 studioso!
1671 1485 1901 1566 cabineta

318 1558 778 1625 ιΙιοιιιιιις.ὐιξιιιι“
807 1558 999 1620 iterum
1039 1558 1234 1618 eadem
1257 1577 1385 1615 voce
1427 1559 1680 1615 Sidonius
1706 1558 1793 1608 llll.
1824 1571 1898 1619 Ix,

325 1643 409 1705 ll,
439 1651 719 1707 exstatque
752 1642 802 1690 in
834 1637 1107 1691 Tiburtina
1135 1634 1479 1708 inscriptione
1513 1644 1581 1696 qu
1601 1644 1669 1679 llll
1700 1627 1902 1708 Savaro

320 1696 555 1782 protulit,
586 1696 647 1765 et
672 1726 720 1761 ιιι
755 1713 853 1761 hac
904 1708 1121 1759 lleatina
1166 1696 1398 1757 nondum
1446 1703 1703 1754 hactenus
1734 1696 1905 1751 edita:

697 1799 780 1852 Τι.
809 1798 1044 1851 (Ζιιυυιο
1077 1800 1209 1850 Auc.
1252 1794 1312 1849 L.
1355 1793 1539 1847 F.-.Lt:i

530 1870 841 1924 Scaptium
883 1886 930 1920 υ.
975 1884 1049 1920 ιιι.
1090 1882 1138 1927 ρ.
1186 1882 1260 1918 ιιι.
1302 1875 1680 1926 concussus“

643 1954 821 1993 ιΝιιυιιι
859 1950 1191 1991 TBIPIJCAIUO
1231 1950 1418 1988 BENElilt
1444 1948 1600 1986 ιιι-,δτι

664 2025 731 2063 εχ
755 2022 1017 2063 ςοκειίιιδυ
1050 2020 1284 2059 ιιιευιιιιε
1309 2016 1579 2057 [LVNI-IRS}:

338 2134 2169 2163 ________________________._.____

2002 521 2149 563 certe
2195 509 2423 561 maxima
2474 523 2536 562 ex
2581 517 2730 575 parte
2757 508 2974 575 vulgato
3003 519 3019 558 :
3050 506 3204 572 cujus
3251 504 3377 559 hinc
3416 505 3583 558 honor

2002 614 2175 665 rarus,
2208 598 2346 664 quod
2379 600 2628 665 frequens
2657 612 2811 661 usus;
2838 598 2960 650 hinc
2985 596 3218 650 difﬁcilis
3246 597 3438 664 gratia,
3464 612 3529 664 qn
3552 614 3577 647 a

2005 689 2172 743 facilis
2223 689 2458 741 inventio
2489 698 2588 740 est.
2630 688 2771 742 Sane
2824 686 3080 755 proﬁteor
3125 690 3402 746 audenter,
3452 687 3583 737 sicut

2006 781 2122 832 istic
2152 798 2183 834 ιι
2210 782 2223 835 l
2255 796 2399 846 acre,
2453 783 2524 836 nil
2556 782 2717 853 248
2746 783 3033 849 eloquens;
3067 783 3136 835 ita
3170 780 3295 833 nihil
3336 782 3582 844 inditum,

2010 889 2113 927 non
2143 874 2209 925 ab
2239 874 2507 941 exemplo.
2536 876 2639 927 Sed
2671 874 2795 939 quid
2827 873 2941 927 lizec
2965 871 3247 940 ploribus'!
3278 871 3445 925 Dictiu
3473 886 3584 921 mea
3674 906 3683 914 .

2013 963 2172 1032 (quod
2211 963 2339 1016 milii
2369 964 2589 1032 suflirit)
2624 964 2799 1031 placet
2841 964 3048 1017 amicis.
3093 964 3147 1017 In
3189 962 3383 1031 quibus
3412 970 3586 1015 tamen

2008 1065 2293 1125 utrumque
2325 1057 2671 1124 complector,
2705 1058 2816 1111 sive
2846 1071 2948 1110 non
2980 1055 3168 1109 fallunt
3198 1055 3463 1116 examine,
3494 1068 3589 1106 St'll

2008 1149 2229 1203 caritate
2252 1148 2504 1203 falluntur
2528 1168 2539 1200 :
2569 1149 2839 1217 Deumque
2862 1149 3002 1218 quod
3029 1157 3212 1216 restat,
3240 1147 3290 1200 in
3317 1155 3589 1215 posterum

2010 1256 2211 1310 quaeso,
2244 1250 2301 1295 ut
2328 1243 2563 1296 secuturi
2594 1254 2684 1297 aut
2717 1240 2968 1296 fallantur
3011 1239 3281 1306 similiter,
3324 1250 3415 1293 aut
3460 1247 3505 1291 ci
3528 1252 3591 1291 n-

2010 1343 2180 1388 teant.
2212 1335 2361 1390 Vale.

2421 1503 2639 1543 ΠΟΝΟΠΗ
2676 1503 2866 1543 οΑυιιεΑ
2906 1503 3185 1541 ΖΟΤΙΙΕΩΔἈ

2532 1575 2750 1613 ιιυιιιιεε
2792 1574 3033 1613 οωιῖιιυκ
3043 1574 3073 1611 τ

2238 1629 2516 1683 Δτιιιετιιε
2556 1647 2607 1682 ι.
2651 1645 2746 1683 sua
2788 1644 3011 1683 PL‘CUNIA
3050 1642 3371 1683 soonsmr.

2085 1793 2109 1821 ¹¹
2141 1784 2493 1853 Symmachus
2522 1784 2616 1838 lib.
2650 1800 2705 1837 ιιι
2737 1784 2801 1838 ad
2831 1783 3102 1839 Siburinm
3136 1800 3151 1837 :
3185 1784 3245 1836 Si
3274 1785 3609 1836 tibiretusta-

2014 1855 2077 1907 tis
2108 1864 2281 1908 tantus
2314 1864 2387 1907 est
2410 1871 2570 1915 antur,
2600 1857 2711 1923 pari
2741 1855 2913 1907 studio
2936 1858 2986 1907 in
3019 1859 3167 1907 verba
3209 1857 3377 1922 prisra
3419 1860 3603 1903 rrdeu-

2014 1943 2151 1989 ntus,
2181 1926 2357 1996 quibus
2393 1924 2540 1996 Salii
2590 1936 2798 1987 canunt,
2848 1942 3068 1996 augures
3116 1941 3255 1977 avem
3306 1925 3555 1975 τοιιδηιμη
3584 1961 3601 1988 ,

2018 1996 2200 2049 Decem
2210 1995 2307 2047 riri
2329 1994 2528 2048 tabulas
2550 1995 2908 2049 condiderunt.

1408 2218 1882 2330 LIBER
1956 2216 2276 2324 ΝΟΝ
2296 2217 2502 2324 US.

725 2411 885 2483 249
922 2407 1254 2465 EPISTULA
1292 2403 1525 2459 PRIMA.

651 2505 899 2561 Sidonius
922 2511 948 2538 ιι
980 2499 1217 2553 Firmino
1249 2495 1608 2555 suotalutmi.

405 2599 609 2669 Exigis,
638 2595 855 2650 domine
887 2594 981 2653 illi,
1016 2602 1073 2644 ut
1100 2590 1448 2659 epistularum
1477 2589 1711 2655 priormn
1746 2584 1916 2638 limite

333 2693 559 2760 irrupto,
594 2689 767 2758 stylus
798 2694 982 2738 noster
1008 2685 1059 2738 in
1089 2682 1345 2736 ulteriora
1377 2687 1675 2749 procurrat,
1710 2675 1917 2728 numeri

332 2798 493 2854 supra
538 2781 663 2836 dicti
708 2776 989 2848 privilegio
1017 2790 1122 2829 non
1152 2783 1439 2828 contentus
1488 2769 1706 2824 includi.
1751 2767 1918 2821 Addis

334 2885 389 2928 et
413 2886 626 2936 causas,
654 2868 849 2939 quibus
895 2867 981 2920 hic
1014 2866 1148 2919 liber
1193 2878 1368 2920 nonus
1416 2876 1539 2915 octo
1586 2860 1918 2929 superiorum

338 2960 693 3016 voluminibus
716 2964 988 3012 accrescat
1014 2974 1026 3008 :
1059 2970 1124 3010 eo
1147 2955 1287 3025 quod
1310 2952 1337 2991 δ
1360 2951 1421 3007 C.
1448 2952 1745 3014 Secundus,
1768 2950 1919 3015 cujus

337 3068 433 3106 nos
464 3052 664 3105 orbitas
689 3049 837 3116 sequi
866 3048 968 3100 hoc
990 3060 1156 3115 opere
1182 3047 1509 3111 pronuntias,
1548 3041 1765 3111 paribus
1792 3040 1916 3092 titu-

336 3147 403 3199 lis
433 3159 564 3209 opus
594 3143 879 3209 epistulare
908 3137 1250 3193 determinet.
1283 3142 1411 3202 Utta:
1435 3136 1593 3203 jubes
1622 3150 1730 3187 non
1760 3131 1921 3206 25o

338 3244 461 3288 sunt
507 3230 785 3300 improbab
811 3230 874 3282 lia
914 3246 927 3281 :

338 3328 427 3393 pic
455 3323 565 3390 iuju
609 3322 710 3391 gis,
744 3320 968 3374 arduum
1001 3319 1217 3382 existat,
1247 3332 1311 3373 ac
1340 3316 1479 3372 laudi
1516 3316 1922 3386 quantulaecun-

338 3431 443 3485 que
481 3415 591 3484 jam
639 3416 803 3467 semel
860 3423 1022 3482 partae
1072 3427 1178 3466 non
1227 3420 1610 3480 Opportunum.
1660 3408 1918 3485 Primum,

340 3483 493 3577 quod,
518 3503 776 3574 epusculo
808 3506 952 3573 prius
994 3503 1139 3558 edito
1166 3501 1448 3570 prtesentis
1494 3483 1764 3567 augmenti
1806 3511 1924 3551 sera

341 3597 643 3666 conjunctio
672 3580 1011 3659 estfdeinde
1045 3592 1185 3663 quod
1226 3592 1457 3648 arbitros
1493 3600 1618 3646 ante
1653 3604 1923 3659 quoscun-

342 3706 464 3761 que,
517 3690 615 3744 nisi
670 3688 924 3753 fallimur,
980 3688 1474 3744 indecentissimum
1532 3697 1635 3752 est,
1686 3686 1926 3740 materiae

343 3784 498 3836 unius
524 3782 747 3847 simplex
776 3780 1112 3847 principium,
1145 3778 1383 3847 triplices
1406 3776 1647 3845 epilogos
1671 3773 1924 3831 inveniri.

346 3872 553 3928 Pariter
578 3884 630 3925 et
659 3871 838 3925 nescio
869 3871 1101 3940 qualiter
1133 3872 1245 3924 ﬁeri
1276 3870 1541 3925 veniabile
1570 3880 1753 3939 queat,
1785 3869 1925 3938 quod

344 3963 583 4019 coerceri
611 3972 789 4017 nostra
832 3963 1115 4030 garrulitas
1139 3976 1239 4015 nec
1270 3970 1390 4029 post
1417 3961 1785 4015 denuntiatum
1819 3970 1928 4014 ter-

347 4056 551 4110 minum
582 4054 838 4116 sustinet;
872 4054 969 4106 nisi
1001 4054 1124 4122 quia
1168 4051 1389 4107 forsitan
1434 4053 1522 4122 qui
1556 4053 1744 4105 modos~
1780 4052 1928 4119 pagi-

350 4146 436 4201 nis
467 4161 570 4201 non
614 4153 788 4214 potest
832 4148 953 4214 poni
988 4144 1102 4214 ipse
1139 4144 1404 4199 amicitiis.
1451 4145 1783 4211 Quapropter
1810 4159 1929 4197 esse

348 4237 479 4294 tein
506 4237 733 4306 quadam
766 4235 976 4290 tuendae
1019 4235 1286 4304 opinionis
1335 4250 1468 4289 more
1516 4236 1667 4303 quasi
1713 4235 1927 4302 specula

347 4330 521 4395 decet,
572 4330 908 4397 curiosisque
956 4328 1077 4381 lacti
1130 4326 1353 4395 hujusce
1398 4326 1659 4380 rationem
1707 4326 1931 4379 manife-

349 4431 537 4474 stare:
570 4420 764 4488 quidve
797 4421 861 4472 ad
905 4417 1009 4473 hoc
1053 4418 1286 4471 sentiant
1332 4415 1518 4484 optimi
1559 4416 1772 4486 quique,
1818 4430 1932 4470 res-

353 4510 523 4578 cripto
550 4525 707 4578 quam
740 4509 1173 4578 frequentissimo
1204 4506 1330 4560 mihi
1361 4507 1614 4577 pandere.
1646 4507 1810 4561 Porro
1837 4523 1931 4560 au-

2024 2399 2239 2467 iguo-ce
2289 2398 2502 2468 negotio
2551 2396 2692 2466 quod
2749 2396 2999 2466 imponis,
3042 2410 3104 2449 ac
3151 2395 3469 2449 ministerio.
3503 2395 3609 2447 Nos

2026 2507 2176 2557 vero,
2216 2492 2259 2544 si
2308 2490 2447 2560 quod
2499 2470 2773 2557 exemplar
2824 2489 3068 2542 manibus
3114 2491 3430 2549 occurrerit,
3487 2488 3611 2541 l.liri

2025 2583 2355 2651 marginibus
2380 2581 2555 2638 octavi
2580 2581 2826 2635 celerzter
2853 2580 3112 2633 addemus
3138 2596 3152 2633 :
3184 2591 3237 2633 et
3258 2580 3303 2632 si
3334 2579 3613 2647 Apollina-

2024 2676 2097 2731 ris
2126 2686 2271 2740 tuus,
2305 2685 2327 2713 ο
2357 2676 2443 2729 cui
2489 2676 2724 2729 studium
2772 2673 2822 2727 in
2850 2673 3058 2727 czeteris
3086 2674 3265 2737 rebus,
3296 2681 3379 2725 est
3424 2674 3479 2724 in
3513 2670 3615 2724 bac

2022 2778 2168 2823 certe
2199 2764 2685 2837 negligentissimus
2718 2782 2731 2817 :
2762 2764 2956 2833 quippe
3000 2763 3092 2832 qui
3141 2762 3491 2831 perexiguum
3538 2762 3615 2815 le-

2022 2864 2203 2917 ctione
2231 2870 2497 2918 teneamr,
2530 2857 2612 2912 vel
2643 2868 2882 2919 coactus,
2913 2856 2994 2909 vel
3031 2853 3358 2908 voluntarius
3393 2871 3405 2905 :
3437 2868 3616 2921 quau-

2024 2962 2134 3004 tum
2166 2960 2343 3003 tamen
2378 2947 2508 3001 milii
2546 2947 2779 3015 videtur,
2812 2946 2900 3015 qui
2949 2945 3187 3014 patribus
3213 2944 3276 2998 iis
3314 2943 3466 3013 juugi
3506 2957 3614 2997 ιιοιι

2025 3042 2406 3106 recusaverim,
2440 3056 2667 3111 quotum
2700 3040 2901 3105 studio,
2932 3049 3078 3103 voto,
3126 3039 3303 3092 timori
3342 3037 3617 3091 laudabile

2023 3136 2221 3206 aliquid
2254 3136 2306 3189 in
2337 3136 2481 3200 liliis,
2513 3136 2632 3189 licet
2658 3134 2877 3187 difticile
2907 3132 3312 3201 persuadeatur,
3336 3130 3617 3184 (ιςιῖἰείιίιιε

975 3242 1274 3296 quanquam
1321 3237 1377 3280 et
1423 3225 1523 3279 hoc
1565 3224 1740 3294 ipsum
1780 3224 1917 3293 quod
1951 3226 1997 3289 ρ
2027 3230 2243 3283 suriicit.
2273 3228 2424 3282 Vale.

2504 3320 2663 3390 251
2704 3316 3028 3372 EPISTOLA
3063 3316 3129 3371 ll.

2170 3409 2415 3464 Sidonius
2439 3410 2642 3463 domino
2668 3424 2814 3477 rapa:
2838 3406 2864 3444 ἀ
2898 3408 3193 3478 Euphronio
3221 3406 3463 3462 salutem.

2095 3501 2281 3555 Albiso
2317 3501 2561 3565 antistes,
2614 3501 2977 3569 Proculusque
3021 3500 3239 3564 levites,
3291 3501 3411 3554 ideo
3453 3500 3616 3554 nob‘s

2028 3610 2235 3649 morum
2267 3594 2501 3663 magistri
2528 3594 2932 3662 pronuntiandi,
2976 3591 3097 3663 quia
3130 3592 3293 3646 vestri
3332 3604 3617 3647 merentur

2027 3702 2148 3741 esse
2177 3686 2447 3755 discipuli,
2478 3686 2684 3739 litteras
2708 3684 3035 3748 detulerunt,
3068 3700 3292 3749 quarum
3320 3699 3408 3739 me
3432 3699 3619 3738 sacro-

2027 3788 2213 3833 saucto
2239 3779 2481 3834 donastis
2509 3778 2699 3844 aifatu;
2730 3794 2850 3842 quze
2879 3788 3055 3833 tamen
3099 3777 3292 3832 litterae
3321 3777 3616 3846 plurimum

2028 3872 2183 3926 nobis
2217 3871 2459 3935 honoris,
2494 3871 2611 3939 plus
2641 3874 2822 3923 onerls
2854 3871 3153 3938 imponunt.
3189 3868 3341 3925 Unde
3378 3878 3435 3923 et
3474 3871 3620 3936 ipsa-

2028 3980 2147 4019 rum
2178 3965 2256 4017 sic
2300 3962 2674 4019 benedictione
2723 3963 2893 4025 la-tor,
2926 3962 3066 4030 quod
3107 3962 3438 4029 iniunctione
3482 3976 3621 4014 con-

2032 4053 2223 4109 l’undor
2254 4071 2265 4106 :
2301 4054 2498 4123 quippe
2538 4055 2626 4124 qui
2658 4068 2723 4107 cx
2752 4068 2874 4109 asse
2905 4054 3168 4120 turbatur,
3216 4054 3297 4108 vel
3345 4067 3415 4107 ex
3460 4064 3623 4121 parte

2030 4162 2135 4199 non
2161 4160 2344 4212 parco.
2367 4146 2573 4199 anetis
2595 4144 2739 4198 enim
2770 4152 2878 4198 tam
2905 4144 3114 4199 diversa
3157 4160 3316 4213 quam
3350 4144 3573 4197 minima
3606 4160 3619 4196 :

2030 4237 2397 4306 explicarique
2442 4235 2731 4290 decernitis
2771 4250 2925 4305 opus,
2976 4235 3114 4305 quod
3162 4236 3228 4289 ab
3274 4235 3623 4289 extremitate

2030 4346 2146 4385 utea
2179 4339 2285 4384 tam
2318 4327 2532 4383 difﬁcile
2558 4326 2874 4396 completur,
2907 4342 3063 4396 quam
3109 4325 3444 4395 impudenter
3485 4326 3555 4378 in»
3582 4326 3623 4376 ἰ.

2031 4424 2193 4491 pitur.
2222 4420 2327 4476 Sed
2354 4419 2398 4474 si
2427 4419 2836 4487 amplitudinem
2869 4419 2919 4473 in
2951 4419 3103 4473 vobis
3133 4419 3345 4486 pietatis
3374 4432 3623 4485 expertae

2033 4517 2166 4571 bene
2192 4515 2408 4576 metior,
2432 4514 2551 4580 plus
2576 4512 2858 4565 laborastis
2888 4522 2945 4564 ut
2967 4512 3190 4567 aﬂ‘ectus
3221 4511 3400 4565 cordis
3422 4513 3616 4576 vestri,

355 4611 485 4663 tem.
515 4600 587 4663 si.
616 4614 700 4651 me
729 4600 932 4666 garrire
957 4599 1259 4670 compulso,
1285 4598 1400 4667 ipse
1422 4599 1649 4653 reticere
1678 4613 1927 4667 persevc-
1956 4589 2009 4649 D
2033 4619 2190 4674 quam
2217 4605 2383 4659 nostri
2414 4605 2592 4673 operis
2616 4602 2836 4658 elTectus
2857 4602 3237 4669 publicaretur.
3265 4601 3449 4672 Neque
3470 4605 3618 4657 enim

352 4690 518 4753 rabis,
538 4698 590 4742 te
613 4703 825 4757 quoque
850 4690 1048 4744 silentii
1072 4692 1239 4744 nostri
1261 4689 1459 4744 talione
1481 4689 1547 4743 ad
1571 4690 1738 4743 vicem
1764 4689 1928 4757 plecti

355 4799 456 4836 ttull
503 4781 848 4850 periniurium
897 4791 999 4835 est.
1060 4781 1240 4849 Itaque
1289 4790 1344 4836 tu
1411 4782 1648 4851 primus,
1697 4782 1929 4837 maxime

429 4962 453 4990 ι
496 4951 809 5015 Arelatensi,
834 4953 951 5003 viro
975 4965 1173 5018 genere
1212 4965 1273 5004 ac
1295 4950 1490 5019 pietate
1519 4951 1734 5006 illustri.
1782 4952 1931 5006 llunc

355 5026 499 5076 enim
531 5038 648 5076 esse
677 5022 904 5089 coniicio
933 5036 1091 5091 quem
1147 5023 1197 5074 in
1232 5021 1291 5074 ll.
1341 5023 1554 5075 Ca-sarii
1585 5021 1704 5074 Vita
1753 5023 1933 5075 laudat

354 5095 673 5163 Cyprianus,
696 5103 749 5145 et
775 5107 928 5159 aquo
956 5105 1260 5163 SIlSChplUlll
1289 5093 1600 5155 (Ia-sarium,
1632 5093 1933 5159 opibusque

354 5161 591 5229 adiutum
644 5171 887 5219 testatur.
936 5161 1019 5217 Ad
1062 5163 1313 5216 eumdem
1362 5172 1486 5215 sunt
1532 5162 1773 5231 epistolae
1814 5165 1934 5216 duae

359 5232 609 5288 lannudii.

427 5304 454 5342 ι’
487 5303 638 5357 l’limi
666 5302 1013 5371 epistola-nm
1059 5300 1225 5354 libros
1268 5302 1525 5357 habemus
1573 5303 1791 5366 decem;
1833 5302 1926 5356 sed

355 5378 621 5428 decimum
668 5378 758 5442 qui
803 5382 946 5426 totus
991 5381 1074 5425 est
1128 5372 1194 5424 ad
1240 5372 1527 5439 TiaJanum
1577 5390 1609 5425 e
1657 5375 1928 5442 prurincia

355 5446 605 5511 scriptus,
630 5443 839 5498 caneris
868 5459 972 5495 non
1003 5452 1337 5495 annumerat.
1367 5443 1565 5498 Eodem
1596 5445 1753 5497 modo
1773 5449 1931 5513 Sym-

356 5516 531 5567 machi
558 5516 904 5583 epistularum
948 5514 1065 5567 libri
1100 5516 1310 5581 proprie
1338 5525 1465 5567 sunt
1504 5530 1714 5577 novem,
1743 5519 1831 5580 qui
1864 5515 1927 5565 ad

357 5586 592 5654 privatos
620 5601 633 5636 :
661 5586 896 5639 decimus
921 5585 1207 5639 relationes
1232 5594 1469 5638 continet
1492 5584 1557 5636 ad
1583 5583 1849 5652 principes
1874 5585 1925 5636 in

359 5653 671 5724 prmfectura
691 5655 815 5708 Urbi
848 5657 1053 5707 missas.
1083 5656 1232 5708 lluuc
1260 5657 1433 5722 ipsum
1458 5670 1614 5723 porro
1645 5669 1925 5707 numerum

359 5728 611 5779 librorum
651 5725 737 5777 alii
782 5727 941 5779 etiam
990 5735 1107 5795 post
1157 5725 1433 5781 Sidonium
1484 5724 1822 5788 aﬂ'eetarunt,
1872 5736 1927 5777 ιιι

2033 4711 2153 4751 cum
2186 4695 2542 4764 Hieronymus
2573 4693 2862 4761 interpres,
2907 4691 3218 4746 dialecticus
3264 4694 3619 4761 Augustinus,

2035 4784 2356 4854 allegoricus
2379 4782 2636 4852 Origenes
2678 4783 2926 4853 gravidas
2956 4782 3050 4857 tibi
3084 4783 3440 4852 spiritualium
3489 4799 3621 4839 sen-

2036 4954 2222 5006 Avitus
2251 4952 2591 5015 Viennensis,
2624 4959 2758 5005 teste
2787 4949 3046 5016 Gregorio
3074 4952 3275 5005 'l‘urou.
3318 4950 3410 5005 lib.
3443 4969 3501 5013 ιι,
3529 4953 3619 5007 35.

2035 5022 2176 5076 Idem
2209 5023 2300 5075 lib.
2327 5038 2403 5085 vi,
2437 5023 2487 5085 7,
2526 5032 2708 5073 auctor
2753 5033 2828 5076 est
2876 5021 3186 5076 Ferreolum
3228 5036 3439 5091 quoque
3487 5023 3620 5078 Ure-

2033 5108 2245 5146 mensem
2274 5092 2455 5159 episco
2495 5108 2581 5143 ιιιιι
2630 5093 2794 5144 libros
2822 5093 3025 5159 aliquot
3061 5108 3127 5160 ep
3150 5095 3432 5159 Stolarum,
3469 5096 3619 5159 qu-si

2034 5163 2313 5216 Sidonium
2347 5162 2601 5233 imitando
2649 5164 3018 5233 composuisse
3050 5181 3060 5215 :
3091 5164 3184 5217 Sed
3227 5164 3484 5217 librorum
3518 5178 3619 5217 nu-

2037 5250 2240 5287 merum
2274 5248 2377 5286 non
2403 5232 2667 5301 designat.

2110 5314 2131 5337 "-
2177 5304 2277 5357 Alii
2305 5302 2516 5355 codices
2546 5304 2758 5357 diverso
2782 5316 2964 5366 sensu,
2992 5304 3143 5372 cujus
3184 5304 3385 5356 auini‘us
3410 5318 3525 5356 cum
3564 5304 3618 5356 in

2036 5375 2229 5445 cwteiis
2255 5374 2421 5434 rebus,
2449 5381 2552 5425 tum
2580 5385 2654 5425 est
2684 5375 2734 5424 in
2756 5374 2860 5445 rhac
2880 5382 3014 5427 certe
3034 5375 3516 5445 negligentissimus.

2108 5442 2135 5480 ά
2167 5444 2633 5512 Angusuidunensi
2680 5444 2934 5511 episcopo
2982 5460 2996 5499 ε
3044 5445 3109 5497 ad
3162 5442 3317 5514 quem
3358 5447 3514 5510 epist.
3557 5443 3613 5509 8,

2040 5514 2131 5567 lib.
2170 5508 2271 5567 ιιιῖ
2290 5514 2521 5580 [togatus
2550 5516 2617 5568 ab
2648 5508 3008 5579 eu'Sidonius,
3055 5525 3111 5569 ut
3158 5508 3404 5582 aliquem
3436 5508 3613 5567 sacra?
3686 5508 3703 5528 ⁸

2034 5600 2149 5637 rum
2183 5585 2503 5638 Litterarum
2530 5594 2733 5655 partem
2762 5594 3077 5656 exponeret,
3107 5583 3499 5641 modestissime
3520 5586 3609 5638 de-

2036 5666 2301 5723 precatur.
