3946 6176
283 368 309 420 t‘
316 368 372 421 l7
1522 354 2004 414 EPISTOLARUM
2044 354 2174 413 LIB.
2216 354 2306 411 IX.

3444 356 3544 408 (illi

276 492 416 532 suum
445 473 611 541 spicas
640 469 898 525 doctrina:
925 466 1152 524 salubris
1179 482 1354 523 messe
1382 470 1700 537 parturiant,
1728 483 1832 524 non
1863 472 1913 532 Α
1942 469 2082 525 forte
2108 466 2391 538 responsio
2423 465 2950 538 quantulumcunque
2982 467 3049 523 ad
3081 469 3405 539 interrogata
3441 482 3542 524 tre-

275 566 467 624 scilicet
489 564 576 619 tibi
608 562 847 633 partibus
876 562 1012 615 meis
1034 560 1182 615 arida
1210 560 1504 630 jejunantis
1534 560 1725 632 lingua:
1748 564 1843 616 Sti-

277 660 389 726 pula
414 654 733 726 crepitabit?
775 653 886 707 lloc
933 666 1083 706 more
1126 660 1182 706 ιιι
1233 660 1287 707 et
1336 651 1558 707 olorinis
1597 652 1842 707 cantibus

274 765 475 807 anseres
521 762 700 813 ravos,
746 754 803 801 et
843 744 1168 799 modiﬁcatis
1217 745 1559 799 lusciniarum
1607 744 1840 814 querelis

271 842 610 913 improborum
661 853 935 907 passerum
986 836 1376 902 fringultientes
1424 850 1674 891 susurros
1718 835 1839 904 jure

272 934 561 992 sociaveris.
586 930 721 999 Quid
744 932 883 999 quod
913 944 1126 999 quoque
1155 939 1477 997 arroganter
1506 927 1653 983 lieret
1686 927 1839 983 inde-

273 1036 556 1091 t-enterqne,
606 1024 650 1076 si
694 1021 893 1091 negotii
938 1019 1194 1090 praecepti
1243 1020 1455 1088 pondus
1496 1018 1835 1087 aggrederer,

271 1132 422 1172 novus
443 1115 686 1179 clericus,
715 1125 963 1183 peccator
994 1112 1269 1179 antiquits,
1294 1111 1515 1165 scicntia
1542 1111 1664 1176 levi,
1688 1113 1836 1181 gravi

269 1206 620 1265 conscientia?
650 1204 898 1259 videlicet
924 1215 980 1257 ut
1009 1203 1053 1256 si
1084 1202 1341 1271 scriptum
1374 1217 1690 1272 quoettnquc
1739 1202 1839 1255 mi-

268 1303 460 1363 sissem,
491 1311 716 1367 persona
750 1311 865 1350 mea
914 1309 1013 1349 nec
1063 1302 1188 1348 tunc
1229 1295 1441 1347 abesset
1499 1294 1661 1365 252
1707 1294 1837 1347 risui

267 1392 599 1462 jutlirantttm,
626 1404 747 1443 cum
798 1387 1055 1442 defuisset
1097 1387 1327 1441 obtutui.
1375 1386 1451 1441 Ne
1489 1401 1694 1456 quteso,
1738 1385 1837 1439 do-

269 1490 396 1541 mine
421 1501 576 1555 papa,
606 1484 767 1539 nimis
814 1484 996 1551 exigas
1029 1483 1408 1537 verecundiam
1439 1496 1630 1546 meam,
1665 1479 1835 1549 quali-

266 1589 536 1646 tercunque
568 1576 888 1636 latitantem,
920 1572 1082 1641 empti
1129 1572 1309 1641 aperis
1350 1571 1573 1640 hujusce
1621 1571 1837 1626 temeri-

266 1679 360 1725 tate
386 1666 721 1723 devenustari
757 1682 771 1719 :
804 1666 925 1734 quia
952 1674 1133 1719 tantus
1160 1674 1244 1719 est
1272 1665 1408 1719 livor
1431 1664 1832 1733 derogatorum,

264 1774 311 1817 ut
337 1762 544 1817 materia
579 1776 736 1830 quam
769 1759 959 1826 mittis,
994 1758 1232 1813 velocius
1279 1756 1538 1812 sortiatur
1585 1755 1831 1811 inchoata

1944 560 2227 630 pidaverit,
2249 575 2366 630 qua:
2391 575 2495 613 non
2530 559 2867 613 inveniantur
2894 570 3111 630 scrtpta,
3142 564 3388 618 mandata
3418 579 3540 619 cre—

1941 652 2142 707 duntur
2174 670 2186 706 :
2220 666 2283 707 ac
2310 666 2404 722 per
2430 651 2531 706 hoc
2560 651 2792 706 sustinet
2824 652 3070 721 injuriam
3106 654 3421 725 plermnque
3450 659 3539 725 qui

1943 743 2196 809 mittitur;
2230 744 2317 814 qui
2365 744 2555 810 mittit,
2590 744 2845 798 invidiam
2880 762 2893 800 :
2929 746 3153 815 plusque
3183 747 3233 800 in
3264 747 3363 802 hoc
3396 755 3537 801 tem-

1942 850 2073 905 pore
2095 877 2110 903 ,
2155 851 2262 907 quo
2287 838 2631 891 aemulantum
2680 836 2904 889 invicem
2936 850 3055 891 sese
3084 838 3285 903 pridem
3334 839 3535 895 foedera

1941 935 2138 982 statuta
2163 942 2451 998 regnorum
2482 930 2657 981 ttenuo
2681 940 2775 994 per
2811 928 3144 981 conditiones
3182 928 3535 986 discordiosas

1940 1020 2191 1089 ancipitia
2226 1020 2542 1074 redduntur.
2596 1018 2797 1073 Praater
2827 1020 2927 1073 hoc
2952 1060 2968 1085 ,
3002 1021 3113 1087 ipsa
3162 1036 3312 1074 mens
3357 1033 3534 1078 nostra

1940 1110 2249 1165 domesticis
2279 1110 2401 1164 hinc
2433 1110 2554 1164 inde
2585 1108 2878 1175 dispendiis
2900 1110 3077 1164 saucia
3097 1110 3259 1179 jacet.
3288 1110 3417 1165 Nam
3442 1129 3535 1181 per

1940 1202 2100 1257 ofﬁcii
2133 1202 2415 1271 imaginem
2444 1201 2525 1257 vel
2577 1200 2747 1271 (quod
2780 1209 2863 1255 est
2890 1200 3106 1270 verius)
3136 1203 3532 1268 necessitatem,

1940 1294 2057 1349 solo
2089 1294 2256 1361 patrio
2279 1304 2519 1352 exactus.
2549 1291 2651 1346 hoc
2680 1291 2946 1358 relegatus
2970 1331 2984 1357 ,
3015 1292 3177 1347 variis
3203 1309 3531 1363 quaquaver-

1939 1401 2058 1440 sum
2082 1386 2402 1456 fragoribus,
2425 1385 2548 1455 quia
2571 1384 2743 1454 patior
2767 1384 2853 1439 ltie
2878 1385 3210 1439 incommoda
3242 1386 3531 1455 peregrini,

1939 1476 2045 1531 illic
2088 1476 2280 1531 damna
2319 1474 2626 1544 proscripti.
2676 1475 2937 1540 Quocirca
2966 1476 3177 1529 solvere
3208 1476 3366 1530 modo
3394 1477 3531 1531 litte-

1941 1582 2027 1621 ras
2057 1567 2213 1636 paulo
2244 1566 2518 1637 politiores
2559 1573 2652 1620 aut
2690 1565 3063 1634 intempestive
3096 1575 3246 1635 petor
3271 1607 3285 1632 ,
3318 1580 3410 1620 aut
3438 1568 3531 1621 im-

1941 1659 2202 1730 pudenter
2227 1659 2509 1730 aggredior
2539 1676 2551 1711 :
2579 1674 2711 1728 quas
2742 1660 2824 1713 vel
2849 1659 2971 1728 joco
3002 1658 3209 1729 lepidas
3229 1700 3242 1723 ,
3276 1659 3359 1713 Vel
3390 1660 3531 1730 styln

1936 1756 2108 1811 cultas
2136 1755 2435 1818 alternare,
2476 1753 2707 1809 felicium
2740 1759 2842 1808 est.
2903 1742 3077 1806 Porro‘
3101 1761 3283 1807 autem
3314 1752 3532 1822 quidam

262 1856 516 1925 probrum,
545 1866 705 1922 quam
735 1851 1019 1905 terminata
1058 1849 1390 1919 suli‘ragium.
1424 1849 1626 1905 Memor
1655 1845 1823 1902 nostri
1856 1846 1901 1907 Β
1932 1856 1954 1885 ε
1977 1844 2338 1900 barbarismus
2367 1854 2449 1900 est
2482 1860 2712 1905 morum,
2746 1841 3215 1912 sermojueundus
3248 1851 3301 1895 et
3326 1843 3531 1896 animus

261 1961 368 2002 esse
392 1947 633 2015 dignare,
658 1942 874 1998 domine
903 1956 1063 2010 papa.

809 2052 1141 2108 EPISTOLA
1175 2050 1262 2106 III.

418 2170 670 2224 Sidonias
699 2168 907 2222 domino
941 2182 1090 2239 papa
1128 2176 1154 2203 ⁸
1190 2166 1384 2221 Fausto
1414 2167 1646 2221 salutem.

316 2306 496 2360 Servat
523 2302 973 2359 consuetudinem
1017 2316 1170 2355 suam
1216 2309 1321 2355 tam
1364 2300 1607 2355 facundia
1653 2309 1829 2354 vestra

254 2413 395 2468 quam
432 2398 637 2465 pietas;
691 2402 851 2465 atque
880 2392 949 2449 ob
976 2393 1078 2448 hoc
1103 2392 1378 2463 granditer
1403 2433 1419 2458 ,
1461 2392 1602 2463 quod
1632 2391 1833 2447 diserte

253 2490 501 2557 scribitis,
534 2488 810 2558 eloquium
853 2484 1173 2555 suscipimus
1197 2526 1212 2550 ,
1249 2485 1390 2555 quod
1433 2485 1663 2539 libenter
1700 2484 1833 2540 ail'e-

252 2594 401 2638 ctum.
431 2582 699 2637 (Steterunt
722 2579 787 2633 ad
822 2591 1075 2648 praesens.
1104 2580 1269 2646 petita
1300 2577 1449 2632 venit
1483 2576 1630 2645 prius
1659 2578 1831 2647 impe-

253 2684 506 2744 trataque,
540 2670 915 2727 cautissimum
944 2684 1069 2723 reor
1096 2682 1159 2722 ae
1193 2667 1637 2731 saluberrimum,
1678 2667 1704 2707 ι)
1739 2686 1835 2738 per

254 2768 337 2819 bas
354 2767 587 2818 maxime
607 2762 848 2817 civitates
865 2775 984 2829 qua:
1005 2762 1232 2812 multutn
1253 2759 1356 2811 silli
1381 2773 1627 2827 segreges
1648 2770 1830 2830 agunt,

250 2856 361 2911 (Ittlll
399 2866 525 2911 sunt
571 2854 807 2924 gentium
860 2851 1096 2905 motibus
1144 2851 1334 2903 itinera
1372 2861 1655 2919 suspecta,
1692 2854 1833 2923 stylo

251 2946 587 3015 frequentiori
637 2943 985 3008 renuntiare;
1044 2941 1311 3005 dilataque
1357 2942 1619 3010 tantisper
1666 2946 1831 2998 mutui

248 3038 513 3091 sedulitate
537 3037 844 3099 sermonis,
888 3048 1070 3087 curam
1102 3035 1276 3101 potius
1304 3047 1581 3089 assumere
1601 3036 1835 3089 contice-

247 3129 435 3182 scendi.
462 3126 628 3195 Quod
662 3128 802 3182 inter
822 3124 1107 3181 obstrictas
1128 3123 1324 3178 affectu
1354 3126 1623 3180 mediante
1647 3142 1826 3195 perso-

1937 1935 2183 1990 al‘llictus.
2217 1936 2355 2001 Quin
2388 1935 2568 2005 potius
2599 1935 2829 1987 animam
2863 1934 3004 1988 male
3033 1933 3132 1988 sibi
3164 1934 3455 1996 consciam,
3482 1943 3531 1989 et

1939 2047 2031 2099 pt-r
2061 2031 2222 2084 horas
2261 2029 2325 2083 ad
2380 2032 2659 2084 recordata
2710 2028 2935 2095 poenalis
2967 2015 3087 2081 vitae
3120 2028 3295 2081 debita
3323 2038 3533 2082 eontre-

1939 2127 2253 2180 miscentem
2283 2166 2299 2191 ,
2332 2123 2780 2194 frequentissimis
2811 2123 2913 2177 tuis
2943 2122 3049 2177 illis
3076 2132 3131 2177 et
3156 2122 3532 2177 valentissimis

1936 2219 2239 2271 orationum
2272 2231 2557 2271 munerare
2587 2214 2874 2285 suffragiis,
2905 2230 3121 2284 precum
3156 2216 3358 2283 peritus
3385 2215 3534 2271 insn-

1938 2307 2201 2371 lauarum,
2226 2321 2358 2377 quas
2382 2305 2449 2361 de
2476 2306 2723 2375 palaestra
2750 2306 3184 2376 congregationis
3206 2306 3527 2372 eremitidis,

1937 2412 1990 2456 et
2020 2400 2088 2455 de
2119 2409 2312 2455 senatu
2355 2399 2712 2454 Lirinensium
2770 2398 3155 2453 cellulanorum
3182 2440 3197 2463 ,
3245 2398 3295 2453 in
3344 2399 3530 2454 urbem

1938 2508 2150 2561 queque
2180 2493 2333 2561 cujus
2364 2491 2623 2546 Ecclesia:
2652 2506 2802 2546 sacra
2832 2490 3216 2561 superinspicis
3241 2532 3256 2556 ,
3297 2499 3530 2546 transtu-

1937 2583 2043 2638 listi
2069 2624 2082 2646 ,
2118 2583 2189 2636 nil
2218 2583 2285 2636 ab
2313 2582 2506 2636 abbate
2532 2590 2766 2637 mutatus
2797 2595 2892 2651 per
2918 2581 3257 2635 sacerdotem
3288 2600 3301 2637 :
3335 2582 3530 2652 quippe

1936 2692 2055 2732 cum
2085 2674 2109 2713 δ
2145 2691 2302 2730 novae
2322 2675 2595 2745 dignitatis
2624 2674 2867 2739 obtentu,
2895 2675 2972 2743 rig
3011 2689 3122 2727 rcm
3151 2674 3347 2729 vetet-is
3373 2675 3528 2728 disci-

1938 2769 2097 2838 plina:
2123 2783 2226 2821 non
2256 2765 2599 2821 relaxaveris.
2648 2765 2738 2818 llis
2768 2765 2929 2834 igitur
2951 2806 2964 2830 ,
2993 2776 3049 2819 ut
3078 2764 3381 2832 supradixi,
3414 2780 3526 2832 pre-

1936 2858 2142 2915 catibus
2166 2854 2554 2912 efﬁcacissimis
2582 2854 2742 2927 25!;
2765 2854 2947 2909 obtine
2978 2864 3034 2908 ut
3063 2856 3236 2924 portio
3262 2864 3439 2917 nostra
3461 2855 3527 2908 sit

1938 2949 2227 3012 Dominus;
2258 2955 2418 3018 atque
2451 2957 2508 3000 ut
2537 2944 2754 3016 auripti
2777 2946 2966 3000 turmis
2987 2945 3364 3000 contribulium
3396 2946 3526 2999 levi-

1939 3054 2111 3096 tarum
2140 3082 2154 3108 ,
2189 3055 2295 3094 non
2327 3052 2698 3093 remaneamus
2727 3038 2924 3092 terreni
2954 3078 2967 3103 ,
2998 3036 3192 3107 quibus
3238 3044 3376 3090 terra
3423 3052 3529 3091 non

1939 3139 2183 3187 remanet
2217 3147 2229 3183 :
2264 3128 2698 3197 inchoemusque,
2731 3136 2789 3181 ut
2816 3143 2845 3181 a
2876 3127 3055 3181 saeculi
3085 3126 3267 3191 lueris,
3297 3127 3373 3181 sic
3398 3144 3527 3196 quo-

248 3237 332 3274 nas
358 3221 721 3292 asperrimum
754 3234 1055 3288 quanquam
1101 3227 1261 3287 atque
1288 3219 1694 3274 acerbissimum
1723 3230 1824 3287 est,
1854 3220 1899 3283 C
1933 3238 2035 3293 que
2063 3238 2091 3275 a
2125 3222 2294 3290 culpis
2327 3219 2677 3290 peregrinari.
2730 3218 2909 3273 Tertia
2938 3226 3021 3273 est
3048 3232 3212 3273 causa
3243 3220 3326 3274 vel
3360 3220 3528 3274 maxi-

247 3330 338 3367 non
369 3327 547 3371 tamen
587 3314 763 3368 causis
805 3312 1035 3368 efﬁcitur
1064 3303 1551 3381 qualibusctttnpte,
1584 3312 1675 3366 sed
1709 3315 1825 3379 pln-

248 3404 400 3471 I'ItttIS,
428 3405 603 3460 certis
630 3414 684 3460 et
705 3403 1048 3466 necessariis,
1085 3418 1309 3471 qna-que
1340 3402 1575 3456 diversis
1617 3405 1827 3472 prolici-

246 3506 450 3551 scuntur
488 3511 560 3551 ex
593 3493 910 3564 originibus.
955 3492 1190 3559 Quarum
1223 3494 1319 3546 i~ta
1348 3492 1557 3546 Calculo
1585 3496 1826 3561 primore

247 3586 626 3651 numerabitur,
673 3584 814 3655 quod
863 3583 1137 3639 custodias
1179 3598 1434 3652 aggerum
1484 3585 1822 3652 publicorum

246 3692 572 3746 nequaquam
607 3675 910 3729 tabellarius
959 3672 1145 3727 transit
1191 3672 1530 3740 irrequisitus
1565 3691 1577 3726 :
1608 3675 1695 3743 qui
1725 3677 1825 3731 etsi

245 3767 449 3837 periculi
475 3766 641 3830 nihil,
665 3775 723 3818 ιιι
746 3776 869 3834 pote
897 3763 1122 3820 crimine
1136 3778 1352 3829 vacans,
1386 3764 1674 3829 plurimum
1697 3781 1827 3823 sane

247 3860 433 3928 perpeti
457 3860 629 3932 253
656 3859 786 3913 solet
823 3857 1187 3922 difficultatis;
1215 3858 1339 3910 dum
1370 3870 1635 3911 secretum
1666 3874 1827 3915 omne

244 3950 532 4017 gerulorum
592 3949 811 4019 pervigil
857 3948 1165 4017 explorator
1211 3948 1448 4019 indagat.
1503 3950 1740 4016 Quorum
1781 3954 1826 4007 si

301 4110 406 4180 96
453 4119 480 4147 ι
516 4108 736 4162 Reiensi
778 4106 829 4161 in
877 4106 1143 4173 provincia
1172 4107 1214 4161 ll
1242 4107 1599 4180 episcopogex
1633 4110 1826 4165 abbate

243 4177 495 4234 Lirinensi
537 4199 548 4231 :
590 4193 696 4248 quo
727 4194 949 4231 munere
976 4188 1203 4247 utroque
1236 4189 1353 4245 post
1384 4177 1669 4231 Maximum
1700 4182 1819 4234 fun-

240 4260 343 4303 ctus
370 4264 452 4304 est
483 4270 495 4304 :
535 4252 664 4302 ideo
708 4248 919 4300 :llax'tni
962 4249 1041 4301 his
1083 4262 1363 4302 successor
1393 4248 1588 4301 dicitur
1620 4250 1674 4303 in
1702 4265 1824 4303 car-

243 4324 371 4374 mine
404 4319 781 4374 Eucliaristieo
812 4318 909 4371 sub
951 4318 1128 4371 linem.
1178 4320 1329 4372 Hune
1368 4318 1540 4372 adhuc
1575 4320 1823 4374 abbatem

240 4392 407 4457 quanti
441 4391 640 4445 fecerit
667 4390 896 4443 Hilarius
921 4388 1264 4447 Arelatensis.
1290 4388 1524 4442 declarat
1552 4389 1668 4457 ejus
1691 4389 1825 4445 Vita:

243 4469 415 4514 auctor
467 4464 555 4515 his
611 4461 785 4514 verbis
837 4476 849 4510 :
907 4457 973 4512 In
1021 4460 1192 4511 eodem
1247 4460 1357 4512 loco
1414 4470 1533 4511 tunc
1585 4463 1827 4521 temporis

244 4529 299 4583 S.
327 4530 585 4584 Faustum
604 4570 619 4594 ,
651 4532 994 4600 presbyterum
1026 4529 1216 4597 pariter
1248 4539 1296 4582 et
1329 4529 1557 4581 abbatem
1586 4531 1659 4582 ita
1686 4531 1825 4599 futu-

240 4617 399 4652 rorum
429 4604 685 4670 praescius
712 4601 973 4670 Itottorovit
997 4639 1011 4664 ,
1049 4610 1101 4652 ut
1124 4601 1255 4653 inter
1283 4615 1333 4651 se
1357 4610 1399 4653 et
1425 4612 1625 4654 sanctos
1652 4617 1824 4653 sacer-

240 4674 369 4724 dotes
397 4669 734 4725 Theodorum
760 4680 804 4723 et
834 4669 1119 4723 Maximum
1151 4671 1373 4723 medium
1402 4672 1720 4739 compelleret
1744 4688 1825 4725 ra-

238 4743 409 4797 sidere.
464 4742 579 4798 Sed
610 4742 676 4795 de
705 4741 904 4795 Fauso
945 4741 1182 4809 plutibus
1216 4742 1367 4794 alias.
1416 4739 1568 4794 Nune
1594 4741 1722 4795 satis
1754 4743 1822 4797 sit

1930 3333 2037 3383 ma,
2063 3316 2259 3371 exinde
2283 3314 2523 3369 scribere
2549 3313 2644 3367 tibi
2664 3326 2760 3367 cur
2785 3311 3185 3383 supersederim
3218 3329 3230 3365 :
3263 3313 3401 3383 quod
3427 3313 3525 3366 int-

1930 3421 2088 3461 mane
2126 3405 2361 3474 suspicio
2400 3402 2631 3457 dictandi
2672 3401 2811 3456 istud
2861 3403 2911 3455 in
2954 3402 3104 3457 vobis
3139 3403 3525 3471 tropologicum

1928 3514 2097 3569 genus
2142 3512 2204 3552 ac
2259 3497 2538 3565 figuratum
2566 3537 2582 3562 ,
2624 3494 2928 3563 limatisque
2981 3495 3307 3563 plurifariam
3347 3496 3524 3551 verbis

1930 3587 2413 3645 eminentissimum
2441 3630 2453 3653 ,
2505 3584 2647 3653 quod
2705 3593 2881 3638 vestra
2909 3624 2925 3649 ,
2974 3599 3132 3653 quam
3178 3587 3522 3655 sumpsimus,

1933 3680 2159 3751 cpistola
2210 3678 2465 3733 ostendit.
2525 3677 2672 3731 Licet
2716 3677 2857 3731 enim
2908 3677 3315 3747 prmdicationrs
3370 3690 3523 3741 tuas,

1934 3788 2072 3825 nunc
2098 3769 2407 3839 repentinas
2434 3810 2448 3831 ,
2490 3781 2632 3822 nunc
2661 3781 2782 3820 cum
2813 3767 2950 3821 ratio
2979 3768 3314 3836 poposcisset
3340 3771 3524 3824 elnru.

1934 3864 2133 3929 bratas,
2165 3876 2358 3916 raucus
2390 3860 2570 3930 plosor
2598 3858 2890 3923 audierim;
2927 3870 3052 3913 tunc
3084 3861 3375 3930 pra-cipue,
3402 3878 3523 3918 cum

1933 3953 1988 4008 in
2017 3963 2041 3991 θ
2073 3952 2445 4023 Lugdunensis
2473 3950 2716 4006 ecclesia:
2745 3950 3005 4005 dedicatae
3051 3950 3201 4006 festis
3233 3954 3523 4009 hebdoma-

2005 4122 2027 4150 ε
2071 4111 2187 4165 Pari
2237 4112 2496 4181 elegantia
2551 4110 2850 4181 soloecismi
2891 4124 3076 4181 vocem
3126 4110 3191 4163 ad
3232 4112 3333 4165 alia
3380 4128 3523 4181 smpti

1933 4182 2264 4236 transferunt
2286 4178 2471 4247 optimi
2499 4196 2765 4237 auctores.
2795 4178 2984 4235 Cicero
3007 4180 3098 4234 lib.
3134 4197 3165 4234 tt
3191 4182 3255 4233 ad
3284 4178 3518 4236 Atticum

1932 4254 1990 4306 II
2031 4270 2042 4304 :
2082 4252 2250 4307 Ludos
2281 4253 2421 4306 Atilii
2450 4264 2679 4318 spectare
2718 4268 2819 4305 non
2858 4251 3022 4317 placet
3055 4266 3073 4304 :
3102 4259 3175 4303 est
3215 4253 3348 4305 enim
3393 4254 3521 4307 ὐπο-

1931 4325 2181 4385 σόλοςκον,
2220 4340 2332 4376 cum
2362 4324 2507 4377 velint
2538 4325 2696 4377 vitare
2728 4338 2926 4375 omnem
2953 4319 3247 4374 deliciarum
3275 4324 3521 4388 suspicio-

1932 4410 2065 4448 nem.
2125 4395 2477 4464 llierOnyntus
2523 4394 2574 4448 in
2624 4393 2921 4447 Helvidium
2965 4406 2980 4443 :
3022 4392 3175 4459 Apud
3204 4392 3519 4448 Christianos

1931 4466 2243 4518 soloecismus
2267 4475 2338 4517 est
2362 4481 2572 4532 magnus
2592 4474 2637 4518 ct
2657 4465 2853 4525 uitium,
2879 4472 3025 4531 turpe
3046 4465 3165 4526 quid
3186 4464 3518 4532 velum-rare,

1936 4536 2008 4614 uel
2036 4534 2221 4602 facere.
2258 4534 2426 4618 Sic‘et
2448 4531 2720 4618 ’an‘ianus
2744 4536 2863 4618 περὶ
2894 4534 3164 4618 appium;
3190 4572 3205 4595 ,
3236 4531 3520 4618 Iierculem

1936 4605 1987 4657 in
2018 4620 2175 4658 scena
2202 4603 2469 4675 μονῳδεῖν,
2492 4605 2745 4675 σολοικίαν
2776 4602 2849 4657 ait
2874 4602 3063 4675 videri,
3085 4617 3206 4656 eum
3234 4602 3522 4675 inAndro-

1933 4675 2121 4728 maclte
2164 4685 2218 4729 et
2264 4672 2477 4728 Hecuba
2518 4673 2645 4727 ferri
2694 4674 2880 4740 possit.
2933 4672 3152 4727 Polemo
3196 4673 3423 4742 sophist.
3453 4675 3523 4731 de

1936 4746 2225 4808 histrione,
2256 4746 2345 4814 qui
2375 4743 2414 4799 ὦ
2447 4750 2531 4809 ζεῦ
2563 4744 2746 4816 dicens
2766 4785 2781 4810 ,
2815 4744 2878 4797 ad
2904 4752 3122 4816 terram,
3155 4751 3210 4816 et
3234 4747 3273 4804 ὦ
3304 4751 3371 4816 γᾶ
3396 4761 3520 4800 cum

239 4826 447 4900 tct'tonere
471 4856 487 4877 ,
512 4822 744 4900 .praztler
794 4813 935 4900 hunc
979 4811 1288 4900 seniorem)
1339 4813 1565 4900 alterum
1613 4827 1823 4900 quoque
1845 4841 1903 4900 Β
1931 4810 2392 4900 diceret,‘manutn
2414 4817 2478 4867 ad
2502 4815 2696 4900 coelum
2722 4812 3088 4896 protenderet,
3115 4810 3519 4900 Oﬁfocfi'nquit,

240 4879 485 4936 Faustum
512 4879 567 4937 in
597 4882 785 4936 eadem
812 4882 1051 4935 ltcieusis
1072 4882 1313 4935 ecclesia:
1335 4882 1588 4936 cathedra
1615 4879 1683 4936 80
1712 4879 1822 4936 eir-

236 4952 361 5006 citer
392 4964 517 5021 post
546 4967 716 5007 annos
746 4953 972 5007 sedisse.
1016 4952 1168 5018 Quod
1200 4968 1265 5007 ne
1296 4954 1509 5021 penitus
1553 4953 1825 5022 ignorare—

239 5038 346 5094 tuus
365 5064 381 5087 ,
413 5023 722 5078 docuerunt
751 5038 848 5077 nos
886 5023 1102 5091 itttegrm
1130 5023 1549 5089 subscriptiones
1579 5026 1765 5094 synodi
1791 5043 1823 5080 v

237 5092 642 5147 Aurelianensis
674 5112 684 5145 :
717 5094 807 5147 ubi
860 5096 994 5146 inter
1039 5105 1263 5146 caeteros
1302 5098 1387 5160 qni
1432 5110 1526 5160 pro
1556 5092 1823 5163 episCOpis

236 5166 551 5219 absentibus
579 5164 965 5233 subscripsere,
997 5162 1320 5233 Clapdianns
1353 5165 1543 5233 legitur
1567 5162 1823 5219 diaconus

236 5218 465 5287 directus
498 5250 529 5286 a
565 5233 757 5287 Fausto
786 5218 1038 5302 episcopo
1064 5218 1314 5285 Ecclesia:
1344 5218 1588 5287 Reiensis
1622 5252 1635 5285 :
1669 5236 1713 5287 is
1746 5218 1825 5289 nl;

238 5305 423 5359 mirum
454 5306 550 5373 qui
576 5304 810 5372 ejusdem
842 5316 1020 5373 pOStea
1049 5303 1191 5358 sedis
1214 5302 1306 5355 fntt
1328 5304 1569 5364 antistes,
1597 5304 1820 5359 Parisia-

234 5378 488 5443 eensiqne
519 5377 749 5428 concilio
780 5376 830 5428 itt
860 5391 964 5444 quo
993 5386 1166 5428 actum
1194 5383 1276 5427 est
1305 5376 1372 5426 de
1396 5388 1555 5425 causa
1584 5375 1815 5429 Promoti

234 5448 463 5513 episcopi
522 5445 782 5499 Duuensis
806 5485 821 5510 ,
870 5447 1151 5510 interluit,
1192 5454 1248 5498 ttt
1273 5444 1480 5498 concilii
1513 5444 1669 5513 hujus
1699 5461 1818 5514 qua:

229 5518 361 5568 nacti
385 5530 585 5568 sumus
606 5526 718 5569 acta
751 5516 1032 5569 testantur.

295 5584 323 5622 δ
365 5588 652 5639 Assentior
677 5585 957 5652 Savaroni,
980 5587 1230 5653 scriptam
1264 5584 1428 5637 videri
1460 5585 1595 5638 hanc
1619 5586 1817 5653 epistu-

232 5655 327 5709 lam
360 5655 697 5723 Burdegtlae,
723 5674 841 5710 eum
875 5659 923 5709 in
948 5672 1008 5709 ea
1039 5657 1167 5710 urbe
1194 5657 1329 5721 apud
1364 5655 1636 5720 Euricutn,
1664 5670 1712 5707 nt
1739 5668 1817 5710 est

222 5726 273 5778 in
302 5729 465 5794 epist.
507 5728 563 5789 9,
601 5729 687 5780 lib.
721 5743 841 5793 vm,
871 5729 1017 5780 exsul
1048 5738 1227 5796 ageret
1262 5726 1535 5789 Sidonius,
1571 5737 1688 5794 pust
1720 5730 1815 5781 tle-

214 5796 347 5850 ditos
375 5803 692 5857 Arvernos,
720 5812 847 5864 pace
872 5813 989 5849 cum
1025 5798 1276 5853 Runtattis
1300 5799 1488 5852 iterum
1517 5797 1743 5853 turbata.

499 5884 789 5948 PJTROL.
838 5886 1049 5949 LVIII.

1927 4895 1988 4961 τῇ
2021 4889 2164 4960 χειρὶ
2192 4886 2465 4940 ἐσολοίκισε
2490 4926 2505 4951 ,
2545 4885 2682 4955 qltOd
2729 4894 2908 4938 "anal-
2946 4886 2997 4938 ίη
3039 4885 3154 4953 eius
3195 4884 3310 4937 vim
3344 4886 3521 4941 Philo“

1928 4970 2146 5009 bII‘HIIIS.

2001 5028 2024 5063 ά
2080 5026 2217 5081 Sunt
2259 5026 2450 5091 quibus
2494 5041 2557 5080 ex
2607 5026 2707 5079 hoc
2748 5024 2866 5078 loco
2894 5024 3015 5078 elici
3059 5038 3216 5093 posse
3255 5020 3530 5094 videatur,

1930 5095 2185 5150 Faustum
2216 5097 2280 5150 ad
2310 5100 2674 5166 episcopatum
2716 5110 2819 5149 non
2859 5096 3026 5166 multo
3058 5108 3179 5166 ante
3208 5106 3519 5163 provectum

1930 5168 2095 5221 fuisse
2123 5183 2282 5237 quam
2331 5164 2446 5220 base
2488 5166 2747 5221 scriberet
2780 5165 3053 5220 Sidonius.
3096 5164 3292 5237 Verum
3328 5183 3518 5218 novatn

1927 5235 2239 5306 dignitatem
2271 5238 2520 5304 appellat,
2554 5251 2657 5289 non
2690 5244 2815 5288 tunc
2841 5237 3099 5306 temporis
3128 5235 3396 5302 adeptam,
3425 5240 3517 5289 sel

1928 5323 2047 5373 qua:
2068 5308 2298 5375 antiqua:
2320 5307 2526 5360 abbatis
2547 5306 2789 5376 dignitati
2810 5315 3163 5361 successerat.
3199 5307 3517 5376 Veteranum

1928 5377 2068 5430 enini
2097 5422 2111 5442 ,
2164 5374 2265 5431 hec
2313 5388 2397 5432 est
2433 5374 2693 5431 annorum
2724 5392 2883 5443 supra
2920 5380 2981 5431 12
3012 5377 3316 5444 episcopum
3353 5374 3516 5428 fuisse

1929 5448 2176 5502 Faustum
2195 5490 2208 5511 ,
2237 5463 2357 5502 cum
2402 5448 2516 5502 haec
2556 5448 2769 5513 scripsit
2798 5448 3049 5502 Sidonios
3074 5486 3087 5507 ,
3125 5445 3318 5497 docent
3346 5445 3512 5499 lltlari

1926 5533 2076 5589 papa}
2105 5518 2345 5585 epistula:
2367 5559 2382 5582 ,
2426 5534 2545 5589 quae
2577 5518 2757 5573 Fausti
2792 5519 2895 5588 jam
2924 5516 3158 5589 episeOpi
3187 5528 3308 5568 cum
3342 5524 3517 5569 Atilia-

1925 5591 2012 5641 niu
2042 5588 2335 5642 Romanam
2377 5587 2697 5659 legationem
2735 5587 2877 5642 anno
2915 5587 3019 5639 46:2
3059 5594 3333 5652 peractam
3369 5600 3516 5641 com-

1926 5668 2245 5713 tttemorant.

1996 5738 2018 5766 ε
2060 5732 2103 5782 Α
2134 5730 2372 5784 Paticnte
2398 5738 2719 5784 constructae
2748 5737 2797 5782 et
2839 5725 3097 5782 dedicata:
3127 5726 3215 5780 lib.
3248 5742 3281 5778 lt
3302 5767 3317 5789 ,
3352 5728 3509 5794 epist.

1928 5800 2012 5854 10.
2054 5799 2337 5857 Sacrarum
2378 5800 2555 5856 Fausti
2586 5800 2901 5856 concionum
2934 5799 3179 5854 meminit
3207 5798 3395 5853 iterum
3429 5797 3512 5852 δίο

2929 5890 3008 5949 20
