3946 6176
410 340 525 393 ιιι-9

1685 324 1931 382 510οΝ11
1973 320 2422 379 ΛΡΟΗᾸΝΛΠΙΒ

3570 320 3661 380 Μ

424 458 653 520 duillius,
693 455 1014 521 colfegarum
1054 458 1513 502 sacrosanctorum
1546 454 1730 513 rogatu
1760 456 2011 497 exorare-
2038 442 2084 501 Α
2119 440 2345 503 bulum,
2392 442 2479 504 qui
2530 437 2717 491 invitat
2764 436 2830 490 ad
2878 433 3094 489 (mlum.
3150 433 3347 489 Memor
3374 436 3528 490 nostri
3556 451 3661 493 esse

428 555 499 603 ris
526 560 594 602 ut.
613 558 890 616 perorares
925 561 937 596 :
973 543 1044 597 ibi
1074 552 1126 597 te
1160 542 1296 594 inter
1326 538 1591 607 spiritales
1624 535 1834 604 regulas
1862 576 1875 595 ,
1926 531 2010 586 vel

428 646 669 694 lorenses
692 634 1072 690 medioximum
1097 631 1349 702 quiddam
1372 629 1801 688 conciouaotem,
1817 626 2014 694 quippe

432 745 775 799 utrarumque
805 727 1171 781 doctissimum
1204 723 1638 791 disciplinarum,
1674 718 1869 786 pariter
1899 731 2016 769 ere-

430 826 531 879 etis
559 821 805 878 sensibus
832 818 1154 886 auribusque
1187 815 1418 869 curvatis
1449 811 1817 865 ambiebamus
1842 850 1857 872 ,
1892 808 2015 861 hinc

435 930 619 987 parum
669 911 994 968 factitantem
1044 906 1307 961 desiderio
1362 914 1586 968 nostro,
1637 903 1758 970 quia
1813 901 1906 970 jod
1931 900 2018 953 cio

413 1006 797 1070 satisfeceras.
832 1001 925 1054 llis
955 999 1021 1053 de
1050 999 1226 1052 causis
1259 994 1548 1063 temperavi
1582 992 1723 1064 stylo
1751 1002 2018 1059 tempera-

431 1101 633 1167 lioque,
668 1092 899 1148 breviter
928 1094 1132 1144 locutus
1162 1096 1218 1141 ut
1252 1100 1484 1153 paream,
1520 1084 1733 1152 longum
1763 1080 2022 1133 taciturus

442 1198 499 1242 ut
523 1188 746 1244 discam.
777 1182 913 1237 Sunt
938 1180 1006 1235 de
1032 1188 1228 1234 taetero
1259 1186 1365 1230 tum
1396 1183 1595 1245 partes,
1615 1172 1832 1226 domine
1865 1185 2019 1239 papa,

430 1281 701 1336 doctrinae
750 1273 997 1328 salutaris
1041 1271 1468 1341 singularisque,
1518 1266 1736 1321 vietuzis
1774 1265 2025 1333 operibus

438 1370 753 1424 incumbere
776 1365 929 1421 satis.
982 1363 1163 1432 Neque
1202 1363 1343 1414 enim
1372 1358 1609 1428 quisquis
1638 1354 1901 1410 auscultat
1930 1354 2026 1406 do-

431 1473 656 1517 centeni
688 1469 737 1513 te
767 1459 1232 1526 disputantemque
1255 1493 1271 1517 ,
1305 1453 1423 1521 plus
1453 1449 1591 1517 loqui
1624 1448 1775 1503 discit
1803 1488 1819 1513 ,
1868 1460 2024 1515 quam

436 1557 621 1608 «facere
650 1549 934 1604 laudanda.
969 1546 1118 1599 Nunc
1144 1559 1291 1607 vero,
1325 1542 1462 1609 quod
1496 1548 1683 1605 restat,
1712 1539 1907 1592 donate
1939 1549 2029 1589 ve-

442 1648 535 1698 nia
564 1642 732 1713 pagin.
758 1657 807 1694 ιιι
842 1648 1211 1699 rusticantem,
1240 1634 1391 1687 vobis
1421 1627 1871 1685 obsecundantem
1907 1625 2029 1681 :cni

440 1754 536 1790 'tne
564 1749 772 1801 quoque
818 1741 1035 1783 aneture
1061 1768 1075 1791 ,
1116 1726 1161 1780 si
1196 1724 1385 1778 vestris
1430 1722 1622 1777 litteris
1665 1725 2025 1787 comparetur,

2116 531 2354 599 digiaa-e,
2380 529 2451 582 do
2474 529 2595 581 nine
2628 541 2781 595 rapa.

2696 624 2717 672 l-
2740 619 3022 674 PiSTOLA
3071 617 3129 673 V.

2297 714 2543 770 Sidonius
2571 714 2775 766 domino
2815 727 2961 780 papae
2992 719 3019 747 ⁸
3048 710 3257 764 Iuliano
3285 712 3512 765 salutem.

2192 807 2300 862 Etsi
2342 807 2640 876 plusculum
2693 803 2831 857 forte
2875 803 3147 866 discreta,
3193 816 3347 870 quam
3396 804 3668 858 communis

2120 900 2356 956 animum
2386 900 2624 966 optabat,
2654 900 2781 953 sede
2808 896 3171 961 consistimus,
3200 913 3303 950 non
3334 906 3502 951 tamen
3526 897 3668 953 medii

2122 992 2329 1047 itineris
2355 991 2566 1060 objectu
2589 1032 2602 1054 ,
2635 999 2888 1060 quantum
2913 990 2980 1043 ad
3010 989 3318 1043 solvendum
3347 999 3540 1058 spectat
3563 989 3667 1044 olli-

2121 1086 2261 1140 cium
2287 1126 2302 1151 ,
2336 1096 2515 1139 nostra
2543 1084 2797 1138 sedulitas
2836 1083 3187 1152 impediretur
3213 1123 3229 1147 ,
3264 1083 3363 1136 nisi
3405 1096 3493 1150 per
3528 1098 3671 1151 regna

2123 1177 2302 1242 divisi,
2329 1192 2358 1230 a
2388 1177 2711 1231 commercio
2742 1174 3118 1244 frequentioris
3154 1176 3433 1238 sermonis,
3460 1175 3671 1229 diversa-

2126 1286 2242 1325 rum
2281 1271 2502 1326 sortium
2544 1270 2667 1337 jure
2705 1283 3083 1324 revocarentur
3112 1285 3126 1319 :
3156 1282 3277 1337 qua!
3316 1283 3451 1321 tiunc
3486 1268 3672 1331 saltem,

2128 1373 2247 1432 post
2284 1363 2427 1430 pacis
2463 1361 2649 1415 initam
2691 1360 3029 1427 pactionem,
3070 1358 3192 1429 quia
3236 1357 3473 1413 fidelibus
3507 1359 3675 1412 animis

2128 1454 2568 1516 ftederabuntur,
2632 1453 2815 1519 apices
2882 1450 3050 1505 nostri
3104 1447 3357 1517 incipient
3405 1462 3675 1503 commeare

2128 1546 2331 1614 crebri,
2364 1543 2610 1614 quoniam
2643 1550 2853 1597 cessant
2882 1555 3003 1596 esse
3031 1553 3215 1609 suspet
3228 1540 3285 1593 ti.
3319 1538 3567 1605 Proinde,
3590 1538 3677 1592 do-

2131 1641 2275 1693 mine
2303 1651 2458 1706 papa,
2482 1651 2602 1689 cum
2629 1632 2987 1687 sacrosanctis
3016 1629 3271 1685 fratribus
3298 1631 3478 1685 vestris
3504 1629 3677 1696 pariter
3762 1644 3767 1696 ,'

3319 1739 3332 1776 :
3374 1731 3424 1775 ut
3459 1718 3680 1787 dignatus
3762 1722 3765 1743 '

2130 1731 2343 1786 Christo
2394 1727 2783 1796 supplicaturas
2830 1724 3038 1793 jungite
3087 1736 3273 1791 preces

451 1798 620 1897 stylus
653 1798 1037 1879 :tifantissimus
1086 1820 1243 1872 inest.
1296 1815 1398 1870 Sed
1454 1814 1550 1866 ista
1581 1811 1742 1883 255
1777 1823 2028 1879 quorsum

2153 1836 2453 1890 )rosperare
2492 1834 2610 1885 quzc
2650 1818 2921 1887 gerimus,
2954 1814 3229 1882 nostrique
3256 1811 3468 1867 dominii
3506 1819 3682 1878 tempe-
3760 1798 3763 1799 ⁷

450 1917 673 1971 stolidus
701 1914 906 1981 allego?
953 1911 1083 1965 Nam
1118 1907 1275 1961 nimis
1317 1905 1594 1975 deprecari
1634 1901 1864 1970 ineptias
1891 1904 2033 1967 ipsas

452 2018 534 2060 est
560 2003 950 2074 ineptissimum
978 2022 990 2056 :
1017 2003 1069 2053 in
1096 1998 1289 2068 quibus
1318 2007 1373 2049 tu
1395 2008 1571 2049 merus
1601 1992 1821 2055 arbiter,
1847 1990 1891 2042 si
1920 2003 2032 2042 rem

455 2114 518 2153 ex
550 2112 668 2151 asse
698 2092 964 2161 discingas
991 2132 1005 2153 ,
1036 2089 1232 2143 ridebis
1272 2085 1493 2156 plurima
1518 2122 1535 2148 ,
1578 2083 1728 2153 plura
1769 2078 2032 2148 culpabis.

455 2190 561 2246 Sed
610 2199 664 2243 et
714 2186 843 2241 illud
872 2184 1188 2252 amplector,
1222 2181 1264 2233 si
1313 2194 1409 2247 pro
1454 2177 1675 2232 caritate
1708 2190 1809 2244 qua
1842 2171 2033 2243 polles,

460 2297 565 2334 non
597 2279 760 2332 fueris
791 2287 1170 2344 usquequaque
1216 2268 1472 2326 censendi
1504 2264 2034 2325 continentissimus;

460 2373 511 2427 id
539 2382 618 2426 e~t
644 2412 659 2436 ,
697 2370 739 2423 si
770 2365 1035 2423 sententia
1073 2374 1159 2417 tua
1188 2360 1457 2430 quippiam
1502 2372 1663 2427 super
1689 2358 1771 2411 bis
1800 2353 2039 2425 apicibus

460 2464 719 2530 antiquet.
749 2458 897 2513 Tune
928 2457 1068 2511 enim
1099 2456 1296 2508 certius
1325 2461 1375 2504 tc
1406 2450 1661 2520 probasse
1690 2448 1886 2514 reliqua
1911 2460 2039 2514 gutt-

463 2555 639 2619 debo,
672 2552 715 2606 si
761 2552 1011 2605 liturasse
1055 2547 1228 2616 aliqua
1275 2555 1596 2613 cognovero.
1646 2541 1845 2593 Mentor
1873 2536 2040 2590 nostri

464 2642 581 2701 esse
610 2646 826 2714 dignare
845 2685 860 2708 ,
892 2641 1107 2694 domine
1138 2654 1290 2707 pztpzt.

1035 2730 1358 2787 EPISTULA
1387 2727 1472 2781 IV.

678 2830 924 2887 Sidonius
961 2826 1166 2880 domino
1199 2838 1345 2894 papa:
1381 2820 1559 2875 Crtcco
1594 2816 1828 2872 salutem.

538 2924 720 2979 Viator
771 2933 951 2975 uester
993 2934 1055 2973 ac
1086 2917 1393 2971 tabellarius
1431 2913 1553 2968 terit
1596 2909 1794 2964 orbitas
1842 2906 2045 2960 itineris

463 3017 665 3072 assueti
692 3058 706 3083 ,
740 3024 968 3082 Spatium
1010 3012 1108 3064 via:
1137 3008 1516 3078 regionumque
1560 3002 1701 3073 quod
1731 2998 1923 3069 Oppida
1952 3013 2047 3050 nu-

465 3119 578 3160 stra
610 3104 968 3167 discriminat,
996 3116 1139 3169 saepe
1167 3096 1471 3165 relegendo.
1504 3094 1763 3160 Quocirca
1791 3104 1885 3143 nos
1916 3102 2049 3157 quo-

2137 1930 2259 1970 raus
2288 1914 2408 1968 lites
2435 1954 2446 1972 .
2482 1925 2629 1965 arma
2658 1922 3009 1975 compescens
3032 1946 3048 1972 ,
3081 1905 3203 1960 illos
3229 1911 3526 1959 muneretur
3548 1901 3682 1955 iuno-

2136 2006 2311 2061 centia
2342 2048 2356 2071 ,
2405 2018 2502 2056 nos
2533 2002 2712 2071 quiete
2736 2041 2750 2063 ,
2783 2007 2923 2053 totos
2966 1996 3277 2052 securita'e.
3322 1992 3514 2048 Memor
3539 1988 3683 2046 nostri

2138 2111 2258 2153 esse
2287 2096 2525 2165 dignate,
2554 2091 2767 2145 domine
2799 2103 2954 2158 papa.

2586 2185 2743 2256 257
2796 2178 3124 2237 summa
3169 2178 3260 2235 Vl.

2282 2277 2531 2334 Sidonius
2570 2275 2779 2329 domino
2812 2288 2958 2338 papa:
2982 2268 3011 2309 δ
3040 2268 3308 2322 Ambrosio
3343 2267 3564 2321 salutem.

2210 2372 2390 2442 Viguit
2433 2386 2529 2440 pro
2559 2366 2908 2423 dilectissimo
2938 2374 3122 2419 nostro
3172 2362 3320 2436 (quid
3369 2362 3547 2431 loquar
3567 2397 3582 2424 ,
3611 2372 3687 2412 no-

2143 2479 2288 2527 men,
2321 2460 2637 2531 personam?
2678 2469 2733 2512 tu
2765 2470 3114 2525 recognosces
3144 2451 3362 2523 cuncta)
3405 2450 3537 2522 apud
3560 2448 3687 2505 Chric

2143 2565 2284 2611 stum
2332 2560 2419 2606 tua
2464 2549 2719 2604 sanctitas
2764 2545 3165 2602 intercessionis
3214 2541 3535 2599 effectuzde
3561 2538 3688 2608 cujus

2147 2646 2396 2700 faei'itate
2424 2653 2445 2682 ε
2474 2639 2694 2711 juvenili
2736 2653 2879 2708 stupe
2905 2651 3044 2691 nunc
3084 2636 3303 2690 arbitris
3343 2632 3509 2703 palam
3537 2627 3689 2683 asciti:

2145 2735 2542 2806 conquerebare
2566 2772 2582 2795 ,
2614 2744 2756 2784 nunc
2788 2731 2981 2783 tacitus
3010 2725 3421 2797 ingemiscebas.
3454 2723 3598 2792 Igitur
3620 2718 3690 2773 hic

2148 2831 2389 2900 proxime
2427 2827 2650 2891 abrupto
2689 2820 3039 2876 contubernio
3069 2819 3279 2873 ancilla:
3316 2810 3690 2886 propudiosissi-

2149 2937 2249 2975 tua:
2290 2920 2374 2974 cui
2414 2934 2472 2973 se
2510 2928 2679 2971 totum
2717 2912 3104 2971 consuetudine
3136 2911 3372 2966 obscena
3396 2910 3592 2978 junctus
3614 2902 3691 2957 ad-

2147 3010 2349 3065 diserat
2374 3049 2391 3073 ,
2422 3006 2772 3077 patrimonio,
2801 3003 3053 3072 posteris,
3087 3001 3272 3066 famae,
3302 3000 3471 3055 subita
3497 2996 3568 3051 sui
3592 3009 3690 3051 cor-

2150 3099 2387 3155 rectione
2415 3095 2705 3152 consuluit.
2750 3095 2988 3163 Namque
3018 3106 3113 3160 per
3136 3090 3220 3146 rei
3244 3086 3506 3144 familiaris
3529 3083 3692 3139 damna

458 3210 565 3266 quc
586 3194 738 3248 decet
761 3194 927 3246 semel
955 3191 1245 3260 propositio
1270 3187 1580 3241 sedulitatis
1604 3182 1778 3238 officia
1806 3179 2043 3237 sectari:
2073 3168 2118 3229 Ο
2153 3200 2425 3250 vacuatus,
2460 3198 2515 3241 ιιι
2546 3186 2775 3257 primum
2806 3184 3100 3252 intelligere
3127 3182 3314 3250 cmpit,
3344 3188 3396 3234 et
3420 3182 3693 3235 retractare.

450 3300 581 3355 qua:
639 3300 764 3339 cum
814 3283 1038 3352 reliquis
1089 3277 1567 3341 commeantibus,
1620 3284 1727 3328 tum
1781 3272 2049 3342 praecipue

458 3373 719 3429 Amantio
739 3367 1446 3438 itttercurrente,gentinare
1465 3381 1587 3418 CUIII
1605 3362 1841 3434 quadam
1860 3358 2059 3415 mentis

448 3467 773 3523 "intentione
800 3465 1064 3519 debenns
1087 3479 1107 3513 .:
1143 3476 1211 3515 ne
1244 3460 1384 3513 forte
1414 3457 1663 3511 videatur
1692 3455 1807 3524 ipse
1829 3452 2062 3523 pluslit-

464 3574 611 3618 teras
633 3579 696 3617 ev
726 3576 875 3614 more
893 3554 1397 3628 deposcere,'quatn
1423 3567 1520 3606 nos
1538 3567 1605 3604 ex
1627 3564 1812 3603 amore
1832 3547 2061 3602 dictare.

2151 3290 2403 3353 quantum
2435 3280 2501 3334 de
2529 3276 2837 3333 bonusculis
2875 3273 3031 3328 avitis
3078 3274 3422 3341 paternisque
3455 3276 3694 3333 sumptuo.

2153 3374 2278 3426 sitas
2307 3372 2352 3426 d»
2380 3370 2614 3423 mcstira:
2663 3366 2949 3437 charybdis
2997 3363 3381 3433 abligurisset;
3430 3367 3693 3425 quanquam

2154 3481 2272 3519 sero
2307 3462 2626 3531 resipiscens
2655 3499 2669 3523 ,
2709 3470 2941 3510 attamen
2982 3458 3198 3509 tandem
3230 3452 3387 3508 veluti
3420 3451 3581 3505 frenos
3600 3460 3696 3500 mo.

2155 3552 2378 3620 murdit,
2406 3550 2742 3622 excussitque
2773 3546 3042 3609 cervices,
3074 3556 3238 3611 atque
3267 3542 3508 3615 Ulysseas
3541 3538 3611 3608 (ut
3633 3534 3696 3587 fe-

452 3655 600 3710 ‘ldco
624 3653 845 3708 domine
875 3667 1034 3721 papa,
1062 3656 1369 3702 vestrorum
1397 3644 1519 3713 plus
1548 3647 1896 3702 mementote,
1922 3652 2047 3708 quot

2156 3648 2298 3716 runt)
2327 3660 2477 3700 ceras
2505 3644 2719 3697 auribus
2752 3646 2939 3711 figens,
2972 3641 3120 3709 fugit,
3149 3637 3435 3691 adversum
3466 3630 3578 3682 vitia
3599 3642 3696 3681 sur-

482 3758 619 3804 intcr
666 3746 1036 3817 praesumimus
1068 3741 1378 3812 computari
1412 3755 1426 3792 :
1459 3739 1653 3809 quique
1693 3736 1829 3791 sicut
1865 3734 2055 3787 vestris

466 3840 738 3910 erigimur
784 3837 1073 3900 secundis,
1116 3836 1187 3887 ita
1232 3832 1581 3901 deprimimur
1617 3826 1875 3881 adversis.
1925 3824 2054 3877 Nam

460 3930 622 4001 quod
653 3944 820 3998 nuper
847 3926 1216 3995 quorumpiam
1262 3922 1482 3976 fratrum
1515 3919 1834 3975 necessitate
1863 3917 2057 3970 multos

484 4018 807 4091 pertuleritis
832 4030 1056 4085 angores
1082 4055 1100 4082 ,
1147 4014 1305 4068 flebili
1335 4012 1399 4066 ad
1432 4012 1618 4066 flentes
1650 4009 1910 4063 relatione
1940 4022 2057 4075 per-

484 4116 647 4169 venit.
700 4109 805 4165 Sed
838 4118 893 4162 tu
912 4149 926 4173 ,
961 4106 1057 4160 llos
1084 4104 1420 4160 sacerdotum
1447 4143 1462 4167 ,
1493 4116 1699 4171 gemma
1728 4098 2055 4168 pontificum,

482 4204 708 4260 scicntia
737 4202 886 4255 fortis
907 4242 921 4266 ,
955 4197 1143 4254 fortior
1172 4192 1498 4249 conscientia
1523 4232 1537 4253 .
1587 4191 1757 4245 minus
1775 4188 2060 4256 undasque

468 4295 646 4368 ‘25s
674 4290 1022 4349 mundialium
1051 4302 1244 4358 Sperne
1276 4285 1573 4339 nimborum
1610 4299 1622 4335 :
1655 4281 1775 4351 quia
1803 4282 2057 4350 frequen-

485 4397 566 4442 ter
592 4387 704 4455 ipse
729 4381 975 4444 docuisti,
1006 4377 1149 4449 quod
1175 4376 1242 4430 ad
1274 4376 1531 4443 promissa
1566 4371 1805 4428 convivia
1839 4370 2062 4438 patriar-

488 4483 706 4536 charum
734 4521 749 4545 ,
798 4477 881 4532 vel
929 4474 994 4529 ad
1046 4482 1227 4528 nectar
1253 4468 1548 4525 cmlestium
1590 4467 1893 4536 poculorum
1921 4504 1935 4529 ,
1968 4478 2062 4531 per

2154 3739 2254 3793 dus
2278 3778 2294 3803 ,
2327 3735 2611 3790 meretricii
2646 3733 3003 3786 blandimenta
3038 3727 3299 3798 naufragii
3332 3740 3347 3779 :
3376 3721 3694 3793 puellamque.

2159 3836 2314 3898 prout
2334 3826 2532 3892 decuit,
2562 3827 2810 3879 intactam
2836 3824 2917 3876 vir
2944 3819 3242 3875 laudandus
3265 3819 3317 3872 in
3344 3807 3696 3870 matrimonium

2157 3922 2483 3985 assumpsit,
2535 3933 2639 3972 tam
2691 3917 2936 3986 moribus
2977 3912 3347 3980 natalibusque
3393 3909 3695 3963 summatem.

2159 4029 2316 4083 quam
2357 4011 2622 4066 facultatis
2661 4007 2987 4078 principalis.
3038 4004 3195 4059 Esset
3229 4003 3441 4073 quidem
3468 3996 3635 4067 gloria,
3661 3990 3697 4046 si

2159 4108 2461 4173 voluptates
2496 4104 2574 4157 sic
2600 4102 2917 4170 reliquisset,
2949 4108 3005 4151 ut
3032 4110 3131 4150 nec
3160 4094 3316 4149 uxori
3346 4091 3697 4159 conjugarelur.

2161 4198 2265 4253 Sed
2306 4196 2404 4250 etsi
2455 4194 2589 4248 forte
2635 4192 2895 4260 contingat
2941 4189 3006 4243 ad
3046 4188 3220 4241 bonos
3257 4199 3432 4239 mores
3457 4182 3521 4235 ab
3542 4190 3702 4234 errore

2162 4290 2410 4359 migrare,
2447 4302 2733 4355 paucorum
2773 4293 2854 4337 est
2882 4283 3117 4349 incipere
3146 4280 3214 4333 de
3251 4274 3490 4333 maximis
3517 4289 3528 4324 :
3556 4275 3605 4323 et
3626 4280 3702 4321 eos

2162 4384 2248 4453 qui
2276 4382 2363 4435 ditt
2392 4389 2557 4433 totum
2588 4376 2906 4432 iudulscriut
2932 4372 3065 4439 sibi,
3100 4369 3346 4440 protinus
3377 4375 3535 4421 totum
3562 4369 3610 4415 et
3629 4371 3704 4427 pa-

2165 4478 2293 4531 riter
2323 4473 2577 4527 incidere.
2606 4467 2864 4535 Quocirca
2896 4476 3131 4519 vestrum
3175 4471 3278 4524 est,
3308 4453 3556 4527 copulatis
3587 4447 3703 4505 obti-

479 4569 900 4625 amaritudinum
924 4576 1252 4623 terrenarum
1284 4561 1477 4616 calices
1505 4558 1887 4628 perveniretur.
1923 4555 2063 4611 Velis
2091 4547 2143 4610 Ι)
2169 4583 2295 4623 nere
2321 4565 2711 4635 quamprimum
2757 4573 2912 4627 prece
2950 4555 3132 4611 sedula
3164 4567 3316 4620 spem
3351 4548 3506 4621 258
3539 4543 3705 4600 libero-

492 4664 629 4720 nolis
650 4704 666 4730 ,
708 4663 930 4731 quisque
960 4657 1250 4727 contempti
1280 4653 1586 4711 mediatoris
1613 4653 1952 4718 Consequitur
1980 4663 2063 4704 te-

482 4770 675 4825 .gnum,
698 4755 934 4822 sequitur
961 4752 1285 4819 exemplum.
1310 4746 1677 4815 Quantaslibet
1706 4744 1859 4798 nobis
1881 4743 2065 4796 anxie-

495 4857 658 4900 tatum
725 4853 929 4912 pateras
987 4842 1106 4894 vita:
1168 4838 1445 4909 prreseutis
1512 4834 1751 4904 ιιιόιιίιιει
1826 4832 2064 4895 alllictio,

495 4951 654 5007 parva
685 4935 994 4995 toleramus,
1021 4932 1063 4984 si
1096 4930 1437 4984 recordamur
1466 4928 1589 4996 quid
1621 4924 1809 4981 biberit
1837 4927 1901 4977 ad
1934 4925 2067 4993 pati-

493 5067 684 5120 donius
704 5066 759 5119 in
789 5064 1166 5118 Eucharistico.
1202 5061 1369 5116 llodie
1393 5060 1600 5130 quidem
1629 5076 1745 5129 qua:
1774 5058 1948 5112 Fausti
1971 5076 2066 5113 nu-

496 5154 617 5190 men
645 5146 860 5204 gerant,
894 5134 1135 5187 Humilia:
1163 5147 1265 5186 non
1296 5142 1503 5204 exuant
1535 5150 1546 5204 ι
1576 5139 1862 5182 occurrunt
1892 5144 2063 5182 tamen

496 5199 759 5262 interdum
807 5205 875 5258 ali
916 5220 996 5256 um
1050 5206 1100 5254 in
1154 5204 1383 5270 autiqns
1426 5200 1778 5260 bibliothecis.
1833 5199 1936 5270 97
1975 5201 2066 5270 ci-

496 5289 779 5346 tanturque
819 5290 847 5327 a
887 5269 1307 5346 SetlulioA'Scmo
1339 5270 1809 5346 quollectaueis
1849 5269 1898 5321 in
1944 5269 2070 5346 M_at-

498 5339 741 5403 tlta'um':
773 5361 833 5399 ac
873 5346 967 5398 nisi
999 5342 1457 5408 conjectura‘fallit
1488 5382 1501 5403 ,
1524 5342 1671 5394 inter
1699 5355 1788 5391 cas
1819 5355 1934 5405 qua:
1967 5339 2071 5391 Eu-
2122 5352 2133 5361 ·

494 5421 626 5475 scbii
665 5416 926 5472 limi~seui
961 5418 1172 5467 noinine
1198 5412 1671 5475 circumferuntur,
1702 5408 1881 5463 Funsn
1902 5411 2071 5476 hujus

497 5498 617 5543 sunt
650 5487 940 5541 nonnulla}.

570 5569 595 5595 ο
627 5558 909 5627 EpiscOpo,
940 5568 1043 5610 non
1068 5551 1551 5627 Carpentorateusi.
1574 5552 1660 5619 qui
1687 5551 2075 5627 a'iqn_anto__po-

498 5621 961 5682 uerior-interfuit
985 5621 1209 5679 concilio
1241 5622 1558 5685 Epaunensi,
1590 5630 1643 5675 et
1674 5636 1765 5686 per
1795 5624 1931 5673 idcnt
1962 5621 2075 5675 fere

498 5711 708 5764 u-mpus
739 5695 1072 5765 Lugdunensi
1102 5692 1508 5765 nondomtdito
1540 5697 1603 5743 de
1634 5707 1789 5743 causa
1818 5690 2077 5758 Stephani

496 5779 551 5826 et
587 5761 869 5846 Palladiuﬁ
918 5765 1018 5820 sub
1038 5762 1385 5835 Sigismundo
1429 5777 1550 5830 rege
1594 5761 2067 5829 Burgumtionum:

2168 4673 2284 4713 rum
2316 4634 2411 4710 :et
2457 4662 2573 4723 post.
2608 4663 2939 4718 consequens
2977 4647 3077 4699 erit
3113 4655 3168 4697 ut
3211 4643 3323 4696 tilio
3364 4653 3466 4694 uno
3501 4634 3705 4688 alterove

2168 4744 2431 4812 susceptis
2459 4718 2551 4812 ‘(et
2585 4740 2741 4794 nimis
2770 4737 2902 4806 disi)
2938 4734 3199 4789 abstineat
3234 4730 3301 4785 de
3330 4736 3518 4783 caetero
3551 4718 3705 4812 licitis.

2169 4838 2258 4907 qui
2305 4804 2494 4891 illicita.
2545 4804 2905 4901 prresumpsit.
2959 4825 3195 4892 Namque
3233 4830 3290 4876 et
3328 4817 3570 4886 conjuges
3605 4804 3705 4877 ipsi.

2169 4940 2470 4997 quanquam
2500 4922 2651 4992 nupti
2692 4934 2894 4990 nuper,
2935 4917 2999 4971 iis
3036 4912 3274 4969 moribus
3314 4916 3476 4980 agunt
3501 4917 3557 4958 ac
3581 4908 3706 4954 vere-

2173 5076 2277 5114 non
2308 5058 2449 5123 huic,
2476 5058 2709 5121 inquam,
2738 5069 2894 5123 quem
2924 5060 3125 5107 consLat
3157 5048 3219 5102 ad
3246 5036 3706 5123 Arausicanietiam

2175 5146 2207 5185 tt
2248 5110 2482 5197 tempora
2530 5110 2833 5196 pervenisse
2830 5141 2870 5197 _;
2916 5124 3009 5197 sed
3042 5122 3249 5197 Juliano
3289 5110 3707 5197 alteriusjguoltm

2175 5179 2613 5265 ξοιιιέἑιζιεέοῇόζ
2634 5179 2720 5265 qui
2747 5204 2802 5249 et
2830 5179 3009 5248 Fau~ti
3040 5191 3275 5265 cpistolm
3307 5179 3594 5265 subscribit,
3618 5184 3707 5265 et:

2177 5245 2999 5325 Lucido'interreogiuuineratur
3035 5245 3122 5325 qui
3166 5259 3229 5312 ad
3273 5255 3524 5327 synodum
3553 5245 3708 5302 Arela-

2178 5350 2381 5394 tensem
2413 5349 2792 5391 convenerant.
2827 5334 3075 5386 Diversus
3102 5340 3298 5391 autem,
3322 5337 3374 5379 et
3398 5335 3605 5394 utroque
3623 5329 3707 5394 ﬁ!"

2177 5413 2340 5463 t-rior
2388 5409 2594 5461 videtur
2636 5406 2911 5465 Julianus,
2959 5406 3024 5455 ad
3064 5416 3217 5470 quem
3261 5384 3381 5470 cum
3414 5384 3708 5446 aliis'Galliat

2176 5479 2441 5548 episcopis
2471 5477 2656 5531 scribit
2681 5476 2797 5548 Leo
2828 5487 3050 5548 magnus
3077 5466 3367 5548 antionliii.

2248 5549 2274 5587 ι,
2316 5524 2454 5618 eius.
2473 5563 2598 5618 οιιιι,
2627 5524 2876 5618 adrident
2896 5524 3272 5618 iiuj-icittsj'ib:
3312 5551 3369 5617 ιι,
3397 5534 3544 5600 epist.
3573 5524 3684 5618 tam

2250 5622 2273 5650 ε
2316 5594 2388 5672 tnr
2406 5594 3130 5686 υιίαὶιιίιιξιῇιὶιέξὲῃτέιέάιι.
3168 5594 3376 5663 Vides‘s
3404 5594 3546 5658 notas
3573 5598 3616 5651 in
3640 5594 3707 5646 Si.
3770 5648 3773 5653 ,

2178 5689 2321 5744 donii
2349 5684 2561 5744 carmi-n
2593 5688 2679 5753 ‘25,
2710 5700 2853 5740 vers.
2884 5684 3008 5739 4‘28.
