3946 6176
327 270 417 324 6?!

1563 253 2039 316 EPISTOLARUM
2080 252 2206 309 LIB.
2250 252 2340 309 lX.

3482 248 3587 303 622

322 382 525 445 cuudis,
557 392 684 435 vere
705 384 763 431 ut
788 389 1068 446 agnoscas,
1095 374 1140 428 si
1166 371 1331 428 semel
1358 369 1575 435 videris,
1609 369 1894 437 plurunum
1927 370 1977 425 Α
2006 375 2110 416 teut
2138 362 2376 414 acutulis
2410 360 2691 415 fecundare
2718 362 3020 433 colloquiis,
3044 361 3425 431 aucupabimur
3452 379 3589 417 nun-

324 495 455 539 esse,
488 475 630 544 quod
669 472 882 527 differat
921 470 1009 525 ille
1038 468 1447 523 honestissimus
1476 462 1696 517 uxorius
1727 473 1899 523 amor,

327 567 589 637 figmentis
623 563 996 629 illecebrisque
1024 557 1481 615 concubinalibus.
1509 553 1711 607 Memor
1734 550 1903 604 nostri

326 675 442 715 esse
472 659 725 726 dignare,
754 654 969 709 domine
1008 668 1161 719 papa.

884 742 1165 797 EI’ISTUL
1184 747 1208 792 \
1242 738 1350 793 Vil.

486 838 736 893 Sidonius
770 837 975 890 domino
1015 849 1159 904 papa:
1186 842 1212 869 α
1245 832 1473 902 Remigio
1502 831 1741 885 salutem.

396 931 625 994 Quidam
648 930 717 982 ab
740 926 991 982 Arvernis
1013 926 1276 994 Belgicam
1301 934 1487 993 petens
1507 921 1759 993 (persona
1782 917 1912 973 mibi

330 1024 541 1092 cognita
563 1031 666 1089 est,
684 1036 844 1075 causa
868 1021 1066 1089 ignota,
1091 1032 1187 1073 nec
1208 1017 1397 1084 refert)
1426 1025 1701 1085 postquam
1719 1013 1916 1067 Remos

332 1118 663 1178 advenerat,
704 1112 935 1167 scribam
969 1121 1116 1165 tuum
1142 1150 1157 1169 .
1198 1125 1293 1164 seu
1325 1108 1663 1177 bibliopolam
1692 1150 1704 1173 ,
1747 1104 1917 1174 pretio

335 1210 441 1260 fors
474 1206 585 1259 fuat
613 1203 862 1258 ofliciove
900 1203 1243 1265 demeritum,
1269 1201 1639 1270 copiosissimo
1666 1198 1796 1252 velis
1824 1211 1921 1250 no—

337 1301 397 1352 lis
448 1298 894 1352 declamationum
945 1304 1152 1348 tuarum
1208 1293 1430 1347 schedio
1486 1291 1751 1347 emunxit.
1818 1288 1921 1357 Qui

339 1389 505 1443 redux
539 1388 692 1441 nobis
719 1399 879 1454 atque
914 1385 1112 1453 oppido
1140 1384 1542 1453 gloriabundus,
1574 1385 1768 1452 quippe
1798 1397 1923 1451 per-

338 1479 509 1548 ceplis
534 1486 610 1531 tot
637 1476 1010 1541 voluminibus,
1037 1474 1291 1545 quidquid
1315 1475 1596 1536 detulerat,
1622 1487 1923 1542 quanquam

340 1570 568 1623 mercari
602 1568 799 1635 paratis
837 1567 1003 1636 (quod
1036 1577 1211 1620 tamen
1239 1564 1267 1604 δ
1299 1566 1485 1619 utrivis
1515 1580 1613 1619 nec
1641 1576 1753 1619 erat
1786 1564 1927 1631 inju-

338 1663 538 1730 stunt),
584 1676 682 1728 pro
713 1674 934 1714 munere
981 1659 1221 1727 ingessit.
1260 1656 1416 1711 Cura:
1458 1656 1587 1709 milii
1628 1670 1661 1710 e
1707 1654 1929 1721 vestigio

2008 456 2159 509 dinas
2188 454 2550 519 involantum;
2583 462 2638 508 ct
2658 454 2797 509 ultro
2819 456 3011 510 scrinia
3044 464 3153 522 tua,
3184 455 3593 510 conniventibus

2010 546 2164 600 nobis
2202 561 2264 599 ac
2308 546 2760 610 subornantibus,
2803 547 3144 602 effractorum
3178 562 3365 600 manus
3406 558 3591 617 arguta

2014 638 2353 707 populabitur
2382 655 2395 689 :
2430 638 2811 707 inchoabisque
2857 651 2980 692 tunc
3015 642 3205 694 frustra
3240 641 3438 694 moveri
3472 655 3546 708 spv
3570 668 3597 681 -

2015 730 2169 781 Iiatus
2210 731 2388 793 furto,
2432 728 2477 782 si
2527 744 2668 781 nunc
2716 738 2932 796 rogatus
2971 744 3075 783 non
3120 731 3350 785 moveris
3393 730 3595 783 officio.

2016 821 2219 874 Memor
2249 820 2415 874 nostri
2445 835 2564 873 esse
2589 820 2809 889 dignare
2831 861 2844 884 ,
2874 821 3089 875 domine
3122 836 3273 889 papa.

2131 901 2139 909 “
2447 913 2609 983 260
2648 911 2982 967 EPISTOLA
3024 912 3156 967 vui.

2164 1004 2409 1059 Sidonius
2435 1006 2639 1057 dounno
2680 1020 2827 1074 papa:
2861 1015 2882 1043 ο
2929 1004 3192 1075 Principio
3222 1004 3454 1060 salutem.

2091 1097 2405 1165 Quanquam
2438 1096 2591 1148 nobis
2622 1112 2725 1148 nun
2767 1096 3129 1165 opiuanlibus,
3171 1097 3599 1151 desiderantibus

2024 1199 2226 1254 tamen,
2262 1188 2467 1242 litteras
2499 1196 2614 1240 tuas
2644 1187 2875 1241 reddidit
2918 1187 3134 1259 gerulus
3174 1188 3452 1259 antiquus,
3489 1190 3600 1243 idn-

2024 1295 2156 1335 neus
2197 1281 2445 1335 inventus
2486 1282 2567 1333 cui
2608 1279 2733 1349 jure
2790 1281 3010 1349 repetita
3056 1280 3342 1335 credantur
3392 1281 3602 1346 uffie'a,

1970 1398 1981 1429 I
2026 1373 2455 1443 quaudrqttidetn
2491 1373 2658 1439 prima
2690 1372 2766 1426 sic
2794 1372 3002 1425 detulit.
3032 1372 3192 1442 Igitur
3213 1372 3369 1427 aliam
3411 1388 3601 1428 secun-

2027 1467 2119 1534 do,
2143 1468 2226 1520 vel
2262 1468 2434 1533 potius
2455 1466 2823 1521 benedictione
2847 1464 3093 1527 donatus,
3127 1466 3240 1532 ipse
3257 1467 3502 1537 quoqued
3521 1483 3603 1523 re-

2030 1568 2152 1629 peto
2180 1559 2402 1613 alterutn
2448 1558 2593 1613 salve
2617 1599 2630 1624 ,
2662 1558 2914 1628 obsequia
2964 1558 3309 1621 combinans,
3368 1561 3605 1615 numeris

2035 1659 2241 1718 aaquata
2263 1693 2277 1715 ,
2306 1665 2408 1702 non
2442 1650 2666 1705 meritis.
2720 1650 2783 1703 Et
2818 1649 2962 1713 quia,
3012 1650 3228 1705 domine
3259 1666 3411 1718 papa,
3447 1652 3606 1707 modo

340 1755 434 1808 fuit
466 1795 483 1819 ,
518 1754 690 1821 iisque
724 1752 813 1821 qui
854 1750 1069 1805 student
1093 1792 1108 1815 ,
1149 1766 1270 1804 cum
1308 1748 1500 1803 merito
1531 1749 1924 1811 lecturiremus,
1960 1730 2008 1792 Β
2036 1741 2263 1795 Vivimus
2308 1744 2504 1809 jmictis
2569 1742 2939 1812 abjnnetisque
3002 1743 3327 1813 regionibus,
3382 1760 3607 1813 Conspe-

341 1846 575 1913 p‘urima
601 1852 803 1905 tenere,
827 1851 1013 1895 cuncta
1039 1840 1414 1894 transcribere.
1439 1839 1687 1893 Omnium
1710 1853 1930 1892 assensu

340 1940 787 2005 pronuntiatum,
860 1949 1020 2003 pauca
1076 1947 1215 1987 nunc
1272 1947 1427 2001 posse
1471 1930 1664 1985 similia
1718 1930 1930 1984 dictari.

345 2029 561 2082 Etenim
596 2041 746 2080 rat-us
776 2035 869 2080 aut
900 2026 1074 2079 nullus
1105 2033 1219 2090 est,
1262 2023 1345 2077 cui
1380 2024 1700 2077 meditaturo
1730 2037 1823 2091 par
1848 2036 1936 2076 as-

341 2124 501 2176 sistat
530 2120 811 2189 dispositio
844 2134 938 2187 per
965 2133 1175 2180 causas,
1200 2116 1393 2186 positio
1416 2131 1509 2185 per
1540 2117 1765 2176 litteras,
1790 2129 1938 2169 corn-

344 2214 545 2282 positio
578 2227 667 2281 per
704 2211 959 2282 syllabas.
1011 2210 1090 2264 Ad
1122 2210 1223 2264 hoc
1260 2209 1629 2278 Opportunitas
1660 2209 1711 2260 in
1750 2222 1938 2263 exem-

342 2305 446 2374 plis
474 2344 490 2367 ,
543 2304 674 2358 fides
720 2305 771 2356 in
822 2302 1177 2367 testimOuiis,
1224 2302 1521 2372 proprietas
1562 2303 1612 2356 in
1658 2300 1934 2371 epithetis,

343 2398 633 2452 urbanitas
663 2397 713 2449 in
742 2394 920 2463 ﬁguris
940 2436 955 2462 ,
990 2394 1158 2448 virtus
1190 2395 1241 2447 in
1272 2394 1620 2463 argumentis,
1654 2394 1860 2461 pondus
1885 2394 1938 2446 in

343 2487 632 2547 sensibus,
665 2486 825 2560 259
854 2485 1045 2541 ﬂumen
1076 2488 1126 2539 in
1169 2486 1346 2539 verbis
1367 2529 1381 2553 ,
1425 2485 1622 2539 fulmen
1656 2487 1705 2538 in
1730 2484 1940 2538 clausu-

346 2580 431 2636 lis.
466 2580 748 2635 Struetura
779 2594 904 2633 vero
936 2580 1087 2632 tortis
1118 2588 1170 2632 et
1198 2578 1369 2643 firma,
1399 2577 1941 2645 coniunctionumque

349 2671 747 2749 perfacetarum
797 2686 929 2725 nexa
978 2670 1197 2725 caesuris
1251 2669 1658 2733 insolubilibus;
1711 2669 1803 2722 sed
1844 2683 1942 2723 nec

351 2766 483 2819 hinc
527 2764 705 2816 minus
735 2762 934 2816 lubrica
964 2770 1017 2816 et
1047 2760 1180 2815 levis
1202 2799 1220 2826 ,
1264 2774 1328 2814 ac
1355 2760 1528 2813 modis
1554 2758 1799 2813 omnibus
1822 2774 1943 2813 ero-

350 2854 581 2908 tundata
608 2868 870 2923 :quteque
895 2852 1110 2907 lectoris
1143 2853 1377 2922 linguam
1406 2853 1717 2907 inoffensam
1748 2854 1944 2906 decen-

351 2956 435 3000 ter
462 2944 754 3013 expediat,
789 2958 856 2998 ne
885 2943 1184 2998 salebrosas
1211 2958 1366 3013 passa
1395 2942 1672 3012 juncturas
1691 2982 1706 3007 ,
1739 2958 1834 3012 per
1856 2957 1944 2996 ca-

348 3052 566 3091 meram
592 3035 749 3103 palati
772 3035 1004 3089 volutata
1026 3033 1304 3089 balbutiat.
1335 3034 1465 3088 Tota
1491 3034 1719 3104 denique
1747 3033 1942 3103 liquida

2035 1836 2317 1903 ctibusque
2388 1834 2583 1888 mutuis
2639 1834 2739 1888 frui
2800 1834 3099 1888 dissociata:
3159 1836 3266 1889 situ
3330 1836 3610 1891 habitatio-

2038 1928 2120 1982 nis
2167 1928 2505 1992 inbibemur;
2563 1936 2710 1983 orate
2742 1939 2797 1981 ut
2841 1928 3060 1997 optabili
3113 1928 3466 1999 religiosoque
3514 1928 3611 1984 de-

2036 2037 2224 2087 cessu,
2258 2023 2378 2075 vilre
2420 2021 2699 2090 praesentis
2746 2021 3030 2091 angoribus
3068 2031 3224 2092 atque
3282 2037 3445 2078 onere
3489 2037 3613 2093 per-

2039 2114 2199 2169 functi
2222 2156 2238 2179 ,
2267 2130 2387 2168 cum
2422 2114 2607 2184 judicii
2637 2114 2751 2168 dies
2781 2120 2997 2169 sanctus
3035 2114 3346 2181 obfulserit,
3380 2130 3500 2168 cum
3530 2130 3616 2169 re-

2038 2204 2369 2258 surrectione
2422 2203 2724 2273 agminibus
2771 2208 2963 2257 vestris
3009 2204 3343 2273 famulaturi,
3400 2206 3485 2261 vel
3517 2212 3616 2260 sub

2043 2295 2405 2351 Gabaonitica:
2461 2296 2733 2350 servitutis
2779 2295 3093 2365 occasione,
3134 2295 3456 2368 jttngamur;
3493 2300 3613 2369 qui.

2040 2390 2333 2443 secundum
2358 2391 2619 2459 promissa
2638 2390 2901 2454 ctelestia,
2918 2406 3038 2460 qure
3060 2392 3463 2460 spoponderunt
3482 2394 3568 2448 filii
3592 2412 3618 2449 s

2045 2480 2165 2535 lidci
2210 2483 2275 2535 de
2306 2481 2609 2539 nationibus
2650 2482 3071 2550 congregandos,
3105 2482 3149 2536 si
3193 2496 3290 2536 nos
3317 2497 3436 2538 reos
3463 2488 3617 2540 venia

2042 2572 2267 2634 soletur,
2295 2572 2420 2625 dum
2449 2586 2545 2625 vos
2568 2573 2750 2626 beatos
2773 2573 2942 2641 gloria
2973 2585 3174 2640 manet,
3201 2576 3310 2630 etsi
3343 2590 3437 2644 per
3456 2576 3619 2632 actio-

2045 2679 2170 2718 num
2193 2663 2570 2729 differentiam,
2603 2679 2708 2719 non
2733 2673 2907 2720 tamen
2934 2681 3025 2735 per
3047 2666 3285 2721 locorum
3315 2667 3619 2723 distantiam

2045 2755 2364 2810 dividemur.
2391 2756 2599 2811 Memor
2624 2759 2791 2810 nostri
2813 2771 2931 2811 οδες
2961 2756 3202 2827 dignare,
3222 2759 3436 2814 domine
3466 2775 3620 2831 papa.

2594 2849 2918 2906 EPISTULA
2960 2850 3051 2906 ιχ.

2266 2943 2512 2997 Sidonius
2542 2943 2749 2996 domino
2778 2959 2927 3014 papa:
2958 2943 3149 2996 Fausto
3176 2943 3413 2998 salutem.

2123 3034 2359 3103 Longum
2385 3046 2582 3098 tacere,
2614 3034 2695 3087 vir
2724 3037 3111 3100 sacratissime,
3140 3049 3234 3089 nes
3262 3035 3315 3088 in
3345 3050 3624 3089 commune

352 3140 586 3196 prorsus
612 3137 666 3181 et
694 3125 907 3180 ductilis
934 3168 946 3190 ,
979 3125 1143 3180 veluti
1180 3141 1301 3179 cum
1341 3102 1674 3195 crystallinas
1716 3135 1943 3189 crustas,
1972 3102 2016 3164 C
2050 3102 2338 3196 dequestus
2375 3142 2433 3180 es
2464 3143 2475 3178 :
2520 3142 2786 3195 cognosco
2836 3138 3033 3183 vestra:
3079 3130 3246 3199 partis
3297 3130 3452 3199 261
3505 3130 3627 3185 binc

352 3228 446 3271 aut
482 3217 861 3287 onyebintinas
908 3231 1013 3271 non
1064 3217 1294 3286 impacto
1342 3216 1537 3286 digitus
1568 3231 1741 3286 ungue
1772 3216 1948 3284 perla-

352 3312 509 3365 bitur
534 3327 546 3362 :
574 3310 770 3378 quippe
793 3310 837 3364 si
865 3309 995 3363 nillil
1022 3324 1142 3364 eum
1170 3310 1383 3363 rimosis
1408 3310 1645 3364 obicibus
1667 3316 1945 3377 exceptum

354 3414 526 3458 tenax
550 3401 780 3463 fractura
804 3412 1121 3458 remoretur.
1149 3402 1282 3468 Quid
1313 3403 1495 3469 plura?
1538 3401 1653 3455 Non
1680 3412 1854 3458 exstat
1880 3402 1946 3455 ad

355 3509 609 3558 praesens
636 3493 744 3549 vivi
773 3493 1001 3548 hominis
1031 3494 1199 3548 nratio
1225 3536 1238 3555 .
1278 3509 1436 3563 quam
1486 3496 1669 3561 peritia
1723 3503 1808 3547 tua
1840 3509 1946 3547 non

356 3591 478 3642 sine
515 3585 697 3639 labore
723 3583 1018 3653 transgredi
1049 3594 1207 3654 queit
1228 3600 1291 3639 ac
1316 3583 1687 3654 supervadere.
1721 3584 1870 3639 Unde
1896 3594 1951 3639 et

356 3691 535 3748 prope
586 3677 863 3744 suspiror,
918 3677 1131 3730 domine
1188 3692 1358 3743 papa,
1418 3687 1632 3744 propter
1682 3678 1950 3746 eloquium

358 3773 646 3828 exundans
674 3779 832 3841 atque
872 3771 1135 3826 ineffabile
1178 3772 1351 3843 (venia
1384 3775 1451 3827 sit
1480 3774 1642 3843 dicto)
1677 3782 1727 3829 te
1762 3789 1950 3844 super-

359 3865 506 3920 bire.
540 3864 644 3917 Sed
669 3864 791 3918 licet
816 3864 956 3919 bono
978 3865 1179 3934 fulgeas
1202 3874 1257 3917 ut
1281 3868 1638 3928 conscientiae,
1662 3869 1739 3922 sic
1763 3868 1953 3923 dictio-

357 3957 445 4010 nis
480 3956 920 4019 ordinatissimze;
955 3971 1050 4010 nos
1079 3957 1171 4011 tibi
1204 3966 1378 4012 tamen
1410 3958 1624 4011 minime
1655 3975 1837 4016 sumus
1866 3976 1952 4015 re-

360 4049 645 4120 fugiendi,
684 4048 773 4117 qui
803 4048 936 4103 bene
964 4049 1159 4115 scripta
1201 4049 1476 4103 laudamus
1502 4095 1516 4119 ,
1550 4045 1647 4106 etsi
1691 4053 1950 4108 laudanda

363 4158 477 4197 non
515 4140 819 4195 scribimus.
876 4140 1135 4207 Quocirra
1165 4139 1348 4195 desine
1380 4142 1430 4195 in
1474 4154 1745 4210 posterum
1773 4153 1954 4200 nostra

365 4231 887 4301 declinarejudicia,
918 4246 1036 4301 qua:
1066 4230 1139 4285 nil
1170 4232 1389 4286 mordax
1422 4235 1659 4305 nihilque
1690 4241 1959 4294 minantur

366 4324 817 4394 increpatorium.
846 4323 1049 4393 Alioqui
1079 4324 1125 4379 si
1150 4324 1424 4381 distuleris
1447 4338 1682 4382 llt-Sll‘am
1710 4330 1959 4385 sterilita-

2051 3220 2318 3285 Sllldltltlt,
2364 3230 2559 3274 nostra:
2603 3232 2805 3275 reatum
2850 3238 2953 3276 non
3010 3237 3357 3292 recognrsco.
3390 3221 3628 3292 Namque

2046 3312 2155 3379 jam
2193 3311 2395 3377 pridem
2418 3312 2600 3380 jussus
2631 3315 2833 3381 garrire
2858 3329 2962 3367 non
2987 3314 3129 3382 silui,
3156 3315 3281 3367 istas
3312 3314 3501 3369 litteris
3526 3330 3626 3369 an-
3676 3328 3682 3335 '

2055 3405 2472 3457 teenrrentibus:
2502 3405 2691 3472 quibus
2722 3405 2880 3458 etiam
2916 3407 3255 3460 recensendis
3305 3421 3424 3460 eum
3467 3405 3628 3463 Reios

2051 3492 2399 3561 advenerant,
2427 3501 2450 3528 θ
2473 3480 2594 3560 quia
2625 3503 2749 3547 tunc
2797 3496 2948 3562 Apta:
2977 3493 3170 3561 fuistis,
3215 3495 3494 3564 aptissime
3528 3496 3625 3551 de-

2060 3586 2251 3640 fuistis.
2279 3586 2440 3655 ldque
2465 3587 2699 3640 v0tivum
2729 3585 2855 3639 mibi
2880 3587 3151 3656 granditer
3179 3587 3274 3640 fuit
3301 3601 3363 3642 ac
3387 3600 3634 3657 peropta-

2061 3693 2168 3735 tum
2224 3691 2281 3734 ut
2310 3679 2532 3749 epistola
2566 3679 2797 3748 injuueta
2824 3693 2921 3732 nec
2961 3685 3244 3746 negaretur
3273 3678 3471 3747 scripta
3497 3680 3631 3733 ami-

2058 3772 2220 3834 citiae,
2252 3786 2351 3825 nec
2375 3770 2692 3824 subderetur
2717 3769 2848 3823 lecta
2878 3783 3138 3823 censurae.
3171 3770 3274 3823 Ista
3300 3770 3629 3825 omittamus.

2059 3866 2191 3920 Mitti
2225 3863 2464 3934 paginam
2495 3865 2763 3932 copiosam
2796 3862 2972 3916 denuo
2995 3861 3171 3931 jubes.
3217 3863 3411 3917 Parere
3442 3877 3633 3933 propc-

2064 3960 2200 4014 rauti
2232 3960 2425 4011 adsunt
2455 3967 2596 4023 vota,
2628 3971 2807 4011 causa:
2828 3957 3036 4011 absunt.
3072 3956 3199 4009 Nam
3233 3956 3501 4020 salu'atio,
3533 3957 3628 4010 nis'

2058 4054 2329 4123 negotium
2352 4052 2565 4123 aliquod
2598 4052 2774 4105 activa
2807 4050 3054 4118 deportet
3090 4050 3333 4113 materia,
3366 4050 3635 4103 succincta

2059 4161 2173 4206 est:
2218 4166 2374 4212 quam
2402 4152 2487 4219 qui
2519 4149 2741 4219 porrigit
2767 4146 2942 4203 verbis
2974 4162 3080 4200 non
3109 4147 3449 4209 necessariis,
3490 4162 3520 4200 a
3550 4161 3637 4199 re-

2061 4242 2181 4312 gula
2210 4242 2519 4298 Sallustiani
2553 4239 2781 4293 tramitis
2802 4238 3047 4294 detortus
3067 4238 3349 4301 exorbitat,
3374 4238 3462 4307 qui
3493 4235 3638 4290 Cati-

2066 4338 2228 4391 linam
2268 4337 2447 4404 culpat
2488 4332 2736 4387 habuisse
2787 4333 2916 4386 satis
2956 4328 3315 4400 eloquentite,
3360 4329 3639 4398 sapientia:

451 4576 482 4605 ι
524 4567 832 4641 Remorum,
864 4581 981 4641 q_n:e
1021 4565 1247 4634 Belgica:
1280 4565 1317 4619 ll
1352 4567 1689 4641 metrOpolis,
1724 4569 1970 4635 antistiti,
2001 4574 2050 4632 υ
2078 4588 2210 4641 quos
2239 4573 2451 4626 codices
2495 4570 2739 4624 manibus
2784 4578 2982 4631 terunt,
3019 4568 3303 4641 sciunt‘ab
3332 4569 3645 4639 antiquariis

374 4641 529 4706 regis
568 4637 819 4689 Cloduvei
870 4634 1299 4705 Francorutnque
1355 4654 1420 4701 ap
1460 4638 1616 4689 sudo.
1665 4640 1808 4691 lianc
1846 4655 1972 4693 Vero

378 4708 671 4769 epistulam
710 4722 829 4759 cum
868 4706 1068 4760 Sidonii
1098 4707 1214 4770 elug
1240 4724 1271 4756 υ
1313 4708 1555 4759 llistorize
1595 4724 1706 4760 sua:
1746 4710 1974 4764 ittteituit

380 4778 726 4832 Flodmtrtlns
758 4777 850 4829 lib.
885 4793 919 4841 I,
952 4792 1067 4843 cap.
1106 4779 1185 4829 12.
1221 4776 1322 4831 Sed
1356 4778 1768 4832 declamationes
1799 4779 1974 4833 licini-

379 4852 454 4917 8η
486 4888 505 4910 ⁹
546 4862 781 4917 ηικπιιιη
818 4849 1171 4914 eloquentiam
1224 4848 1471 4900 Sidonius
1513 4859 1787 4913 tantnpeze
1830 4864 1974 4903 com-

382 4916 643 4977 ntt-ndat,
677 4916 835 4970 nulla:
864 4918 929 4969 ad
961 4932 1057 4969 nos
1088 4929 1473 4983 perveni-runt;
1517 4934 1612 4972 nee
1644 4934 1831 4973 recens
1862 4922 1981 4973 lucc.

383 4990 625 5060 iactura.
649 5002 767 5040 cum
797 4987 1110 5039 Iiincmatus
1141 4987 1251 5054 ipse
1281 5003 1341 5041 ac
1368 4987 1695 5041 Fludnnrdus
1716 5005 1806 5043 eas
1829 4990 1977 5059 peni-

383 5071 483 5112 tus
518 5060 788 5118 ignorasse
818 5060 1113 5110 videantur.

467 5129 498 5166 ι’
542 5130 594 5181 lu
621 5128 855 5200 _t-tliliotte
887 5128 1079 5181 lubbei
1111 5127 1321 5191 utilius;
1363 5129 1525 5197 aliqui
1558 5126 1675 5181 libri
1706 5129 1863 5200 (quod
1896 5140 1975 5182 ta—

387 5216 517 5252 men
544 5198 691 5265 cujus
719 5214 807 5251 nec
827 5208 949 5259 erat,
975 5200 1267 5268 injustam).

476 5280 501 5306 ε
534 5269 797 5336 Episcopo
819 5267 1206 5333 Suessioneusi,
1239 5276 1294 5320 ut
1320 5267 1515 5321 dictum
1558 5269 1648 5321 lib.
1682 5285 1790 5332 vm,
1815 5271 1969 5337 epist.

394 5342 496 5403 Η,
521 5342 571 5391 in
592 5354 692 5406 qua
715 5347 767 5391 et
789 5339 1103 5406 Megelbium
1134 5338 1384 5391 clericum
1410 5341 1668 5401 nominat,
1704 5356 1795 5404 per
1816 5356 1973 5407 quem

393 5413 610 5463 litteras
638 5418 917 5476 accept-rat
951 5408 1341 5467 reddebatque:
1372 5424 1527 5476 quem
1564 5420 1837 5478 proliterea
1888 5424 1974 5477 ge-

392 5483 582 5534 rutum
606 5482 878 5546 antiquum
909 5494 1045 5532 nunc
1068 5489 1239 5532 vbeal.

478 5550 509 5585 ά
545 5550 595 5600 In
626 5550 890 5615 aliquibus
914 5549 1078 5611 libris,
1114 5550 1353 5616 rependo.

482 5630 511 5654 ο
543 5619 649 5671 Non
677 5620 908 5672 difficilis
950 5620 1046 5671 fuit
1095 5620 1248 5683 Itttjns
1297 5618 1394 5670 lori
1423 5616 1741 5677 eutentlalio,
1788 5632 1884 5683 pro
1915 5632 1979 5669 eo

396 5694 553 5759 (ξηρά
585 5692 870 5757 legebatur,
912 5692 996 5757 qni
1028 5699 1143 5741 tunc
1177 5699 1290 5758 apte
1320 5689 1501 5756 fuistis.
1535 5689 1631 5754 Qui
1670 5688 1810 5741 enim
1844 5688 1978 5740 anti-

2076 4637 2162 4712 qui
2194 4642 2861 4712 diphthongusnegligant,
2886 4654 3007 4712 raro
3031 4637 3134 4712 ista
3165 4639 3436 4712 distingui.
3463 4637 3645 4711 Signi-

2078 4710 2197 4767 ficat
2222 4710 2349 4778 ergo
2380 4713 2628 4765 Faustum
2662 4713 2814 4778 Apta:
2850 4710 2900 4762 in
2944 4710 3114 4763 vicina
3148 4710 3277 4763 urbe
3305 4720 3413 4763 tum
3440 4710 3598 4765 fuisse
3626 4752 3644 4777 ,

2075 4801 2195 4837 cum
2228 4782 2431 4837 Sidonii
2465 4785 2656 4835 littera:
2689 4782 2849 4833 Reios
2904 4783 3123 4848 perlata:
3170 4791 3325 4834 sunt:
3369 4783 3644 4849 aptissime

2076 4863 2253 4907 autem
2272 4854 2831 4921 apportutiissitneque
2847 4852 2918 4903 ait
2936 4852 3079 4905 liciis
3100 4850 3352 4913 abfuisse,
3368 4865 3435 4921 ne
3453 4851 3584 4905 littev
3598 4868 3646 4902 τη

2077 4926 2183 4977 ἱΙΙιρ
2214 4920 2321 4977 tatu
2349 4925 2456 4977 cito
2481 4922 2579 4976 sub
2617 4922 2733 4989 ejus
2783 4936 3064 4975 censuram
3109 4923 3370 4974 venirent.
3418 4920 3527 4975 Sila
3567 4933 3651 4976 est

2078 4996 2210 5061 Apta
2234 4994 2370 5048 Julia
2400 4994 2730 5061 angentium
2763 4993 2861 5061 (sic
2882 4992 3022 5044 enim
3049 5006 3077 5044 a
3105 4991 3269 5044 Plinio
3301 4992 3394 5045 lib.
3418 5006 3495 5056 in,
3521 4991 3643 5056 c.4,

2083 5065 2400 5131 appellatur)
2431 5064 2607 5117 medio
2640 5065 2748 5114 fere
2776 5063 2946 5129 spatio
2976 5063 3132 5115 Reios
3161 5061 3297 5116 inter
3326 5071 3380 5114 et
3408 5063 3644 5116 Aveniu—

2084 5148 2236 5187 nem:
2267 5137 2405 5201 quod
2436 5135 2594 5187 etiam
2620 5136 2801 5184 videre
2830 5142 2923 5183 est
2970 5149 3035 5186 ex
3070 5132 3346 5186 Itinerario
3377 5132 3573 5185 Aﬁtbici
3596 5142 3650 5185 et

2084 5204 2280 5258 Tabula
2312 5204 2633 5270 Peutiugeri.
2663 5203 2934 5255 tloloniatu
2984 5204 3145 5257 fuisse
3186 5202 3413 5257 ostendit
3447 5202 3647 5268 antiqui

2082 5276 2145 5341 la,
2172 5275 2269 5327 illis
2297 5276 2409 5327 limo
2440 5273 2718 5341 inscriptio
2751 5274 2983 5326 Arelate.

2470 5471 2612 5526 JUL.
2659 5473 2717 5525 C.
2769 5472 2823 5524 F.
2871 5469 3259 5523 TEltTULlJN

2569 5543 2693 5596 ΗΛ
2703 5544 2744 5596 Μ
2757 5584 2768 5595 .
2798 5542 2947 5594 CUL.
2986 5543 3027 5592 A
3039 5542 3167 5594 ΡἸἈ

2533 5614 2592 5668 li.
2626 5612 2913 5668 VALLIlJS
2946 5610 3192 5665 ATILAN

2757 5683 2991 5735 NEPOS.
