3946 6176
314 269 422 322 0'33

1592 265 1838 319 SiDUNll
1879 263 2331 323 APOLLINARIS

3498 267 3592 321 (ili

323 396 529 453 parum.
564 379 713 436 Unde
747 388 769 414 η
796 381 905 434 Ave
936 377 1101 444 dicto,
1157 391 1277 430 mox
1310 376 1439 430 Vale
1470 376 1726 439 dicimus,
1753 385 1904 431 orate
1936 383 1977 438 Α
2013 376 2149 431 bane
2191 394 2311 445 quin
2356 378 2731 445 praistantiora
2775 377 3019 446 portabat
3059 377 3366 446 operuerit,
3414 378 3593 445 spinas

321 492 417 543 pro
459 475 632 529 nobis.
665 473 767 529 Sed
809 474 945 528 bene
969 483 1081 539 est,
1108 472 1243 526 bene
1285 480 1403 538 est,
1432 472 1553 538 quia
1600 470 1903 526 chartulam

319 572 425 639 jam
451 570 665 638 jamque
691 565 1082 635 complicaturo
1112 579 1199 618 res
1232 564 1388 617 fortis
1430 564 1683 630 accurrit,
1710 563 1780 618 de
1800 579 1904 632 qua

321 658 691 731 exprobranda
718 702 731 726 ,
766 658 810 713 si
842 657 1041 711 diutius
1064 656 1149 710 vel
1178 656 1359 709 lmtitia
1405 669 1525 708 sese
1556 670 1672 709 mea
1721 656 1800 708 vel
1828 654 1906 708 ira

322 751 641 815 cohibuerit,
670 750 781 817 ipse
814 763 900 803 me
922 756 1139 815 accepta
1172 746 1387 815 dignurrr
1422 744 1907 813 corrtumcliajudi-

320 842 477 895 cabo.
507 840 733 903 Venisti,
768 838 1042 907 magister,
1072 837 1122 891 in
1150 853 1339 890 manus
1371 851 1537 898 meas,
1567 850 1665 889 nec
1694 834 1908 889 exsulto

325 942 553 996 tantum,
586 944 773 984 verum
804 930 1020 987 insulto,
1051 926 1243 980 venisti
1269 943 1280 979 :
1313 936 1367 980 et
1394 925 1605 993 quidem
1632 924 1751 978 talis
1778 940 1908 992 qna-

327 1027 431 1079 letn
460 1024 527 1077 ab
560 1024 681 1075 hinc
712 1022 872 1091 longo
914 1018 1117 1087 jamdiu
1151 1027 1394 1084 tempore
1434 1016 1694 1070 desideria
1729 1025 1906 1068 nostra

326 1114 793 1182 prtestolabantut'.
819 1110 1011 1163 Dubito
1036 1122 1165 1162 sane
1185 1119 1359 1161 utrum
1379 1115 1429 1161 et
1454 1108 1669 1170 invitus,
1689 1114 1744 1159 at
1763 1116 1911 1159 certe

323 1208 515 1263 similis
546 1208 742 1267 invito;
784 1202 981 1273 quippe
1012 1215 1118 1269 quo
1147 1198 1483 1267 providente,
1518 1199 1597 1251 vel
1626 1198 1706 1267 (si
1732 1206 1909 1251 tamen

324 1303 428 1357 huc
460 1302 618 1354 nimis
650 1296 862 1364 abnuis)
891 1310 1024 1360 aequ
1048 1302 1288 1355 csccute,
1313 1292 1413 1344 sint
1461 1291 1564 1343 {uis
1592 1290 1739 1343 libris
1770 1292 1913 1343 insa-

326 1396 545 1455 lutatus,
575 1390 769 1458 iisque,
813 1386 957 1456 quod
1010 1385 1177 1437 rrrrrlto
1226 1394 1307 1436 est
1338 1380 1670 1451 injuriosius,
1700 1382 1912 1435 territo-

326 1488 463 1541 rium
488 1489 793 1541 Arvernum
819 1496 938 1535 cum
976 1476 1344 1547 przeterircnt,
1381 1492 1485 1529 non
1513 1475 1683 1528 solum
1716 1474 1911 1529 muenia

328 1594 468 1642 mea,
500 1592 684 1633 verum
714 1573 875 1627 etiam
912 1571 1078 1624 latera
1103 1568 1429 1623 radentibus.
1460 1566 1539 1620 An
1566 1565 1821 1621 verebare
1848 1580 1915 1620 ne

327 1673 433 1725 tuis
467 1669 624 1723 dictis
655 1664 1056 1720 inviderenrus?
1086 1663 1188 1716 Sed
1214 1662 1307 1716 Dei
1350 1659 1588 1723 indultu,
1624 1660 1753 1712 vitio
1781 1657 1913 1713 nulli

2012 485 2158 522 ineas
2201 471 2467 524 illustrare
2517 469 2860 525 dissimulans
2904 471 3007 525 tuis
3057 469 3300 523 floribus.
3330 468 3436 523 Sed
3478 480 3595 539 post

2011 561 2146 615 duos
2173 569 2264 614 aut
2298 561 2360 615 iis
2390 561 2623 630 amplius
2651 575 2890 624 menses,
2915 561 2993 615 sic
3020 574 3231 629 quoque
3258 575 3288 613 a
3313 560 3469 615 nobis
3492 561 3595 615 cito

2014 652 2337 719 proli-ctum,
2370 667 2491 704 cum
2524 651 2759 720 quipiam
2811 650 3169 719 prodidissent
3199 650 3267 705 de
3296 651 3455 721 263
3488 651 3595 703 via-

2014 742 2236 806 toribus,
2269 741 2508 812 mystica:
2536 756 2682 810 gaza:
2718 741 2916 795 clausis
2947 740 3240 794 involucris
3286 742 3422 794 clam
3456 740 3595 795 ferre

2014 835 2315 900 thesauros,
2352 834 2662 901 pernicibus
2688 832 2840 903 equis
2868 834 3142 888 insecutus
3168 834 3476 899 abeuntem,
3507 836 3593 902 qui

2014 926 2195 980 faciles
2246 934 2464 994 pthClu
2513 924 2716 979 itineris
2750 925 2976 992 pridiani
3030 925 3197 994 spatia
3240 934 3593 993 praevertere,

2012 1020 2196 1073 osculo
2238 1018 2290 1072 in
2340 1020 2519 1073 fauces
2562 1018 2811 1085 occupati
2863 1018 3085 1072 latronis
3114 1017 3331 1078 insilui.
3367 1018 3597 1071 humano

2009 1111 2134 1179 joco
2157 1152 2171 1174 ,
2203 1121 2355 1179 gestu
2394 1110 2602 1171 ferino;
2645 1110 2807 1163 veluti
2833 1108 2875 1160 si
2904 1123 3202 1163 excussura
3230 1122 3599 1178 quemcunque.

2014 1202 2312 1256 catulorum
2340 1201 2520 1255 Parthi
2559 1202 2697 1255 collo
2729 1202 2963 1268 raptoris
3006 1200 3142 1269 pede
3187 1200 3415 1255 volatico
3451 1200 3600 1270 tigris

2016 1296 2199 1347 orbata
2237 1295 2617 1359 surpererrricet.
2648 1292 2787 1359 Quid
2831 1293 3039 1346 multa?
3068 1293 3207 1362 capti
3260 1293 3483 1362 hospitis
3504 1308 3599 1361 ge-

2019 1406 2119 1442 nua
2142 1390 2367 1454 ροιιιιιΙω
2390 1399 2469 1441 tor
2492 1427 2505 1449 ,
2550 1387 2783 1466 iumenta
2815 1386 2978 1450 sisto,
3005 1386 3148 1439 frena
3177 1387 3281 1454 ligo
3303 1427 3318 1450 ,
3365 1388 3602 1439 sarcina

2017 1482 2191 1544 solvo,
2215 1481 2497 1549 qua‘situm
2536 1480 2785 1531 volumen
2819 1478 3054 1540 invenio,
3100 1478 3369 1546 produco,
3401 1479 3601 1541 lectito,

2019 1588 2275 1644 excerpo,
2309 1574 2538 1628 maxima
2573 1589 2635 1627 ex
2667 1572 2873 1642 magnis
2914 1573 3086 1639 capita
3120 1573 3441 1625 defrustans.
3484 1570 3603 1624 Tri-

2020 1667 2135 1721 buit
2162 1676 2215 1721 et
2245 1666 2511 1736 quoddam
2546 1665 2751 1719 dictare
2781 1664 3036 1718 celeranti
3080 1663 3377 1718 scribarum
3417 1677 3606 1730 seqnac

332 1765 507 1816 minus
533 1760 870 1815 addicimur:
903 1758 990 1811 cui
1031 1758 1073 1810 si
1116 1757 1185 1810 ita
1218 1766 1272 1809 ut
1302 1755 1460 1825 262
1489 1755 1700 1809 cancris
1740 1767 1770 1805 a
1799 1769 1913 1807 mea
1950 1764 1992 1820 Β
2022 1758 2156 1812 citas
2201 1759 2436 1813 saltuosa
2488 1756 2866 1825 compendium
2893 1798 2910 1821 ,
2970 1758 3058 1822 qni
3110 1757 3607 1823 comprehendebat

332 1872 414 1924 par
433 1863 481 1908 te
512 1852 909 1921 sulrjacerctur,
949 1849 1027 1903 sic
1049 1864 1262 1918 quoque
1285 1853 1517 1901 auferret
1536 1846 1915 1915 congrediendi

331 1945 727 1997 a'midatinnetn
774 1941 1079 2010 desperatio
1127 1938 1514 1999 conseruendi.
1555 1938 1637 1993 An
1680 1937 1919 2006 superci-

339 2037 464 2090 tiurn
501 2046 753 2104 tanquam
781 2032 1014 2087 difficilis
1043 2046 1108 2086 ae
1144 2032 1296 2100 rigidi
1330 2030 1557 2100 plosoris
1599 2031 1918 2085 extirnesceo

344 2129 480 2182 has?
508 2128 572 2180 Et
598 2141 841 2194 qumoam
883 2133 965 2177 est
991 2122 1237 2191 cuiquam
1272 2122 1475 2191 pet-itia-
1512 2128 1689 2175 cervix
1732 2132 1873 2175 tanta
1904 2163 1917 2183 ,

328 2221 495 2291 quive
517 2218 778 2290 hydrops,
808 2228 862 2269 trt
886 2216 1047 2270 etiam
1082 2217 1259 2285 tepida
1288 2229 1465 2269 vesrra
1494 2231 1597 2268 ttorr
1634 2217 1917 2269 ferventis-

334 2315 487 2369 simis
510 2312 752 2367 laudibus
780 2309 1168 2379 prosequatur?
1189 2308 1269 2362 An
1294 2307 1413 2363 ideo
1436 2323 1520 2363 me
1546 2307 1918 2364 fastidiendum

335 2405 819 2477 negligendumque
837 2402 1060 2468 Clll'aSll,
1079 2401 1201 2470 quia
1224 2412 1600 2455 contemneres
1618 2399 1921 2469 juniorenr?

326 2499 474 2568 quod
502 2513 688 2568 parum
739 2494 922 2551 credo.
952 2494 1034 2547 An
1065 2494 1187 2563 quia
1234 2492 1509 2546 indocrum
1532 2493 1554 2546 ?
1580 2494 1721 2562 qut-d
1754 2491 1921 2563 magi.

337 2598 482 2657 tero;
508 2595 575 2646 ιιι
612 2601 787 2645 tamen
810 2629 823 2652 ,
858 2599 914 2642 ut
944 2586 1033 2654 qui
1067 2588 1247 2642 dicere
1294 2586 1555 2656 ignorem,
1602 2602 1706 2641 non
1746 2598 1796 2643 et
1828 2604 1924 2641 au-

335 2686 491 2739 dire:
524 2684 646 2754 quia
676 2694 729 2737 et
772 2680 861 2751 qui
893 2679 1236 2734 Circensibus
1270 2679 1409 2732 ludis
1448 2677 1764 2744 adfuerunt,
1794 2694 1916 2734 sen-

339 2782 557 2833 teul'atu
589 2778 655 2830 tle
677 2776 923 2830 rrtrtibus
954 2772 1275 2827 nutrierunt.
1306 2772 1387 2826 An
1408 2772 1586 2842 aliquo
1610 2788 1737 2827 Casu
1765 2773 1921 2827 dissi—

337 2870 634 2930 debamus,
686 2875 738 2920 ul
790 2876 1101 2934 putaremrrr
1153 2864 1217 2917 iis
1261 2862 1452 2917 libellis
1496 2877 1630 2932 quos
1677 2864 1923 2918 edissetis

333 2964 501 3030 derng
539 2959 678 3013 turi?
728 2957 875 3025 atqui
908 2958 1135 3024 pra-sale
1184 2956 1316 3018 Deo,
1366 2964 1554 3010 tenues
1595 2956 1752 3009 nobis
1802 2971 1922 3011 eSse

340 3052 625 3113 amicitias,
654 3064 750 3101 nec
774 3046 973 3101 inimici
1007 3047 1206 3112 fingere
1234 3054 1456 3112 qrrertnt.
1494 3045 1591 3100 ista
1622 3062 1875 3111 quorsum
1901 3048 1924 3100 τ

2020 1850 2222 1917 signis,
2258 1849 2398 1917 quod
2432 1848 2623 1903 litteris
2669 1862 2773 1902 non
2812 1847 3086 1901 tenebant.
3114 1847 3322 1915 Quibus
3362 1846 3609 1917 lacryrnis

2021 1957 2150 1996 sane
2175 1942 2538 1995 maduerimus
2560 1983 2575 2003 ,
2609 1952 2797 1995 mutuo
2838 1940 3074 1994 vicissim
3104 1940 3228 1994 ﬂetu
3262 1940 3450 2008 rigati,
3488 1950 3612 1994 tunc

2021 2050 2144 2089 curn
2171 2034 2240 2089 ab
2271 2034 2519 2104 amplexu
2551 2047 2694 2102 saepe
2722 2031 2949 2101 repetito
2978 2046 3374 2100 separaremur,
3394 2030 3615 2100 longum

2021 2137 2101 2179 est
2129 2126 2351 2189 dixisse,
2379 2140 2478 2179 nec
2505 2125 2670 2179 refert
2696 2140 2708 2176 :
2742 2122 2883 2191 quod
2925 2122 3234 2190 triumphali
3265 2139 3327 2176 stt
3356 2122 3467 2203 ficit
3490 2138 3616 2191 gau-

2022 2219 2133 2281 dio,
2160 2218 2345 2286 spoliis
2360 2228 2612 2271 onustum
2637 2215 2893 2275 caritatis,
2916 2228 2963 2267 et
2991 2217 3090 2284 spir
3108 2215 3283 2269 itualis
3305 2224 3617 2282 compotem

2024 2309 2217 2380 ρι’ωὼιξ
2245 2324 2329 2364 me
2356 2310 2575 2364 domum
2610 2308 2790 2362 retuli.
2821 2307 3029 2375 Quaeris
3066 2321 3211 2362 nunc
3248 2307 3375 2378 qrrid
3403 2306 3473 2362 de
3504 2321 3618 2361 rna-

2024 2401 2201 2455 nnbiis
2251 2400 2385 2455 meis
2429 2398 2714 2467 judicern?
2760 2398 2955 2452 nollem
2989 2398 3166 2454 adhuc
3216 2397 3473 2468 prodere,
3516 2414 3620 2468 quo

2023 2493 2327 2549 diuturnius
2371 2492 2775 2560 exapectatione
2820 2490 3129 2560 penderes:
3177 2492 3299 2560 plus
3346 2506 3433 2545 me
3471 2491 3620 2545 enim

2024 2586 2093 2640 nli
2115 2585 2339 2651 iscerer,
2369 2585 2412 2637 si
2437 2584 2578 2653 quod
2611 2582 2755 2638 sensi
2786 2591 3042 2638 tacerem.
3075 2581 3181 2639 Sed
3205 2583 3313 2651 jam
3358 2596 3458 2637 nec
3510 2584 3621 2651 ipse

2024 2680 2220 2735 frustra
2243 2678 2519 2748 superbis;
2549 2686 2605 2731 ut
2626 2684 2751 2746 pote
2779 2676 3101 2745 intelligens,
3118 2676 3212 2731 tibi
3241 2676 3421 2731 inesse
3442 2673 3622 2729 virtu-

2027 2783 2133 2827 tem
2172 2774 2249 2827 sie
2281 2770 2584 2841 perorandi,
2611 2778 2668 2824 ut
2694 2770 2879 2824 lectori
2912 2778 3003 2824 tuo
3038 2785 3132 2824 seu
3165 2770 3446 2825 reluctanti
3474 2810 3494 2835 ,
3530 2783 3620 2823 seu

2026 2864 2346 2927 voluntario,
2379 2865 2460 2917 vis
2500 2862 2788 2930 voluptatis
2814 2862 3058 2917 excludat
3095 2860 3347 2931 pricconii
3375 2861 3621 2917 necessi-

2026 2966 2211 3009 tatem.
2246 2954 2477 3009 Proinde
2503 2955 2709 3023 act-ipe,
2738 2955 2861 3022 quid
2894 2970 3060 3022 super
3086 2954 3303 3022 scriptis
3328 2955 3431 3009 tuis
3459 2966 3522 3008 ct
3547 2956 3621 3008 in-

2022 3046 2219 3116 juriarn
2245 3047 2386 3115 passi
2410 3059 2750 3100 censeamus.
2785 3043 2812 3083 ιι
2845 3045 3099 3115 Legimus
3128 3061 3263 3115 opus
3293 3046 3621 3116 Operosissi-

330 3146 535 3211 inquis.
569 3140 831 3206 Eccejaru
867 3140 1064 3205 pando,
1102 3138 1184 3190 vel
1213 3137 1338 3204 quid
1366 3136 1451 3189 ind
1488 3153 1644 3207 gasse
1677 3155 1761 3190 tne
1788 3155 1913 3206 gau-
1949 3135 1991 3191 C
2029 3154 2170 3190 rrrurrt
2196 3178 2213 3203 ,
2248 3137 2526 3203 multiplex
2551 3176 2567 3202 ,
2600 3150 2759 3199 acre,
2791 3138 3022 3191 subiture
3048 3176 3061 3199 ,
3088 3136 3354 3206 digestum
3405 3138 3580 3191 titulis
3607 3182 3620 3205 ,

338 3240 515 3295 deam,
553 3232 633 3285 vel
664 3231 785 3299 quid
810 3241 860 3283 te
881 3230 1087 3283 celas~c
1112 3242 1479 3283 succenseam.
1500 3228 1624 3297 Legi
1652 3230 1919 3283 volumina

340 3338 448 3391 tua,
465 3341 582 3393 quin
606 3322 897 3375 lliochatus
918 3319 1140 3373 antistes
1166 3334 1229 3372 ac
1254 3318 1569 3385 monachus,
1596 3330 1754 3388 atque
1772 3320 1920 3373 isuns

334 3417 521 3471 mtrrnli
556 3416 634 3467 his
665 3412 1001 3483 peregrinus.
1022 3407 1289 3464 Britannis
1315 3410 1419 3463 tuis
1452 3425 1547 3479 pro
1570 3420 1623 3465 te
1654 3425 1748 3480 rep
1788 3421 1919 3477 rtat;

336 3512 427 3564 i'lo
466 3512 573 3575 jam
606 3504 1093 3569 impraesentirunr
1124 3502 1319 3555 Fausto
1350 3504 1525 3570 potius
1551 3503 1639 3572 qni
1689 3520 1791 3556 non
1837 3518 1922 3558 se-

337 3599 482 3655 ncsci
513 3641 528 3661 ,
548 3600 744 3667 quique
769 3594 1069 3649 viventibus
1100 3610 1203 3646 non
1228 3592 1509 3647 defuturus
1538 3602 1652 3661 rost
1685 3596 1923 3662 sepultu-

334 3710 484 3760 ram,
531 3696 615 3747 fiet
650 3708 696 3760 pi
720 3707 744 3743 r
773 3706 882 3758 ipsa
932 3704 1051 3757 qua:
1083 3687 1301 3756 scripsit
1345 3686 1443 3740 sibi
1496 3696 1790 3755 superstes.
1825 3686 1921 3741 llic

336 3788 498 3853 igitur
534 3787 647 3854 ipse
680 3782 1020 3846 venerabilis,
1067 3780 1204 3849 apud
1242 3780 1492 3847 oppidum
1527 3789 1768 3833 nostrum
1798 3794 1919 3833 cum

337 3887 657 3939 moraretur,
683 3876 855 3928 donec
884 3874 1123 3942 gentium
1148 3873 1534 3927 concitatarum
1568 3873 1798 3939 procella
1828 3875 1919 3927 de-

336 3974 591 4025 fremeret
625 3966 798 4037 (cujus
827 3965 1073 4034 imaginis
1098 3965 1222 4018 hinc
1260 3974 1313 4018 ct
1341 3965 1462 4018 hinc
1496 3966 1651 4019 turbo
1687 3977 1811 4021 trrrrc
1838 3966 1919 4020 in-

346 4062 651 4121 horruerat)
685 4061 762 4114 sic
798 4059 996 4125 rc'iqna
1022 4060 1157 4110 dona
1191 4066 1365 4110 vestra
1398 4056 1619 4121 detexit,
1655 4068 1709 4110 ut
1738 4072 1923 4127 perur-

408 4210 433 4236 δ
464 4200 597 4253 llinc
634 4208 776 4265 patet
816 4197 1001 4250 solitos
1047 4205 1255 4251 veteres
1286 4196 1437 4251 initio
1464 4197 1701 4264 epistola:
1734 4198 1845 4251 Ave
1868 4206 1923 4252 et

333 4271 492 4329 Salve
520 4270 776 4336 scribere,
810 4280 865 4321 ut
892 4267 945 4321 iu
978 4268 1082 4320 fine
1114 4267 1263 4321 Vale.
1301 4269 1571 4320 Ausonius
1599 4268 1818 4321 Paulino
1852 4286 1865 4322 :

410 4372 523 4443 93
544 4377 666 4436 Quid
692 4375 917 4437 prohibet
939 4374 1084 4422 Salve
1106 4383 1253 4433 atque.
1277 4373 1398 4422 Vale
1424 4374 1669 4424 brevitate
1696 4382 1860 4488 parata

540 4441 769 4488 Scribere
792 4436 1062 4488 felicesque
1088 4444 1226 4484 notas
1252 4436 1477 4484 mandare
1502 4435 1702 4487 libellis‘

540 4435 769 4489 Scribere
792 4436 1062 4498 felicesque
1088 4444 1226 4484 notas
1252 4436 1477 4484 mandare
1502 4435 1702 4488 libellis“:

330 4545 499 4613 Cujus
528 4540 939 4613 rrrorisvestigia
975 4547 1179 4613 resrarit
1212 4542 1264 4593 in
1310 4539 1581 4594 nonnullis
1604 4541 1913 4613 principum

2026 3229 2391 3295 exemplisque
2410 3239 2752 3298 congestum,
2782 3228 3092 3297 bipartitnrrr
3117 3228 3220 3282 sub
3240 3228 3438 3297 dialogi
3462 3229 3623 3283 scire-

2028 3329 2189 3383 rnate,
2227 3320 2325 3371 sub
2358 3334 2641 3374 causarum
2686 3320 2924 3376 themate
2949 3319 3423 3389 quadripartitutn.
3454 3322 3623 3391 264

2027 3411 2332 3475 Scripseias
2363 3420 2541 3464 autem
2572 3411 2800 3479 plurima
2829 3411 3102 3472 ardenter,
3150 3411 3299 3478 plura
3324 3426 3623 3479 pompose;

2027 3502 2342 3570 simpliciter
2378 3502 2500 3564 ista.
2533 3516 2631 3557 nec
2660 3512 2846 3571 argute
2892 3502 3008 3566 illa,
3040 3517 3138 3557 nec
3168 3502 3365 3557 callide
3392 3518 3405 3565 ;
3436 3504 3625 3572 gravia

2030 3609 2258 3657 mature,
2286 3594 2547 3663 profunda
2578 3594 2834 3661 sollicite,
2864 3594 3029 3649 dubia
3076 3605 3302 3649 constan
3330 3610 3389 3649 cr
3410 3635 3423 3656 ,
3464 3611 3623 3665 argn-

2030 3696 2273 3739 mentosa
2325 3686 2713 3753 disputatorie,
2775 3684 3022 3753 quaedam
3075 3700 3306 3750 severe,
3352 3688 3625 3755 quaqriaru

2029 3776 2221 3830 bande
2243 3820 2256 3844 ,
2288 3789 2480 3830 cuncta
2507 3776 2814 3841 moraliter,
2852 3776 3020 3842 lecte,
3054 3788 3321 3846 potenter,
3365 3778 3623 3845 υιοίιυιηη-

2030 3871 2253 3924 tissime.
2290 3869 2471 3938 Itaque
2499 3886 2592 3939 per
2622 3878 2767 3924 tanta
2798 3881 2850 3924 te
2879 3883 3076 3939 genera
3107 3870 3359 3923 narrandi
3391 3879 3512 3924 toto
3545 3872 3618 3923 la-

2029 3964 2251 4017 tissima:
2276 3963 2586 4037 dictationis
2632 3978 2823 4032 campo
2851 3971 3088 4032 secutus,
3120 3962 3249 4017 nihil
3283 3963 3334 4017 in
3365 3961 3619 4017 facundia

2029 4064 2373 4117 creterorum,‘
2398 4056 2470 4109 nil
2505 4057 2554 4109 in
2586 4055 2813 4125 ingeniis
2836 4054 2991 4109 facile
3029 4056 3276 4125 perspexi
3297 4057 3450 4124 juxta
3482 4056 3623 4124 [iuli-

2028 4195 2237 4249 videtur
2266 4205 2320 4247 ut
2350 4210 2483 4261 opus
2514 4195 2615 4249 hoc
2646 4196 2713 4248 de
2742 4211 2849 4264 quo
2889 4196 3061 4259 agitur
3085 4195 3163 4247 vel
3197 4194 3490 4259 interiissm
3530 4198 3612 4251 vul

2027 4266 2201 4319 adhuc
2221 4266 2424 4333 uspiam
2448 4266 2610 4318 latert!
2634 4268 2949 4320 sentiamus.
2967 4295 3037 4304 —
3054 4268 3175 4318 lla-c
3198 4266 3470 4320 Sirinondi
3497 4280 3619 4320 nota

2029 4338 2106 4390 >ic
2136 4336 2293 4389 habet
2326 4339 2374 4388 in
2407 4337 2702 4403 posteriore
2747 4337 2950 4389 Sidonii
2980 4336 3241 4401 editione,
3284 4338 3370 4391 cui
3404 4343 3621 4405 pratl'ttzt

2029 4407 2294 4461 Labbeus.
2327 4408 2594 4460 Cani-rum
2628 4409 2679 4460 in
2708 4409 2883 4475 priore
2915 4406 3117 4460 Sidonii
3151 4408 3334 4465 verba,
3373 4407 3618 4475 Legimus

2032 4493 2252 4547 opus....
2283 4478 2577 4547 bipertitum
2607 4480 2699 4532 sub
2726 4479 2915 4547 dialogi
2967 4480 3242 4538 icltemale,
3294 4479 3620 4533 Sitnrondus

2031 4550 2078 4600 iu
2115 4549 2252 4601 notis
2308 4564 2427 4616 pag.
2468 4548 2571 4601 16:2
2616 4566 2678 4602 ex
2731 4548 2959 4601 ltirnriio
3013 4550 3399 4613 interpretatus
3445 4550 3620 4603 fuerat

331 4610 627 4695 rescriptis.
658 4610 987 4695 [Iove-Felix?
1009 4612 1270 4663 cariss'me
1308 4613 1473 4695 notrix,
1496 4610 1670 4695 .Sqlve
1721 4610 1911 4695 ρῃιιεῃί
1946 4610 1991 4666 Ι)
2019 4621 2148 4695 quos
2182 4610 2335 4671 libros
2376 4610 2456 4695 iis
2483 4618 2669 4695 Gratiq
2701 4620 2790 4671 Dei
2830 4629 2877 4669 et
2920 4610 3169 4695 Irurrtmmi
3201 4636 3311 4670 men
3337 4621 3376 4671 is
3432 4620 3617 4673 Libero

334 4685 403 4741 K.
428 4684 500 4738 N.
526 4684 749 4737 Ductum
774 4683 872 4735 ida
900 4696 1048 4735 more
1070 4697 1195 4735 risus
1215 4682 1533 4749 quotidiani.
1566 4684 1694 4737 Nam
1720 4682 1907 4740 iisdem

334 4755 579 4808 formulis
604 4754 655 4807 in
679 4752 989 4819 quotidiana
1010 4766 1297 4819 congressu
1321 4753 1671 4820 digressuqne
1698 4754 1909 4810 uteb-rn-

336 4838 441 4880 trrr.
470 4825 668 4879 Graecis
684 4832 837 4897 Χαῖρε
864 4824 1204 4897 milii/iung
1232 4836 1287 4875 ut
1309 4836 1391 4877 est
1413 4826 1463 4876 in
1497 4824 1764 4878 lladriano
1791 4827 1912 4878 Dio-

334 4900 437 4951 nis.
467 4892 920 4965 Plutarchus'rrapi
941 4892 1250 4963 ἀδολεσχίας
1279 4897 1345 4947 de
1373 4900 1638 4963 Augusto;
1668 4898 1755 4963 qui
1784 4898 1908 4950 Ful-

333 4970 419 5043 rio
441 5008 454 5028 ,
488 4982 628 5043 cum
685 4974 897 5043 temere
922 4965 1126 5043 nescio"
1155 4966 1278 5030 quid
1314 4965 1644 5043 effudisset,
1678 4968 1911 5021 venienti

336 5033 592 5106 postridie
613 5051 675 5089 ac
700 5033 921 5096 dicenti,
950 5036 1060 5087 Avo
1088 5033 1288 5097 Cmsar,
1314 5034 1438 5087 Vale.
1473 5037 1645 5101 Fulvi,
1688 5052 1911 5103 reSpon-

331 5105 443 5161 ilit:
470 5108 717 5165 Ἐλθόντος
745 5105 911 5167 ἕωθεν,
940 5107 1005 5163 ὡς
1028 5106 1187 5159 ε’ὠθει
1213 5112 1301 5159 τοῦ
1331 5106 1572 5181 Φουλιξίου
1598 5108 1723 5181 πρὸς
1763 5110 1913 5164 αὐτζν

331 5185 415 5250 καί
440 5179 689 5239 εἰπόντος’
724 5183 897 5249 Χαῖρε,
925 5184 1142 5250 Καῖσαρ,
1174 5180 1406 5250 Ὑγίαινε,
1442 5174 1573 5240 εἷπε,
1604 5174 1827 5233 amatr.

406 5248 432 5286 b
469 5252 610 5303 Duos
639 5248 829 5308 libros,
872 5256 921 5296 ut
958 5248 1211 5297 cardiuali
1247 5248 1475 5299 Barorno
1506 5250 1676 5300 visum
1701 5259 1803 5308 est.
1846 5250 1913 5303 de

332 5320 511 5373 Gratia
559 5318 646 5371 Dei
695 5326 748 5370 et
794 5316 1037 5369 humana:
1087 5316 1279 5369 mentis
1320 5317 1511 5371 Libero
1557 5319 1810 5373 Arbitrio.
1841 5319 1915 5375 De

334 5391 418 5443 his
438 5392 578 5446 euirrr
617 5390 756 5455 loqui
785 5395 883 5437 hoc.
909 5389 1025 5439 loco
1046 5386 1321 5439 Sidonium
1352 5388 1529 5440 multis
1552 5392 1742 5442 asrruit
1770 5401 1914 5443 tomo

333 5460 401 5512 Vl
437 5463 716 5514 Annalium
751 5457 1260 5528 ecclesiasticarum.
1316 5458 1436 5509 Mihi
1470 5474 1598 5512 vero
1630 5476 1749 5512 eum
1779 5475 1913 5528 opus

335 5531 435 5583 hoc
465 5531 641 5584 Fausti
673 5531 963 5599 bipitrti’mm
991 5527 1080 5578 sub
1110 5526 1309 5599 Δίαιοςιὶ
1355 5528 1638 5591 scit-"mare,
1671 5535 1764 5583 sub
1794 5526 1913 5583 cou-

332 5617 506 5653 sarum
540 5598 756 5654 (larinate
797 5598 1229 5666 quadripertitum
1269 5600 1429 5651 fuisse
1473 5600 1702 5653 affirmet
1751 5602 1909 5656 Sido-

337 5673 476 5733 nius,
510 5672 651 5737 quod
680 5685 850 5737 neque
880 5670 959 5721 lr‘s
989 5670 1197 5721 duobus
1224 5684 1394 5736 nepte
1434 5669 1524 5721 ulli
1568 5672 1813 5740 cuiquam
1844 5688 1907 5726 ex

335 5742 454 5795 aliis
503 5758 588 5809 qui
639 5751 838 5795 restant
874 5740 1051 5794 Fausti
1099 5740 1245 5794 libris
1275 5742 1591 5808 cmvcniat,
1647 5744 1911 5812 reliquum

2017 4688 2188 4741 Arbitr
2210 4706 2261 4743 ο.
2282 4709 2297 4739 t
2322 4690 2395 4742 De
2410 4688 2510 4744 his.
2528 4689 2718 4758 inquit,
2736 4691 2783 4743 lo
2807 4690 2872 4752 pri
2890 4691 2987 4741 hoc
3005 4687 3412 4744 locitSidoniuin
3432 4690 3618 4743 inultis

2015 4761 2208 4813 astruit
2235 4770 2378 4812 tomo
2397 4759 2461 4812 Vl
2488 4762 2772 4813 Anna‘iuur
2823 4759 3080 4813 Baronirts
3103 4760 3409 4823 earilinalis,
3440 4775 3615 4829 neque

2016 4830 2158 4883 aliud
2196 4845 2271 4882 .os
2298 4831 2347 4883 itr
2382 4831 2603 4895 reliquis
2634 4830 2810 4883 Fausti
2843 4829 3095 4898 operibus
3116 4829 3364 4883 videmus
3391 4834 3477 4884 cui
3500 4834 3615 4885 hth

2023 4904 2198 4966 aptius
2232 4901 2574 4954 conveniant.
2599 4901 2733 4967 Quid
2757 4917 2886 4968 ergo
2909 4914 3084 4954 causa:
3107 4916 3201 4953 cur
3223 4916 3251 4953 ει
3282 4900 3336 4953 Si
3362 4904 3503 4955 lortio
3539 4913 3615 4955 tot

2022 4972 2033 5022 Ι
2075 4970 2585 5043 udibus_ornenturl
2603 4988 2671 5039 qu
2696 4981 2963 5043 iscnustat
2986 4987 3014 5043 a
3038 4970 3275 5043 Gelasio,
3304 4971 3611 5043 Fulgentio,

2022 5043 2197 5103 Avito,
2247 5040 2513 5105 Ctnsario,
2549 5040 2800 5096 Facundo
2828 5050 2882 5095 et
2910 5041 3027 5093 aliis
3059 5041 3142 5094 vel
3192 5040 3497 5104 damnatos,
3530 5044 3612 5095 vel

2022 5112 2307 5165 contrariis
2326 5114 2485 5165 etiam
2512 5113 2865 5165 voluminibus
2893 5113 3313 5166 coiifrrtatos?At
3334 5111 3612 5167 Sidonium

2022 5182 2237 5236 difficile
2267 5198 2372 5235 non
2398 5193 2478 5235 est
2504 5184 2691 5249 judicir
2716 5185 2847 5237 alea:
2877 5184 3199 5241 subducere.
3229 5183 3317 5250 qui
3346 5184 3526 5237 Fausti
3558 5185 3609 5236 in

2026 5251 2128 5306 hoc
2149 5269 2311 5319 opere
2338 5253 2633 5321 ingenium,
2666 5263 2857 5315 artem,
2914 5252 3277 5321 eloquentiam
3312 5255 3567 5322 prredicat
3589 5292 3611 5319 ,

2023 5324 2279 5376 doctrirne
2311 5326 2484 5390 capita
2512 5324 2912 5391 scrrterrtiasqnc
2963 5339 3068 5376 non
3097 5324 3329 5392 attingit.
3358 5325 3611 5378 Faustum

2026 5408 2155 5445 vero
2180 5434 2195 5457 ,
2228 5405 2275 5447 et
2311 5394 2353 5446 si
2385 5396 2471 5463 qui
2523 5405 2633 5449 tum
2667 5396 2719 5448 in
2751 5394 2939 5457 Gallia,
2967 5395 3105 5459 quod
3147 5393 3470 5449 dissimulari
3502 5411 3611 5449 ιιεδιι

2026 5475 2222 5529 pofeSt,
2252 5480 2372 5518 rum
2406 5480 2472 5518 co
2502 5474 2808 5528 senserunt,
2840 5466 3019 5534 aliquo
3049 5465 3207 5518 modo
3233 5481 3491 5521 excn5are
3523 5481 3613 5519 ra-

2028 5537 2101 5587 tio
2133 5536 2217 5587 illa
2250 5536 2487 5602 videtur,
2540 5536 2682 5602 quod
2739 5548 2863 5587 ante
2910 5538 3173 5605 synodum
3225 5538 3610 5591 Arausicanam

2020 5605 2270 5668 vixerint,
2304 5608 2456 5672 cirjrts
2505 5607 2717 5675 placitis
2770 5606 3007 5659 Ecclesia
3059 5606 3312 5675 di‘lﬂCf‘pS
3362 5619 3607 5675 tanquam

2021 5692 2171 5727 nni-tn
2193 5697 2202 5721 ι
2226 5676 2505 5743 doetrinm,
2537 5676 2793 5730 adversus
2818 5677 3369 5745 Sctnipelagianoruur
3397 5691 3610 5731 eirirres
3662 5730 3673 5737 ,

2025 5760 2115 5797 usa
2149 5756 2243 5800 est.
2284 5765 2301 5797 ι
2340 5777 2408 5790 --
2437 5749 2691 5813 Βλυῖςιυε,
2731 5749 2766 5801 1.
2796 5762 2870 5813 c.,
2900 5763 3057 5817 quem
3089 5750 3307 5803 consule
3338 5749 3460 5804 ibid.
