3946 6176
299 496 324 547 (5
335 494 385 544 255

1502 491 1981 546 EPISTULARUN
2028 489 2150 541 |.lll.
2197 488 2283 543 IX.

3437 492 3539 545 «‘26

297 617 406 658 tutu.
428 600 551 665 Quze
581 614 666 651 me
701 612 827 653 vera
862 598 1063 652 sentire
1095 598 1226 652 Satis
1261 599 1549 667 approbas,
1590 615 1711 650 cum
1757 612 1853 648 nec
1887 602 1931 654 Α
1961 600 2170 648 concuti
2239 597 2427 650 maelii:
2453 600 2701 652 amentis.
2761 600 2891 654 Nam
2958 612 3248 657 sectatores
3310 622 3497 658 coram
3523 648 3536 668 ,

296 695 502 750 oll‘ensus
542 692 698 746 aliter
746 691 956 761 judico.
1017 691 1256 761 Denique
1325 692 1563 745 absentis
1629 693 1845 747 oratio.

294 794 520 855 quantum
548 784 850 850 epinamur,
883 784 999 851 plus
1030 784 1214 852 nequit
1244 797 1513 853 crescere,
1558 784 1659 836 nisi
1695 782 1849 835 forsi-

297 891 369 930 tan
393 874 580 945 aliquid
611 873 696 930 his
724 874 887 929 addat
907 890 1089 929 coram
1136 878 1403 944 loquentis
1442 876 1677 930 auctoris
1712 890 1811 930 vox
1836 918 1848 939 ,

295 986 479 1032 manus,
512 978 711 1034 mutus,
743 969 933 1037 pudor,
958 968 1175 1023 artifex.
1208 970 1300 1022 His
1329 969 1487 1037 igitur
1516 969 1679 1023 animi
1708 968 1851 1023 litte-

294 1078 552 1131 rarumque
583 1063 796 1115 d-ttibus
821 1063 1098 1131 praeditus,
1129 1061 1404 1115 mulierem
1436 1061 1734 1129 pulchram,
1756 1062 1847 1113 St'll

292 1160 416 1213 illan)
468 1157 884 1209 Deuleronomio
913 1156 1236 1223 astipulante
1273 1156 1585 1219 nubentem,
1632 1157 1851 1210 domine

291 1249 533 1317 papa,tibi
561 1248 792 1316 jugasti:
818 1263 973 1315 quam
1006 1260 1057 1301 tu
1088 1248 1493 1313 adliucjuvenis
1518 1248 1656 1303 inter
1685 1249 1851 1302 hosti-

291 1347 355 1395 les
379 1340 707 1407 con~picatus
731 1350 994 1404 catervas,
1016 1350 1174 1408 atque
1204 1341 1309 1391 illic
1339 1339 1390 1392 in
1419 1340 1532 1393 acie
1564 1341 1851 1393 contraria:

290 1434 433 1501 partis
453 1431 788 1497 adamatam,
820 1430 951 1485 nihil
1005 1446 1099 1500 per
1128 1432 1401 1485 obstantes
1443 1431 1688 1499 repulsus
1715 1446 1852 1498 pras—

290 1526 483 1576 liatores
509 1521 762 1575 desiderii
793 1521 1014 1575 brachio
1038 1524 1284 1577 vincente
1316 1523 1560 1590 rapuisti.
1600 1523 1848 1577 Philoso-

287 1617 443 1683 phiam
467 1615 696 1679 scilicct,
725 1630 845 1684 quae
867 1614 1137 1667 violenter
1163 1628 1193 1668 e
1224 1630 1447 1668 numero
1468 1614 1849 1682 sacrilegarum

287 1708 457 1761 artium
486 1716 759 1772 exempta,
784 1721 905 1759 raso
928 1706 1122 1774 capillo
1145 1706 1429 1769 superﬂua:
1454 1706 1749 1773 reiigionis,
1792 1721 1851 1757 ac

284 1796 560 1865 supercilio
606 1796 846 1850 scientia‘
893 1795 1192 1857 satt‘ularis,
1245 1798 1638 1865 amputatisque
1667 1810 1849 1863 pervc-

285 1898 528 1943 tustarum
562 1889 786 1942 restium
821 1889 983 1956 rugis,
1030 1888 1077 1940 id
1112 1897 1214 1952 est,
1242 1888 1406 1939 tristis
1436 1887 1728 1940 dialectica!
1759 1887 1847 1939 lli--

1956 688 2263 739 Christiano
2292 687 2525 756 dogmtti
2555 704 2617 742 ac
2643 690 2826 743 sensui
2857 691 2900 744 si
2932 693 3376 761 repugnaverint,
3410 711 3535 748 mox

1956 788 2010 832 te
2041 780 2299 848 magistro
2332 780 2509 849 ligati,
2559 783 2862 834 vernaculis
2912 784 3262 850 implicaturis
3308 786 3359 838 iu
3405 788 3537 838 retia

1955 884 2048 923 sua
2081 872 2379 939 praecipites
2430 872 2881 940 implagalmntur,
2918 874 3245 945 syllogismis
3273 885 3375 930 tuze
3419 893 3542 945 pro-

1960 964 2238 1032 positionis
2266 965 2473 1019 uncatis
2501 966 2787 1020 volubilem
2819 967 3267 1038 tergiver:aotuin
3300 970 3535 1039 linguam

1958 1056 2026 1109 int
2048 1057 2391 1122 latitantibus,
2417 1057 2540 1111 dum
2570 1059 3088 1128 s;iiris\categoricis
3129 1061 3361 1116 lubricas
3392 1077 3542 1132 qua:-

1956 1149 2158 1203 stiooes
2189 1158 2240 1203 tu
2277 1149 2453 1217 potius
2485 1150 2735 1215 innodas,
2767 1152 2970 1205 aerium
3005 1168 3154 1206 more
3187 1152 3541 1217 medicorum,

1957 1242 2043 1310 qui
2076 1242 2373 1296 remedium
2406 1254 2593 1297 contra
2624 1243 2787 1315 266
2818 1260 3044 1310 venena,
3074 1261 3196 1299 cum
3231 1248 3368 1301 ratio
3391 1262 3542 1300 com-

1958 1334 2127 1401 pellit,
2157 1344 2209 1387 et
2234 1334 2300 1387 de
2324 1344 2574 1402 serpente
2603 1336 2915 1389 conﬁciunt.
2944 1336 3051 1390 Sed
3088 1335 3188 1391 hoc
3215 1338 3542 1403 temporibus

1959 1426 2094 1494 iSIis,
2123 1428 2220 1479 sub
2238 1435 2341 1480 tua:
2367 1436 2570 1480 tantttm
2597 1426 2675 1481 vel
2703 1428 3158 1497 contemplatione
3175 1430 3539 1491 cetsscientiae,

1960 1516 2040 1570 vel
2072 1516 2267 1571 virtute
2292 1517 2575 1572 doctrinm.
2629 1517 2759 1571 Nam
2806 1521 2926 1588 quis
2956 1520 3144 1590 aiqttali
3188 1520 3409 1589 vestigia
3455 1532 3540 1574 tua

1960 1608 2275 1675 insequatur
2304 1624 2491 1676 gressu
2518 1626 2532 1674 ;
2562 1610 2646 1662 cui
2676 1610 2859 1664 datum
2892 1619 2975 1665 cst
3003 1611 3123 1674 Soli,
3165 1612 3307 1678 l0qui
3353 1612 3542 1665 melius

1960 1715 2117 1766 quam
2134 1701 2408 1763 didiceris,
2430 1703 2608 1756 vivere
2623 1702 2811 1757 melius
2825 1719 2981 1773 quam
3002 1704 3541 1775 loquaris?Quocirca

1961 1794 2151 1847 merito
2182 1804 2231 1847 te
2258 1794 2626 1848 beatissimum
2658 1795 2780 1849 boni
2812 1813 3022 1860 omnes,
3052 1798 3210 1867 idque
3240 1814 3398 1865 supra
3427 1812 3541 1850 oms

1960 1900 2055 1939 nes
2085 1893 2171 1939 tua
2202 1896 2519 1954 tempcSIate
2556 1889 3011 1942 concelebrabunt
3043 1907 3054 1941 :
3086 1894 3240 1958 cujus
3272 1892 3339 1943 ita
3385 1891 3541 1943 dit-tis

282 1982 449 2047 sibus,
481 1980 617 2034 falsa
658 1994 865 2032 morum
914 1987 970 2032 et
1016 1978 1197 2031 illicita
1248 1978 1583 2042 telautibus,
1617 1979 1842 2047 mystico
1877 1970 1921 2029 Β
1952 1977 2054 2029 vita
2097 1976 2358 2047 factisque
2389 1978 2674 2044 dupliciter
2704 1974 2975 2046 inclaruit,
3020 1991 3071 2033 ut
3110 1980 3540 2050 quandoquidem

279 2073 512 2141 amplexu
537 2070 648 2139 jam
671 2069 924 2123 tleliecata
955 2078 1127 2123 tecum
1150 2069 1388 2123 membra
1407 2069 1706 2135 cnnjunsit.
1730 2069 1803 2122 ηπ
1824 2085 1853 2123 e

276 2165 335 2218 ab
362 2162 513 2217 anuis
546 2172 721 2216 vestrt
752 2162 862 2228 jam
890 2160 1087 2214 dudum
1139 2161 1458 2229 pedissequa
1487 2160 1811 2229 primoribus
1837 2177 1850 2222 ;

278 2255 383 2309 lirec
408 2265 498 2309 tuo
532 2255 684 2306 lati-ri
709 2267 891 2306 cernes
924 2253 1331 2321 inseparabilis,
1363 2251 1479 2307 sive
1509 2254 1561 2307 in
1592 2253 1853 2322 palustri.-

272 2345 599 2399 excrcereris
623 2343 860 2407 urbanis,
893 2342 1014 2397 sive
1040 2343 1088 2394 iu
1113 2343 1377 2397 abstrusis
1404 2357 1740 2398 macerarere
1765 2360 1853 2398 so-

275 2437 614 2491 litudinibusz
656 2437 767 2488 liter.
793 2434 1021 2487 atheuaai
1047 2433 1205 2503 265
1230 2448 1476 2498 consors,
1524 2433 1636 2488 hare
1669 2450 1851 2487 mona-

272 2529 412 2582 sterii
438 2569 453 2592 ,
489 2537 673 2582 tecum
731 2524 1028 2579 mundanas
1081 2525 1331 2588 abdicat,
1366 2535 1540 2579 tecum
1590 2540 1851 2592 supernas

269 2618 516 2685 prredicat
534 2615 881 2683 disciplinas.
916 2616 1049 2669 lluic
1079 2616 1381 2684 copulatum
1426 2627 1478 2670 te
1506 2617 1848 2672 matrimonio

264 2726 345 2777 qut
382 2708 770 2770 laeessivcrit,
819 2707 1016 2761 sentiet
1065 2705 1321 2761 Ecclesia:
1364 2707 1560 2762 Christi
1613 2709 1849 2764 l‘lzitonis

264 2800 610 2854 Academiam
658 2797 916 2864 militare,
971 2806 1133 2865 teque
1179 2798 1413 2854 nobilius
1458 2800 1845 2871 philosophari.

260 2892 512 2957 Primum,
544 2891 877 2945 ineffabilem
919 2890 1008 2945 Dei
1052 2890 1226 2945 Patris
1253 2905 1498 2946 asserere
1521 2907 1642 2947 cum
1673 2896 1843 2948 sancti

257 2985 476 3049 S,iritus
533 2986 845 3037 aeternitate
886 2982 1223 3051 sapientiam.
1258 2983 1393 3037 Tum
1428 2996 1684 3052 prseterea
1739 3004 1843 3040 non

254 3076 526 3129 t‘a‘sariem
572 3090 816 3142 pascere,
848 3089 1020 3143 neque
1051 3074 1212 3143 pallio
1238 3084 1330 3130 aut
1362 3078 1534 3144 clava,
1567 3080 1708 3135 velut
1753 3096 1843 3136 so-

254 3168 337 3237 pli
354 3169 491 3223 ticis
517 3168 845 3237 insignibus,
867 3166 1105 3236 gloriari,
1133 3176 1226 3221 aut
1252 3168 1505 3225 adeetare
1525 3171 1592 3226 de
1619 3176 1842 3228 vestium

251 3262 591 3317 discretione
643 3259 986 3328 superbiam,
1040 3259 1213 3314 nitore
1263 3275 1557 3330 pompam,
1597 3268 1844 3332 squalore

1961 2082 2079 2121 tuos
2110 2075 2136 2103 ⁸
2165 2081 2336 2121 annos
2358 2069 2467 2136 jam
2497 2069 2720 2122 dextera
2753 2073 3137 2135 numeraverit,
3168 2072 3366 2125 smculo
3397 2087 3534 2139 pra:-

1957 2159 2160 2213 dicatus
2188 2166 2310 2227 tuo,
2343 2159 2728 2213 desiderandus
2758 2161 2969 2225 alieno,
3000 2171 3227 2231 utraque
3258 2162 3543 2215 laudabilis

1954 2253 2164 2305 actione
2194 2251 2444 2315 decedas,
2468 2261 2520 2306 te
2552 2253 2834 2306 relicturus
2856 2255 3119 2318 externis,
3145 2265 3229 2308 tui
3258 2256 3534 2321 proximis.

1957 2344 2159 2398 llletnor
2189 2345 2355 2400 llOSil‘i
2384 2359 2506 2400 esse
2533 2346 2769 2411 dignare.
2802 2347 3016 2402 domine
3062 2364 3162 2417 pap
3182 2368 3216 2402 t.

2531 2438 2859 2492 EPISTULA
2910 2439 2946 2491 Χ
2961 2479 2972 2491 .

2085 2526 2333 2580 Sidonius
2359 2526 2566 2578 domino
2600 2544 2747 2594 ιιηρίυ
2786 2526 2811 2565 ι’
2842 2529 3139 2594 Aprunculo
3168 2532 3403 2583 salutem.

2027 2617 2275 2672 Reddidit
2297 2618 2389 2672 tibi
2406 2618 2662 2687 epistolas
2680 2634 2844 2680 ineas,
2871 2635 3030 2688 quem
3054 2620 3185 2675 tnihi
3210 2633 3327 2675 tuas
3349 2622 3541 2677 oll‘erro

1954 2728 2049 2781 par
2078 2710 2251 2764 fuerat
2294 2728 2306 2765 :
2353 2726 2474 2765 nam
2508 2710 2673 2766 frater
2704 2723 2884 2766 noster
2914 2712 3227 2778 leestius,
3271 2732 3440 2783 nuper
3474 2721 3540 2771 ad

1953 2817 2004 2857 te
2041 2816 2292 2857 reversus
2349 2813 2370 2842 ο
2412 2803 2481 2857 de
2528 2803 2855 2869 Biterrensi,
2887 2804 3157 2874 quoddam
3210 2807 3337 2861 mihi
3381 2823 3541 2877 super

1950 2904 2090 2949 statu
2114 2895 2355 2963 iniuriosi
2386 2896 2553 2951 nostri
2576 2897 2841 2950 vinculum
2866 2898 3125 2953 cessionis
3149 2899 3353 2953 elicuit.
3384 2901 3534 2967 Quod

1950 2985 2162 3052 quidem
2208 2986 2434 3054 scripsi,
2482 3001 2589 3039 non
2621 2985 2799 3041 minus
2845 2996 2932 3042 tua
2981 2992 3300 3044 verecundia
3345 2992 3544 3045 fractus

1950 3094 2109 3145 quant
2158 3079 2453 3134 vtiluntate.
2501 3078 2739 3144 Namque
2789 3097 2887 3134 nos
2941 3082 3082 3136 ultro
3135 3096 3315 3138 vestro
3357 3088 3541 3153 pudori

1955 3169 2110 3237 quasi
2136 3171 2454 3239 quibusdam
2490 3172 2715 3240 ped=bus
2746 3172 2989 3243 obsequii
3030 3174 3208 3229 decuit
3237 3185 3541 3234 occtlrrerc.

1955 3260 2217 3324 Quocirca
2254 3275 2339 3315 Ine
2371 3276 2583 3331 quoque
2614 3260 2830 3317 volente
2876 3263 3087 3330 posside
3120 3266 3418 3332 indultum,
3452 3284 3492 3323 St
3514 3272 3544 3322 d

252 3352 561 3419 iactantiam
602 3367 616 3403 :
651 3364 827 3419 neque
874 3357 928 3404 te
975 3351 1107 3404 satis
1148 3352 1246 3404 hoc
1272 3354 1536 3419 annulati,
1566 3357 1705 3423 quod
1757 3372 1847 3425 per
1879 3336 1926 3400 Ο
1960 3351 2282 3415 liberaliter;
2326 3367 2425 3406 nec
2471 3352 2634 3415 enim,
2668 3362 2723 3406 ut
2754 3353 3027 3421 suspicor,
3061 3354 3176 3423 plus
3214 3358 3413 3426 aliquid
3446 3359 3491 3413 Ιιλ
3517 3376 3545 3413 e

253 3447 531 3514 gymnasia
588 3442 881 3513 pingantur
936 3441 1312 3511 Areopagitica
1355 3446 1438 3498 vel
1495 3445 1850 3517 Prytaneum,

251 3552 407 3593 curva
431 3539 664 3595 cervice
686 3536 1006 3607 Zeusippus,
1032 3538 1229 3592 Aratus
1259 3539 1454 3607 panda,
1477 3540 1657 3597 Zenon
1682 3543 1854 3598 lronte

250 3645 555 3701 contracta,
597 3635 865 3704 Epicurus
906 3643 1030 3689 cute
1074 3633 1338 3701 distenta,
1378 3635 1643 3705 Diogenes
1689 3641 1850 3695 barba

249 3741 522 3795 comante,
550 3728 813 3784 Socrates
836 3741 990 3781 coma
1011 3726 1257 3795 cadente,
1282 3728 1600 3784 Aristoteles
1632 3730 1853 3785 brachio

248 3830 495 3889 exserto,
534 3822 879 3876 Xenocrates
908 3835 1067 3875 crure
1091 3820 1348 3888 collecto,
1377 3822 1678 3877 Heraclitus
1726 3826 1849 3880 lletu

245 3913 417 3968 oculis
447 3913 693 3977 clausis,
732 3911 1067 3966 Democritus
1099 3912 1210 3965 risu
1241 3912 1405 3967 labris
1436 3914 1657 3984 apertis,
1680 3914 1851 3988 Chry-

246 4006 427 4075 sippus
456 4006 659 4077 digitis
682 4016 907 4074 prepter
928 4020 1270 4059 numerorum
1304 4006 1497 4061 indicia
1521 4010 1848 4078 constrictis,

243 4096 500 4152 Euclides
534 4104 775 4167 prepter
815 4110 1189 4149 mensurarum
1221 4097 1391 4165 spatia
1423 4098 1633 4166 laxatis,
1658 4099 1852 4157 C'ean-

245 4188 358 4242 thes
385 4196 632 4258 propter
665 4196 954 4255 utrumque
992 4186 1245 4241 corrosis.
1290 4189 1425 4254 Quin
1467 4190 1645 4258 potius
1694 4207 1853 4260 expe-

240 4279 404 4334 rietur
448 4281 709 4349 quisque
735 4277 1058 4343 conﬂixerit,
1088 4275 1322 4343 Stoicos,
1354 4278 1607 4352 Cynicos,
1639 4282 1860 4353 Peripa-

240 4372 456 4439 teticos,
482 4372 917 4437 hzeresiarchas,
937 4369 1169 4440 propriis
1191 4372 1376 4437 armis,
1398 4375 1625 4442 propriis
1644 4392 1856 4450 quoque

306 4522 333 4550 ⁸
370 4511 684 4568 Iuvenalis
711 4510 872 4565 satira
904 4526 966 4576 x,
992 4509 1060 4564 de
1086 4509 1305 4564 Nestore
1333 4528 1345 4564 :

356 4607 539 4668 Atque
566 4616 700 4654 suos
721 4603 818 4663 jam
843 4602 1014 4652 dextra
1048 4608 1293 4663 computat
1317 4614 1488 4654 annos.

237 4690 451 4743 Dictum
512 4705 587 4741 ex
646 4685 1041 4740 c0usuelttdine
1069 4699 1341 4751 veterum,
1397 4687 1485 4756 qui
1530 4689 1680 4745 vario
1720 4694 1860 4750 ﬂexu

233 4760 539 4828 digitorum
582 4771 850 4828 numeros
890 4756 1199 4828 indicabant
1220 4774 1256 4828 ἐ
1294 4772 1430 4828 quos
1458 4768 1864 4828 Stlppttlnlnrins

230 4825 536 4898 digitorum
594 4825 898 4898 gestiettlos
944 4827 1171 4894 appellat
1217 4825 1603 4885 Tertullianus.
1665 4833 1855 4891 Totam

229 4911 403 4955 artem
438 4901 603 4954 inter
644 4898 806 4951 Beda:
854 4912 1017 4961 opera
1059 4898 1430 4961 complectitur
1468 4900 1673 4955 libellus

227 4971 570 5027 inscribitur
605 4972 685 5021 de
733 4968 938 5036 loquela
976 4966 1284 5042 digitorum.
1317 4968 1494 5023 Ltevze
1517 4986 1646 5041 ergo
1680 4966 1857 5042 digitis

230 5059 404 5111 usque
435 5043 512 5094 ad
546 5038 1155 5111 centttnrtittttterabant
1175 5056 1194 5111 _:
1227 5039 1279 5111 in
1302 5038 1602 5111 centesimo
1623 5046 1688 5098 ad
1727 5038 1855 5100 dex-

229 5106 365 5166 tram
397 5112 757 5165 tran-iliant.
787 5107 1141 5178 Hieronymus
1174 5109 1226 5162 in
1255 5106 1590 5165 Iovinianum
1623 5115 1643 5167 l
1679 5132 1693 5169 :
1725 5115 1857 5171 Cen-

224 5186 442 5238 mimus
497 5196 777 5236 muneras
820 5196 851 5231 a
891 5180 1094 5233 siuis'ra
1126 5180 1433 5245 transfertur
1473 5184 1541 5235 ad
1568 5185 1855 5241 dexteram,

225 5257 498 5309 Faustum
536 5251 726 5326 igitur
766 5250 1108 5319 grandievum
1139 5250 1309 5326 innuit
1338 5249 1501 5305 fuisse
1535 5271 1548 5305 :
1582 5269 1686 5309 non
1713 5260 1856 5326 quod

221 5341 278 5381 re
312 5341 449 5397 vera
487 5322 876 5397 centesimum
906 5336 1104 5373 annum
1145 5321 1403 5397 attigiswt
1436 5338 1449 5373 :
1478 5334 1559 5397 est
1583 5321 1744 5397 enim'
1765 5331 1860 5397 Ity-

218 5396 483 5462 ttcrbole,
531 5392 651 5448 sed
702 5391 870 5444 multo
899 5391 1254 5445 verecundior
1296 5406 1453 5459 quam
1504 5394 1647 5447 illam
1674 5391 1859 5451 Nicar-

213 5467 301 5521 chi
337 5478 537 5537 poeta:
574 5464 640 5517 in
678 5463 995 5537 (Ztttyttaritn
1022 5477 1218 5528 anum,
1259 5477 1416 5537 quam
1440 5462 1514 5517 ait
1537 5479 1705 5521 annos
1735 5483 1860 5523 suos

212 5532 421 5593 iterum
462 5548 664 5591 manu
701 5532 911 5585 sinistra
959 5548 1242 5587 numerare
1263 5534 1492 5599 cmpisse
1523 5550 1537 5588 :
1570 5538 1710 5599 quod
1748 5548 1857 5591 tum

215 5614 261 5660 ti.
286 5611 413 5674 hat,
473 5622 625 5663 cum
666 5601 738 5656 ad
767 5602 950 5657 decem
997 5602 1159 5658 millia
1190 5615 1563 5673 pervenerant.
1600 5607 1688 5663 Sic
1717 5609 1860 5663 enim

210 5683 361 5734 canit
392 5698 406 5731 :

308 5780 377 5849 "tl
414 5794 562 5865 φάος
601 5787 895 5865 ἀθρήσίασα
928 5788 1113 5865 ξλάφρυ.
1138 5789 1313 5865 tri-for.
1337 5789 1512 5865 χερὶ
1539 5790 1648 5864 λαιῇ

443 5872 654 5936 Γὴρας
683 5860 1006 5932 ἀριθμεῖσθαι
1036 5860 1267 5935 δεύτερον
1291 5860 1561 5933 ἀρξαμένη.

330 5981 471 6039 Quae
500 5974 669 6025 soles
705 5971 823 6021 vidit
852 5970 1013 6035 llures
1044 5984 1185 6036 quam
1212 5984 1399 6034 cervus,
1428 5979 1478 6022 et
1501 5984 1650 6024 annos

1701 4946 1727 4992 :.
1746 4909 1854 4992 εἷ’-’ί
1885 4932 1935 4992 D

1960 3459 2157 3512 genere
2204 3444 2377 3498 so'atii
2413 3444 2495 3498 vel
2531 3445 2644 3513 ipse
2671 3447 2929 3514 qumsisti.
2979 3447 3148 3511 Quem
3190 3449 3383 3503 litteris
3430 3452 3545 3505 istis

1962 3551 2067 3590 non
2117 3536 2593 3590 commendatoriis
2646 3539 2825 3592 minus
2873 3554 3031 3607 quam
3064 3541 3381 3609 refusoriis,
3436 3544 3541 3609 jam

1961 3629 2199 3699 placatus
2240 3629 2451 3683 insinuo
2499 3647 2512 3684 :
2563 3633 2641 3684 s’c
2687 3639 2861 3685 tamen
2906 3640 2965 3685 ut
3014 3632 3104 3686 tilii
3137 3633 3393 3701 assistat,
3448 3638 3542 3690 lilti

1963 3731 2181 3792 parcat,
2212 3729 2263 3777 tc
2293 3734 2576 3791 sequatur;
2624 3732 2784 3791 atque
2815 3723 2971 3795 267
3005 3734 3063 3778 ut
3109 3726 3151 3779 si
3195 3733 3545 3795 permanserit

1961 3827 2135 3872 tecum
2162 3857 2179 3883 ,
2224 3818 2398 3870 neutri
2433 3827 2673 3870 nostrum
2712 3817 2981 3881 iudicetur
3022 3816 3283 3882 famulus;
3328 3820 3371 3875 si
3410 3820 3546 3875 forte

1960 3907 2284 3972 diSt-esserit,
2314 3924 2583 3977 quzera'ur
2609 3911 2817 3977 utrique
2842 3909 3113 3979 fugitivus.
3144 3912 3347 3966 Mentor
3374 3916 3539 3967 nostri

1960 4017 2080 4058 esse
2109 4001 2350 4071 dignare,
2387 4001 2550 4055 dOII-it
2573 4017 2604 4056 c
2637 4016 2791 4068 papa.

2521 4113 2846 4168 EPISTULA
2890 4113 2975 4166 XI.

2086 4264 2091 4269 ,
2178 4205 2423 4260 Sidonius
2454 4207 2659 4259 domino
2691 4221 2837 4275 papa:
2865 4202 2890 4241 ιι
2924 4203 3071 4272 Lupo
3095 4203 3330 4260 salutem.

2038 4298 2263 4367 Pmpter
2312 4298 2548 4352 libellum
2592 4313 2747 4365 quem
2783 4314 2815 4350 ιι
2842 4317 2886 4348 »ιι
2937 4298 3000 4350 ad
3050 4312 3145 4350 vos
3179 4302 3346 4366 inag's
3384 4313 3544 4367 quam

1963 4406 2057 4461 per
2089 4405 2185 4444 vos
2215 4390 2436 4445 missum
2467 4390 2721 4458 putastis,
2753 4390 3033 4457 epistolam
3062 4400 3296 4443 vestram
3331 4406 3436 4444 non
3480 4393 3545 4443 ad

2157 4530 2261 4578 Jam
2288 4528 2421 4577 laevae
2443 4540 2632 4576 rursum
2656 4532 2897 4587 computat
2922 4523 3149 4574 articulis.

2042 4654 2068 4692 lt
2103 4652 2492 4707 Andemantuni
2544 4651 2840 4720 Lingonum
2884 4650 3165 4718 episcopo,
3211 4653 3292 4703 cui
3325 4662 3503 4720 postea
3531 4696 3544 4713 ,

1968 4740 2088 4780 eum
2128 4727 2399 4780 Arvernos
2440 4722 2620 4777 relicta
2670 4720 3102 4787 Burgundionum
3149 4720 3276 4773 odio
3327 4722 3547 4789 pristina

1968 4797 2096 4850 sed».
2148 4798 2469 4866 migrasset,
2510 4792 2818 4849 cithedram
2859 4806 3010 4846 suam
3035 4790 3289 4846 Sidonius
3316 4794 3551 4846 moriens

1968 4867 2349 4991 relcthltitetiam
2379 4935 2430 4988 id
2472 4949 2667 4988 nomen
2716 4933 2972 4996 scriptum
3014 4933 3107 4987 lib.
3152 4948 3261 4995 vin,
3304 4934 3462 5001 epist.
3493 4935 3547 4987 4.

1961 5006 2164 5081 βταδοίε
2190 5011 2447 5081 _Bai'rspa_t_,
2477 5006 2618 5081 quod
2658 5006 2878 5081 propius
2903 5004 3131 5081 accedit“
3153 5005 3242 5081 ad
3268 5007 3545 5081 alllitﬂl—allt

1963 5074 2364 5147 inscrrptioncm
2394 5076 2792 5131 Narbonensem
2819 5120 2832 5139 ,
2868 5077 2918 5127 itt
2965 5090 3067 5143 qua
3099 5074 3395 5143 Septimani
3438 5076 3551 5129 Bae-

1965 5157 2232 5204 terreuscs
2262 5149 2363 5203 hoc
2386 5147 2544 5202 modo
2562 5148 2672 5217 99
2700 5150 2974 5217 leguntur:

2484 5302 2552 5357 M.
2598 5301 2752 5356 Juno
2784 5302 3031 5356 Pntupro

2528 5388 2848 5427 NOBILISSIMO
2886 5388 2994 5427 (2.47.5

2472 5460 2693 5500 PRINCIPI
2736 5458 3052 5498 JUYENTUTIS

2574 5530 2688 5570 εει).
2724 5530 2966 5569 ΒᾸΞΤΕΒΒ.

2042 5677 2068 5713 ά
2101 5676 2366 5745 Episcopo
2394 5674 2699 5745 Tricassino
2719 5672 2784 5725 ad
2810 5684 2965 5745 quem
2990 5684 3110 5745 cum
3135 5669 3552 5745 przccedcutium

1974 5740 2231 5803 librorum
2258 5740 2504 5800 velutnen
2551 5743 2785 5798 misisset
2822 5756 2883 5796 ca
2924 5743 3040 5809 lege
3080 5740 3356 5807 Stdonius,
3392 5754 3444 5795 nt
3488 5745 3552 5796 ad

1973 5820 2134 5873 alium
2169 5826 2353 5883 postea
2378 5816 2661 5885 quemdam
2702 5812 3009 5880 cpiscopﬂttt
3042 5812 3389 5885 perferretur,
3423 5831 3553 5877 quo-

1976 5899 2197 5959 stusque
2239 5887 2340 5942 hoc
2376 5883 2592 5941 nomine
2622 5885 2797 5951 Lupus
2829 5891 2998 5951 esset,
3034 5883 3155 5939 lacti
3200 5885 3408 5953 culpam
3458 5886 3551 5936 bat:

1976 5960 2197 6030 cpistola
2224 5960 2556 6029 deprecatur.
