3946 6176
336 474 362 561 ρ
384 478 487 533 627

1655 469 1898 523 SlDONll
1938 468 2391 525 APOLLINABIS

3551 471 3655 528 628

386 610 468 648 ωε
498 592 671 663 magis
691 605 847 660 quam
866 589 918 643 in
937 602 1023 643 me
1042 587 1290 654 scriptam
1322 586 1516 653 rect'pi.
1542 584 1619 639 Ad
1643 585 1960 651 exprobrata
1996 586 2040 644 Α
2073 594 2205 638 tatas
2226 629 2240 652 ,
2285 584 2445 655 269
2473 584 2779 652 frequenter
2810 584 3143 639 illustrantur
3171 583 3382 641 aliente.
3414 584 3549 641 Illud
3575 586 3654 640 his

387 684 688 755 respoitdeo
717 698 813 753 pro
841 682 1092 750 mquitate
1117 694 1324 741 causae,
1380 694 1481 729 non
1516 691 1612 744 pro
1660 677 1967 745 a'qualitate

387 776 656 832 facundia)
689 793 701 828 :
741 796 750 825 ι
778 787 1041 841 nanqnam
1084 772 1203 838 quis
1231 786 1370 824 nunc
1398 784 1497 836 ego
1516 810 1529 831 ,
1578 778 1668 819 aut
1699 776 1931 836 quantus
1951 807 1966 829 ,

383 867 471 933 qui
500 882 657 937 agt-re
676 880 993 934 praasumam
1019 862 1167 915 Vobis
1192 862 1452 925 imputant
1477 858 1575 912 bus
1603 858 1969 911 innocentem?

382 960 652 1025 Quocirca
684 958 879 1011 delicto
920 956 1075 1018 huic,
1105 952 1631 1021 quantulumcunque
1672 957 1788 1011 est,
1832 951 1970 1002 inter

389 1049 650 1119 principia
708 1046 987 1102 Confestim
1043 1045 1285 1112 supplico
1345 1042 1584 1111 ignosci,
1651 1042 1899 1095 diffident
1924 1056 1968 1093 te

392 1150 627 1202 tantum,
658 1154 763 1193 non
806 1148 855 1192 et
887 1137 1150 1205 superbi-.e
1183 1134 1353 1187 fassus
1396 1148 1657 1187 errorem.
1690 1133 1819 1185 Nam
1848 1148 1966 1184 cum

390 1232 525 1287 mihi
570 1232 714 1297 rigor
744 1244 986 1283 censurte
1020 1240 1119 1281 tuae
1154 1228 1201 1279 in
1234 1229 1423 1280 littetis
1451 1242 1600 1293 a-qne
1646 1234 1702 1278 ut
1734 1227 1970 1278 moribus

390 1328 461 1381 sit
505 1323 839 1379 ambifariam
894 1319 1417 1378 contrctnisceudus.
1473 1318 1641 1372 fateor
1691 1326 1867 1371 tamen
1917 1319 1966 1369 in

392 1417 675 1477 voluminis
702 1415 867 1484 ipsius
894 1414 1177 1482 operisque
1202 1422 1460 1477 reseratu,
1489 1411 1629 1464 illaut
1655 1412 1778 1463 mihi
1806 1410 1969 1462 fuisse

395 1508 513 1577 plus
540 1506 688 1559 oneri
715 1548 731 1572 ,
774 1519 933 1575 quam
970 1502 1297 1572 prmteuditis
1344 1503 1639 1556 caritati-tn.
1690 1502 1796 1555 Nec
1838 1502 1969 1555 citra

393 1601 591 1668 justum
654 1598 750 1650 ista
808 1596 1035 1665 conjicio
1089 1613 1104 1649 :
1162 1595 1597 1663 quandoquidem
1664 1594 1968 1648 mortalium

397 1691 665 1745 mentibus
696 1688 777 1743 vis
807 1689 919 1741 hazc
950 1687 1264 1741 naturalitus
1294 1687 1452 1756 incst,
1480 1696 1539 1739 ut
1568 1687 1610 1739 si
1635 1687 1756 1755 quid
1784 1700 1973 1755 perpe-

382 1800 503 1840 ram
542 1784 655 1850 fiat,
688 1785 871 1841 minus
906 1784 1225 1855 indulgeant
1257 1785 1380 1855 plus
1412 1785 1598 1838 amici.
1634 1782 1979 1849 Scripseram

384 1874 609 1938 librum,
635 1874 777 1929 sicut
798 1876 1182 1943 pronuntiatis,
1204 1874 1419 1943 plenum
1444 1883 1809 1941 onustumque
1830 1870 1980 1923 vario

2066 678 2256 747 junge,
2290 679 2427 746 quod
2450 677 2493 731 si
2522 676 2647 746 quid
2682 676 2754 731 ibi
2783 677 2869 732 vel
2902 677 3192 731 causaliter
3218 678 3394 746 placet
3420 720 3437 742 ,
3480 688 3535 731 ut
3563 695 3652 745 per

2070 769 2352 823 cotisilium
2387 784 2562 820 mcttm
2607 767 2816 821 lectitas
2844 783 2858 822 :
2891 767 2981 822 ille
3012 767 3332 837 quandoque
3364 783 3464 837 per
3495 769 3655 823 bene-

2070 860 2244 914 ﬁcium
2280 871 2462 924 tuum;
2492 861 2579 929 qui
2633 859 2937 915 munusculi
2982 862 3087 915 mei
3120 861 3387 916 incassum
3438 876 3651 929 pressus

2072 952 2291 1014 invidia,
2323 952 2548 1005 necdum
2582 951 2645 1004 ad
2681 950 2983 1005 facultatem
3019 953 3265 1021 legendi,
3302 963 3357 1006 ιιι
3387 955 3646 1022 suspicor,

2071 1043 2235 1103 venit,
2266 1057 2384 1095 cum
2412 1041 2520 1109 jam
2556 1041 2643 1095 diu
2672 1044 2784 1111 ipse
2817 1044 3126 1110 perveneris
3148 1042 3213 1096 ad
3240 1044 3447 1112 copiam
3474 1054 3645 1097 trans-

2071 1133 2300 1189 ferendi.
2352 1135 2482 1201 Aio,
2528 1143 2778 1203 tanquam
2810 1150 2913 1189 non
2946 1136 3016 1189 sit
3042 1133 3071 1173 ι’
3101 1135 3460 1205 holographas
3490 1151 3648 1189 mem-

2072 1223 2267 1277 branas
2312 1223 2701 1287 arbitraturus;
2734 1223 2777 1277 si
2808 1234 2987 1278 tamen
3018 1225 3158 1293 quod
3189 1234 3313 1279 ante
3345 1240 3646 1292 percurras.

2071 1316 2151 1369 vel
2183 1318 2455 1383 exemplar
2482 1316 2747 1383 acceperit
2781 1332 2794 1367 :
2829 1330 3002 1383 neque
3041 1316 3184 1369 enim
3224 1314 3276 1368 in
3309 1315 3372 1368 iis
3400 1329 3519 1384 qua!
3549 1326 3649 1367 tra-

2071 1405 2299 1461 ctaveris
2330 1406 2435 1459 ulla
2467 1406 2766 1474 culpabitur
2788 1416 2875 1459 aut
2900 1405 3298 1459 distinctionum
3331 1407 3542 1473 raritas,
3563 1416 3651 1460 aut

2073 1500 2368 1567 frequentia
2401 1498 2876 1551 barbarismorum.
2903 1497 3107 1565 Nempe
3130 1499 3192 1550 ad
3226 1508 3526 1552 extremum
3563 1514 3650 1567 pa-

2073 1587 2176 1641 lam
2200 1588 2409 1643 videtur
2428 1588 2588 1643 etiam
2614 1589 2703 1641 tibi
2734 1590 3046 1643 transmissa
3078 1590 3395 1658 proprietas,
3422 1590 3504 1642 cui
3529 1605 3653 1642 usus

2072 1680 2276 1747 absque
2323 1680 2576 1747 temporis
2607 1679 2694 1732 [ixi
2730 1678 3135 1748 prtrscriptione
3165 1682 3510 1733 transmissus
3540 1690 3613 1733 est
3635 1724 3651 1738 .

2078 1775 2274 1851 quique
2315 1782 2621 1848 supradicto
2666 1778 2847 1835 tandiu
2879 1784 3027 1847 potes
3058 1772 3130 1834 uti
3172 1780 3355 1835 libello
3382 1823 3396 1845 ,
3428 1782 3484 1835 ut
3534 1798 3658 1836 cum

2076 1889 2180 1926 non
2215 1874 2444 1942 amplius
2474 1873 2749 1927 zothecula
2782 1882 2891 1934 tut,
2915 1889 3073 1942 quam
3108 1874 3361 1928 memoria
3393 1874 3649 1929 includat.

382 1980 700 2033 causarum,
733 1976 1034 2035 temporum
1062 1979 1537 2035 personarumque
1570 1972 1827 2031 congestu
1858 1979 1871 2015 :
1900 1958 1982 2013 fa-
2003 1961 2044 2019 Β
2076 1968 2199 2023 Ηωο
2229 1977 2283 2022 ει
2307 1966 2390 2021 his
2431 1966 2579 2036 plura
2613 1966 2721 2020 fors
2752 1966 2965 2037 aliquis,
3000 1966 3111 2035 Ego
3141 1982 3268 2021 vero
3294 1977 3485 2022 cuncta
3524 1984 3658 2036 ρι-ω..

398 2072 582 2117 cturus
607 2079 719 2116 retn
747 2062 965 2115 videbar
987 2061 1518 2130 impudentissimam,
1546 2064 1586 2113 si
1614 2072 1817 2116 tantum
1842 2063 1969 2116 mihi

398 2167 588 2211 τιιιιριει
622 2156 964 2225 placuissent,
996 2165 1049 2208 ut
1084 2156 1227 2208 nulla
1261 2155 1350 2207 tibi
1376 2156 1705 2223 displicitura
1733 2158 1970 2211 confide-

395 2263 531 2304 rem.
562 2248 676 2302 lluc
703 2248 849 2312 item,
882 2247 1123 2316 quisquis
1149 2247 1335 2315 jttdicii
1358 2258 1582 2304 eventus
1611 2251 1774 2320 268
1804 2252 1968 2316 forct,

394 2338 506 2393 vidi
530 2337 770 2407 partibus
796 2340 928 2393 meis
959 2354 1289 2407 nequaquam
1314 2340 1525 2409 pit-tatis
1554 2357 1617 2394 ex
1642 2342 1813 2395 solido
1839 2358 1969 2395 con-

394 2438 538 2484 stare
562 2430 819 2483 rationem
844 2470 857 2492 ,
908 2429 952 2482 si
996 2444 1099 2482 non
1154 2430 1343 2483 saltem
1377 2432 1526 2484 vobis
1557 2442 1699 2485 esset
1736 2436 1970 2486 autetius

393 2519 611 2575 allatum
643 2519 910 2585 volumen,
939 2529 993 2574 ct
1036 2520 1080 2574 si
1115 2536 1219 2574 non
1262 2519 1531 2576 videretur
1555 2524 1788 2577 oblatum
1831 2526 1972 2578 :sub

399 2614 498 2664 hoc
529 2611 776 2666 videlicet
806 2620 1260 2680 temperamento,
1290 2622 1351 2667 ut
1380 2616 1421 2666 si
1453 2614 1587 2668 forte
1616 2617 1931 2684 placuissem
1955 2660 1969 2681 ,

395 2719 501 2758 non
544 2718 637 2758 vos
676 2704 980 2774 arrogantia
1022 2706 1378 2773 prtntcriisse;
1422 2705 1467 2760 si
1511 2722 1666 2762 secus
1690 2748 1706 2774 ,
1741 2725 1844 2763 non
1876 2725 1970 2762 vos

396 2793 710 2863 improbitas
756 2794 1023 2862 expetisse
1064 2795 1415 2863 judicaretur.
1477 2795 1583 2849 Nec
1627 2812 1756 2852 sane
1805 2800 1971 2853 multo

400 2885 581 2938 labore
614 2900 700 2939 me
724 2884 923 2939 ercdidi
959 2884 1367 2953 deprecaturum
1398 2887 1588 2940 vitatas
1614 2903 1800 2942 causas
1848 2906 1969 2942 eru—

397 2976 665 3029 bescendi.
699 2976 903 3031 l‘at'iter
925 2977 1049 3030 illud
1092 2992 1249 3031 nosse
1276 2995 1370 3030 vos
1410 2995 1682 3043 neveram,
1710 2982 1848 3050 quod
1877 2997 1971 3036 att-

396 3074 575 3118 ctores
614 3066 664 3119 in
696 3067 947 3134 opt-ribus
985 3067 1209 3119 edendis
1243 3070 1410 3133 pudor
1442 3070 1615 3136 pOIiUs
1650 3086 1808 3138 quam
1837 3086 1967 3124 con-

394 3156 587 3210 stantia
631 3156 811 3219 decet;
862 3157 1106 3225 quodque
1157 3158 1358 3211 tetricis
1397 3174 1585 3227 puncta
1619 3164 1965 3230 censoribus,

396 3249 596 3303 tardius
629 3248 924 3317 procacitas
951 3248 1272 3318 recitatotis,
1302 3268 1456 3320 quam
1492 3254 1772 3320 trepidatio
1811 3270 1970 3309 excu-

395 3340 495 3397 dit.
527 3316 771 3407 Alioquin
804 3340 847 3391 si
879 3339 998 3407 quis
1022 3349 1103 3393 est
1132 3341 1239 3407 illc,
1260 3316 1353 3410 qui
1382 3357 1500 3395 cum
1535 3316 1738 3397 liducim
1768 3361 1967 3412 pratro-
1994 3316 2039 3380 Ο

394 3430 589 3499 gativa,
624 3430 874 3484 thematis
902 3438 1027 3484 ante
1055 3431 1273 3484 inauditi
1319 3446 1533 3499 operam
1571 3442 1597 3468 ι
1631 3434 1907 3504 provolgat
1950 3452 1964 3488 :

395 3521 573 3589 incipit
595 3520 974 3590 exspectationi
1005 3520 1247 3589 publicrr,
1277 3523 1516 3591 quamvis
1545 3524 1965 3589 solvetitmnlta,

397 3614 543 3681 p'ura
591 3612 892 3667 redhibere.
943 3612 1207 3666 Pra-tcrea
1248 3613 1501 3679 quidquid
1550 3630 1711 3683 super
1750 3615 1967 3683 hujusce

399 3703 640 3771 rescripti
676 3716 857 3758 tenore
904 3703 1218 3767 censueris,
1275 3703 1436 3757 malui
1480 3704 1673 3758 factum
1723 3706 1964 3761 confiteri

396 3795 730 3861 simplititer,
783 3811 938 3859 quam
972 3794 1255 3847 trebaciter
1282 3794 1514 3848 diffiteri.
1548 3794 1776 3850 Dixisset
1807 3797 1961 3864 alius,

396 3886 672 3943 Neminem
725 3886 815 3940 tbi
867 3885 1075 3954 prmtuli
1102 3926 1116 3951 ,
1166 3886 1336 3940 nullas
1365 3888 1427 3939 ad
1472 3888 1634 3941 ullum
1678 3889 1967 3955 peculiares

396 3977 599 4031 litteras
630 3975 749 4029 dedi
795 3991 807 4026 :
851 3991 1006 4044 quem
1040 3975 1327 4043 prtcdatum
1376 3977 1754 4043 suspicabare,
1809 3979 1965 4033 ttnius

395 4070 635 4140 epistola:
667 4067 833 4122 forma
864 4077 1147 4122 contentus
1174 4068 1448 4134 absce.~sit,
1476 4080 1633 4138 atque
1663 4088 1723 4125 ea
1752 4073 1963 4140 quidem

394 4163 522 4219 nihil
573 4176 731 4231 super
776 4161 1022 4230 praesenti
1053 4162 1262 4229 negotio
1293 4161 1339 4212 d.
1364 4160 1584 4215 fecula.
1619 4163 1695 4215 Tu
1722 4203 1738 4228 ,
1783 4166 1869 4232 qui
1914 4173 1966 4218 te

393 4258 635 4325 quereris
664 4256 953 4317 omissum,
987 4255 1156 4307 tribus
1182 4252 1566 4321 loquacissimis
1600 4255 1801 4323 paginis
1842 4255 1963 4309 fati-

390 4361 574 4418 gatus,
617 4348 791 4416 potius
818 4345 868 4398 in
897 4359 1143 4398 nauseam
1174 4344 1476 4408 toucitaris,
1505 4344 1628 4398 dum
1658 4346 1966 4415 frequenter

392 4441 607 4494 insulsa:
650 4440 892 4493 lectionis
939 4436 1113 4490 verbis
1154 4436 1398 4487 inanibus
1435 4436 1753 4491 immoraris.
1790 4438 1961 4505 Adde,

390 4532 514 4599 quia
542 4531 699 4583 etiam
734 4532 784 4583 in
832 4529 961 4591 hoc,
988 4530 1126 4597 quod
1157 4527 1373 4580 forsitan
1406 4544 1507 4580 non
1540 4533 1766 4595 notasti,
1808 4547 1961 4586 reve-

391 4621 577 4675 rentia:
629 4630 731 4671 tua:
774 4620 1191 4686 nit-riturumque
1241 4619 1373 4670 ratio
1403 4630 1611 4672 servata
1661 4632 1769 4684 est,
1818 4622 1957 4690 quod

2073 2070 2253 2122 tereo,
2286 2068 2335 2111 et
2391 2058 2530 2110 malo
2561 2058 2764 2126 precari
2795 2058 3006 2111 veniam
3029 2074 3184 2126 quam
3217 2068 3442 2127 reatum,
3481 2059 3525 2113 si
3557 2060 3659 2114 hoc

2072 2165 2196 2203 esse
2244 2150 2500 2215 creditur,
2534 2148 2831 2217 deprecari.
2880 2147 3209 2202 Prmseutum
3245 2165 3459 2219 quoque
3493 2152 3658 2219 negli-

2069 2240 2303 2308 gentiam
2336 2239 2625 2292 litterarum
2654 2254 2793 2292 nunc
2825 2253 2921 2291 nec
2946 2253 3143 2292 excuso
3172 2256 3186 2294 :
3215 2242 3469 2307 primum,
3515 2240 3660 2309 quod

2070 2334 2170 2385 etsi
2225 2334 2432 2399 cupiam
2460 2371 2474 2395 ,
2518 2346 2699 2398 parum
2741 2332 2932 2385 enltius
2974 2331 3210 2385 scribere
3242 2346 3381 2400 quco
3425 2349 3439 2384 :
3498 2332 3662 2396 dein,

2070 2424 2210 2491 quod
2256 2422 2484 2477 libellari
2515 2437 2677 2491 opere
2703 2422 2970 2485 coiifet-t‘o,
3000 2422 3212 2475 animus
3253 2420 3465 2475 tandem
3500 2421 3661 2477 feria-

2073 2524 2219 2567 turus
2244 2559 2258 2583 ,
2312 2514 2421 2583 jam
2467 2528 2586 2582 qua:
2619 2513 2899 2583 propalare
2926 2512 3249 2576 dissimulat,
3290 2514 3539 2568 excolere
3568 2512 3660 2567 de.

2073 2616 2107 2660 tt
2122 2613 2279 2659 ectat.
2333 2608 2401 2659 At
2428 2613 2603 2659 tamen
2633 2618 2755 2657 cum
2798 2603 2926 2657 satis
2954 2602 3085 2669 tibi,
3130 2612 3183 2658 et
3213 2603 3425 2669 quidem
3460 2604 3659 2658 merito

2075 2700 2348 2770 (quidnam
2381 2702 2523 2755 enim
2572 2700 2807 2769 simile)?
2841 2700 2892 2754 in
2916 2701 3165 2755 omnibus
3190 2701 3373 2756 cedam
3397 2741 3412 2762 ,
3459 2703 3660 2770 quippe

2070 2793 2157 2858 qui
2193 2794 2242 2846 in
2294 2792 2399 2847 alio
2436 2807 2632 2861 genere
2659 2791 2910 2846 virtutum
2936 2833 2951 2857 ,
2990 2793 3098 2861 jam
3150 2809 3243 2861 per
3289 2793 3659 2862 quinquennia

2071 2883 2278 2950 decem,
2306 2898 2413 2937 non
2438 2884 2686 2951 atqumvis
2726 2884 3096 2938 sacerdotibus
3119 2892 3319 2938 tantum
3340 2925 3356 2948 ,
3387 2900 3580 2938 verum
3605 2895 3659 2939 et

2070 2974 2300 3041 antiquis
2346 2974 2557 3043 quoties
2584 2973 2812 3028 collatus
2861 2975 3234 3043 antelatnsque
3284 2974 3387 3038 sis;
3438 2977 3661 3028 noveris

2071 3064 2223 3128 volo,
2253 3064 2498 3130 quamvis
2518 3065 2811 3133 quaestibus
2836 3065 3042 3133 quatias
3079 3074 3249 3129 astra,
3284 3075 3445 3132 atque
3487 3066 3659 3135 majo-

2071 3172 2187 3210 rum
2212 3156 2422 3210 cincres
2443 3156 2757 3225 favillasque
2780 3157 2830 3210 in
2854 3158 3217 3211 testimonium
3250 3159 3386 3211 lapsae
3410 3159 3657 3212 caritati.~

2071 3249 2232 3319 270
2262 3250 2533 3317 implores,
2564 3250 2753 3316 pedem
2783 3265 2866 3303 me
2894 3247 3166 3303 conﬂictui
3195 3262 3312 3312 tuo,
3362 3250 3406 3303 si
3466 3262 3661 3303 mutuo

2073 3354 2233 3408 super
2263 3356 2444 3394 amere
2470 3340 2780 3395 certandum
2811 3351 2921 3403 est,
2958 3356 3064 3395 non
3094 3350 3448 3395 retracturum
3481 3357 3497 3394 :
3531 3341 3655 3411 quia

2070 3446 2192 3482 tum
2223 3430 2271 3483 in
2302 3430 2516 3485 caeteris
2546 3431 2729 3495 rebus,
2760 3443 2867 3485 tum
2900 3432 3250 3486 fmdissimum
3276 3446 3545 3499 perquam
3576 3442 3658 3485 est

2070 3521 2121 3574 in
2149 3521 2437 3576 dilectione
2466 3523 2729 3591 superari.
2773 3524 2901 3588 ane
2927 3522 3059 3577 velis
3089 3522 3225 3576 nolis
3253 3533 3400 3577 certa
3449 3523 3657 3591 profcs~

2068 3614 2149 3667 sio
2177 3614 2431 3667 conviciis
2466 3615 2571 3668 tuis
2600 3614 2734 3678 illis,
2767 3622 2953 3667 cuncta
2994 3629 3123 3667 sane
3161 3612 3653 3668 blandimentorum

2069 3707 2225 3760 mella
2251 3707 2601 3767 vincentibus,
2632 3722 2738 3760 non
2767 3715 2962 3775 prteter
2991 3720 3203 3775 acquum
3233 3706 3649 3775 reponderatur,

2070 3798 2207 3852 Ecce
2240 3798 2404 3852 habes
2432 3798 2634 3853 litteras
2657 3807 2762 3852 tam
2792 3798 3036 3868 garrulas
3067 3799 3252 3863 ferme,
3283 3813 3445 3868 quam
3472 3800 3648 3868 requi-

2067 3891 2221 3943 rebas
2256 3906 2592 3959 :quanquam
2616 3899 2738 3943 sunt
2762 3904 2949 3944 omnes
2976 3889 3039 3960 (si
3065 3904 3182 3959 qua:
3220 3890 3430 3959 uSpiam
3464 3902 3647 3944 tamen

2066 3981 2210 4050 sunt)
2246 3981 2650 4050 loquacissimm.
2683 3980 2922 4047 Namque
2952 3982 3003 4035 in
3035 3980 3339 4035 audentiam
3382 3982 3645 4036 sermoci-

2068 4071 2223 4125 nandi
2253 4087 2412 4140 quem
2445 4087 2550 4124 non
2574 4072 2685 4137 ipse
2718 4072 3025 4140 t-ompellas,
3058 4072 3146 4141 qui
3171 4070 3412 4125 omnium
3450 4071 3655 4142 (deme

2066 4162 2207 4215 enim
2267 4162 2439 4231 taceo)
2472 4162 2827 4215 litteratorum
2854 4202 2870 4227 ,
2921 4162 3042 4217 licet.
3068 4161 3203 4215 oeuli
3236 4160 3496 4215 affectent
3517 4202 3531 4225 ,
3578 4164 3654 4215 sic

2067 4256 2279 4323 ingenia
2316 4252 2586 4321 producis,
2618 4264 2671 4306 ut
2696 4254 2833 4308 solet
2860 4268 3047 4323 aquam
3083 4262 3239 4307 terrae
3269 4253 3321 4305 in
3353 4252 3653 4307 viscetibus

2063 4344 2426 4399 absconditam
2455 4360 2548 4414 per
2571 4352 2778 4398 atomos
2808 4345 3014 4399 bibulos
3037 4345 3215 4398 radius
3241 4344 3538 4399 extrahere
3567 4358 3653 4399 so-

2063 4437 2229 4490 laris?
2281 4436 2443 4505 Cujus
2491 4438 2623 4489 lucis
2668 4440 2855 4491 acu'eo
2895 4452 2998 4490 non
3044 4437 3158 4491 sola
3200 4447 3525 4506 penetratur
3564 4445 3651 4491 aut

2063 4544 2224 4584 arena
2242 4529 2581 4593 sulitilis,ant
2610 4528 2802 4582 humus
2824 4529 3048 4593 ses~ilis;
3082 4529 3175 4581 sed
3203 4528 3247 4581 si
3271 4530 3420 4581 saxei
3452 4529 3651 4582 montis

2064 4638 2320 4692 oppressu
2345 4621 2571 4675 fontium
2599 4620 2932 4675 conditorum
2953 4636 3082 4674 vena
3112 4620 3334 4684 celetur,
3364 4620 3549 4689 aperit
3568 4634 3651 4674 ar-

391 4712 529 4766 sicut
573 4719 626 4763 ιιι
669 4708 960 4763 antiSIitum
992 4719 1306 4763 cmtertirttttt
1339 4712 1639 4777 eathedris,
1692 4714 1838 4779 prior
1879 4726 1961 4771 est
1990 4682 2038 4740 υ
2064 4731 2253 4772 canum
2286 4715 2533 4785 liquentis
2564 4713 2812 4768 clementi
2836 4722 3162 4767 secretorum
3194 4711 3505 4766 cmlestinm
3554 4726 3651 4766 na-

389 4812 510 4858 tuus
542 4803 593 4855 itt
621 4800 757 4854 libro
783 4798 961 4852 titulus
988 4818 997 4850 :
1028 4799 1167 4853 illius
1199 4816 1389 4855 nomen
1415 4802 1500 4855 vix
1527 4805 1690 4858 semel
1720 4815 1955 4872 tantum,

390 4906 442 4951 et
469 4894 568 4951 sibi
598 4890 825 4958 ascripta
860 4889 1049 4958 pagina
1075 4898 1231 4943 sonat
1272 4908 1283 4942 :
1319 4901 1428 4957 tuo,
1456 4904 1649 4961 prtetcr
1679 4896 1770 4950 tibi
1792 4896 1960 4966 depu-

462 5087 488 5114 ι
519 5075 574 5128 In
604 5070 867 5139 aliquibus
905 5068 1053 5122 libris
1080 5070 1361 5139 pervulgat.

456 5146 485 5185 ι’
514 5143 912 5211 Autographum
941 5142 1232 5205 exemplar,
1265 5142 1401 5209 quod
1430 5144 1494 5197 ad
1525 5153 1575 5197 te
1607 5144 1745 5198 misi.
1800 5145 1962 5199 llolo-

385 5219 582 5287 erapha
604 5216 744 5287 enim
767 5211 1029 5287 dicuntur,
1055 5225 1170 5276 qua:
1190 5211 1422 5287 auctoris
1444 5215 1524 5287 sui
1564 5230 1721 5266 manu
1737 5226 1954 5281 scripta,

385 5281 711 5357 idiographa,
742 5283 1030 5357 archetypa
1065 5296 1077 5330 :
1103 5288 1159 5357 ut
1181 5281 1554 5357 hologrqpltum
1580 5294 1953 5357 testamentum,

384 5348 521 5428 quod
555 5348 775 5428 testator
820 5352 937 5428 ipse
968 5348 1323 5428 perscripsit}
1374 5352 1693 5423 halagrapha
1739 5348 1954 5428 epistola

383 5421 790 5496 llierottymoin
824 5422 1091 5481 Rufinum,
1115 5421 1345 5496 auctoris
1377 5421 1534 5477 manu
1577 5435 1814 5477 exarata.
1850 5424 1956 5477 llo-

382 5488 635 5567 lograptia
663 5495 820 5567 etiam
869 5506 1025 5567 manu
1054 5488 1320 5567 scribi-re,
1358 5503 1439 5544 est
1476 5496 1763 5567 stta__i_psius
1796 5511 1954 5549 mantt

383 5560 640 5623 scribere.
696 5566 746 5616 In
800 5565 960 5614 veteri
1011 5560 1194 5612 Codice
1240 5560 1512 5613 (Ianouttnt
1567 5564 1951 5619 Nico-norum:

386 5640 579 5691 Atticus
605 5639 867 5702 episcopus
914 5633 1135 5683 ecclesia:
1193 5629 1771 5702 Consumthwpoliiuna!
1817 5637 1955 5691 edidi

387 5723 603 5762 canones
637 5700 935 5757 sanctorum
986 5702 1198 5753 l'atrum
1250 5700 1563 5769 lto’ogrupltn
1605 5720 1756 5755 manu
1804 5723 1833 5755 a
1880 5721 1957 5757 me

384 5778 713 5841 subscriptus.
763 5776 939 5837 Itaque
988 5774 1127 5837 quod
1181 5774 1231 5823 in
1287 5774 1580 5838 pritctpum
1638 5775 1949 5840 rescriptis,

383 5860 544 5915 atque
567 5850 615 5894 tu
643 5847 959 5915 ptivatortnn
994 5846 1116 5894 item
1146 5848 1385 5915 epistulis
1411 5883 1425 5906 ,
1478 5846 1573 5896 sub
1604 5847 1758 5915 liuent
1791 5845 1950 5910 adjici

384 5914 515 5975 solet
542 5959 555 5983 ,
613 5926 656 5966 ct
699 5928 849 5966 manu
881 5914 1049 5965 dicina
1086 5916 1163 5967 vel
1197 5925 1241 5965 et
1282 5914 1383 5965 ιιέἰίι
1418 5929 1563 5965 manu
1592 5954 1605 5979 ,
1653 5914 1701 5967 id
1732 5916 1951 5984 perinde

2067 4817 2181 4863 tura
2210 4807 2514 4861 violentior.
2554 4805 2626 4859 lta
2663 4806 2703 4859 si
2736 4820 2891 4874 quos,
2926 4806 3007 4857 vir
3030 4810 3371 4856 sacrosancte
3393 4844 3409 4867 ,
3444 4802 3651 4857 studio-

2064 4912 2246 4952 sorum
2278 4894 2512 4952 senseris
2531 4936 2544 4961 ,
2568 4904 2658 4949 aut
2682 4896 2890 4964 quietos
2914 4934 2926 4957 ,
2955 4900 3046 4946 aut
3066 4892 3402 4947 verecundos
3428 4932 3445 4957 ,
3475 4901 3570 4946 aut
3596 4892 3647 4946 in

2064 5084 2220 5130 sonat
2259 5085 2417 5143 atque
2456 5071 2773 5145 halagrapha
2802 5089 2975 5145 manu
3006 5090 3024 5127 :
3067 5074 3191 5145 quia
3232 5072 3285 5125 in
3336 5071 3647 5145 hnjustnodi

2063 5146 2303 5213 epistolis
2320 5146 2399 5203 Ιιςι·
2421 5146 2590 5197 solum
2611 5143 2811 5199 Clausal
2834 5164 2861 5191 ι·
2878 5143 3109 5213 auctoris
3128 5159 3283 5195 manu
3310 5144 3647 5211 perscriptas,

2062 5212 2263 5283 reliqua
2301 5232 2328 5267 a
2379 5215 2618 5268 notariis.
2659 5214 2725 5267 At
2773 5212 3092 5283 hologrztpha
3134 5214 3395 5283 epistola,
3442 5223 3551 5265 tota
3582 5214 3649 5267 ab

2060 5282 2298 5339 auctore.
2321 5286 2489 5339 Obvia
2512 5295 2633 5338 Sunt
2655 5285 2917 5351 exempla.
2952 5282 3018 5336 Ut
3040 5284 3258 5337 Novella
3283 5282 3646 5336 Valentiniani

2060 5356 2127 5410 de
2169 5358 2536 5423 t'ltiscoporum
2569 5355 2902 5407 ordinatione
2934 5368 2948 5404 :
2986 5352 3050 5405 Et
3100 5371 3253 5407 manu
3285 5354 3459 5405 divina
3497 5370 3515 5405 :
3556 5352 3648 5404 Di-

2060 5428 2238 5478 viniras
2268 5436 2314 5477 ιε
2343 5437 2495 5477 servet
2528 5441 2615 5493 per
2662 5424 2839 5476 multos
2876 5439 3038 5493 annos
3060 5464 3073 5487 ,
3130 5440 3313 5490 parens
3351 5425 3642 5475 carissime.

2063 5498 2386 5561 Augustinus
2425 5492 2645 5561 cpiSlttlu
2692 5510 2791 5546 xcv
2834 5495 2898 5545 ad
2946 5492 3338 5547 Armentarium
3386 5503 3445 5544 ct
3489 5494 3645 5558 Ripa-

2061 5566 2195 5618 riom
2229 5581 2244 5619 :
2274 5565 2335 5617 Et
2356 5567 2459 5617 ulta
2485 5582 2659 5627 manu,
2683 5562 3008 5617 Gaudeamus
3037 5565 3097 5616 de
3119 5568 3256 5617 vobis
3280 5564 3329 5615 in
3352 5562 3643 5615 abundanti

2060 5639 2226 5705 gratia
2281 5636 2504 5697 Christi,
2537 5634 2727 5705 domini
2753 5635 2949 5695 eximii,
3000 5632 3643 5705 meritoquejhanorabilcx

2059 5703 2117 5757 oc
2148 5707 2504 5758 desiderabiles
2532 5706 2647 5772 ﬁlii.
2693 5704 2780 5758 Sic
2815 5705 2955 5757 enim
2988 5714 3069 5756 est
3099 5705 3148 5756 itt
3191 5703 3410 5770 optimis
3459 5718 3643 5754 mauu-

2058 5776 2289 5840 sctiptis.
2334 5775 2438 5828 Sed
2478 5776 2527 5827 in
2561 5775 2785 5843 vulgatis
2826 5775 3249 5841 exemplaribus,
3282 5773 3368 5824 illa
3400 5772 3643 5843 diversa;

2044 5862 2247 5898 manus
2277 5848 2572 5909 adnmatio,
2597 5841 2777 5899 et'hoc
2802 5845 2942 5906 loco,
2975 5855 3029 5899 et
3053 5848 3101 5896 in
3123 5843 3244 5897 aliis
3266 5842 3471 5912 passim
3501 5841 3638 5907 apud

2060 5916 2209 5983 Augu
2245 5917 2410 5971 tinum
2426 5916 2638 5983 etalios,
2659 5914 2993 5970 librariorum
3008 5914 3303 5971 temeritate
3316 5912 3523 5967 omissa
3536 5920 3619 5966 est
