3946 6176
251 317 359 371 ma

1500 312 1982 371 EPISTOLARUM
2020 312 2147 368 LIB.
2191 313 2278 369 ιλ.

3422 316 3539 368 630'

250 436 482 488 obscuro
528 432 755 496 jacentis
798 430 950 483 fatum
996 443 1207 484 recessu
1266 428 1677 493 delitescentes;
1729 426 1829 481 bos
1858 432 1906 486 Α
1938 426 2304 495 complurilms
2336 425 2785 491 anteponendum.
2818 424 3102 479 Crederem
3138 425 3231 480 tibi
3260 466 3273 488 ,
3307 425 3351 479 si
3383 442 3485 478 non
3506 468 3521 488 ,

250 524 455 591 eloquii
494 524 568 577 tui
618 522 832 577 claritas
854 562 871 587 ,
916 520 1123 576 artiﬁce
1159 519 1498 575 confabulatu
1532 518 1659 573 dum
1691 532 1845 572 com-

253 616 440 684 pellat,
464 624 516 668 et
547 611 800 682 publicat.
830 611 934 666 Sed
966 626 1217 681 quorsum
1250 612 1381 674 ista,
1407 609 1533 679 quid
1572 623 1844 663 morarum

255 708 370 761 est?
419 705 701 760 redeamus
746 703 810 757 ad
851 718 1104 765 causam,
1150 717 1310 768 super
1338 704 1494 771 cujus
1538 699 1844 754 almndante

257 798 556 860 blateratu,
598 796 720 862 quia
753 809 951 862 pareo,
987 808 1180 861 precor
1214 802 1274 845 ut
1320 804 1497 846 errata
1535 789 1842 845 confessum

259 901 430 939 verum
463 885 742 939 clementis
785 882 991 937 indultu
1043 883 1281 950 placatus
1330 882 1610 949 impertias
1661 897 1675 934 :
1720 880 1840 937 licet

258 993 379 1046 qua:
407 978 586 1031 latitia
619 988 707 1031 tua
730 984 934 1036 sancta,
962 989 1187 1044 qumque
1213 976 1546 1036 communio,
1574 972 1847 1042 copiosius

261 1068 531 1133 bdarere,
569 1068 612 1121 si
651 1082 783 1122 mea:
828 1066 998 1133 culpa:
1032 1066 1271 1120 defensio
1313 1064 1492 1131 potius
1525 1063 1619 1117 tibi
1649 1061 1844 1130 scripta

260 1161 464 1215 feratur
491 1175 651 1229 quam
681 1160 995 1214 satisfactio.
1022 1160 1226 1214 Memor
1257 1156 1429 1211 nostri
1449 1170 1572 1213 esse
1601 1155 1842 1224 dignare,

259 1250 486 1305 domine
524 1265 683 1320 papa.

720 1342 877 1411 2'71
915 1339 1242 1394 EPISTOLA
1281 1340 1395 1394 XII.

605 1431 853 1486 Sidonius
884 1440 909 1467 ιι
942 1431 1121 1484 Oresio
1147 1448 1238 1484 suo
1259 1432 1498 1485 salutem.

333 1524 496 1580 Venit
528 1524 581 1578 in
611 1535 822 1577 nostras
849 1541 875 1573 a
909 1534 960 1575 te
990 1521 1223 1591 profecta
1254 1524 1439 1590 pagina
1469 1535 1678 1585 manus,
1723 1536 1843 1589 quae

263 1618 430 1670 trahit
459 1616 678 1670 multam
709 1614 1107 1668 similitudinem
1132 1614 1198 1668 de
1226 1615 1338 1669 sale
1363 1614 1596 1681 llispauo
1626 1614 1676 1666 in
1700 1613 1842 1681 jugis

262 1722 410 1764 θωεο
465 1706 979 1762 Tarraconensibus.
1029 1704 1161 1759 Nam
1211 1706 1509 1760 recensenti
1558 1706 1732 1759 lucida
1788 1715 1843 1760 et

261 1804 408 1857 salsa
442 1810 554 1871 est,
602 1816 701 1856 nec
729 1810 902 1855 tamen
935 1810 1156 1869 propter
1184 1800 1287 1855 hoc
1317 1802 1487 1869 ipsum
1519 1802 1709 1855 mellea
1741 1800 1844 1853 mi-
1878 1798 1923 1857 Β

265 1907 371 1947 nus
399 1910 412 1945 :
448 1906 627 1947 sermo
654 1891 826 1945 dulcis
853 1900 907 1945 et
932 1892 1385 1959 propositionibus
1410 1906 1563 1956 acer;
1597 1892 1673 1945 sic
1702 1892 1844 1946 enim

268 1984 507 2039 oblectat
546 1982 793 2052 eloquio,
840 1980 977 2048 quod
1008 1984 1185 2035 turbat
1224 1983 1449 2051 imperio
1477 1999 1491 2035 :
1518 1982 1715 2051 quippe
1756 1981 1846 2049 qui

267 2090 460 2140 parum
491 2075 717 2129 metiens
743 2073 867 2143 quid
914 2072 1117 2127 ordinis
1140 2089 1290 2143 agam
1312 2115 1328 2140 ,
1356 2074 1591 2129 carmina
1622 2089 1652 2126 a
1695 2075 1847 2129 nobis

265 2181 415 2221 nunc
447 2175 610 2220 novat
634 2175 798 2231 petat.
830 2164 1066 2219 Primum
1093 2164 1160 2217 ab
1182 2165 1409 2219 exordio
1436 2165 1697 2234 religiosae
1724 2180 1846 2234 pro-

265 2256 559 2321 fessionis,
614 2257 738 2310 huic
779 2255 1141 2325 principaliter
1182 2255 1437 2310 exercitio
1484 2255 1784 2309 renuntiavi
1827 2271 1842 2310 :

261 2351 390 2416 quia
424 2347 681 2402 nimirqu
710 2346 949 2402 facilitati
991 2355 1169 2416 posset
1202 2347 1596 2400 accommodari
1620 2387 1634 2410 ,
1664 2348 1709 2399 si
1760 2362 1845 2400 me

260 2444 585 2503 occupasset
607 2435 799 2489 levitas
823 2449 1075 2488 Vrrsuum
1091 2474 1107 2499 ,
1134 2450 1290 2503 quem
1313 2436 1580 2503 respicere
1609 2444 1848 2505 ceperat

258 2528 503 2598 gravitas
552 2528 840 2581 actionum.
885 2526 1017 2579 Tum
1066 2535 1323 2595 praeterea
1368 2535 1581 2581 constat
1627 2542 1841 2580 omnem

259 2633 512 2689 Operam,
537 2618 581 2671 si
603 2616 756 2687 longa
771 2617 1165 2686 intercapedine
1184 2618 1443 2687 quiescat,
1462 2633 1601 2686 aegre
1620 2618 1838 2671 resumi.

261 2712 525 2779 Quisnam
556 2711 700 2765 enim
737 2709 944 2779 ignoret
970 2710 1175 2765 cunctis
1199 2719 1287 2764 aut
1316 2710 1609 2764 artiﬁcibus
1637 2720 1726 2763 aut
1757 2725 1841 2763 ar-

262 2806 409 2858 tibus
452 2805 740 2857 maxintum
772 2802 935 2857 decus
982 2818 1079 2855 usu
1118 2803 1335 2857 venire?
1392 2816 1620 2872 cumque
1666 2803 1839 2856 studia

263 2904 528 2949 consueta
557 2909 663 2948 non
695 2893 1116 2963 frequentantur,
1151 2894 1365 2949 brachia
1406 2896 1458 2949 in
1488 2895 1801 2965 corporibus
1823 2936 1837 2960 ,

262 2986 478 3057 ingenia
508 2986 806 3056 pigrescere
828 2985 880 3040 in
904 2986 1143 3040 artibus?
1172 2987 1319 3042 Unde
1342 2997 1424 3041 cst
1445 2996 1499 3041 et
1525 2985 1672 3051 illud,
1698 2990 1838 3056 quod

261 3096 390 3137 sero
414 3094 695 3149 correptus
720 3094 811 3133 aut
834 3094 973 3147 raro,
1007 3082 1125 3148 pius
1154 3095 1307 3133 arcus
1335 3079 1535 3146 manui,
1561 3077 1691 3147 jugo
1718 3079 1837 3144 bos,

260 3188 439 3245 equus
481 3171 636 3228 freno
673 3172 915 3227 rebellat.
946 3171 1167 3239 Insuper
1195 3171 1414 3226 desidize
1450 3181 1649 3226 nostra:
1691 3186 1841 3226 vere-
1868 3153 1914 3216 C

262 3263 466 3318 cundia
510 3277 691 3317 eomes
720 3262 786 3316 ad
835 3263 936 3316 hoc
976 3261 1296 3316 sententiam
1336 3263 1592 3329 inclinat,
1630 3272 1688 3317 ut
1726 3277 1842 3328 me,

264 3363 550 3425 postquam
569 3354 621 3407 iu
646 3352 858 3408 silentio
878 3352 1090 3407 decurri
1108 3362 1218 3409 tres
1241 3354 1594 3425 olympiadas,
1616 3365 1721 3409 tam
1746 3371 1846 3424 pu-

265 3447 395 3500 deat
417 3461 613 3500 novum
640 3461 829 3517 poema
857 3450 1144 3511 coniicere,
1175 3463 1334 3517 quam
1361 3451 1556 3519 pigeat.
1587 3450 1697 3504 lloc
1718 3450 1847 3505 item

270 3538 448 3601 nefas,
474 3539 633 3592 etiam
655 3537 738 3592 dif
738 3538 891 3592 licilia
916 3536 1057 3593 factu
1080 3539 1173 3593 tibi
1192 3539 1395 3608 negari,
1425 3543 1578 3607 cujus
1598 3541 1847 3594 allectum

268 3639 426 3685 tanto
451 3631 625 3685 minus
653 3629 825 3701 decipi
847 3631 1031 3699 decet,
1071 3641 1272 3701 quanto
1301 3633 1632 3687 constantius
1661 3633 1735 3687 nil
1764 3647 1849 3687 re-

268 3723 481 3791 pulsam
522 3731 759 3777 veretur.
815 3722 1139 3778 Tenebimus
1181 3740 1311 3795 ergo
1360 3726 1521 3796 272
1575 3725 1846 3795 quippiam

269 3812 511 3868 medium
546 3828 561 3867 :
592 3821 647 3868 ct
683 3814 821 3866 sicut
847 3813 1225 3883 epigrammata
1256 3817 1488 3869 recentia
1517 3815 1676 3869 modo
1702 3816 1848 3870 nulla

269 3904 519 3971 dictabo,
553 3904 628 3958 ita
657 3905 881 3971 litteras,
910 3906 955 3960 si
985 3922 1101 3975 quae
1125 3908 1376 3976 iacebunt
1416 3923 1571 3963 versu
1608 3908 1846 3974 relertte,

270 3996 479 4051 scilicet
513 4006 638 4051 ante
683 3997 958 4065 praesentis
987 3998 1149 4052 officii
1189 4000 1597 4066 necessitatem,
1642 4000 1849 4054 mittant

274 4086 374 4141 tibi
406 4102 421 4142 :
450 4097 641 4157 petens
671 4102 737 4142 ne
761 4097 815 4142 tu
844 4092 918 4143 sis
944 4098 1166 4144 eatenus
1190 4090 1409 4159 justitize
1436 4092 1847 4161 praevaricator,

271 4185 331 4230 ut
350 4191 441 4231 me
459 4176 697 4247 opineris
727 4192 995 4249 nunquam
1031 4179 1100 4232 ab
1126 4178 1427 4248 hujusmodi
1456 4182 1852 4252 conscriptione

272 4276 718 4338 temperaturum.
749 4268 931 4338 Neque
972 4270 1113 4325 enim
1160 4270 1413 4341 sull'ragio
1445 4281 1535 4328 tuo
1561 4274 1737 4328 minus
1757 4289 1851 4329 au-

270 4374 435 4429 gear,
472 4363 515 4414 si
556 4360 693 4415 forte
720 4360 954 4431 digneris
991 4362 1101 4433 jam
1132 4364 1429 4418 modestum
1470 4367 1644 4433 potius
1691 4382 1849 4437 quant

272 4452 509 4508 facetum
540 4454 677 4507 exist
701 4468 870 4509 mare.
895 4453 1045 4508 Vale.

815 4552 1144 4608 EPISTULA
1187 4552 1323 4607 XIII.

583 4645 828 4701 Sidonius
855 4645 883 4684 ³³
911 4645 1163 4700 Tonantio
1188 4664 1278 4701 suo
1298 4647 1536 4701 salutem.

351 4738 444 4792 Est
497 4738 711 4807 quidem
737 4778 754 4804 ,
784 4737 981 4803 fateor,
1012 4738 1264 4793 versibus
1306 4738 1441 4793 meis
1471 4739 1729 4795 sententia
1764 4750 1848 4795 tua

273 4837 386 4881 tam
436 4828 730 4897 plausibilis
770 4829 897 4882 olim
924 4867 939 4893 ,
982 4840 1087 4882 tam
1116 4828 1455 4899 favorabilis,
1490 4838 1547 4883 ut
1571 4841 1845 4898 poetarum

270 4934 369 4974 me
393 4921 690 4990 quibusque
716 4921 1020 4976 lectissimis
1038 4921 1454 4991 comparandum
1486 4933 1668 4993 putes,
1702 4935 1847 4985 certe

348 5066 379 5092 ι
402 5055 611 5128 Homini
644 5057 910 5128 Hispano,
942 5066 1002 5113 ut
1028 5060 1195 5114 altera
1225 5059 1315 5114 lib.
1348 5076 1438 5116 vin
1483 5062 1548 5117 ad
1591 5063 1850 5119 Fortuna-

278 5126 406 5200 lem.
431 5126 576 5200 Hanc
596 5126 969 5200 Avero'scripsit
995 5144 1114 5184 cum
1147 5130 1199 5183 in
1230 5132 1466 5200 episcOpi
1494 5149 1712 5188 munere
1740 5144 1849 5190 tres

269 5196 389 5266 jam
409 5198 759 5268 olympiadas,
786 5196 885 5253 hoc
905 5215 988 5254 est
1007 5215 1176 5255 annos
1198 5196 1476 5257 duodecim
1500 5204 1845 5260 deClll‘l‘ISSt‘l.

272 5270 437 5338 Anno
465 5284 591 5338 ergo
615 5268 848 5332 Christi,
878 5270 1019 5337 iuxta
1058 5272 1265 5324 Baronii
1294 5273 1551 5327 calculum
1580 5274 1705 5327 484.

353 5335 386 5373 δ
410 5335 650 5413 Tonantii
680 5335 1071 5413 Ferreo'lililio,
1094 5352 1250 5408 epist.
1275 5343 1306 5395 9
1338 5344 1431 5396 lib.
1465 5359 1522 5408 ll,
1546 5345 1634 5413 qui
1661 5345 1848 5400 doctus

270 5405 570 5487 'Iionaluius
593 5412 904 5487 appellatur
924 5412 974 5465 in
1003 5405 1399 5483 Propemptico,
1429 5405 1518 5468 ubi
1541 5405 1595 5469 et
1623 5428 1845 5469 matrem

266 5476 397 5545 cju~
418 5476 759 5547 Papianillam
787 5481 985 5537 laudat.

350 5556 380 5584 ε
403 5549 619 5625 Apuleio
636 5568 664 5625 ,ε
695 5550 1148 5625 quiQuaastiones
1172 5554 1497 5625 Wconvivah-s
1533 5554 1845 5625 scripserat,

267 5624 428 5696 teste.
457 5620 721 5696 hlaerobio
751 5621 842 5676 lib.
889 5637 985 5696 vit,
1020 5624 1204 5696 capi?)
1230 5624 1610 5696 :Quwstionea,
1645 5620 1841 5696 inquit,

266 5688 560 5765 conuiuales
586 5708 842 5765 proponas
866 5693 942 5744 vel
968 5688 1374 5759 ipse'dissotvas.
1407 5696 1556 5759 Quod
1576 5688 1739 5765 genus
1774 5688 1850 5752 ve-

266 5768 412 5811 tua
437 5762 503 5813 ita
539 5758 789 5815 lubricum
839 5780 937 5816 non
984 5758 1246 5832 putarunt,
1280 5776 1335 5821 ut
1380 5758 1439 5820 et
1467 5758 1757 5823 Arisioteles
1788 5770 1850 5824 de

1954 525 2011 570 nt
2056 517 2279 570 multum
2321 514 2506 582 sapis,
2542 514 2606 566 ita
2656 531 2860 583 quoque
2898 516 3118 568 ιιιιιιειιηι
3163 531 3249 570 me
3293 530 3523 570 amares.

1952 608 2088 663 llinc
2118 617 2233 672 est,
2276 606 2416 676 quod
2449 606 2517 659 de
2545 604 2789 659 laudibus
2816 606 2946 659 meis
2969 609 3163 661 caritas
3196 618 3279 660 tua
3311 608 3522 661 mentiri

1954 706 2156 766 potest,
2210 712 2308 751 nec
2362 704 2536 766 potest
2584 696 2788 750 lallere.
2848 695 3177 751 Praeterhoc
3204 699 3413 766 poscis,
3469 706 3531 749 ut.

1953 790 2238 845 Horatiana
2283 788 2476 843 incude
2516 789 2773 842 formatos
2820 787 3199 857 Asclepiadeos
3231 790 3323 842 tibi
3363 803 3526 859 quos-

1951 883 2112 950 piam,
2161 879 2355 945 quibus
2401 879 2542 933 iuter
2586 878 2872 941 bibendum
2917 879 3325 948 pronuntiandis
3364 895 3522 934 exero

1949 988 2124 1037 ceare,
2155 969 2531 1025 transmittam.
2555 969 2725 1024 Pareo
2750 970 3023 1039 injunctis,
3054 972 3172 1025 licet
3204 972 3246 1026 si
3270 986 3523 1043 unquam.

1948 1070 2110 1122 modo
2146 1066 2378 1120 maxime
2419 1064 2662 1133 prosario
2706 1064 2959 1133 loquendi
3007 1080 3203 1134 genere
3249 1065 3526 1120 districtus

1948 1167 2366 1228 occupatusque.
2403 1157 2456 1210 D:
2482 1156 2641 1226 niqne
2692 1156 2942 1225 probabis
2970 1158 3110 1209 circa
3151 1172 3247 1211 nos
3300 1156 3525 1225 plurima

1948 1264 2010 1303 ex
2064 1260 2210 1315 rarte
2259 1259 2550 1302 metrorum
2580 1248 2750 1300 studia
2802 1247 3172 1317 refrigescere.
3219 1248 3333 1302 Non
3379 1250 3533 1301 enim

1949 1349 2252 1410 promptum
2280 1349 2361 1394 est
2384 1384 2398 1407 ,
2434 1355 2595 1392 unum
2625 1339 2980 1408 eumdemque
3005 1339 3171 1408 probe
3218 1339 3391 1395 facere
3417 1340 3517 1393 ali-

1948 1431 2096 1498 quid,
2132 1443 2186 1485 et.
2214 1445 2355 1485 raro.

2132 1521 2236 1568 .lam
2253 1520 2433 1569 dudum
2455 1528 2645 1569 teretes
2675 1518 3122 1582 hendecasyllabos,

2131 1584 2311 1632 Attrito
2330 1581 2525 1631 calamis
2552 1584 2723 1643 pollice
2747 1581 2965 1640 lusimus,

2136 1656 2270 1717 Quos
2290 1659 2487 1701 cantare
2511 1654 2774 1717 inagisgpr‘o
2793 1652 3128 1702 choriambicis

2135 1713 2350 1763 Excussa
2373 1724 2566 1775 alteras
2591 1713 2810 1762 uzohilius
2834 1717 2979 1774 pede.

2135 1775 2233 1823 Sed
2253 1783 2302 1823 tu
2333 1774 2420 1836 rer
2447 1774 2632 1823 Calabri
2659 1778 2863 1823 tramitis
2891 1787 3124 1836 aggerem

2138 1837 2221 1884 Vis
2246 1844 2299 1884 ut
2324 1846 2485 1884 nostra
2509 1838 2687 1885 dehinc
2710 1840 2915 1885 cursitet
2929 1839 3114 1897 orbita;

2135 1900 2237 1955 Qua
2266 1896 2463 1945 Flaccus
2482 1898 2649 1958 lyricos
2675 1897 2979 1946 Pindaricum
2998 1897 3056 1945 ad
3082 1896 3234 1945 melos

2134 1959 2308 2008 Frenis
2327 1962 2465 2007 ﬂexit
2488 1971 2644 2019 etpos
2659 1958 2911 2020 plectripo'
2925 1960 3137 2016 ensibus,

2132 2020 2254 2068 Dum
2282 2028 2437 2068 metro
2455 2023 2667 2081 quatitur
2689 2022 2865 2068 chorda
2892 2022 2989 2077 lily:
3006 2022 3138 2076 ouio,

2134 2083 2235 2132 Nec
2255 2094 2350 2130 non
2376 2081 2589 2139 Alcaico,
2617 2081 2693 2128 vel
2732 2081 3061 2139 Pherecratio,

2134 2144 2310 2193 .lnncto
2336 2143 2586 2195 Lesbiaco,
2611 2148 2715 2191 sive
2739 2145 3047 2203 anapa-s'ico,

2132 2206 2354 2253 Vernans
2379 2218 2466 2264 per
2490 2205 2609 2266 rarii
2632 2205 2854 2252 carminis
2873 2204 3089 2266 eclogas,

2132 2266 2400 2315 Verborum
2422 2264 2560 2312 v.olis
2581 2265 2974 2313 multicoloribus.

2136 2326 2266 2376 istud
2290 2328 2370 2387 (da
2397 2327 2604 2387 tedam)
2631 2325 2827 2387 lingere
2841 2327 3029 2375 vatibus

2132 2386 2313 2438 Priscis
2334 2388 2529 2437 ditlicile
2554 2386 2648 2445 est,
2672 2386 2865 2435 ditlix'ile
2888 2393 2941 2436 et
2963 2389 3101 2445 mihi,

2132 2450 2195 2511 Ut
2215 2451 2404 2500 diversa
2428 2462 2603 2498 sonans
2624 2463 2678 2495 os
2702 2452 2903 2511 epigrau
2923 2457 3067 2507 mata,

2131 2510 2206 2559 Nil
2223 2513 2420 2560 crebras
2443 2512 2625 2559 titubet
2650 2510 2847 2570 propter
2874 2512 3117 2571 epistolas,

2131 2576 2261 2629 Quas
2284 2580 2424 2619 cantu
2451 2583 2507 2619 ac
2529 2571 2634 2618 mod
2658 2572 2731 2618 ilis
2752 2571 3104 2619 luxuriantibus

2132 2632 2374 2681 Lascivire
2401 2638 2479 2679 vet
2497 2640 2531 2680 ut
2555 2631 2758 2679 mascula
2782 2633 2944 2679 dictio.

2126 2693 2258 2764 Istud
2283 2695 2356 2743 vix
2380 2692 2495 2749 Leo,
2521 2706 2608 2741 rex
2629 2693 2818 2764 gastalii
2842 2693 2995 2764 chori,

2128 2755 2221 2804 Vix
2246 2755 2373 2803 hunc
2395 2769 2475 2815 qui
2501 2767 2557 2803 se
2576 2758 2723 2814 ptitur
2754 2754 2816 2802 La
2838 2754 3053 2815 upridius
3074 2764 3240 2814 queat,

2130 2817 2415 2865 Declamans
2438 2818 2615 2872 gemini
2642 2816 2857 2877 pondere
2874 2817 2964 2863 sub
2981 2816 3110 2877 styli,

2125 2878 2293 2927 Coram
2332 2878 2584 2937 discipulis
2605 2876 3063 2938 llurdegalensibus.

2126 2938 2230 2988 Hoc
2252 2952 2349 2997 me,
2376 2947 2524 3001 teque
2548 2938 2710 2995 decet,
2736 2951 2897 3001 parce,
2922 2950 3111 2999 precor,
3131 2938 3270 3001 locis,

2125 3002 2300 3058 Quzeso
2325 2999 2579 3061 pollicitam
2601 3006 2765 3048 servet
2785 2999 2840 3046 ad
2867 3000 3105 3049 extimum

2127 3062 2344 3112 Oratoris
2370 3074 2492 3123 opus
2524 3073 2635 3109 cura
2660 3062 2941 3123 modestiam
2965 3073 2979 3123 ;

2130 3126 2236 3181 Quo
2256 3123 2319 3172 nil
2344 3121 2577 3179 deterius,
2602 3123 2641 3169 si
2666 3121 2810 3171 fuerit
2834 3122 2979 3171 simul

2133 3184 2186 3233 In
2208 3187 2371 3247 primis
2393 3184 2597 3246 rigidus,
2628 3182 2784 3233 mollis
2806 3185 2854 3232 in
2878 3182 3077 3233 ultimis.

2015 3289 2263 3355 Quinimo
2282 3289 2492 3359 quoties
2512 3289 2669 3357 epulo
2696 3304 2897 3345 mensa:
2920 3291 3168 3346 lautioris
3201 3292 3519 3358 hilarabere.

1948 3379 2236 3449 religiosis,
2267 3380 2407 3447 quod
2440 3380 2605 3449 magis
2636 3381 2893 3449 approbo,
2924 3382 3321 3437 narrationibus
3346 3399 3471 3438 vaca
3507 3404 3520 3438 :

1946 3467 2029 3523 bis
2062 3469 2393 3537 proferendis
2424 3468 2784 3523 confabulatio
2815 3470 3087 3540 frequens,
3119 3472 3199 3525 his
3230 3473 3523 3530 redicendis

1948 3568 2212 3621 sollicitus
2240 3568 2451 3621 auditus
2482 3567 2756 3623 inserviat.
2783 3567 2936 3621 Certe
2979 3570 3022 3623 si
3050 3569 3210 3640 2⁵14
3236 3570 3494 3625 saluberri

1950 3656 2051 3708 mis
2092 3656 2476 3719 avocamentis,
2519 3654 2685 3725 utqui
2715 3655 2888 3710 adh-ie
2916 3655 3147 3726 juvenis,
3183 3658 3413 3728 tepidius
3440 3661 3520 3714 in-

1950 3747 2200 3814 ﬂecteris,
2241 3763 2267 3802 a
2310 3760 2332 3788 ο
2367 3749 2641 3803 Platonico
2679 3749 3009 3805 Madaurensi
3052 3752 3241 3807 saltem
3271 3752 3528 3808 formulas

1951 3849 2195 3895 mutuare
2235 3841 2591 3895 convivalium
2621 3843 2973 3911 qumstionum
2999 3858 3014 3895 :
3040 3859 3252 3915 quoque
3290 3842 3527 3906 reddaris

1951 3932 2278 3997 instruetior,
2303 3930 2399 3986 has
2425 3932 2573 3986 Solve
2601 3931 2918 4002 pmptisitas,
2945 3933 3036 3986 has
3060 3950 3297 4006 propone
3319 3939 3527 3992 solven—

1951 4023 2071 4088 das,
2106 4022 2278 4089 iisque
2326 4031 2378 4078 te
2406 4023 2618 4087 studiis,
2668 4032 2722 4079 et
2765 4022 2891 4076 dum
2926 4025 3132 4089 otiaris,
3173 4042 3390 4082 exerce.
3422 4028 3524 4082 Sed

1953 4114 2073 4180 quia
2121 4112 2322 4166 mentio
2350 4111 2714 4167 conviviorum
2763 4114 2926 4167 semel
2975 4112 3191 4180 incidit;
3242 4124 3401 4185 tuque
3449 4118 3523 4172 sic

1953 4218 2171 4259 carmen
2228 4204 2382 4258 nobis
2420 4205 2503 4258 vel
2548 4204 2612 4257 ad
2668 4203 2825 4258 aliam
2878 4218 3093 4258 causam
3139 4219 3526 4278 personamque

1954 4294 2313 4364 compositum
2346 4295 2534 4350 sedulo
2560 4294 2831 4361 exposcis,
2865 4306 2920 4348 ut
2952 4311 3036 4351 me
3058 4296 3172 4367 ejus
3192 4298 3382 4353 edendi
3411 4300 3527 4354 diu-

1956 4386 2061 4438 tius
2092 4384 2291 4440 habere
2320 4401 2424 4439 nou
2453 4386 2628 4456 possis
2660 4386 3051 4451 haesitatorem;
3079 4388 3292 4457 suscipe
3327 4390 3522 4456 libens,

1880 4516 1931 4578 Β
1957 4476 2097 4544 quod
2131 4476 2460 4544 temporibus
2488 4477 2710 4545 Augusti
2742 4476 3041 4543 Majoriani,
3071 4492 3191 4533 cum
3228 4489 3413 4549 rogatu
3436 4497 3523 4537 cu-

1951 4566 2161 4636 jusdam
2201 4566 2398 4622 sodalis
2426 4567 2492 4620 ad
2538 4580 2743 4621 cuinam
2781 4567 3216 4636 conveniremus,
3242 4571 3292 4625 in
3323 4570 3350 4609 ά
3384 4573 3525 4629 Petri

1956 4658 2151 4713 librum
2173 4656 2411 4727 magistri
2440 4658 2785 4727 epistolarum
2814 4657 2988 4711 subito
3031 4660 3292 4727 prolatum
3324 4662 3529 4720 subitus

1955 4750 2141 4816 ell‘udi,
2171 4754 2306 4807 meis
2345 4766 2555 4820 quoque
2592 4750 3083 4818 contubernalibus,
3117 4752 3242 4807 dum
3274 4771 3365 4809 rex
3396 4771 3528 4811 con-

1950 4841 2074 4895 vivii
2143 4843 2283 4897 circa
2330 4841 2684 4897 ordinandum
2743 4857 2917 4895 moras
2978 4845 3142 4897 nectit
3199 4860 3526 4915 oxygarum,

1951 4933 1971 4955 '
1996 4934 2277 5001 Domnulo,
2294 4934 2586 4991 Severiano
2613 4942 2774 5004 atque
2790 4935 3094 5004 Lampridio
3117 4936 3266 5006 paria
3294 4953 3542 5010 pangen-.

1953 5069 2079 5148 ipsis
2100 5070 2275 5148 aliqua
2304 5072 2658 5148 conscripserit
2686 5081 2734 5148 et
2760 5070 3093 5148 Plutarchus,
3118 5083 3171 5148 et
3201 5086 3360 5131 vester
3388 5080 3526 5148 Apu-

1951 5141 2099 5218 leius.
2135 5142 2473 5218 _lt_‘_rontonem
2502 5143 3398 5218 additgloanues.’Saresberieusis,
3433 5141 3554 5218 qui.

1950 5210 2201 5283 Macrobii
2230 5215 2386 5267 verba
2414 5213 2603 5279 repetit
2632 5213 2942 5283 l’olycratici
2976 5230 3086 5280 vni,
3119 5215 3206 5270 IO.

2006 5277 2325 5354 dMajoriani
2351 5277 2571 5351 Augusti
2595 5277 2743 5351 :quo'
2762 5286 2915 5353 100
2953 5277 3125 5354 legato
3150 5297 3205 5341 et
3228 5285 3520 5353 interprete

1950 5350 2271 5416 Maiorianus
2310 5350 2614 5422 praesidium
2648 5350 2901 5407 'tuiliiuin'
2918 5350 3177 5423 Lugduno
3219 5350 3525 5423 impositum

1950 5426 2081 5494 urbe
2101 5423 2325 5490 depulit,
2341 5434 2394 5476 ut
2412 5436 2493 5483 est
2512 5425 2562 5482 itt
2585 5426 2906 5494 panegyrico
2923 5425 3196 5490 Maioriani
3219 5428 3319 5478 sub
3343 5428 3524 5481 linem.

1952 5492 2154 5618 Eideu;
2188 5507 2445 5563 prmterea
2494 5492 2868 5566 panegyricum
2931 5498 3102 5563 ipsum
3156 5495 3353 5549 obtulit
3407 5512 3530 5554 car-

1952 5577 2095 5615 mine
2159 5604 2171 5615 .

1951 5577 2095 5615 Illllle
2122 5577 2171 5615 ὁ.

2025 5642 2049 5669 θ
2077 5632 2149 5687 De
2180 5634 2444 5688 Domnulo
2468 5633 2668 5689 dictum
2695 5634 2790 5688 lib.
2831 5649 2903 5698 tv,
2930 5633 3153 5701 epistola
3185 5636 3392 5701 ultima.
3432 5638 3532 5694 Se-

1952 5704 2228 5758 verianum
2274 5705 2463 5759 iterum
2496 5706 2676 5758 laudat
2706 5705 2929 5772 cpistola
2968 5700 3066 5773 flii,
3099 5716 3152 5759 et
3189 5710 3432 5764 carmine
3469 5713 3532 5765 l5

1952 5773 2041 5828 ubi
2064 5784 2406 5833 prmstantem
2448 5777 2596 5843 tuba,
2637 5775 2737 5830 hoc
2772 5783 2858 5837 est
2894 5778 3328 5850 grandiloquum,
3354 5793 3528 5835 vocat.
