3946 6176
222 278 323 333 6ἲὸ
1455 274 1928 332 EPISTOLAIIUII
1969 276 2097 332 LIB.
2145 278 2235 333 IX.

460 386 808 438 comitantibus
833 384 1057 434 Camenis

466 448 744 509 Abigamus,
772 455 824 509 et
850 448 1116 496 Minervam

466 508 611 567 Quasi
637 508 894 569 praesulem
926 510 1132 558 canendi

466 572 731 620 Removete
773 571 877 617 licia
911 569 1029 627 fatu,

461 633 596 680 Deus
618 635 705 680 ista
732 638 928 693 praestat
958 644 1099 680 unus.

460 695 655 754 Stupuit.
680 695 831 740 virum
868 698 1152 752 loquentem

459 755 761 802 Diadematis
788 763 1022 813 potestas,

460 815 611 876 Toga,
652 814 812 872 miles,
846 816 965 863 ordo
988 822 1241 877 equester,

462 877 771 937 Pepulusque
810 877 1115 926 Romularis:

460 938 515 987 Et
541 939 697 987 adhuc
721 938 897 998 sOphos
921 938 1133 988 volutant

460 999 601 1059 Fora,
631 999 828 1060 templa,
871 1012 1004 1059 rura,
1031 1006 1205 1047 castra.

457 1062 614 1120 Super
642 1061 761 1117 hzec,
788 1060 1028 1121 fragorem
1055 1061 1249 1110 alumno

454 1122 631 1183 Padus,
659 1128 807 1181 atque
841 1125 1083 1170 civitatum

455 1182 548 1231 Dat
572 1196 704 1230 amor
726 1183 1089 1243 Ligusticarum.

453 1244 636 1295 Similis
659 1244 721 1291 l'at
734 1258 788 1293 or
814 1245 1018 1294 resultat

460 1306 800 1355 Rhodanitidas
826 1318 930 1368 per
947 1308 1116 1368 urbes,

459 1365 834 1428 lmitabiturque
847 1365 1011 1416 Gallos

455 1428 647 1477 Feritas
669 1429 985 1477 lbericorum.

455 1490 557 1540 Nec
580 1492 626 1537 in
653 1490 743 1537 hoc
764 1496 975 1537 moratus
997 1502 1111 1549 axe,

454 1550 556 1601 Cito
580 1552 637 1612 ad
663 1564 773 1597 arva
803 1558 978 1612 perget
1011 1551 1143 1611 Euri,

455 1611 869 1674 gquilonibusque
896 1611 947 1659 et
968 1614 1176 1671 Austris,

448 1672 800 1736 Zc‘pliyrisque‘
816 1674 1106 1734 perferetur.

3375 288 3477 341 654

1825 399 1871 453 Α
1906 405 2111 447 rentur.
2143 393 2297 459 Quod
2326 397 2509 461 procul
2529 361 2690 449 dubio
2719 400 3141 468 consequebare,
3169 402 3214 455 si
3241 406 3385 471 pacis
3409 406 3479 458 lo-

1904 484 2058 552 cique
2083 483 2325 537 conditio
2356 484 2711 551 permitteret,
2744 499 2801 540 ut
2832 488 2939 545 illic
2967 491 3252 546 senatoria:
3288 493 3478 559 juven-

1901 575 2028 627 tutis
2068 576 2428 630 contubernio
2467 580 2664 633 mixtus
2693 580 2987 638 erudirere.
3017 583 3183 653 Cujus
3211 594 3262 640 te
3289 587 3476 655 gloria:

1900 667 2099 729 pariter
2128 681 2189 720 ac
2220 667 2374 722 famae
2402 682 2674 737 capacem,
2703 670 2771 725 dc
2798 672 3058 727 orationis
3091 685 3192 730 tum
3222 677 3488 746 qualitate

1897 757 2141 825 conjecto
2175 776 2187 811 :
2214 759 2265 812 in
2290 774 2390 828 qua
2415 760 2791 817 decentissime
2813 772 2862 816 te
2887 779 3056 831 nuper
3078 769 3473 835 pronuntiante,

1897 866 2017 919 qua:
2043 851 2256 919 quidem
2280 852 2572 919 scripseras
2595 858 3054 923 extemporaliter,
3078 859 3475 916 admirabantur

1899 942 2168 1007 benevoli,
2212 942 2544 997 mirabantur
2596 947 2848 1012 superbi,
2899 950 3247 1005 morabamur
3298 955 3472 1020 periti.

1896 1031 2000 1084 Sed
2028 1048 2092 1085 ne
2136 1032 2475 1101 impudenter
2506 1038 2887 1091 verecundiam
2924 1048 3064 1094 tuam
3111 1042 3355 1098 laudibus
3397 1046 3475 1100 ni-

1898 1123 2017 1176 miis
2068 1124 2214 1177 ultro
2264 1140 2588 1193 premamus,
2646 1131 2911 1197 praacmiia
2969 1141 3053 1185 tua
3079 1133 3275 1199 justius
3303 1135 3370 1189 de
3403 1147 3473 1202 te,

1894 1227 2053 1280 quam
2086 1214 2177 1268 tibi
2205 1215 2507 1268 scribimus.
2538 1218 2647 1272 lloc
2675 1220 2871 1285 pntius,
2899 1222 3037 1276 unde
3065 1236 3142 1276 est
3170 1239 3327 1278 causa
3360 1241 3472 1280 ser.

1896 1303 2092 1370 munis,
2123 1305 2560 1362 intromittamus.
2598 1310 2760 1379 Igitur
2791 1311 3091 1381 interrogas
3137 1331 3230 1380 per
3258 1318 3471 1386 pugilla-

1897 1408 2085 1460 torem,
2124 1411 2258 1465 quos
2300 1410 2640 1454 recurrentes
2688 1415 2924 1455 asseram
2969 1419 3173 1468 versus,
3226 1415 3283 1460 ut
3328 1407 3470 1462 celer

1893 1487 2178 1557 explicem,
2219 1490 2311 1543 sed
2339 1492 2438 1545 Sub
2485 1494 2755 1560 exemplo.
2788 1494 2825 1548 li
2856 1496 3108 1549 nimirum
3139 1506 3263 1551 sunt
3289 1514 3470 1552 recur-

1894 1594 2101 1647 rentes,
2124 1583 2212 1650 qui
2248 1595 2419 1637 metro
2467 1593 2661 1652 stante,
2692 1601 2864 1656 neque
2896 1588 3085 1642 Iillcris
3133 1590 3250 1643 loco
3289 1593 3464 1652 motis,

1892 1679 1949 1723 ut
1974 1670 2040 1722 ab
2066 1672 2287 1726 exordio
2303 1673 2370 1725 ad
2402 1676 2704 1743 terminum,
2732 1678 2808 1730 sic
2855 1692 2883 1731 a
2917 1680 3021 1733 line
3067 1682 3374 1750 releguntur
3403 1682 3467 1738 ad

279 1778 434 1849 277
468 1778 606 1832 Ecce
652 1778 777 1832 dum
806 1794 985 1847 qner
1010 1778 1135 1846 quid
1167 1787 1369 1847 cantes,
1408 1780 1521 1849 ipse
1547 1782 1773 1836 cantavi.

1891 1774 2173 1818 summum.
2211 1763 2302 1818 Sic
2344 1774 2425 1819 est
2454 1766 2583 1819 illud
2603 1767 2915 1836 antiquum:

216 1871 359 1926 Tales
388 1872 531 1924 enim
566 1886 731 1940 nugas
762 1871 815 1923 iu
850 1874 955 1924 imo
985 1871 1164 1925 scrinii
1195 1870 1357 1925 fundo
1380 1874 1622 1928 muribus
1656 1888 1783 1942 pcr-

215 1961 424 2027 l'oratas,
454 1970 576 2029 post
598 1975 770 2015 annos
810 1963 1021 2016 circiter
1046 1961 1229 2031 viginti
1262 1962 1477 2032 profero
1504 1964 1556 2017 in
1583 1966 1778 2029 lucem,

215 2054 385 2123 quales
431 2055 545 2121 pari
596 2063 835 2122 tempore
881 2055 1149 2119 absentes,
1182 2070 1301 2109 cum
1333 2055 1551 2110 domum
1598 2057 1777 2122 rediit,

214 2144 422 2214 Ulysses
468 2145 709 2200 invenire
737 2146 1011 2214 potuisset.
1045 2145 1280 2202 Proinde
1313 2159 1434 2216 peto
1462 2159 1518 2201 ut
1544 2164 1780 2218 praesen-

215 2239 343 2293 tibus
371 2238 595 2292 ludicris
626 2238 855 2293 libenter
876 2239 1144 2307 ignoscas.
1177 2240 1310 2294 lllud
1335 2256 1461 2296 vero
1493 2256 1592 2295 nec
1622 2258 1776 2296 vere-

214 2332 391 2397 cunde,
424 2348 526 2386 nec
557 2334 892 2402 impudenter
922 2333 1160 2409 injungo,
1193 2340 1250 2387 ut
1271 2334 1410 2402 quod
1455 2335 1570 2403 ipse
1594 2334 1662 2389 de
1710 2334 1780 2388 l'a-

214 2426 421 2478 niiliaris
474 2426 576 2480 mei
631 2426 839 2495 integro
865 2427 1001 2481 libro
1032 2428 1388 2496 pronuntiavi,
1416 2428 1516 2483 hoc
1543 2438 1599 2483 tu
1629 2429 1778 2495 quasi

214 2515 520 2570 sollicitatus
542 2518 769 2586 exempli
794 2520 1113 2573 necessitate
1144 2520 1211 2574 de
1234 2534 1356 2575 meo
1377 2522 1592 2575 sentias.
1626 2520 1776 2577 Vale.

747 2608 1075 2665 EPISTULA
1109 2610 1246 2665 XIV.

450 2698 697 2753 Sidonius
725 2709 752 2737 ι
781 2698 1137 2770 Burgundioni
1170 2718 1265 2756 suo
1295 2702 1532 2757 salutem.

276 2789 565 2860 Dupliciter
598 2792 881 2846 excrucior
926 2792 1068 2861 quod
1099 2805 1341 2847 nostrum
1390 2804 1613 2865 uterque
1639 2795 1780 2850 lecto

215 2891 431 2938 tenetur.
458 2883 597 2937 Nihil
621 2883 764 2939 enim
800 2891 885 2938 est
909 2884 1098 2939 durius
1127 2900 1283 2953 quam
1334 2900 1452 2939 cum
1486 2896 1779 2954 prarsentes

215 2972 355 3025 amici
383 2971 697 3026 di\iduntur
737 2975 1113 3029 communione
1151 2975 1445 3043 languoris.
1483 2976 1690 3045 Quippe
1730 2976 1777 3030 si

216 3063 426 3131 accidat,
455 3074 511 3118 ut
534 3080 630 3120 nec
652 3064 787 3119 intra
810 3081 971 3119 unum
997 3067 1250 3123 conclave
1272 3069 1612 3138 decumbant,
1634 3070 1776 3123 nulla

2070 1851 2220 1902 Roma
2246 1854 2331 1903 tibi
2354 1855 2514 1905 subito
2537 1858 2746 1907 motibus
2770 1860 2861 1906 ibit
2887 1873 3040 1909 amor.

1886 1933 1952 1988 Ει
1981 1934 2107 1987 illud
2137 1951 2151 1990 :

2071 2026 2181 2076 Sole
2202 2029 2404 2078 medere
2433 2031 2577 2092 pede,
2607 2031 2700 2079 ede
2728 2033 2913 2093 perede
2938 2034 3111 2083 melos.

1883 2131 1991 2187 Nec
2016 2148 2120 2187 non
2153 2137 2415 2191 habentur
2438 2150 2531 2204 pro
2554 2139 2971 2205 recurrentibus,
3000 2141 3088 2210 qui
3120 2140 3317 2210 pedum
3349 2144 3465 2213 lege

1883 2237 2116 2294 servata,
2148 2235 2205 2281 et
2232 2228 2275 2281 si
2321 2243 2425 2281 non
2455 2243 2550 2296 per
2600 2228 2837 2299 singulos
2888 2231 3097 2300 apices,
3130 2247 3222 2301 per
3250 2238 3459 2304 singula

1885 2325 2062 2372 tamen
2110 2318 2268 2372 verba
2316 2319 2642 2389 replicantur
2679 2338 2695 2375 :
2737 2330 2795 2374 ut
2841 2330 2925 2377 est
2978 2337 3140 2377 unum
3194 2324 3459 2379 distichon

1886 2424 2059 2462 meum
2092 2409 2290 2478 (qualia
2340 2425 2462 2463 reor
2505 2411 2751 2479 equidem
2795 2412 2899 2482 legi
2946 2414 3109 2468 multa
3141 2415 3460 2483 multorum)

1886 2505 2025 2573 quod
2069 2506 2134 2558 de
2163 2506 2334 2560 rivulo
2360 2505 2481 2571 lusi,
2515 2507 2603 2575 qui
2654 2508 2933 2576 repentino
2977 2511 3331 2578 procellarum
3364 2526 3461 2577 pa-

1883 2606 1999 2652 stus
2030 2596 2240 2665 illapsu,
2290 2596 2667 2666 publicumque
2696 2614 2942 2668 aggerem
2973 2600 3291 2669 confragoso
3326 2602 3461 2655 dita.

1883 2689 1970 2743 vio
2024 2702 2437 2757 supergressus,
2491 2690 2701 2745 subdita
2755 2692 2897 2746 culta
2945 2692 3045 2747 vite
3089 2694 3457 2760 inundaverat,

1883 2779 2045 2850 279
2072 2794 2375 2849 quanquam
2403 2780 2743 2849 depositurus
2767 2783 3007 2838 insanam
3034 2799 3160 2839 mox
3183 2786 3458 2841 abundan-

1887 2872 2039 2935 tiam,
2069 2871 2266 2940 quippe
2294 2885 2453 2940 quam
2483 2872 2677 2941 pluviis
2700 2875 3081 2942 appendicibus
3103 2876 3460 2931 intumescen-

1884 2970 2020 3027 tem,
2048 2962 2121 3016 nil
2152 2976 2380 3032 superna
2414 2978 2563 3016 vena:
2605 2965 2856 3033 perennis
2901 2968 3136 3035 pondera
3183 2968 3454 3024 inﬂarent.

1882 3056 2045 3126 Igitur
2073 3057 2193 3112 istic
2242 3057 2389 3128 (nam
2419 3056 2595 3111 viator
2629 3059 2984 3129 adveneram)
3016 3062 3142 3114 dum
3191 3063 3357 3131 magis
3388 3063 3461 3116 ri-

216 3164 325 3208 sunt
350 3154 543 3221 verba,
573 3156 715 3210 nulla
741 3168 859 3210 sunt
888 3157 1099 3223 solatia,
1142 3159 1282 3212 nulla
1327 3159 1555 3229 denique
1604 3162 1773 3216 mutui

1891 3166 2005 3221 pam
2035 3165 2193 3219 quam
2219 3150 2412 3205 vadum
2461 3165 2667 3221 quacro,
2694 3152 2786 3207 tali
2812 3127 3021 3222 iocatus
3057 3154 3456 3224 epigrammate,

217 3255 379 3299 oratus
399 3246 731 3301 vicissitudo.
751 3246 930 3317 Itaque
948 3249 1167 3319 singulis
1188 3266 1386 3306 maeror
1402 3253 1607 3322 ingens,
1627 3254 1778 3323 isque

219 3338 319 3405 plus
339 3338 404 3394 de
426 3338 599 3393 altero
632 3357 644 3391 :
668 3355 787 3393 nam
821 3355 1005 3409 parum
1028 3343 1220 3409 possis,
1236 3359 1537 3413 quanquam
1560 3354 1614 3400 ct
1631 3348 1779 3400 inlir-

220 3429 865 3499 tnus,pcriclitantequem
890 3431 1099 3502 diligas,
1132 3433 1223 3487 tibi
1253 3436 1463 3489 timere.
1509 3435 1613 3491 Sed
1640 3438 1779 3492 Deus

221 3520 354 3585 mihi,
381 3520 464 3574 ﬁli
524 3520 907 3587 amantissime,
939 3537 1032 3590 pro
1063 3532 1115 3577 te
1145 3525 1354 3591 paventi
1391 3526 1778 3584 validissimum

220 3611 512 3679 scrupulum
556 3613 809 3676 excussit,
861 3613 981 3682 quia
1006 3614 1256 3683 pristinas
1284 3616 1473 3684 incipis
1514 3619 1657 3673 vires
1686 3634 1777 3675 re-

220 3718 480 3772 cuperare.
510 3704 710 3759 Diceris
734 3706 876 3759 enim
895 3706 1005 3774 jam
1031 3707 1166 3761 velle
1181 3711 1781 3780 consurgere,quodque

220 3798 321 3863 plus
348 3807 496 3866 opto,
518 3796 627 3866 jam
659 3812 834 3866 posse.
858 3798 942 3853 Me
966 3813 1109 3856 certe
1136 3802 1308 3857 taliter
1329 3804 1583 3871 consulis,
1611 3807 1783 3861 etsol-

222 3886 479 3941 Iicitudine
508 3903 674 3958 prope
706 3904 984 3958 prmcoqua
1023 3894 1422 3959 quaestiunculis
1453 3896 1776 3965 litterarum,

220 3976 308 4045 jam
324 3981 475 4043 quasi
490 3996 551 4035 ex
569 3996 687 4037 asse
706 3994 926 4051 vegetus
940 3999 1177 4051 exerces,
1192 3987 1374 4042 audire
1388 3990 1501 4058 plus
1514 3992 1777 4062 ambiens,

220 4068 299 4119 ctsi
324 4070 500 4123 adhuc
528 4084 691 4140 aeger,
728 4073 1001 4128 Socratem
1043 4075 1109 4130 de
1133 4080 1392 4145 moribus,
1427 4083 1589 4152 278
1616 4100 1776 4150 quam

219 4154 573 4226 Hippocratem
596 4161 663 4216 de
679 4165 989 4231 corporibus
1001 4166 1377 4235 disputantem.
1401 4173 1594 4242 Dignus
1607 4178 1781 4231 omni-

219 4262 275 4300 uo
298 4265 451 4319 quem
484 4253 852 4321 plausibiltbus
882 4256 1049 4310 Roma
1076 4259 1450 4331 l'ovm'etuluis,
1482 4282 1691 4337 quoque
1705 4285 1781 4323 re-

220 4343 393 4402 citante
417 4349 728 4418 crepitantis
768 4353 1009 4407 Athenmi
1050 4355 1302 4411 subsellia
1334 4369 1557 4414 cuneata
1590 4371 1778 4431 quate-

1886 3256 1983 3311 per
2033 3241 2319 3295 turbulenti
2356 3251 2500 3312 terga
2552 3244 2806 3298 torrentis
2856 3243 2941 3299 bis
2994 3247 3187 3300 saltem
3236 3246 3460 3316 pedibus

1887 3335 2104 3391 incessi.

1978 3425 2223 3490 Pr:_ecipiti
2240 3424 2382 3474 modo
2402 3425 2532 3487 quod
2563 3426 2779 3475 decurrit
2796 3429 2989 3490 tramite
3015 3428 3209 3490 ﬂumen,

2043 3486 2286 3547 Tempore
2310 3486 2643 3547 consumptum
2665 3491 2761 3548 jam
2778 3490 2872 3537 cito
2893 3488 3109 3539 deficiet.

1888 3568 2001 3623 Hoc
2023 3568 2067 3621 si
2096 3582 2366 3633 recurras,
2399 3568 2475 3621 ita
2506 3568 2735 3638 legitur:

1978 3658 2306 3724 De_ticietgcito
2321 3659 2418 3719 jam
2436 3665 2772 3724 consumptum
2793 3664 3013 3722 tempore
3048 3662 3246 3724 flumen,

2041 3720 2256 3770 Tramite
2278 3720 2494 3770 decurrit
2515 3722 2641 3782 quod
2666 3721 2807 3770 modo
2827 3720 3076 3785 praecipiti.

1957 3824 2097 3880 Ecce
2123 3824 2288 3879 habes
2316 3839 2526 3893 versus,
2555 3841 2779 3895 quorum
2810 3828 3112 3899 syllabatim
3154 3831 3349 3886 mirere
3376 3848 3457 3888 ra.

1886 3914 2106 3971 tionem.
2146 3914 2412 3969 Cmferum
2444 3932 2693 3985 pompam
2727 3932 2883 3987 quam
2931 3935 3034 3973 non
3082 3920 3302 3991 habent,
3353 3941 3459 3980 non

1886 4005 2170 4060 docebunt.
2219 4005 2561 4061 Sul‘licicnter
2592 4008 2854 4064 iudicasse
2895 4026 2980 4065 me
3021 4017 3282 4080 ειιειιῑοοτ,
3317 4019 3456 4084 quod

1886 4106 1938 4151 tu
1966 4097 2344 4164 requirendum
2373 4100 2719 4155 exiStimasti.
2756 4100 2940 4155 Simile
2970 4104 3217 4170 quiddam
3251 4106 3380 4160 lacis
3405 4117 3485 4165 et.

1886 4186 1998 4256 ipse
2028 4189 2073 4242 si
2103 4190 2373 4258 proposita
2403 4190 2675 4256 restituas,
2700 4207 2850 4260 mque
2882 4193 3115 4259 diverso,
3148 4210 3265 4263 quae
3305 4211 3457 4264 repe~

1885 4278 2013 4333 teris
2059 4280 2332 4346 expedias.
2368 4280 2604 4347 Namque
2651 4284 2850 4337 eminet
2894 4282 2988 4337 tibi
3020 4286 3269 4339 thematis
3315 4287 3456 4339 cele-

1884 4367 2103 4423 berrimi
2146 4371 2326 4424 votiva
2357 4372 2666 4441 redhibitio,
2699 4374 2815 4428 laus
2860 4374 3106 4429 videlicet
3138 4376 3455 4445 peroranda,

277 4538 298 4563 ⁸
326 4530 655 4612 Adulescenti
694 4530 1033 4612 scholastice.
1066 4534 1199 4589 lluic
1239 4551 1334 4603 per
1366 4537 1569 4612 litteras
1607 4542 1769 4597 inler-
1800 4545 1847 4605 D
1877 4542 1929 4598 in
1957 4552 2349 4612 pentametrum
2382 4548 2607 4602 alterum
2635 4568 2649 4604 :

221 4603 397 4661 roganti
432 4600 519 4667 qni
548 4600 796 4654 dicantur
824 4619 1011 4658 versus
1048 4600 1402 4671 recurrentes,
1430 4611 1535 4661 duo
1569 4626 1755 4667 eorum

220 4682 393 4732 griiera
428 4671 693 4748 proponit.
719 4672 846 4748 Nam
874 4686 963 4748 aut
990 4691 1264 4748 recurrunt
1303 4693 1396 4745 per
1417 4682 1650 4748 singulas
1674 4684 1764 4738 lit-

222 4748 360 4816 teras,
392 4740 544 4816 cujus
564 4743 879 4816 generisest
912 4745 1104 4799 Leonis
1134 4740 1399 4815 Sapientis
1428 4740 1574 4816 quasi
1609 4752 1764 4808 disti-

221 4805 407 4885 chaan
439 4805 621 4885 _‘v.
674 4813 1012 4885 Anthologize
1069 4805 1512 4885 eiiigrsimitiattitn
1551 4805 1765 4879 Graeco-

221 4889 341 4944 rum,
378 4881 526 4951 101
558 4881 662 4936 hoc
694 4884 853 4937 modo
885 4902 899 4937 :

277 4972 413 5054 Σιξφος
443 4972 595 5054 ἐξγιωγι
619 4973 715 5054 ἤδη
746 4973 810 5054 (ἓν
839 4973 960 5036 ἅνω.
996 4983 1141 5054 χαρᾷ
1170 4976 1416 5054 Tituriana,
1444 4983 1570 5054 γελῶ
1596 4986 1660 5039 τὰ

278 5041 430 5107 licet,
456 5041 627 5113 Χέγὼν,
653 5041 712 5099 ἆν
805 5041 1051 5121 ταραχῶἶδ
1076 5041 1203 5115 alia),
1225 5049 1320 5109 ἤδη
1345 5041 1498 5125 ἔγωᾷιε
1526 5057 1694 5125 σοφός.

223 5128 469 5211 Moenum
512 5134 556 5211 si
600 5147 867 5211 retroacto
905 5153 1060 5211 cursu
1102 5156 1130 5192 a
1173 5142 1275 5195 line
1324 5144 1613 5211 relegatur,
1660 5163 1765 5202 non

222 5203 359 5277 motis
384 5204 497 5257 luco
519 5205 707 5261 litteris
732 5207 870 5259 idem
904 5209 1057 5263 redit.
1089 5214 1192 5263 Aut
1221 5229 1314 5277 per
1332 5203 1535 5277 singvula
1562 5203 1764 5273 tantum

220 5272 363 5348 verba
390 5290 402 5324 :
425 5277 560 5355 quod
589 5292 757 5344 genus
788 5278 1068 5355 Diomedes
1091 5292 1143 5334 et
1173 5272 1491 5355 Victorinus,
1515 5286 1601 5352 qui
1626 5272 1762 5355 prin;

220 5347 285 5420 ris
309 5348 509 5408 generis
548 5361 651 5400 llOtl
684 5347 1061 5420 meminerunt,
1088 5354 1390 5420 reciprocos
1414 5347 1636 5408 vocant:
1657 5360 1760 5413 Sed

221 5408 394 5499 horum
427 5431 613 5499 rursus
638 5419 782 5499 _du§c
811 5430 933 5472 sunt
971 5408 1353 5499 s‘uecies.'_Nam
1400 5408 1763 5499 I‘CCIpI'OCi'GI—l

219 5480 275 5567 ad
303 5484 566 5567 epistolam
594 5488 682 5553 II,
711 5490 802 5567 lib.
829 5492 1225 5550 vm.0hservari
1248 5480 1528 5565 ereptum);
1558 5508 1647 5551 aut

220 5549 439 5636 lsingulos
480 5549 686 5636 versus;
706 5549 953 5636 redierint,
999 5573 1106 5615 tum
1153 5549 1365 5632 generis
1413 5549 1767 5636 quidemfui

220 5616 630 5690 ltic’pu-ntanietcr
653 5616 1049 5700 Purpliyria'nus
1075 5650 1088 5686 :

320 5711 541 5766 Ausonia:
567 5718 732 5780 dctus,
760 5727 810 5770 ct
833 5721 912 5770 lux
954 5724 1024 5784 pia
1050 5722 1371 5787 Romulidum,

1987 4636 2296 4686 Romulidum
2317 4639 2393 4700 pia
2419 4638 2523 4698 lux,
2560 4647 2613 4689 et
2636 4639 2786 4690 decus
2803 4641 3055 4693 Ausoniae.

1865 4719 1997 4773 Tum
2020 4719 2237 4784 diversi,
2269 4730 2325 4775 ut
2356 4721 2441 4775 hic
2466 4721 2715 4777 heroicus
2745 4724 3023 4796 Porphyrii
3052 4729 3291 4795 ejusdem
3326 4751 3343 4786 :

1989 4832 2145 4883 Omne
2171 4848 2328 4897 genus
2345 4838 2487 4886 metri
2510 4839 2595 4888 tibi
2617 4851 2856 4902 paugens,
2882 4845 3068 4905 Optime
3094 4845 3269 4909 Basse,

1872 4915 1925 4969 in
1948 4915 2281 4984 Sotadicum,

1999 5031 2148 5081 Basse
2173 5034 2357 5094 Optime
2382 5046 2601 5096 pangcns
2624 5036 2709 5085 tibi
2728 5038 2873 5086 metri
2896 5051 3054 5100 genus
3077 5054 3239 5094 omne.

1875 5134 1982 5207 Aut
2012 5150 2102 5201 per
2136 5144 2306 5189 totum
2338 5136 2546 5207 clegum
2583 5155 2595 5189 :
2627 5138 2784 5207 quale
2812 5152 2895 5194 est
2936 5141 3219 5199 distichum
3249 5148 3455 5204 Sidonii

1873 5206 1940 5259 de
1958 5216 2219 5267 torrente,
2241 5216 2295 5260 et
2318 5207 2418 5261 hoc
2456 5206 2729 5263 Nicode’mi
2781 5210 3109 5268 Ileracleouc
3147 5218 3330 5271 codem
3354 5219 3447 5273 lib.

1872 5291 1919 5330 γι
1950 5275 2288 5344 Antliologia:
2313 5294 2328 5331 :

1974 5389 2225 5469 Πηνελόπη
2247 5431 2261 5456 ,
2290 5389 2522 5469 redeem
2551 5396 2819 5469 φᾷροςχκαί
2848 5396 3064 5469 χλαῖναν
3086 5395 3365 5459 Ὀδυσσεὺς

2079 5458 2327 5532 Ἠνεγκεν,
2360 5458 2570 5532 δολιχήὖ
2595 5458 3118 5538 ἐξανύσαςῖὶτραπὸν.

1870 5549 2021 5617 Quod
2054 5550 2126 5603 ita
2148 5553 2376 5605 recurrit
2404 5569 2415 5603 :

2005 5658 2258 5735 Ἀτρριπὸν
2288 5663 2536 5725 ἐξανύσας
2567 5661 2805 5735 δολιχήν)
2836 5664 3040 5734 ἤνεγκεν
3068 5665 3350 5735 Ὀδυσσεὺς

2086 5730 2294 5785 Χλαῑναν
2320 5736 2396 5785 ναὶ
2426 5741 2581 5802 ecl/)0;
2610 5730 2688 5787 σοὶ
2721 5731 2829 5786 τόδε
2850 5773 2864 5798 ,
2896 5730 3164 5797 [Invalorrm
