3946 6176
177 344 262 402 637

182 554 281 607 sive
319 549 465 618 paria
495 548 771 612 decernat,
801 546 1185 613 praestantioris
1236 545 1505 600 facundia:
1530 547 1742 601 dotibus

184 642 599 698 antecellentem.
649 637 878 709 Sponsio
925 636 1148 705 impleta
1198 643 1320 702 est,
1376 652 1478 690 non
1530 638 1742 704 quidem

186 744 386 797 exacte,
442 730 536 785 sed
581 730 665 785 vel
709 729 987 782 instinter.
1044 725 1176 780 Nam
1207 735 1231 762 ι
1270 729 1565 796 peragratis
1609 727 1745 782 forte

188 826 520 887 ditecesibus,
551 839 672 879 cum
703 822 917 875 domum
944 821 1084 888 veni,
1112 821 1157 875 si
1189 820 1333 890 quod
1365 820 1641 873 schedium
1670 830 1747 873 te-

190 918 524 985 tuerejacens
550 914 808 970 chartulis
838 912 1084 981 putribus
1128 927 1191 966 ac
1233 913 1535 966 veternosis
1576 911 1748 965 conii-

191 1014 435 1071 nebatur,
495 1008 691 1077 raptim
761 1006 1097 1073 coactimque
1168 1004 1455 1057 translator
1524 1003 1748 1057 festinus

192 1100 449 1169 exscripsi,
481 1108 722 1167 tempore
750 1096 974 1150 hiberno
996 1096 1069 1148 nil
1096 1096 1416 1160 retardatus,
1441 1096 1569 1162 quin
1598 1104 1747 1148 actu-

194 1204 291 1247 tum
325 1192 469 1259 jussa
509 1186 865 1255 complerem;
910 1184 1034 1239 licet
1062 1185 1419 1253 antiquarium
1454 1194 1751 1239 moraretur

195 1281 496 1339 insiccabilis
550 1277 675 1349 gelu
720 1276 933 1347 pagina,
983 1285 1038 1331 et
1097 1277 1306 1330 calamo
1358 1276 1543 1330 durior
1582 1284 1749 1343 gutta,

195 1387 337 1444 quam
390 1371 688 1440 iudicasses
733 1367 1162 1435 imprimentibus
1207 1368 1385 1437 digitis
1418 1384 1523 1421 non
1565 1368 1752 1433 ﬂuere,

195 1466 280 1521 sed
305 1464 490 1533 frangi.
518 1463 611 1518 Sic
646 1476 857 1531 quoque
888 1471 1063 1514 tamen
1086 1470 1389 1529 compotem
1420 1460 1581 1515 ofﬁcii
1604 1460 1755 1529 prius

199 1570 343 1626 agere
387 1554 593 1617 curavi,
641 1566 800 1623 quam
856 1551 1234 1606 duodecimum
1278 1561 1541 1614 nostrum,
1597 1566 1754 1620 quem

197 1647 363 1702 Numa:
390 1659 628 1699 mensem
677 1658 771 1697 vos
821 1644 1159 1713 nuncupatis,
1196 1643 1462 1697 Favonius
1507 1644 1634 1698 llatu
1681 1653 1759 1698 te-

198 1753 336 1810 poro,
388 1737 687 1806 pluviisque
732 1736 998 1789 natalibus
1056 1736 1353 1789 maritaret.
1388 1736 1573 1791 Restat
1612 1746 1669 1791 ut
1707 1745 1758 1791 te

196 1833 380 1887 arbitro
410 1848 516 1884 non
554 1845 898 1898 reposcamus
954 1846 1041 1885 res
1082 1832 1302 1884 omnino
1332 1830 1760 1901 disrrcpantissi-
1788 1832 1835 1891 B

197 1937 332 1989 tuas,
394 1922 752 1975 maturitatem
806 1920 1265 1991 celeritatemque.
1334 1921 1463 1977 Nam
1514 1924 1760 1992 quotiens

198 2016 319 2071 liber
342 2013 604 2083 quispiam
646 2012 807 2067 scribi
856 2013 964 2067 cito
999 2013 1239 2081 jubetur,
1289 2030 1396 2067 non
1428 2025 1631 2069 tantum
1663 2022 1762 2069 ho-

197 2120 367 2161 norem
392 2110 600 2172 spectat
619 2110 804 2156 auctor
824 2116 854 2155 a
879 2103 1091 2167 merito,
1116 2112 1371 2171 quantum
1395 2104 1462 2158 ab
1483 2105 1759 2172 obsequio.

198 2197 265 2252 De
284 2196 500 2264 reliquo.
525 2195 648 2264 quia
682 2194 775 2248 tibi
801 2210 972 2265 nuper
992 2195 1056 2249 ad
1079 2195 1348 2250 Gelasium
1379 2198 1547 2251 virum
1571 2208 1651 2252 sat
1669 2197 1764 2252 be-

197 2286 551 2356 nignissimum
566 2286 759 2339 missos
773 2286 1029 2339 iambicos
1042 2286 1306 2355 placuisse
1323 2290 1764 2355 pronuntias,per

199 2382 287 2435 hos
311 2388 360 2435 te
384 2394 595 2449 quoque
620 2378 905 2449 Mitylenaei
938 2378 1117 2447 oppidi
1144 2381 1393 2435 vernulas
1418 2380 1763 2436 munerabor.

364 2552 469 2602 1am
494 2565 583 2614 per
605 2550 845 2600 alternum
869 2551 1073 2612 pelagus
1094 2551 1316 2613 loquendi

368 2615 477 2677 Egit
500 2617 731 2663 audacem
757 2626 864 2661 mea
887 2616 1052 2676 cymba
1079 2626 1306 2674 cursum;

198 2678 348 2751 284
368 2686 723 2751 Ne_c_liipertito
742 2685 900 2733 timuit
918 2686 1102 2733 ﬂuento

430 2745 658 2796 Flectere
676 2745 873 2794 clavum.

368 2806 519 2859 Solvit
536 2815 796 2863 antennas,
818 2806 938 2868 legit
964 2806 1056 2855 alta
1080 2807 1209 2867 Veli,

366 2869 629 2921 Palmulaui
656 2871 789 2929 ponit
810 2882 996 2929 manus,
1020 2876 1167 2929 atque
1189 2871 1412 2919 transtris

368 2931 537 2980 Littori
554 2930 751 2991 junctis,
780 2934 903 2991 petit
922 2930 1235 2979 osculandum

427 2993 592 3041 Saltus
613 3004 831 3039 arenam.

368 3054 627 3103 Mussitans
649 3065 918 3114 quanquam
942 3052 1118 3101 chorus
1135 3054 1406 3103 invidorum

368 3115 548 3166 Prodat
572 3115 710 3161 irritu
742 3116 930 3163 rabiem
954 3118 1145 3172 canino,

368 3177 451 3239 Nil
467 3177 619 3235 palam
641 3188 759 3223 sane
786 3176 1013 3237 loquitur,
1035 3185 1277 3239 pavetque

433 3238 634 3286 Publica
660 3244 851 3296 puncta.

368 3298 643 3347 Verberant
672 3311 901 3359 puppem,
925 3298 1151 3359 quatiunt
1175 3301 1403 3348 car'nam.

369 3360 616 3409 \‘eiitilaiit
635 3372 755 3417 Spou
774 3359 1066 3421 taslateruiii
1091 3362 1342 3421 rotundas,

370 3423 609 3471 Arborem
630 3422 758 3468 circa
784 3420 982 3469 volitant
1002 3421 1210 3472 sinistrze

437 3482 584 3532 Sibila
609 3480 807 3541 linguae.

368 3543 469 3594 Nos
492 3550 658 3592 tamen
679 3555 751 3591 re.
767 3550 863 3592 tam
885 3543 1061 3592 comite
1078 3551 1184 3593 arte
1211 3556 1423 3608 proram,

264 3676 289 3705 ι
316 3666 410 3723 llic
439 3666 701 3737 dimceses
734 3665 912 3737 posuit
958 3679 1075 3737 pro
1102 3664 1413 3737 parochiis:
1445 3664 1765 3719 distinxerat

206 3737 284 3793 lib.
310 3753 402 3802 vn,
431 3739 590 3805 epi~t.
609 3735 641 3787 6
671 3753 683 3787 :
710 3733 853 3787 nulla
869 3736 918 3787 in
937 3733 1178 3789 desolatis
1204 3752 1326 3789 cura
1347 3736 1643 3789 dioecesibus
1665 3752 1762 3804 pa-

205 3810 489 3878 rocliiisque.
526 3807 597 3860 lbi
625 3806 768 3859 enim
818 3806 1092 3878 dioecesim
1131 3820 1204 3878 ea
1238 3807 1455 3878 notione
1501 3806 1636 3878 dixit
1660 3820 1765 3871 qua

208 3878 349 3932 hodie
373 3875 621 3935 sumitur,
646 3890 741 3945 pro
773 3883 880 3929 tota
907 3876 1142 3943 episcopi
1169 3875 1565 3944 iurisdictione.
1593 3875 1763 3929 Inter—

207 3950 313 4001 dum
345 3963 473 4002 vero
502 3948 658 4000 latius
702 3946 991 4013 porrigitur
1035 3947 1102 3999 ad
1145 3946 1403 4015 integram
1434 3947 1759 4014 provinciam

207 4018 595 4087 archiepiscopi,
631 4025 684 4068 ut
718 4015 998 4087 Remensis
1048 4030 1113 4087 ac
1153 4017 1483 4087 Senonensis
1512 4016 1763 4071 diaeresis

208 4088 252 4141 iu
268 4084 526 4142 Chronico
551 4084 835 4139 Flodoardi
861 4100 1002 4138 anno
1019 4084 1143 4156 962.
1162 4085 1271 4140 lino
1294 4092 1454 4141 etiam
1478 4103 1538 4139 ac
1562 4088 1759 4156 prima-

210 4158 267 4211 tis
309 4157 845 4218 administrationem,
876 4171 994 4223 qua:
1026 4155 1222 4208 multas
1268 4155 1574 4225 provincias
1614 4173 1763 4212 com-

211 4228 464 4296 plectitur,
490 4238 547 4280 ut
580 4228 673 4279 lib.
700 4242 748 4278 vt
773 4225 1183 4295 Capitularium,
1212 4236 1267 4280 et
1297 4229 1347 4279 in
1372 4228 1529 4297 epist.
1554 4227 1761 4281 Nicolai

210 4311 345 4367 papa:
373 4300 435 4351 ad
468 4297 778 4351 Mirliaclem
819 4298 947 4363 imp.
989 4297 1376 4365 Nonnunquam
1426 4298 1587 4351 etiam
1631 4314 1763 4351 con-

212 4368 422 4422 trahitur
449 4368 516 4421 ad
538 4367 715 4421 curias
747 4380 839 4419 seu
871 4367 1181 4435 parochias,
1214 4382 1331 4434 quze
1362 4368 1540 4420 multa:
1574 4370 1623 4421 in
1658 4383 1760 4422 una

212 4437 438 4500 dioecesi,
489 4448 544 4491 ut
591 4437 694 4490 hoc
740 4436 876 4500 loco,
916 4445 971 4489 rt
999 4436 1136 4505 apud
1169 4436 1483 4504 Gregorium
1532 4438 1758 4501 Turon.,

216 4506 501 4561 Briratemis
535 4506 762 4560 dioecesi:
803 4505 894 4559 lib.
926 4522 997 4570 tv,
1036 4506 1125 4562 15:
1165 4514 1219 4559 et
1260 4507 1522 4560 dimceses
1561 4508 1764 4561 Ruthe-

212 4580 336 4631 nicm
379 4579 626 4632 Ecc’esiaa
679 4577 922 4648 libavit,
971 4578 1059 4631 58.
1094 4577 1184 4648 Sic
1228 4577 1459 4630 vicissim
1515 4580 1766 4648 parochia

211 4662 343 4716 saepe
393 4664 485 4712 pro
523 4649 732 4715 integra
775 4646 1017 4715 dimeesi,
1053 4656 1109 4700 ut
1150 4646 1471 4717 Vivariensis
1516 4646 1768 4717 parochia

213 4718 372 4771 Adoni
394 4717 702 4782 Viennensi,
738 4726 793 4771 et
839 4719 1241 4787 suessionensis
1283 4716 1545 4773 Rotlialdo
1571 4718 1623 4772 in
1652 4720 1770 4787 epi-

212 4788 335 4840 stola
362 4789 423 4841 ad
450 4788 745 4841 Nicolaum.
778 4786 1158 4855 Capitularium
1190 4787 1325 4841 libro
1346 4788 1534 4843 eodem
1561 4806 1574 4841 :
1602 4786 1773 4844 Unus-

214 4859 408 4927 quisque
441 4859 795 4927 epismporum
820 4858 1000 4928 habent
1025 4875 1131 4911 sua:
1156 4859 1411 4927 parochia:
1448 4870 1767 4928 potestatem.

217 4931 513 4982 lliiicmarus
537 4928 755 4982 Nicolao
781 4945 792 4979 :
821 4927 955 4995 Quia
987 4944 1087 4981 non
1108 4932 1271 4981 solum
1301 4930 1528 4983 diwcesis
1547 4970 1562 4993 ,
1597 4946 1769 4984 verum

215 4998 352 5071 etiam
379 4999 619 5071 parochia
645 5013 756 5071 mea
774 4998 906 5052 inter
932 4997 1033 5051 duo
1054 5014 1211 5068 regna
1231 5000 1321 5051 sub
1351 5001 1544 5071 duobus
1574 5002 1771 5071 regibus

219 5066 407 5121 habetur
433 5070 635 5123 divisa:
664 5068 713 5121 id
745 5077 828 5121 est
849 5109 865 5132 ,
906 5083 1008 5121 noo
1046 5066 1217 5123 solum
1249 5070 1551 5138 provincia,
1584 5066 1769 5125 verum

216 5140 359 5209 etiam
390 5142 728 5209 episcOpatus
757 5138 1053 5192 Remensis.

279 5207 304 5244 ⁸³
329 5207 521 5263 Statua:
558 5207 737 5271 aereae,
765 5217 819 5262 et
854 5210 1181 5275 praefectura:
1216 5208 1451 5263 urbanae.
1491 5210 1598 5265 llas
1629 5211 1770 5266 enim

219 5293 423 5332 coronas
452 5287 631 5340 vocat,
666 5287 723 5331 ut
751 5279 1026 5347 sequentia
1056 5279 1349 5332 declarant.

285 5360 305 5385 ε
334 5349 566 5404 Statuam
612 5348 835 5421 Sidonio
866 5350 1091 5417 positam
1126 5350 1288 5421 fuisse
1318 5349 1415 5402 sub
1444 5350 1605 5421 Avito
1634 5354 1768 5421 Aug.

222 5430 509 5485 argumento
530 5429 636 5481 est.
670 5420 810 5490 quod
843 5430 1034 5473 statua:
1069 5419 1225 5487 hujus
1272 5420 1515 5473 meminit
1556 5420 1607 5473 in
1653 5419 1771 5488 epi-

221 5500 490 5554 grammate
519 5492 585 5545 ad
615 5489 853 5545 Priscum
886 5489 1224 5543 Valerianum
1247 5530 1262 5553 ,
1293 5490 1435 5558 quod
1486 5494 1775 5559 superstite

221 5561 381 5624 Avito,
425 5572 478 5615 et
528 5560 739 5615 calente
766 5559 939 5613 adhuc
966 5559 1269 5629 panegyrici
1311 5564 1589 5625 memoria,
1632 5563 1772 5616 scri-

221 5638 354 5695 ptum
378 5640 551 5699 patet;
599 5632 757 5699 idque
789 5630 952 5683 miror
987 5631 1132 5683 viros
1156 5631 1342 5684 doctos
1374 5647 1478 5684 non
1529 5631 1769 5686 animad-

222 5701 450 5766 vertisse,
482 5703 572 5770 qui
600 5702 698 5755 sub
744 5699 1034 5767 Majoriano
1078 5702 1301 5769 positam
1346 5702 1545 5754 volunt.
1572 5702 1772 5757 Printe-

224 5778 409 5827 ctuer
449 5781 626 5829 autem
653 5772 721 5828 ab
751 5771 1036 5829 Anthemio
1064 5786 1101 5827 ιι
1130 5772 1349 5827 consule
1399 5773 1622 5842 adeptus
1668 5784 1772 5842 cst,

1396 337 1870 395 EPISTOLARUM
1914 339 2041 394 LIB.
2087 339 2177 394 IX.

180 460 390 518 cutibus
440 457 668 527 publicis
718 464 943 510 cancros
994 453 1331 522 eloquentes,
1361 467 1455 507 seu
1485 454 1734 520 diversa,
1767 458 1812 516 Α

1788 3204 1835 3268 C

3300 339 3403 398 633

1972 474 1975 479 <
2026 454 2102 519 Nil
2128 464 2463 506 tumescentes
2484 462 2623 508 veriti
2646 460 2900 519 procellas,

2031 518 2196 584 SlS_I_llll
2233 533 2257 584 ξ
2278 526 2435 577 portu.
2463 521 2488 559 ι)
2512 518 2723 580 gemine
2740 526 2878 584 potiti

2097 578 2287 627 Fronde
2310 578 2533 630 coronae}

2033 640 2323 706 Qpalll‘ﬂlilll
2345 643 2551 706 indulsit
2572 642 2777 705 pepulus
2800 646 3006 706 Quirini,

2038 701 2255 767 ltlattil‘er
2280 702 2356 767 vel
2389 718 2531 767 quam
2557 701 2726 754 tribuit
2748 701 2967 761 senatus,

2034 763 2186 821 Quam
2208 763 2473 822 peritorum
2490 767 2626 816 dedit
2646 770 2765 816 ordo
2779 781 2977 816 consors

2096 824 2299 871 Judicior
2312 841 2407 873 uin.

2039 883 2155 947 Cum
2182 888 2305 934 nieis
2332 890 2440 947 poni
2470 893 2488 917 ε
2516 896 2717 936 statuam
2739 903 3009 947 perennent

2034 946 2196 995 Nerva
2220 947 2455 1007 'l'rajanus
2489 952 2636 997 titulis
2662 951 2870 1007 videret,

2041 1007 2176 1073 Inter
2194 1019 2425 1073 auctores
2445 1019 2699 1073 utriusque
2725 1014 2866 1059 lixam

2101 1069 2432 1119 Riblimheue.

2040 1129 2291 1193 Quamque
2315 1142 2420 1191 post
2447 1137 2574 1182 visits
2596 1146 2744 1193 prope
2772 1146 2868 1193 post
2900 1134 3106 1182 bilustre

2044 1191 2277 1255 Tempus,
2308 1208 2371 1243 aci
2393 1196 2469 1253 epi
2495 1191 2692 1255 capiens
2724 1191 2975 1251 honorem,

2041 1252 2133 1315 Qui
2160 1252 2348 1315 patrum
2372 1252 2435 1304 ac?
2452 1252 2610 1315 plebis
2629 1256 2768 1305 simul
2788 1271 2912 1305 unus
2935 1258 3047 1305 olim

2102 1314 2217 1363 Jura
2243 1318 2499 1367 gubernat.

2046 1374 2231 1427 Praeter
2246 1374 2450 1437 bcroos,
2472 1381 2577 1439 joca
2602 1379 2748 1427 multa
2774 1380 2937 1428 inultis

2041 1446 2200 1511 Texul
2230 1452 2423 1508 pannis:
2449 1451 2618 1505 ilegos
2640 1449 2926 1509 frequenter

2046 1510 2274 1571 Subditos
2295 1514 2429 1558 senis
2453 1512 2659 1571 pedibus
2683 1514 2833 1560 rotavi

2108 1570 2133 1607 ιι
2160 1571 2370 1619 (luminat
2381 1587 2406 1619 e
2432 1570 2561 1621 hino.

2045 1629 2181 1693 Nunc
2205 1645 2290 1691 per
2316 1634 2532 1681 undenas
2550 1634 2767 1693 equitare
2791 1640 2963 1683 suetus

2048 1691 2283 1752 Syllabas,
2306 1693 2395 1742 lusi
2416 1695 2578 1753 celer;
2600 1691 2750 1753 atque
2776 1708 2934 1746 ntetro

2045 1755 2206 1861 Saﬁplt
2230 1768 2286 1801 c0
2310 1756 2490 1805 creber
2514 1757 2689 1815 cecini,
2718 1759 2867 1805 citato

2150 1828 2261 1861 ariis
2282 1818 2458 1861 iambo-

2150 1828 2261 1863 arus
2282 1818 2458 1866 iambo.

2048 1874 2149 1939 Nec
2173 1879 2419 1926 recordari
2445 1892 2574 1939 queo
2591 1885 2767 1937 quanta
2793 1880 3002 1938 quodam

2046 1937 2333 1998 Scripserim
2363 1937 2510 1997 primo
2531 1942 2725 1997 juvenis
2747 1937 2905 1989 calore
2934 1955 2947 1989 :

2004 2002 2008 2009 '
2056 1998 2191 2047 Undi-
2214 2013 2324 2060 pars
2345 2002 2496 2060 major
2519 2005 2701 2049 utinam
2726 2006 2875 2050 taceri

2113 2060 2265 2109 Poss.t
2294 2068 2345 2108 et
2367 2063 2497 2110 ali:li.

2048 2121 2171 2187 Nam
2188 2130 2457 2187 senectutis
2478 2139 2489 2182 ι
2507 2128 2698 2187 ropiore
2724 2130 2872 2183 meta,

2052 2184 2288 2245 Qu'dquiil
2316 2192 2555 2233 extremis
2568 2184 2810 2235 sociantur
2834 2186 2989 2241 annis,

2051 2244 2166 2294 Plus
2190 2244 2358 2306 pudet,
2382 2248 2420 2292 si
2442 2249 2555 2305 quid
2578 2249 2686 2298 leve
2715 2248 2829 2297 lusit
2853 2253 2995 2302 tetas,

2113 2306 2249 2353 Nunc
2268 2309 2530 2356 reniiuiSi-i.

2052 2368 2187 2431 Quod
2212 2370 2609 2431 perhorrescens,
2636 2370 2694 2419 ad
2716 2370 3026 2431 epistolarnm

2049 2428 2293 2478 Transtuli
2320 2430 2496 2476 cultum
2517 2446 2676 2491 genus
2699 2428 2790 2479 onti
2814 2446 2843 2481 e
2868 2442 3031 2479 cum:

2052 2491 2135 2553 Ne,
2151 2503 2265 2538 reus
2288 2498 2427 2538 cantu
2454 2494 2800 2553 petulantiore,

2115 2552 2214 2599 Sim
2233 2564 2349 2599 rcus
2372 2560 2497 2601 actu.

2052 2611 2158 2681 Neu
2186 2620 2326 2681 puter
2348 2614 2465 2681 solvi
2490 2628 2789 2681 peramoena
2815 2614 2960 2681 dii-ta,

2053 2674 2259 2735 schema
2284 2676 2322 2718 si
2353 2674 2534 2723 ι·Ιι²ι·ιίε
2555 2675 2875 2735 phalerasque
2895 2675 3094 2735 jungam
3119 2686 3135 2724 :

2054 2734 2225 2797 Cli_-rici
2258 2747 2319 2782 ne
2344 2738 2455 2793 quid
2480 2750 2567 2785 nia.
2585 2736 2688 2785 ulet
2708 2734 2922 2797 rigerem

2118 2795 2256 2842 Fatua
2282 2805 2455 2854 ιιοριιε.

2055 2856 2280 2920 Denique
2303 2858 2362 2904 ad
2379 2858 2580 2918 quodvis
2604 2859 2898 2920 epigramma
2926 2856 3122 2917 losthac

2052 2918 2159 2980 Non
2182 2918 2310 2965 ferar
2333 2932 2527 2979 pronus,
2549 2918 2823 2980 teneroque
2848 2929 3025 2976 metro,

2055 2978 2150 3042 vel
2174 2978 2341 3040 gravi,
2354 2981 2535 3029 nullum
2558 2984 2654 3030 cito
2677 2978 2823 3042 cogar
2848 2982 3027 3031 exhinc

2121 3040 2354 3089 l’rooiere
2369 3055 2582 3091 carmen.

2058 3102 2439 3151 Persecutorum
2460 3106 2549 3151 nisi
2572 3106 2867 3163 qiimstiones

2055 3164 2275 3227 Forsitan
2299 3165 2471 3221 dicam,
2498 3170 2794 3227 meritosque
2814 3166 2987 3213 ett-litat
3036 3193 3061 3203 ο

2054 3225 2294 3290 Martyres
2310 3230 2476 3275 mortis
2500 3228 2657 3289 pretio
2680 3225 2871 3290 parasse

2119 3288 2320 3335 Pra'mia
2353 3290 2480 3335 vitze.

1870 3349 2033 3420 286
2057 3356 2095 3405 E
2118 3359 2295 3414 quibus
2317 3361 2518 3415 primum
2541 3360 2653 3405 mihi
2691 3358 2857 3418 psallat
2882 3360 3084 3419 hymnus

2060 3420 2083 3446 θ
2103 3419 2193 3466 Οιιί
2214 3418 2487 3466 Tolosatem
2514 3423 2672 3466 tenuit
2697 3420 2997 3466 cathedram.

2069 3420 2083 3446 ³
2103 3419 2193 3465 Oui
2214 3419 2487 3465 Tolosatem
2514 3423 2672 3465 tenuit
2697 3420 2910 3465 ratlteilr:

2060 3420 2083 3446 θ
2103 3419 2193 3475 Qui
2214 3419 2487 3467 'l'olosatem
2514 3423 2672 3467 tenuit
2697 3420 2997 3480 cathedram,

2059 3479 2140 3542 De
2156 3481 2306 3537 gradu
2324 3493 2508 3527 summo
2530 3480 2703 3542 capitol
2725 3492 2864 3527 orum

2116 3540 2498 3601 Praecipitatum,

1873 3676 1995 3718 cum
2021 3661 2243 3716 Romam
2277 3664 2466 3716 iterum
2493 3665 2747 3726 viinisset,
2774 3672 2889 3731 post
2928 3678 3098 3717 annos
3126 3663 3340 3718 circiter
3358 3663 3454 3715 de-

1873 3749 2014 3797 cem,
2042 3734 2181 3800 quod
2213 3744 2295 3787 est
2321 3733 2541 3788 Sidonio
2564 3775 2578 3798 ,
2622 3734 2833 3802 tempus
2864 3750 3027 3802 prope
3054 3745 3173 3802 post
3204 3734 3442 3793 bilustre.

1874 3804 2105 3857 Rursum
2133 3804 2328 3871 duplici
2380 3813 2548 3858 statua
2599 3806 2852 3858 donatum
2899 3805 3201 3871 Sidonium,
3245 3819 3347 3857 una
3394 3804 3449 3858 in

1872 3873 2080 3936 Graeca,
2126 3874 2290 3927 altera
2323 3874 2372 3927 in
2408 3875 2589 3928 Latina
2621 3876 2964 3933 bibliotheca.
2994 3876 3201 3930 censuit
3231 3876 3446 3940 elegan-

1871 3944 2107 3997 tissimus
2147 3944 2361 4012 Lipsius
2397 3946 2548 4015 103
2578 3961 2696 4015 cap.
2732 3947 2797 4000 It)
2827 3947 2893 3999 de
2936 3944 3293 4015 bibliothecis.
3323 3944 3447 3998 Milti

1870 4028 2056 4069 auctor
2086 4025 2165 4069 est
2194 4014 2479 4081 Sidonius,
2509 4014 2612 4070 non
2648 4014 2829 4069 solum
2859 4016 2959 4070 hoc
2987 4016 3122 4073 loco.
3154 4014 3247 4068 sed
3274 4016 3323 4066 in
3355 4029 3449 4067 eo-

1871 4083 1993 4139 deni
2021 4086 2182 4139 etiatn
2210 4088 2450 4140 carmine
2494 4087 2560 4140 ad
2591 4086 2956 4146 Valetianum,
2990 4088 3196 4138 unicam
3242 4084 3445 4137 fuisse:

1872 4155 1923 4208 in
1959 4157 2161 4227 porticu
2191 4156 2462 4223 nimirum,
2486 4172 2587 4227 qua
2621 4158 2721 4210 iter
2745 4155 2812 4209 ad
2853 4164 3135 4224 utramque
3164 4152 3447 4206 bibliothe-

1871 4240 2009 4279 cam.
2042 4225 2133 4279 Sic
2154 4228 2296 4281 enim
2324 4229 2436 4281 ait:

1991 4316 2253 4381 Nilgvatum
2269 4320 2467 4381 prodest
2488 4320 2726 4378 adjectum
2752 4316 2976 4367 laudibus
2999 4314 3139 4375 illud,

2054 4379 2193 4443 Ulpia
2216 4379 2344 4442 quod
2364 4382 2524 4431 rutilat.
2545 4385 2756 4443 porticus
2793 4393 2895 4428 tere
2918 4391 3048 4427 meo.

1944 4462 1971 4499 α
2006 4463 2217 4532 Alioqui
2250 4463 2498 4517 vitiosum
2532 4473 2615 4517 est
2659 4458 3224 4532 pentametrum,_nisi_
3251 4454 3449 4532 dup_lici

1799 4529 1847 4589 D
1877 4526 2393 4593 commate-constet,
2444 4526 2670 4601 quorum
2702 4531 2831 4599 parti
2865 4532 2954 4594 sit,
3003 4538 3057 4581 nt
3087 4526 3448 4601 loquiiur_Te-

1876 4605 2172 4666 reutiaous,
2222 4602 2342 4656 ﬁnis
2370 4598 2581 4671 utrique
2610 4598 2757 4656 suus.
2807 4602 2948 4653 Idem
2983 4602 3117 4671 hunc
3148 4598 3450 4671 improbat:

1878 4672 2022 4725 Inter
2054 4682 2247 4726 nostros
2284 4667 2716 4741 gentilis-oberrat
2745 4688 2927 4741 equus.
2972 4668 3238 4741 quiarcola
3280 4667 3448 4741 divisa

1879 4758 1981 4796 non
2013 4744 2204 4797 habet:
2227 4740 2645 4810 etlleplia-stion
2676 4740 3172 4805 illuiiiCalliniachi,
3204 4740 3335 4811 ἰερὰ
3361 4745 3449 4790 viii

1875 4812 1929 4868 δὲ
1958 4812 2317 4889 διρσκουρςδεω
2341 4818 2534 4889 ﬂuit-iri.

1952 4892 1975 4920 ε
2006 4875 2362 4937 δειυτὶιίιιυιιι
2390 4885 2615 4947 primum
2661 4881 2968 4935 Tolosatnm
3011 4878 3322 4931 antistitem.
3355 4875 3453 4931 Sa-

1880 4954 2078 5007 turnini
2116 4969 2307 5007 nomen
2356 4954 2639 5020 respuebat
2665 4951 2819 5005 metri
2871 4952 3027 5015 ratio,
3077 4949 3169 5003 sed
3200 4948 3455 5001 carminis

1880 5025 2050 5087 legem
2077 5034 2297 5090 spreVit,
2350 5040 2415 5076 no
2442 5023 2613 5076 sancti
2653 5024 2749 5075 viri
2782 5021 3092 5074 memoriam
3135 5020 3451 5090 praeteriret.

1880 5094 2032 5160 Quod
2064 5088 2233 5162 ipsum
2266 5088 2316 5147 in
2364 5093 2667 5162 ltojusmodi
2701 5088 3224 5162 nominibnsAcausati
3256 5089 3453 5162 passim

1882 5159 2052 5233 porta-
2085 5159 2106 5217 ἐ
2137 5176 2195 5217 ιιι
2226 5164 2278 5217 in
2310 5164 2415 5218 alio
2437 5159 2683 5232 ejusdem
2727 5161 2956 5215 nominis
2994 5159 3296 5233 Saturnino
3326 5159 3457 5233 Pru-

1880 5228 2089 5287 dentius
2142 5236 2193 5287 in
2251 5228 2512 5304 martyres
2557 5234 3094 5304 Cmsziraiigustanos,
3151 5229 3205 5282 iit
3258 5228 3457 5304 Earum

1881 5304 2133 5358 Martialis
2165 5305 2253 5356 lib.
2291 5320 2363 5369 ix,
2390 5295 2483 5365 '12,
2508 5305 2559 5356 in
2588 5295 2859 5371 pariantlio
2884 5300 3255 5355 Terentianus.
3287 5295 3456 5350 Vetus

1879 5375 2203 5443 epitaphium
2228 5376 2409 5429 Romae
2433 5373 2631 5443 duplici
2659 5372 2895 5428 licentia.

1984 5516 2172 5587 Φιλήτῳ
2192 5514 2302 5569 τόδε
2334 5523 2475 5587 σῆμα
2502 5517 2849 5587 κατοιχομένῳ
2876 5511 3162 5587 σννομεύνῳ

1888 5654 1930 5709 ΙΙ
2099 5582 2437 5645 ’Ᾰϐασκαντῖς
2463 5582 2661 5659 γαμετή
2690 5582 3010 5655 μνημοσύνης
3034 5582 3214 5633 ἕνεκεν.

1936 5670 2000 5709 00
2030 5666 2151 5708 est:

1936 5670 2000 5710 OC
2030 5666 2151 5708 εειι

2002 5724 2198 5775 Phileto
2217 5726 2343 5775 hunc
2367 5732 2417 5773 tti
2440 5725 2605 5773 nulum
2630 5722 2856 5771 ilel'unrto
2874 5728 3032 5768 morte
3056 5716 3232 5768 maria

2064 5789 2347 5838 Abascautis
2368 5790 2575 5850 comunt:
2598 5786 2723 5847 grati
2752 5787 2897 5833 animi
2915 5783 3087 5832 ollicio.

3468 4693 3480 4791 l
