3946 6176
152 288 234 341 6H

152 398 403 466 Principis,
435 405 526 449 aut
556 410 731 450 rerum
760 396 947 450 credas
975 396 1237 453 elementa
1268 399 1490 453 moveri.

151 493 219 546 Nil
244 500 417 564 natura
446 499 607 543 novat
639 506 650 542 :
681 490 759 543 sol
793 491 878 544 hic
904 506 1117 561 quoque
1148 496 1290 547 venit
1317 495 1385 546 ab
1414 504 1553 546 ortu.

151 586 232 639 llic
254 594 347 647 est,
375 599 407 635 o
438 598 709 651 proceies,
740 591 766 619 ι
797 584 943 653 petiit
974 600 1130 653 quem
1162 583 1385 638 llomula
1416 587 1605 647 virtus,

150 678 200 730 Et
227 691 375 745 quem
398 686 575 730 veSIer
600 690 751 729 amor
781 692 792 727 :
823 678 906 729 cui
938 691 996 729 se
1024 691 1123 730 ceu
1152 678 1287 730 victa
1319 678 1592 746 procellis,

149 774 297 837 Atque
324 782 513 823 carens
544 776 752 823 rectore
778 770 927 831 ratis,
957 768 1252 837 respublica
1283 769 1501 824 fractam

148 860 319 923 Intulit,
348 866 402 913 ut
423 859 584 928 digno
612 860 802 913 melius
830 858 1089 915 ﬂectenda
1118 861 1394 925 magistro,

147 952 209 1005 Ne
230 960 580 1019 tempestates,
609 949 636 988 ιι
668 966 734 1005 ne
764 960 835 1015 te,
866 952 1055 1021 pirata,
1089 952 1319 1008 timeret.

146 1045 209 1098 Te
238 1058 381 1112 prece
408 1043 639 1097 ruricola
666 1044 912 1114 expetiit,
944 1053 994 1099 te
1026 1044 1465 1113 fatderejunctus

146 1136 375 1198 ASSClISti,
407 1143 457 1187 te
485 1146 658 1188 casira
692 1135 850 1198 tubis,
886 1146 937 1189 te
966 1137 1115 1189 curia
1146 1137 1358 1205 plausu.

146 1225 208 1277 Te
235 1224 434 1293 punctis
462 1225 728 1292 scripsere
760 1225 947 1289 tribus,
977 1228 1286 1295 collegaque
1319 1227 1461 1280 misit

146 1318 206 1370 Te
230 1318 391 1381 nobis,
421 1332 750 1387 regnumque
783 1318 904 1383 tibi;
946 1319 1195 1388 siilfragia
1230 1331 1303 1373 tot
1333 1332 1479 1384 sunt,

144 1408 322 1471 Quanta
360 1408 485 1476 legit
518 1408 749 1462 mundus
776 1427 787 1460 :
814 1408 1003 1473 fateor,
1040 1410 1419 1478 trepidavimus
1449 1428 1655 1476 omnes,

144 1498 206 1551 Ne
228 1499 378 1551 vellet
407 1498 607 1567 collega
640 1500 759 1567 pius
785 1501 1093 1565 permittere
1122 1509 1245 1555 voto

143 1589 331 1645 Publici
364 1599 483 1643 vota
516 1601 639 1655 tuo;
684 1590 866 1645 credet
892 1601 1111 1647 ventura
1146 1607 1401 1662 prepago,

143 1680 188 1733 lu
216 1695 303 1733 lll'S
332 1687 387 1733 ut
415 1681 638 1749 possint,
673 1681 939 1751 princeps,
971 1683 1048 1738 sic
1074 1695 1261 1739 cuncta
1290 1686 1469 1753 licere,

146 1778 207 1829 lle
234 1785 280 1829 le
310 1790 412 1829 non
447 1784 615 1830 totum
649 1776 796 1831 licuit
829 1777 941 1831 tibi.
987 1778 1146 1834 Facta
1180 1781 1415 1849 priorum

142 1866 433 1934 Exsuperas,
465 1869 700 1937 Auguste
722 1867 862 1934 Leo;
909 1885 1030 1925 nam
1062 1887 1219 1941 regna
1249 1885 1519 1942 superstat

141 1958 221 2023 Qui
251 1973 467 2026 regnare
488 1958 668 2027 jubet;
702 1959 892 2015 melius
923 1962 1221 2030 respublica
1249 1973 1424 2019 vestra

140 2048 270 2102 Nunc
303 2050 402 2103 erit
431 2064 535 2103 una
567 2053 755 2120 magis,
790 2066 907 2121 qttze
933 2051 1011 2108 sic
1039 2062 1123 2108 est
1150 2052 1285 2110 facta
1317 2055 1565 2113 duorum.

196 2140 340 2194 Salve
369 2151 700 2209 sceptrorum
731 2143 1011 2210 columen,
1042 2143 1227 2213 regina
1258 2146 1511 2214 Orientis,

142 2242 159 2267 ε
183 2232 322 2285 Orbis
346 2231 510 2285 Roma
542 2233 637 2296 tui,
665 2249 842 2287 rerum
876 2233 1001 2287 mihi
1024 2235 1264 2304 principe
1291 2236 1473 2302 missi,

143 2320 235 2374 iam
264 2338 363 2375 non
393 2319 418 2358 ἀ
442 2321 558 2376 Εοο
585 2323 756 2376 solum
791 2324 1087 2378 veneranda
1115 2326 1295 2394 quiriti

140 2411 325 2482 Imperii
353 2413 541 2477 sedes;
575 2414 668 2468 sed
701 2414 819 2482 plus
849 2416 1099 2481 pretiosa,
1133 2418 1271 2486 quod
1304 2428 1484 2475 exstas

197 2634 218 2660 ο
234 2623 526 2697 Legationis
540 2638 641 2691 qna
664 2623 907 2689 Romani,
929 2636 1139 2681 mortuo
1154 2626 1375 2686 Severo.
1394 2626 1688 2697 principem

138 2695 336 2769 aLeone
357 2694 713 2769 postularunt,
734 2697 971 2769 meminit
993 2698 1244 2767 Evagrius
1268 2699 1362 2753 lib.
1384 2694 1442 2764 tt,
1464 2694 1583 2769 cap.‘
1604 2700 1689 2755 16:

139 2767 204 2819 ἐκ
243 2763 519 2843 πρεάϐείας
574 2763 628 2819 δὲ
684 2773 782 2821 τῶν
830 2763 1415 2843 ξσπςρίωνἿΡω-μταίων-
1454 2763 1693 2842 ’Δνίὶέμιος

151 2792 204 2819 ικ
244 2792 519 2843 πρεσοειας
574 2792 628 2819 οε
684 2792 782 2821 των
832 2792 1080 2841 εσπεριων
1142 2792 1230 2822 ‘l’m
1274 2792 1395 2823 αιων
1457 2792 1693 2842 ’Δννεμιος

138 2838 355 2909 faciatis);
393 2843 485 2895 τῆς
520 2844 775 2909 Ῥῳμαίων
821 2839 1154 2909 ἐκπέμπεται.
1212 2792 1568 2907 Ίειὴϐοριιθηεδ
1602 2852 1693 2903 τῆς

139 2908 394 2979 mydrer
419 2906 720 2981 πρεσᾷεὶαν,
748 2906 964 2981 senatus
992 2911 1305 2981 legationem
1332 2906 1507 2981 vocat.
1538 2910 1694 2965 Dela-

140 2977 229 3030 tmn
265 2977 470 3030 autem'
495 2992 522 3028 a
564 2977 743 3031 Leone
773 2979 1049 3045 imperium
1095 2979 1383 3033 Anthemio
1429 2989 1692 3036 testantur

138 3063 315 3112 omnes,
355 3057 408 3101 et
441 3045 551 3102 Leo
592 3047 704 3114 ipse
742 3048 792 3101 in
836 3039 1044 3103 novella
1079 3049 1154 3102 De
1182 3051 1324 3103 bonis
1358 3052 1652 3106 vacantibus
1681 3039 1766 3106 :C

139 3120 209 3171 iilii
244 3128 295 3171 et
345 3119 529 3190 lilium
559 3118 713 3189 105
754 3133 907 3171 suum
958 3136 1018 3172 ea
1051 3133 1231 3184 Causa,
1274 3120 1414 3189 quod
1446 3137 1692 3190 purpura:

138 3200 293 3241 unctor
342 3189 417 3241 illi
464 3189 667 3252 luisset,
717 3190 956 3242 nominat
1002 3190 1367 3245 Anthemium.
1425 3189 1559 3246 Hinc
1604 3193 1691 3245 illa

139 3273 390 3328 utriusque
439 3258 692 3330 principis
738 3259 1047 3323 concordia,
1092 3276 1249 3329 quant
1297 3270 1408 3314 toto
1448 3274 1692 3330 poemate

141 3331 415 3401 praedicat:
450 3328 706 3401 cujuSqne
751 3330 905 3381 index
951 3328 1144 3401 aureus
1192 3328 1461 3399 nummus,
1503 3332 1691 3401 inquo

141 3401 227 3454 Leo
266 3412 315 3454 et
366 3400 683 3453 Anthemius
729 3401 994 3453 consertis
1039 3400 1179 3455 inter
1221 3416 1281 3456 se
1329 3400 1611 3467 manibus,
1638 3416 1693 3458 et

141 3471 267 3523 l’acis
295 3486 494 3523 nUlltCll
529 3469 839 3536 ascriptum.
892 3509 895 3511 -

194 3540 217 3577 δ
244 3542 311 3594 De
343 3540 637 3594 Geiiserico
670 3539 1027 3595 V’andalorum
1071 3556 1215 3609 rege,
1252 3556 1411 3609 quem
1442 3542 1689 3610 piratam,

141 3611 446 3679 pra-donem,
478 3610 736 3664 latronem
768 3611 1036 3678 appellare
1066 3614 1223 3665 solet.

198 3692 216 3720 ε
241 3683 621 3734 Constantinus
646 3696 765 3735 cuin
798 3683 981 3733 urbem
1007 3697 1036 3734 a
1062 3697 1121 3736 se
1145 3681 1410 3735 conditam
1442 3684 1692 3739 omnibus

140 3754 446 3806 ornamentis
483 3754 669 3805 Itonia:
716 3760 1001 3820 asquaSSet,
1052 3758 1192 3821 quod
1243 3753 1500 3819 ri-liquinn
1550 3767 1688 3817 erat,

141 3823 225 3876 lita
270 3826 386 3891 lege
434 3822 647 3889 adjecit,
700 3831 758 3875 ut
800 3823 1291 3892 Constantinopolis
1341 3838 1474 3877 nova
1524 3824 1691 3879 “Uilla

140 3894 403 3963 diceretur,
453 3901 511 3945 ut
554 3902 734 3945 narrat
770 3893 1017 3947 Socrates
1064 3895 1154 3948 ιιι».
1197 3909 1211 3947 l
1261 3895 1417 3959 llist.,
1454 3909 1574 3963 cap.
1603 3896 1688 3949 12.

141 3962 329 4017 Certant
356 3964 555 4017 exinde
590 3964 877 4033 scriptores
920 3966 970 4017 in
1019 3964 1295 4033 utriusque
1323 3962 1689 4020 Romaa’com-

142 4049 404 4100 paraiioue.
436 4033 641 4098 Gregor
664 4050 721 4086 ns
753 4032 1112 4088 Nazianzenus
1143 4032 1461 4090 in’carmine
1484 4037 1550 4090 de
1573 4037 1690 4092 Vita

140 4121 235 4169 sua,
283 4107 417 4159 adeo
468 4104 701 4172 :cquals
753 4107 895 4167 lacit,
948 4118 1002 4158 ut
1049 4107 1150 4158 situ
1203 4115 1408 4159 tantum
1457 4121 1520 4162 ac
1577 4112 1691 4162 loco

142 4176 418 4244 discrepare
447 4176 608 4228 ilicat.
643 4172 881 4228 Julianus
913 4191 1037 4228 vero
1064 4176 1335 4245 Augiisnis
1366 4179 1415 4230 in
1444 4180 1692 4234 encomio

141 4245 406 4299 Constantii
465 4261 654 4297 novam
705 4247 868 4299 veteri
922 4248 1077 4314 longe
1126 4255 1416 4315 postponit.
1467 4250 1687 4313 Πόλιντε,

142 4315 311 4387 intimi,
351 4320 613 4387 ἐπώνυμον
638 4319 789 4387 αὐτξύ
824 4320 1136 4374 κατέστησεν
1162 4321 1211 4370 ἐν
1236 4316 1351 4372 οὐδέ
1380 4319 1510 4378 ὅλοις
1551 4320 1691 4375 ἔτεσι

142 4382 261 4451 δέξαι,
302 4382 536 4457 τοσαύτῴ
583 4394 682 4459 τῶν
724 4384 882 4459 ᾅλλων
928 4387 1415 4459 ἁίπασῶν-μεὶζονκ,
1457 4389 1560 4459 ὅσῳ
1608 4400 1691 4450 τῆς

144 4460 300 4526 Ῥώμης
349 4456 685 4540 ἑλαττὸῦςῦαι
736 4456 897 4520 δοκεῖ,
946 4458 1003 4518 ἧς
1043 4461 1100 4543 τί)
1155 4456 1388 4543 denegem:
1441 4456 1691 4543 τετάχθαι

145 4537 292 4602 μακρῷ
332 4529 523 4597 βέλτιον
568 4528 736 4600 ἔμοιγε
766 4533 990 4601 φαίνεται
1015 4570 1029 4593 ,
1070 4530 1098 4588 ἡ
1137 4538 1236 4583 τῶν
1277 4528 1435 4584 ἄλλων
1476 4528 1690 4586 ἁπὰσῶν

144 4602 315 4671 μείζονα
363 4605 450 4653 καὶ
496 4604 702 4671 πρώτην
740 4602 1048 4669 νομίζεσθαι.

198 4666 220 4704 ἀ
262 4671 381 4723 ηερε
431 4666 583 4723 vetus
632 4682 684 4720 et
729 4666 855 4723 vera
909 4672 1084 4730 lCClitI,
1136 4685 1232 4724 nec
1284 4671 1443 4723 aliam
1493 4672 1689 4737 patitur

144 4750 322 4802 sensu-,
344 4747 438 4793 aut
465 4749 730 4794 Structura
759 4743 1033 4793 orationis.
1067 4740 1195 4793 Nam
1223 4742 1266 4794 si
1293 4742 1492 4807 Quirini
1521 4742 1685 4810 legas,

144 4812 258 4881 quini
298 4826 410 4863 viro
448 4815 608 4864 docto
639 4811 856 4877 placuit,
903 4811 1168 4864 sententia
1212 4822 1592 4881 coirumpztur,
1636 4822 1690 4867 et

144 4880 187 4930 τὸ
212 4879 694 4955 Εοοᾼὰσυνάρτητον
722 4888 922 4955 manet.
955 4882 1094 4955 [Quos
1124 4898 1250 4955 ergo
1271 4879 1513 4955 Quirites
1538 4893 1689 4955 vocat

143 4960 263 5004 cnes
298 4949 933 5019 Constai'itinopolitanos.
979 4949 1233 5019 Sequitur
1278 4956 1440 5018 enim,
1473 4954 1517 5008 si
1543 4954 1690 5008 Con-

201 5102 326 5157 ‘a‘ic
370 5103 675 5173 legendum,
725 5119 829 5156 non
871 5102 1171 5169 Chalcidici,
1214 5104 1300 5160 hic
1345 5117 1527 5161 monet
1573 5106 1688 5162 Sir-

142 5176 365 5243 mondus.
440 5178 510 5227 At
574 5173 885 5227 lleribertus
934 5174 1264 5243 Hosweydus
1332 5178 1383 5230 in
1435 5180 1573 5231 notis
1619 5178 1685 5231 ad

142 5240 189 5293 S.
212 5243 502 5303 Paulinum.
556 5259 673 5312 pag.
706 5248 830 5298 860.
888 5263 906 5296 ι
961 5240 1269 5313 ιὶυοθμῖίιιη,
1316 5246 1507 5315 inquit,
1556 5253 1688 5301 scri-

143 5323 351 5376 ptionem
385 5327 602 5369 tuentur
630 5328 816 5384 omnis
842 5315 1131 5383 scriptores
1161 5317 1380 5384 antiqui,
1412 5327 1467 5371 et
1491 5318 1689 5371 diserte

140 5386 419 5451 Stephanus
445 5389 497 5438 in
528 5383 830 5459 Καρχηδὼν.
864 5386 969 5440 Nec
998 5400 1212 5439 movere
1240 5383 1687 5459 multumidebent

142 5465 325 5506 vetusta
377 5458 736 5525 exeiiiplai-ia.
797 5472 916 5509 ium
977 5468 1125 5509 certo
1173 5465 1384 5509 constet
1433 5458 1687 5524 pleraque

142 5531 332 5578 nomina
357 5543 471 5594 quae
497 5529 528 5577 li
553 5528 858 5593 adjunctuin
886 5527 1099 5585 habent.
1124 5526 1479 5580 diversimode
1501 5528 1684 5591 sciibi,

131 5597 179 5665 ὀῖ
207 5594 402 5666 ’tsa'pc
431 5609 724 5666 transponi.
757 5597 845 5651 Sic
880 5598 1116 5649 invenias
1152 5597 1311 5666 etiam
1350 5598 1401 5649 in
1433 5598 1687 5650 vetustis-

140 5664 272 5736 fjtllis
331 5664 722 5736 exemplaribus
769 5667 1022 5736 Cltartago
1076 5680 1172 5734 pro
1216 5665 1507 5736 Carthago;
1564 5678 1687 5722 item

135 5724 318 5798 Phylen
369 5752 462 5804 pro
489 5724 731 5806 't’giliim;
762 5737 838 5791 sic
856 5746 908 5791 ct
939 5724 1209 5790 Cnet-intus
1259 5752 1355 5807 pro
1385 5724 1686 5803 Cernit/ius;

1593 284 1918 350 canutxs.

1726 402 1772 457 Α
1806 396 2013 462 Imperii
2057 399 2306 465 genitrix.
2358 399 2671 470 lihodopem
2701 416 2819 468 qun
2851 410 3028 470 portat
3053 409 3109 458 et
3136 402 3385 472 Remum,

3287 300 3391 350 ηεξ

1809 490 1971 560 290
1999 489 2262 543 Thracum
2294 500 2435 544 terra
2466 501 2553 545 tua
2586 503 2690 555 est,
2725 493 2948 549 heroum
2977 494 3171 553 fertilis
3199 513 3317 555 ora.

1808 581 2018 652 Excipit
2047 583 2133 638 hic
2162 593 2317 638 natos
2345 584 2567 651 glacies,
2601 596 2655 639 et
2693 586 2880 640 matris
2916 587 2985 642 ab
3013 588 3136 645 alvo

1805 672 1968 727 Artus
1999 672 2262 728 infantum
2295 674 2485 729 molles
2514 675 2606 728 nix
2639 674 2804 729 civica
2836 677 3010 732 durat.

1806 762 2030 818 Pectore
2059 765 2146 818 vix
2174 765 2337 819 alitur
2366 768 2667 835 quisquam,
2698 767 2793 822 sed
2824 769 2892 822 ab
2922 770 3086 824 ubere
3117 779 3340 835 tractos,

1805 853 1929 908 Plus
1958 863 2104 922 potat
2132 871 2225 924 per
2255 857 2442 913 vulnus
2473 874 2669 927 equum
2705 876 2717 911 :
2749 860 2827 914 sic
2856 860 2992 914 lacte
3025 861 3239 925 relicto,

1805 943 2061 1000 Virtutem
2093 962 2221 1016 gens
2249 957 2356 1002 tota
2389 949 2544 1014 bibit;
2589 966 2810 1005 crevere
2837 968 3143 1019 parumper,

1802 1035 1921 1089 Mox
1953 1052 2179 1106 pugnam
2213 1039 2403 1093 ludunt
2424 1039 2648 1109 jaculis;
2688 1040 2785 1095 hos
2813 1045 3049 1111 suggerit
3080 1045 3186 1098 illis

1798 1126 1987 1182 Nutrix
2020 1129 2167 1197 plaga
2196 1131 2373 1200 jocos;
2408 1133 2554 1201 pueri
2587 1135 2863 1188 venatibus
2890 1135 3023 1202 apti,

1803 1216 1988 1270 Lustra
2022 1220 2147 1274 feris
2178 1231 2436 1285 v.icuant;
2478 1233 2629 1291 rapto
2654 1225 2817 1277 ditata
2848 1226 3099 1291 juventus

1799 1307 1923 1360 Jura
1967 1310 2095 1362 colit
2124 1311 2317 1380 gladii;
2362 1323 2893 1382 consuiiimatamqne
2931 1324 3200 1369 senectam

1798 1397 1912 1453 Non
1948 1400 2091 1456 ferro
2128 1403 2283 1458 linire
2317 1406 2477 1472 pudet
2509 1422 2521 1457 :
2557 1406 2644 1459 tali
2677 1407 2870 1461 ordine
2899 1408 3020 1460 vitae

1799 1495 1953 1548 (lives
1983 1495 2166 1551 Martis
2192 1506 2377 1566 agunt.
2420 1499 2489 1551 At
2519 1508 2571 1551 tu
2599 1498 2908 1552 circumﬂua
2942 1510 3105 1567 ponto

1803 1585 2026 1655 Europa:
2056 1598 2217 1656 atque
2247 1590 2387 1643 A~iaa
2408 1630 2423 1653 ,
2454 1590 2796 1644 commissam
2836 1591 3010 1659 carpis
3042 1592 3215 1661 utrinq
3258 1608 3287 1646 c

1800 1677 2165 1746 Temperiem;
2216 1695 2337 1733 nam
2370 1681 2634 1735 Bistonios
2664 1681 2940 1751 Aquilonis
2980 1682 3158 1737 hiatus

1723 1771 1768 1830 B
1802 1769 2049 1823 Proxima
2082 1779 2105 1807 ε
2139 1772 2153 1801 ¹
2186 1769 2456 1826 Cachidici
2485 1772 2682 1827 sensim
2712 1773 2835 1827 tuba
2870 1783 3127 1842 temperat
3152 1774 3303 1829 Euri.

1798 1857 2007 1914 interea
2049 1870 2100 1915 te
2129 1861 2261 1916 Susa
2297 1870 2556 1925 tremunt,
2584 1879 2647 1919 ac
2675 1865 2911 1931 supplice
2937 1867 3081 1921 cultii

1797 1948 1988 2004 FleCtit
2015 1951 2389 2006 Achaemenius
2420 1953 2655 2006 lunatum
2686 1953 2847 2008 Persa
2880 1956 3088 2007 tiaram.

1750 2070 1755 2071 ί
1797 2042 1954 2098 Indus
1984 2043 2255 2098 odorifero
2280 2046 2480 2099 crinem
2514 2044 2841 2101 madefactus
2869 2062 3102 2111 amomo,

1803 2134 1860 2187 In
1889 2143 1973 2187 tua
2008 2134 2154 2189 lucra
2184 2134 2311 2189 feris
2339 2145 2578 2191 exarmat
2602 2148 2782 2206 guttur
2808 2138 3060 2204 alumnis,

1799 2224 1865 2279 L't
1894 2224 2122 2294 pandum
2151 2226 2417 2295 dependat
2447 2228 2581 2282 ebur
2611 2244 2623 2279 :
2656 2229 2734 2283 sic
2767 2239 2950 2283 trunca
2994 2236 3232 2296 reportat

1798 2317 2118 2386 Bosphoreis
2157 2318 2381 2387 elephas
2421 2320 2675 2388 inglorius
2703 2336 2793 2374 ora
2828 2321 3055 2375 tributis.

1796 2405 2030 2477 Porrigis
2064 2411 2329 2478 ingentem
2359 2411 2608 2479 spatiosis
2642 2413 2909 2466 llltBtlibus
2948 2413 3159 2477 urbem,

1798 2632 2171 2701 stantinOpolis
2220 2650 2356 2688 nova
2413 2644 2495 2689 est
2543 2636 2739 2702 lloma,
2792 2649 2843 2689 ut
2899 2635 3086 2688 incolae
3143 2634 3377 2700 Quii.tis

1800 2702 2062 2756 dicantur.
2215 2766 2224 2774 ι

1870 2781 1893 2845 9
1930 2774 2201 2845 Byzantiis
2232 2774 2403 2829 Eurus
2443 2776 2606 2844 spirat
2651 2792 2681 2831 e
2720 2776 2964 2845 prmium
3016 2775 3367 2834 (Ialcliedonc.

1794 2843 2159 2968 galclltidicnin
2189 2862 2317 2915 ergo
2344 2843 2484 2900 dixit
2510 2865 2602 2915 pro
2626 2843 3008 2913 Calchedonio,
3042 2862 3095 2901 ut
3122 2848 3378 2902 Pauli..-.s

1842 2927 1926 2968 ala
1954 2931 1966 2967 ι
1999 2931 2052 2968 x1
2077 2931 2091 2967 :

1796 2915 1966 2969 Natali
1999 2931 2091 2968 x1:

1919 3005 1981 3071 Et
2004 3019 2102 3068 quo
2121 3006 2404 3071 Calchidii‘is
2429 3008 2689 3067 Euphemia
2710 3017 2890 3071 martyr
2915 3011 2964 3058 in
2989 3006 3092 3057 oris

1920 3067 2093 3130 Signat
2120 3070 2341 3131 virgineo
2359 3080 2599 3119 sacratum
2625 3067 2859 3132 sanguine
2880 3072 3032 3120 littus.

1796 3193 1927 3248 Nam
1958 3194 2294 3249 Calchedoiie
2334 3200 2540 3262 passam
2579 3210 2698 3250 esse
2735 3196 2791 3250 S.
2820 3195 3162 3265 Euphemiam
3209 3211 3368 3247 nemo

1796 3265 1984 3319 nescit.
2000 3266 2089 3319 Sic
2106 3267 2442 3333 Apollonium
2464 3267 2698 3320 Stoicum
2724 3266 3115 3334 philosophum,
3136 3267 3292 3319 Marci
3318 3279 3367 3319 et

1796 3336 1943 3389 Lucii
1972 3334 2238 3389 Ctesaruin
2272 3338 2603 3405 magistrum,
2638 3338 2723 3389 alii
2746 3337 3159 3390 Calchedonium
3190 3342 3369 3406 appel-

1794 3406 1926 3471 lant,
1963 3416 2019 3458 ut
2046 3406 2379 3472 Capitolinus
2409 3408 2461 3459 in
2494 3407 2689 3469 Marco,
2725 3415 2779 3459 et
2819 3408 3103 3473 Eutropius
3135 3408 3223 3457 Illi.
3257 3423 3367 3466 vm.

1792 3477 1879 3528 alii
1912 3474 2300 3537 Calchiilicum,
2335 3486 2391 3529 nt
2421 3476 2629 3528 Eusebii
2662 3476 2985 3542 interpretes
3014 3476 3366 3543 Hieronymus

1795 3550 1845 3599 in
1874 3546 2156 3607 Chronico,
2188 3556 2239 3598 et
2267 3545 2620 3599 Cassiodorus
2650 3546 2701 3597 in
2728 3545 2922 3598 Fastis.
2954 3548 3015 3597 Et
3041 3547 3367 3611 Capitolinus

1795 3618 1934 3670 idem
1979 3624 2028 3667 in
2060 3617 2329 3668 Antonino
2360 3616 2453 3668 Pio
2482 3615 2820 3683 Apollonium
2848 3615 3099 3669 Calchide
3141 3617 3365 3668 accitum

1792 3689 1885 3745 ait,
1917 3685 2057 3755 quod
2085 3687 2171 3738 alii
2201 3686 2436 3738 dicerent
2469 3686 2831 3755 Calclieiloiic.
2860 3685 3017 3755 Aliud
3047 3695 3125 3735 est
3152 3686 3367 3737 Calchi-

1793 3753 1946 3811 ilicui
1982 3774 2011 3811 a
2052 3756 2304 3809 Calehide
2330 3756 2573 3819 Euboeae;
2622 3755 2761 3808 aliud
2806 3753 3144 3808 Calchidicus
3192 3771 3217 3805 a
3253 3756 3366 3807 Cal-

1792 3830 1948 3882 cliiile
1975 3842 2067 3881 seu
2091 3826 2429 3880 Calcliedone
2458 3827 2736 3896 Bithyniae.
2771 3826 2937 3892 Quam
2969 3826 3179 3894 quidem
3208 3824 3365 3896 Chal-

1793 3899 2053 3953 cedonem
2083 3897 2240 3950 hodie
2272 3897 2511 3949 scribunt
2540 3895 2748 3960 omnes,
2782 3906 2835 3951 et
2862 3896 3029 3950 Gra'ci
3057 3895 3362 3958 Χαλκηδόνα.

1793 3983 1899 4039 φο
1941 3972 2097 4021 etiam
2141 3967 2305 4039 modo
2339 3968 2674 4039 scribendam
2720 3971 2927 4020 censuit
2965 3966 3003 4020 S
3030 3966 3268 4033 eplianus
3318 3970 3365 4018 io

1794 4037 1925 4114 voce
1948 4038 2267 4114 Kupandw.
2285 4037 2388 4092 Sed
2411 4037 2729 4114 quiantiqua
2754 4048 3094 4114 monumenta
3121 4046 3365 4114 tractant,

1793 4112 1951 4164 aliam
2004 4104 2353 4163 ii'i"0mnihus
2420 4104 2736 4176 seiipluram
2790 4109 3099 4160 observant.
3173 4104 3366 4176 Quarta

1794 4180 2022 4248 denique
2072 4179 2184 4243 ipsa
2233 4178 2468 4249 synodus
2516 4175 2843 4233 meumenica
2895 4177 2945 4249 in
2981 4175 3367 4249 _veti_tstlssinis

1793 4245 2187 4318 exeiifplaribus
2214 4245 2318 4303 non
2344 4247 2818 4315 Chalcedonensis,
2850 4247 2941 4301 sed
2969 4245 3366 4318 Calclieilonen-

1793 4323 1867 4376 sis
1907 4313 2261 4387 nuncupatur.
2295 4320 2358 4374 Et
2389 4320 2530 4389 quod
2578 4320 2734 4373 fidem
2765 4313 3028 4387 przecipue
3058 4313 3201 4379 facit,
3235 4328 3367 4389 min-

1721 4423 1768 4482 o
1794 4394 2146 4482 Wmnlt'f'.
2183 4386 2651 4482 νειεεφοεῖευιηιυίο
2670 4469 2680 4482 .
2700 4386 3365 4482 νῑαίεπξιξξ,εεξ.ῐιξ,.ξτί’9392⁸ῖ

1797 4458 1913 4524 res,
1947 4462 2104 4531 106
2133 4470 2242 4513 tum
2275 4461 2624 4524 Caesarianos,
2670 4469 2777 4511 tum
2817 4459 3141 4531 antiquiores
3187 4458 3317 4507 alios
3353 4472 3366 4505 :

1794 4528 2043 4598 atque—in
2068 4528 2171 4585 vbis
2203 4548 2383 4592 unum,
2421 4531 2471 4583 iii
2516 4547 2620 4600 quo
2666 4539 2825 4600 parte,
2850 4528 3069 4600 adversa
3101 4536 3254 4600 caput
3286 4536 3366 4577 est

1797 4596 2081 4668 Apollinis,
2109 4600 2258 4668 cujus
2290 4596 2545 4675 templum
2582 4602 2631 4675 in
2662 4618 2719 4650 ea
2751 4599 2883 4651 urbe
2914 4596 3079 4675 luisse
3108 4596 3255 4647 testis
3287 4608 3367 4675 est

1800 4677 1849 4726 in
1880 4674 2267 4727 Pseudomante
2296 4672 2576 4733 Lucis-nus,
2617 4673 2665 4721 in
2697 4682 2883 4746 aversa
2926 4672 3095 4746 tripus
3131 4680 3256 4746 cum,
3290 4672 3366 4746 ilh

1797 4744 2580 4816 scriptionettAAQLAAostnN,
2628 4755 2746 4816 qua:
2795 4742 2903 4807 ipsa
2948 4738 3263 4816 eaileniest
3315 4738 3365 4787 iii

1798 4808 2048 4867 omnibus
2076 4814 2213 4865 aliis.
2243 4812 2754 4885 Calchedoneiisiuin
2788 4823 2916 4885 vero
2946 4808 3161 4876 plurimi
3190 4808 3366 4885 νίδιιῃτ

1802 4893 1905 4950 tur,
1938 4899 2161 4952 quorum
2193 4886 2279 4937 alii
2314 4883 2625 4936 Mercurium
2658 4881 2854 4933 habent
2900 4881 3240 4947 impressum,
3282 4881 3366 4928 alii

1801 4955 2015 5025 Lyram,
2054 4954 2140 5007 alii
2168 4957 2497 5032 Χορεύοντας,
2526 4952 2613 5005 alii
2644 4952 2767 5004 alia.

1795 5108 1976 5161 itidem
2000 5104 2215 5161 Clieruci
2237 5121 2330 5175 pro
2351 5104 2584 5161 Ceruchi.
2613 5105 2650 5156 A
2679 5102 2907 5155 nummis
2931 5116 3141 5171 quoque
3168 5101 3370 5156 nullum

1795 5189 1999 5231 certum
2039 5187 2405 5245 argumentum
2452 5176 2537 5228 hic
2577 5178 2713 5226 sumi
2768 5185 2959 5240 potest,
2991 5189 3109 5225 cum
3141 5183 3191 5227 et
3226 5175 3277 5227 in
3311 5177 3369 5226 iis

1796 5250 2054 5300 variatum
2108 5248 2197 5300 sit.
2252 5248 2304 5301 In
2349 5246 2622 5299 Thesauro
2668 5246 2742 5297 rei
2790 5246 3102 5311 antiquaria:
3153 5246 3368 5296 llulierii

1799 5318 2028 5383 Gollzii,
2094 5318 2146 5370 in
2214 5333 2430 5369 nomino
2497 5316 2707 5371 Saliinze
2769 5313 3147 5381 Tranquillinie
3209 5314 3369 5363 Lahm

1797 5396 2252 5448 XAAKIIAIIV’IQN;
2310 5388 2358 5439 in
2416 5387 2521 5439 alio
2574 5400 2791 5437 nuiiiino
2838 5394 3262 5441 XAAKEAQ\Q.\';
3320 5387 3368 5433 in

1796 5476 2012 5511 nummo
2052 5458 2238 5510 Aonie
2293 5459 2560 5512 Faustina:
2607 5463 3022 5509 KAAsltaux'tLv.
3071 5454 3125 5503 In
3166 5455 3367 5503 (ἱνα-αἱς.

1794 5528 2033 5596 ejusdem
2103 5528 2290 5581 Goltzii
2354 5526 2891 5600 _cxstatin_dnoln_is
2959 5522 3264 5600 nuiuisntati
3309 5535 3368 5573 us

1795 5592 2215 5653 XtAKlﬁAQXQN.
2259 5617 2275 5649 ι
2353 5597 2483 5652 Vide
2532 5596 2782 5650 llat‘Juini
2833 5592 3085 5645 Nummos
3137 5592 3369 5658 antiquos

1798 5685 1917 5738 pag.
1949 5672 2072 5723 253.
2104 5700 2168 5708 -
2204 5669 2430 5721 nimius
2478 5665 2748 5723 Sirinond.
2802 5665 2996 5727 editor,
3048 5661 3256 5730 prmfat.
3306 5663 3370 5715 al

1800 5752 1926 5793 lunt.
1962 5742 2000 5803 Ι,
2038 5750 2060 5808 3;
2096 5740 2173 5793 ll.
