3946 6176
228 303 329 357 διο

228 415 343 471 Mox
370 412 470 482 ipsi
497 421 586 465 tua
619 409 793 481 prazda
817 409 1032 480 jaceat:
1064 410 1157 465 se.l
1184 409 1483 464 omittimus
1509 408 1642 462 istos
1686 398 1689 401 λ

229 507 293 562 Ut
324 503 669 574 p0pnlatores
702 518 716 555 :
748 510 772 538 ⁸
807 500 933 555 belli
963 501 1133 569 magis
1164 513 1280 555 acta
1315 501 1557 555 revolvo.

228 596 380 663 Quod
414 595 610 648 bellum
642 608 748 646 non
799 606 959 661 parva
1003 606 1215 655 manus,
1247 605 1345 645 nec
1390 605 1612 645 carcere
1643 589 1815 646 fracto

230 689 304 744 Ad
337 688 701 757 gradiaturam
727 694 779 738 tu
804 685 1062 753 Spartace
1106 684 1286 739 vincte
1320 682 1518 751 parasti
1552 701 1565 738 :

231 779 333 834 Sed
371 778 641 850 Scythicae
664 792 793 846 vaga
834 776 984 829 turba
1020 775 1207 847 plagm,
1239 776 1468 831 feritatis
1513 776 1816 841 abundans,

234 873 378 938 Dira,
403 886 594 941 rapax,
622 870 933 934 vehemens,
967 870 1098 939 ipsis
1120 886 1333 937 qunque
1359 870 1612 934 gentibus
1636 869 1746 924 illic

234 963 465 1017 Barbara
494 960 811 1024 barbaricis,
840 960 992 1027 cujus
1022 960 1128 1013 dux
1163 960 1452 1013 Hormidac
1479 970 1641 1029 atque

233 1053 374 1106 Civis
403 1060 542 1117 erat,
568 1053 718 1119 queis
743 1049 850 1105 tale
880 1052 1055 1105 solum
1079 1059 1179 1115 est,
1215 1050 1486 1118 murique,
1520 1064 1816 1121 genusque.

300 1141 328 1181 ιι
352 1142 522 1197 Albus
552 1140 914 1212 Hyperboreis
933 1140 1130 1195 Tanais
1153 1156 1257 1211 qua
1284 1142 1509 1196 vallibus
1533 1150 1713 1208 actus,

237 1234 454 1303 Riphaea
476 1233 543 1288 de
571 1244 727 1288 caute
753 1232 916 1296 cadit,
942 1233 1091 1302 jacet
1119 1247 1225 1288 axe
1256 1234 1357 1287 sub
1379 1250 1518 1288 ursa:

237 1328 392 1399 297
420 1326 564 1381 Gens
589 1324 784 1379 animis
827 1323 1193 1395 membrisque
1224 1326 1403 1380 minax
1430 1344 1443 1379 :
1473 1325 1546 1379 ita
1586 1326 1821 1383 vultibus

1492 1418 1645 1491 [ipsis

239 1508 501 1563 lnfantum
528 1524 658 1563 suus
686 1508 878 1564 horror
903 1510 1068 1576 inest;
1093 1511 1370 1581 consurgit
1393 1511 1445 1567 in
1469 1524 1676 1567 arctnm

241 1601 411 1655 Massa
433 1603 660 1655 rotunda
690 1611 887 1670 caput;
918 1604 1147 1672 geminis
1172 1604 1274 1658 sub
1304 1603 1477 1660 fronte
1505 1607 1751 1661 cavernis

248 1691 402 1745 Visus
431 1693 584 1745 adest
611 1693 783 1746 oculis
811 1692 1124 1748 absentibus
1147 1711 1162 1759 ;
1187 1703 1302 1749 acta
1331 1697 1538 1750 cerebri

239 1786 291 1839 In
321 1800 594 1839 cameram
626 1786 713 1839 vix
743 1785 809 1839 ad
842 1786 1060 1857 refugos
1086 1789 1174 1841 lux
1208 1789 1452 1856 pervenit
1476 1790 1658 1856 orbes,

240 1876 355 1933 Non
382 1886 559 1930 tamen
591 1885 646 1930 et
675 1877 925 1932 clausos:
956 1894 1077 1933 nam
1110 1880 1314 1936 fornice
1346 1898 1450 1937 non
1491 1884 1750 1951 spatioso,

242 1968 426 2037 Magna
458 1969 638 2023 vident
664 1970 856 2038 spatia,
879 1980 934 2025 et
961 1971 1182 2040 majoris
1209 1973 1426 2027 luminis
1449 1990 1601 2047 usum

242 2052 528 2128 Perspicua
562 2062 613 2113 in
647 2060 820 2129 puteis
840 2074 1191 2131 compensant
1222 2076 1416 2133 puncta
1450 2066 1747 2135 profundis.

240 2153 374 2207 Tum
407 2169 472 2207 ne
495 2169 590 2222 per
619 2156 784 2208 malas
808 2166 1087 2209 excrescat
1113 2156 1286 2210 fistula
1317 2157 1539 2226 duplex,

240 2245 501 2299 Obtundit
523 2256 733 2299 teneras
763 2246 1091 2301 circumdata
1133 2249 1293 2302 fascia
1324 2264 1503 2315 nares,

242 2336 312 2391 Ut
352 2353 383 2405 g
402 2338 521 2389 utris
548 2336 763 2391 cedant.
789 2338 879 2391 Sic
913 2349 1133 2408 propter
1163 2339 1343 2408 praelia
1373 2348 1527 2395 natos

243 2431 517 2484 Maternus
543 2430 804 2485 deformat
836 2446 1009 2497 amor,
1033 2432 1154 2500 quia
1187 2442 1337 2487 tensa
1359 2449 1615 2504 genarum

242 2523 360 2578 Non
386 2522 674 2592 interjecto
698 2523 751 2576 fit
777 2522 936 2577 latior
964 2539 1088 2578 area
1119 2539 1273 2580 naso.

242 2616 455 2669 (Eastera
502 2629 625 2684 pars
655 2624 735 2667 est
777 2614 999 2684 pulchra
1033 2616 1191 2679 viris;
1228 2626 1372 2672 stant
1404 2627 1621 2688 pectora
1651 2633 1820 2687 vasta,

246 2706 488 2775 Insignes
508 2704 737 2769 humeti,
770 2708 1043 2762 succincta
1088 2709 1352 2765 subilibns
1372 2711 1542 2766 alvus.

247 2797 440 2851 Forma
469 2796 684 2867 quidem
724 2798 886 2867 pediti
922 2799 1094 2853 media
1124 2810 1226 2866 est,
1253 2816 1476 2868 procera
1505 2806 1597 2860 sed
1626 2816 1824 2870 exstat,

245 2891 298 2944 Si
321 2905 519 2945 cernas
547 2889 775 2958 equites,
799 2892 878 2944 sic
904 2890 1045 2961 longi
1067 2906 1211 2959 stepe
1238 2902 1509 2963 putantur,

244 2983 297 3035 Si
332 2983 579 3037 sedeant.
611 2982 706 3036 Vix
736 2994 911 3037 matre
945 2998 1139 3039 carens
1173 2992 1229 3039 ut
1257 2987 1499 3043 constitit
1530 2988 1723 3052 infans,

248 3076 367 3130 Mox
397 3076 603 3145 praebet
626 3075 845 3131 dorsum
873 3077 1123 3147 sonipes;
1157 3092 1385 3148 cognata
1418 3096 1571 3136 reare

250 3168 489 3222 Membra
518 3168 647 3221 viris
666 3208 681 3229 ,
710 3169 780 3221 ita
806 3183 1020 3236 semper
1044 3184 1181 3239 equo
1208 3184 1305 3226 ceu
1330 3170 1468 3226 fixus
1489 3173 1728 3228 adhaeret

252 3262 467 3316 flector.
498 3271 520 3298 ε
550 3259 909 3329 Cornipedum
939 3269 1089 3330 tergo
1115 3276 1247 3331 gens
1272 3263 1440 3318 altera
1481 3263 1673 3331 fertur,

252 3356 374 3407 llac
398 3354 633 3417 habitat;
665 3360 860 3405 teretes
887 3366 1065 3415 arcus,
1096 3362 1153 3408 et
1180 3354 1382 3423 spicula
1414 3354 1595 3422 cordi;

250 3444 542 3500 Terribiies
576 3453 846 3514 certaque
875 3458 1086 3511 manus,
1114 3443 1419 3515 jaculisque
1456 3446 1691 3505 ferenda:

324 3660 351 3689 ι
394 3648 625 3705 IInnnici
673 3649 823 3713 belli,
864 3647 1006 3713 quod
1055 3643 1344 3700 Anthemio
1392 3645 1530 3702 dure
1578 3647 1837 3703 adversus

255 3722 630 3777 IIormidacem
661 3720 725 3773 ad
755 3718 1036 3774 Serdicam
1074 3717 1126 3768 in
1163 3717 1318 3770 Dacia
1349 3725 1558 3786 gestum
1590 3729 1691 3787 est,
1727 3735 1839 3773 me-

257 3795 424 3848 moria
451 3791 633 3846 oumis
658 3791 794 3859 apud
824 3792 957 3842 alios
995 3798 1241 3859 auctores
1281 3787 1506 3844 interiit.
1560 3787 1839 3843 Falluntnr

256 3865 394 3918 enim
426 3862 518 3932 qui
545 3858 934 3915 cumCaroloS
957 3858 1116 3932 gonio
1135 3859 1330 3932 bellum
1357 3861 1460 3913 hoc
1485 3870 1833 3932 esseputant,

259 3938 309 3988 in
364 3928 476 4004 quo
524 3932 851 4004 AArnegislur
892 3928 1166 4004 magister_
1209 3928 1435 3984 militum
1497 3930 1623 4004 cum
1678 3932 1836 4004 Attila

259 3999 497 4074 pugnans
522 4002 576 4074 in
605 4003 692 4055 Dat
715 4002 761 4054 ia
792 4000 1023 4068 ltipense
1053 3999 1263 4074 occisus
1294 4014 1393 4061 est,
1418 4011 1474 4053 ut
1496 4001 1841 4074 Marcellinus

258 4071 445 4129 titiones
470 4085 523 4128 et
552 4073 849 4128 Jornaudes
878 4077 1115 4124 narrant.
1146 4071 1274 4134 Quis
1300 4086 1404 4125 non
1433 4074 1577 4125 videt
1599 4073 1668 4126 de
1697 4072 1842 4125 bello

260 4147 344 4201 hic
375 4147 459 4214 agi
499 4143 554 4197 in
584 4159 690 4212 quo
726 4145 830 4195 dux
870 4142 1105 4214 hostium
1151 4140 1459 4204 llormidac,
1491 4158 1596 4196 tt0u
1639 4144 1835 4207 Attila;

260 4212 513 4283 magiiter
555 4215 784 4267 militum
818 4212 1153 4283 Anthemius,
1188 4226 1291 4263 non
1337 4213 1688 4281 Arnegislns?
1720 4213 1839 4266 Dis-

261 4281 485 4352 crepant
526 4286 687 4338 etiam
726 4281 1163 4352 tetiipora.fNam
1194 4284 1505 4350 Arnegislns
1534 4283 1842 4338 Theodosio

265 4359 477 4409 vivente
499 4355 783 4417 occubuit,
814 4351 1054 4421 Callepio
1095 4365 1144 4404 et
1178 4351 1457 4407 Ardahure
1492 4354 1841 4419 consubbus;

263 4427 585 4481 Anthemius
606 4441 735 4479 vero
756 4425 958 4490 Leone,
991 4431 1047 4476 ut
1076 4423 1277 4475 dictum
1308 4435 1412 4490 cst,
1449 4433 1705 4494 regnante
1732 4426 1848 4478 haec

297 4509 447 4551 a-Stl.

297 4514 447 4550 e-‘tt.

262 4514 293 4568 Β
335 4519 387 4606 δδ
421 4563 790 4635 Comparanda
855 4564 970 4618 hac
1030 4565 1341 4635 Hunnorum
1375 4564 1846 4635 Aprosopographia

263 4654 388 4692 cum
416 4633 626 4727 iisquae
647 4636 725 4727 del
746 4633 1340 4727 illinsrgentisLorigine,
1354 4633 1557 4727 ’ξω-ψει,
1582 4634 1845 4727 ntpribus-
1878 4668 1927 4727 Β

266 4726 374 4779 que
399 4703 646 4762 scribunt
683 4706 1021 4779 Marcellinus
1049 4705 1143 4779 lib.
1181 4720 1310 4779 xxx,
1354 4703 1601 4779 lusimus
1644 4705 1731 4757 Η).
1755 4720 1843 4779 _tv,

266 4774 315 4833 et
353 4783 584 4832 omnium
620 4778 1020 4831 accuratissime
1056 4776 1356 4830 Jornandes
1391 4789 1459 4826 ex
1494 4774 1679 4829 Prisco
1725 4777 1848 4828 rhe-

271 4863 406 4917 tore,
450 4847 739 4903 Theodosii
785 4849 848 4899 ad
898 4846 1113 4917 Attilam
1159 4846 1354 4916 legato.
1398 4845 1659 4915 Pleraque
1704 4845 1846 4900 enim

268 4916 401 4973 sum
422 4920 622 4972 Sidonii
661 4918 839 4971 verbi~
878 4916 1171 4970 simillima.

346 5002 371 5029 τ
401 4991 634 5045 Pessime
659 4996 813 5041 antea
848 4988 1066 5054 vulgati.
1101 4985 1204 5042 Sed
1234 4985 1302 5040 de
1325 4984 1482 5054 hujus
1522 4986 1628 5040 Ioci
1666 5000 1849 5039 emen-

271 5062 484 5115 datione
511 5060 616 5129 jam
646 5058 826 5112 monui
858 5058 923 5111 ad
951 5058 1276 5129 epigramma
1306 5056 1376 5129 94
1408 5057 1665 5129 Ennodii.
1686 5056 1840 5129 Alias,

277 5132 469 5197 inquit,
499 5126 686 5198 gentes
721 5128 873 5193 equis
907 5126 1132 5182 subinde
1162 5126 1237 5180 nti
1283 5127 1479 5198 solent,
1510 5126 1625 5198 hinc
1653 5127 1843 5198 inillis

275 5196 673 5255 babitathdco
694 5200 837 5253 enim
873 5198 924 5251 iu
950 5199 1103 5265 equis
1129 5197 1326 5253 assidui
1371 5204 1525 5251 erant
1554 5196 1755 5262 Hunni,
1788 5206 1846 5251 ut

274 5274 476 5341 pedites
504 5284 774 5341 nunquam
813 5278 1181 5322 cernerentur.
1231 5267 1483 5341 Zosimus
1504 5283 1679 5341 supra
1692 5285 1711 5341 _:
1737 5272 1847 5321 Ἐπί

274 5337 374 5399 is.»
391 5346 557 5397 ἳππων
577 5346 655 5395 καὶ
677 5339 994 5409 διαιτώμενοι
1014 5343 1095 5393 καί
1108 5337 1448 5409 καθεύδοντες.
1473 5338 1841 5409 Marcellinus:

276 5413 433 5481 Equis
457 5428 613 5481 prope
638 5410 779 5481 a/ﬁri
801 5408 1090 5480 funguntur
1132 5408 1429 5461 muneribus
1459 5409 1735 5481 consuetis.
1783 5408 1845 5460 In

275 5478 398 5553 ipsis
437 5478 595 5549 quivis
637 5478 691 5533 in
730 5478 1059 5553 lucenuncluce
1094 5493 1287 5543 pernox
1323 5488 1372 5553 et
1413 5478 1620 5553 perdius
1657 5483 1848 5553 cantet

276 5547 460 5620 uendit,
483 5554 752 5620 cibumque
778 5551 931 5603 sumit
962 5558 1007 5601 et
1038 5565 1210 5615 patum
1236 5565 1253 5603 .'
1282 5558 1328 5602 et
1357 5547 1848 5620 inclinatusccrvici

279 5635 500 5695 angusta
520 5619 809 5695 iumentiht
834 5622 996 5672 altum
1018 5636 1251 5687 soporem
1274 5620 1339 5673 ad
1375 5635 1530 5689 usque
1554 5619 1850 5673 varietatem

278 5691 558 5759 effunditur
585 5691 919 5744 somniorum.

355 5761 379 5800 ἀ
401 5764 521 5819 Delli
552 5776 733 5815 aream
767 5763 817 5814 in
845 5760 997 5814 Dacia
1028 5759 1193 5817 fuisse
1215 5759 1449 5818 ostendit
1471 5762 1622 5832 ιιι
1646 5758 1712 5815 ad
1728 5757 1855 5816 Ser—

551 5854 822 5916 Ps'rnor.
868 5848 1089 5913 LVIII.

1708 295 2035 353 CARMINA.

1843 414 1893 470 Α
1921 410 2108 465 Mortis
2141 412 2242 465 lixa
2266 410 2419 473 fides,
2446 425 2499 465 et
2525 428 2628 464 non
2674 420 2932 481 peccante
2960 414 3060 466 sub
3093 412 3222 477 ictu,

3409 300 3514 352 (:50

1925 502 2159 557 Edoctus
2183 518 2407 571 peccare
2435 501 2603 556 furor.
2638 503 2783 557 Gens
2811 504 2910 556 ista
2943 513 3165 571 repente

1925 594 2251 663 Erumpens,
2279 594 2621 663 solidumque
2671 593 2804 647 rotis
2852 604 3151 650 transvecta
3185 610 3281 663 per
3312 594 3502 650 Istrmu

1928 686 2187 750 Venerat,
2218 696 2274 741 et
2299 694 2476 740 sectas
2506 685 2768 739 inciderat
2798 686 2970 739 orbita
2998 686 3265 756 lymphas.

1929 778 2080 833 lianc
2112 792 2165 832 tu
2192 779 2429 833 directus
2457 777 2484 814 ά
2516 794 2609 844 per
2636 777 2826 831 Dacica
2867 793 2990 831 rura
3019 789 3295 846 vagantem

1922 872 2227 938 Contrahis,
2257 870 2583 941 aggrederis,
2606 884 2849 939 superas,
2879 871 3129 936 includis;
3161 881 3217 927 et
3238 881 3294 927 ut
3323 883 3375 926 te

1926 966 2126 1019 Metato
2153 964 2325 1033 spatio
2350 972 2652 1018 castrorum
2684 962 2903 1018 Serdica
2934 963 3085 1029 vidit,

1924 1058 2089 1129 298
2116 1057 2407 1111 Obsidione
2437 1056 2662 1124 premis;
2708 1071 2827 1125 quae
2855 1066 2907 1111 te
2940 1056 3020 1111 sic
3060 1066 3299 1123 tempore
3337 1059 3507 1111 multo

1924 1148 1981 1202 In
2014 1148 2150 1202 vallo
2182 1149 2412 1217 positum
2439 1147 2666 1213 stupuit,
2698 1147 2838 1215 quod
2864 1147 3018 1202 miles
3040 1147 3092 1201 in
3120 1161 3281 1217 agros

1924 1237 2031 1292 Nec
2053 1238 2228 1302 licitis,
2264 1254 2363 1293 nec
2389 1239 2596 1293 furtivis
2624 1238 2937 1293 excursibus
2967 1240 3093 1293 ibat.

1922 1330 2020 1383 Cui
2047 1330 2259 1385 deesset
2285 1345 2405 1384 cum
2432 1344 2576 1398 saepe
2607 1331 2789 1393 Ceres,
2818 1343 3136 1399 semperque
3164 1329 3375 1400 Lyams,

1926 1420 2212 1488 Disciplina
2245 1429 2422 1474 tamen
2452 1436 2556 1477 non
2580 1419 2780 1483 defuit;
2814 1420 2939 1475 inde
2971 1421 3269 1489 propinquo

1926 1513 2089 1567 Hoste
2116 1513 2283 1581 magis
2308 1513 2535 1567 timuere
2557 1514 2782 1578 ducem;
2814 1514 2892 1568 sic
2916 1512 3148 1581 denique
3178 1513 3371 1568 factum
3401 1522 3507 1578 cst,

1929 1605 1994 1658 Ut
2027 1614 2050 1640 θ
2083 1607 2260 1660 socius
2286 1614 2393 1658 tum
2428 1604 2564 1659 forte
2588 1614 2729 1669 tuus,
2763 1620 2883 1660 mox
2914 1606 3172 1675 proditor,
3201 1606 3303 1659 illis

1925 1693 2143 1748 Frustra
2174 1705 2318 1764 terga
2341 1695 2517 1761 daret,
2547 1696 2850 1751 commissa:
2883 1708 3123 1765 tempore
3154 1712 3344 1767 pugna:
3375 1713 3390 1750 :

1854 1785 1899 1843 Β
1926 1787 2026 1853 Qui
2052 1788 2162 1856 jam
2194 1804 2314 1843 cum
2340 1787 2570 1859 fugeret,
2592 1789 2730 1844 flexo
2763 1789 2899 1860 pede
2924 1805 3124 1846 cornua
3151 1790 3380 1856 nudans,

1927 1879 2006 1933 Tn
2036 1882 2215 1935 stabas
2241 1882 2356 1935 acie
2383 1883 2553 1948 solus,
2586 1894 2637 1938 te
2665 1898 2855 1951 sparsa
2893 1882 3068 1954 fugaci

1928 1971 2165 2040 Expo-ti't
2197 1972 2422 2027 ductore
2447 1989 2656 2039 manus,
2689 1984 2742 2027 te
2768 1975 2937 2029 Marte
2966 1976 3197 2045 pedestri

1930 2062 2220 2118 Sudantem
2254 2064 2528 2133 repetebat
2570 2079 2774 2135 eques;
2806 2072 2890 2119 tua
2915 2067 3063 2135 signa
3087 2074 3305 2123 secutus

1929 2154 2044 2209 Non
2072 2169 2132 2210 se
2158 2154 2431 2209 desertum
2455 2155 2625 2210 sensit
2647 2156 2945 2210 certamine
2967 2157 3144 2212 utiles.

2004 2249 2019 2303 Ι
2045 2265 2205 2315 nunc,
2229 2259 2282 2304 et
2311 2251 2506 2304 veteris
2536 2250 2716 2320 profer
2746 2254 3007 2319 prmconia
3037 2252 3179 2306 Tulli

1932 2342 2085 2397 ditas
2114 2357 2243 2396 cana
2279 2352 2511 2410 patrum,
2543 2344 2685 2413 quod
2718 2343 2942 2411 pulchro
2965 2344 3268 2401 hortamine
3289 2348 3511 2403 mendax

1931 2434 2175 2488 Occuluit
2203 2434 2369 2504 refugi
2394 2435 2635 2489 nutantia
2660 2434 2859 2490 foedera
2886 2435 3055 2490 Metti.

1933 2523 2015 2577 l\'i|
2046 2524 2222 2578 simile
2251 2539 2355 2590 est,
2392 2524 2608 2594 fallique
2637 2534 2785 2578 tuum
2813 2526 2904 2579 tibi
2936 2540 3041 2580 non
3076 2526 3249 2593 placet
3285 2526 3509 2584 hostem.

1933 2615 2083 2668 'I‘nnc
2113 2616 2234 2671 vicit
2273 2616 2442 2680 miles,
2476 2615 2604 2669 dum
2630 2632 2689 2668 se
2716 2624 2861 2683 putat
2882 2616 3310 2685 essejuvandum
3333 2635 3346 2668 :

1937 2707 2033 2761 llic
2059 2707 2207 2771 vicit,
2239 2716 2518 2775 postquam
2547 2720 2607 2760 se
2629 2706 2899 2775 comperit
2927 2720 3047 2761 esse
3070 2709 3340 2761 retiolum.

1939 2803 2052 2856 Dux
2083 2799 2237 2870 fugit,
2269 2797 2606 2868 insequeris:
2640 2808 2863 2852 renovat
2891 2800 3205 2860 certamina,
3236 2799 3443 2863 vincis;

1935 2893 2234 2960 Clauditur,
2265 2907 2571 2963 expugnas;
2602 2891 2852 2955 elabitur,
2885 2890 3104 2955 obruis;
3129 2902 3291 2960 atque

1936 2985 2246 3041 Sarmatica:
2274 2982 2391 3053 paci
2414 2981 2643 3052 pretium
2672 2997 2765 3035 sua
2797 2982 2983 3036 funera
3012 2983 3186 3051 ponis.

1941 3078 2186 3143 Paretur,
2209 3076 2414 3144 jussum
2442 3073 2603 3129 subiit
2630 3071 2737 3141 jam
2780 3072 3050 3140 transfuga
3082 3073 3307 3139 tethum,

1860 3163 1906 3224 C
1939 3168 2113 3238 Atque
2139 3167 2427 3238 peregrino
2454 3162 2648 3219 cecidit
2674 3174 2761 3217 tua
2784 3162 3000 3217 victima
3042 3163 3202 3217 ferro.

1945 3262 2082 3315 Ecie
2115 3260 2330 3321 iterum,
2354 3255 2398 3312 si
2429 3257 2565 3310 torte
2590 3254 2786 3324 placet,
2819 3253 3046 3324 conflige
3069 3262 3310 3309 vetustas
3338 3271 3353 3284 ·

1945 3355 2201 3409 llaunibal
2226 3353 2313 3406 ille
2340 3352 2488 3405 ferox
2520 3350 2586 3403 ad
2615 3362 2827 3418 pinnam
2855 3347 2993 3401 forte
3025 3348 3249 3415 petitus,

1942 3452 2008 3503 ιι
2029 3448 2073 3501 si
2100 3462 2206 3503 non
2240 3444 2426 3501 habuit
2451 3444 2538 3513 jus
2559 3444 2707 3507 vitm,
2749 3442 2855 3498 line
2881 3453 3136 3507 supremo

1944 3648 2119 3703 dicam
2147 3644 2359 3708 urbem,
2391 3656 2549 3713 quam
2578 3656 2608 3695 a
2639 3640 2883 3713 barbaris
2903 3650 3219 3713 occupatam
3243 3641 3518 3700 οὴδὶιιίοηε

1945 3719 2112 3774 cinxit
2146 3712 2484 3772 Anthemius.
2526 3712 2804 3768 Serdicam
2838 3712 3099 3767 Eusebius
3140 3714 3192 3766 in
3237 3712 3521 3779 Cltrnnim,

1948 3787 2246 3851 ltineraria,
2285 3793 2340 3839 et
2372 3784 2561 3855 synodi
2596 3784 2824 3855 Merena:
2862 3783 3323 3855 subscriptiones,
3352 3784 3524 3841 Dacia

1945 3860 2131 3913 urbem
2171 3873 2293 3911 cum
2334 3853 2560 3910 Sidonio
2605 3853 2854 3907 faciunt:
2891 3853 3145 3910 Socrates
3186 3864 3240 3909 et
3285 3854 3526 3911 Hermian

1946 3928 2254 3992 Snznmeni,
2289 3926 2375 3979 ubi
2404 3924 2471 3979 de
2493 3926 2700 3996 synodo
2730 3922 3033 3979 Serdicensi
3069 3935 3270 3995 agunt,
3311 3927 3525 3996 Illyrici.

1948 4000 2269 4055 Ριοιρηιωιιε
2297 3997 2709 4061 'I'hraciaa,'quo
2735 3996 2896 4049 etiam
2929 4006 3136 4063 spectat
3176 4006 3228 4048 et
3264 4010 3413 4049 vetns
3445 3999 3528 4049 in-

1947 4071 2190 4139 scriptio,
2223 4069 2273 4123 in
2312 4082 2412 4139 qua
2460 4068 2721 4139 Diogenes
2753 4065 2904 4117 miles
2935 4067 3141 4118 natione
3168 4065 3364 4139 Thrax,
3410 4067 3531 4139 ciri-

1949 4136 2339 4195 tate'Serdira.’
2379 4138 2508 4204 Quae
2549 4136 2766 4206 quidem
2813 4150 2933 4188 vera
2973 4147 3098 4206 sunt
3142 4136 3364 4196 omnia,
3404 4138 3527 4205 quia

1951 4212 2104 4265 Dacia
2138 4210 2312 4277 magni
2345 4208 2539 4277 Illyrici
2572 4205 2693 4268 pars
2725 4206 2851 4277 fuit,
2878 4205 3270 4277 utdicetur__ad
3301 4221 3528 4277 panngy.

1948 4285 2115 4337 ricum
2158 4274 2436 4350 Majoriani
2472 4295 2487 4333 :
2541 4280 2682 4332 unde
2713 4275 3131 4350 ret_Serdieam_
3158 4274 3529 4350 Theodoreti“

1947 4346 2256 4428 μητρόπολιῆ
2298 4358 2453 4403 vocat
2496 4346 3275 4428 gaziaee'v‘I'Aluptoic.hD:tCiit!
3318 4362 3530 4428 rursum

1946 4416 2198 4476 attributa
2232 4422 2329 4475 fuit
2369 4436 2461 4473 ora
2496 4420 2757 4479 'I‘ltraciie,
2793 4416 2911 4486 ιιιιει’
2932 4417 3149 4470 Serdica
3193 4416 3319 4470 olim
3360 4420 3531 4471 conti-

1947 4500 2193 4548 nebatur.
2261 4492 2463 4551 Duplex
2500 4493 2639 4542 enim
2680 4490 2772 4541 fuit
2830 4487 2980 4541 Dacia
3025 4487 3315 4556 provincia.
3362 4488 3526 4541 Vetus

1948 4566 2183 4629 'I‘rajani,
2210 4572 2357 4615 trans
2386 4560 2614 4620 Istrum;
2647 4560 2814 4611 aliena
2841 4558 3130 4629 Aureliani,
3165 4575 3323 4629 quam
3356 4570 3531 4620 prere

1957 4628 2153 4687 omissa
2202 4632 2467 4687 revocatis
2501 4631 2579 4683 cis
2614 4632 2799 4682 Istrum
2842 4628 3121 4692 militibus,
3162 4628 3213 4682 in
3256 4629 3532 4698 utriusque

1958 4707 2155 4759 Mmsim
2185 4716 2234 4757 et
2267 4700 2509 4755 Thraciae
2535 4701 2726 4753 finibus
2755 4699 3032 4751 constituit
3062 4716 3072 4751 :
3107 4714 3227 4768 qua:
3249 4702 3357 4753 sola
3383 4702 3467 4754 dei
3509 4732 3524 4741 .

1953 4791 2080 4841 cnps
2101 4773 2365 4844 appellata
2390 4779 2475 4844 est
2495 4770 2675 4844 Dacia.
2705 4769 2811 4844 Sed
2845 4769 3175 4844 lnineporro
3198 4771 3247 4823 in
3287 4770 3419 4825 duas
3451 4773 3524 4824 di-

1959 4839 2224 4899 visam-ex
2255 4842 2464 4911 imperii
2495 4843 2688 4894 Notitia
2721 4841 2885 4907 liquet
2911 4858 2921 4890 :
2956 4839 3261 4907 Iiipensem,
3291 4858 3411 4909 qum
3443 4859 3537 4908 per

1958 4916 2239 4984 pra‘sidem
2272 4912 2583 4983 regebatur;
2616 4921 2669 4964 et
2700 4911 3175 4984 Mediterraneum,
3197 4914 3250 4984 in
3277 4928 3381 4984 qua
3412 4913 3527 4984 Ser-

1958 4968 2231 5056 ilica,qu:e
2257 4968 2359 5053 per
2382 4968 2742 5039 consularem.
2772 4980 3022 5036 Paulinus
3041 4981 3109 5038 de
3128 4968 3277 5038 obitu
3297 4968 3535 5041 'Nicei’tni

2137 5118 2196 5167 Et
2216 5117 2354 5166 Getae
2378 5118 2596 5173 currunt,
2622 5120 2672 5162 et
2691 5119 2905 5171 uterque
2930 5114 3109 5175 Dacus,

2138 5181 2228 5237 oni
2248 5178 2361 5227 coit
2386 5184 2533 5226 teri-aa
2558 5176 2738 5237 medio,
2765 5176 2841 5224 vel
2870 5175 2951 5226 ille

2332 5214 2902 5298 tinuito‘bo've-peileatus

2325 5298 2498 5350 Accola
2524 5301 2663 5361 ripae.

2031 5418 2053 5444 ε
2096 5407 2171 5460 De
2204 5405 2477 5473 transfuga
2516 5403 2664 5458 socio
2691 5403 2982 5471 Anthemii,
3016 5402 3104 5474 qui
3135 5404 3201 5456 ad
3233 5402 3452 5457 IIunnos
3484 5407 3531 5457 iu

1953 5479 2066 5549 ipsa
2093 5492 2264 5546 pugna
2288 5476 2508 5549 defecit,
2542 5477 2594 5529 in
2640 5486 2780 5549 tanta
2832 5475 2973 5549 illius
3001 5474 3185 5549 amitis
3216 5476 3534 5549 scriptorum

1957 5542 2223 5615 paucitaie
2255 5548 2383 5600 nihil
2416 5546 2693 5599 habemus.
2726 5546 2799 5599 Ex
2831 5543 3053 5615 Sidonio
3071 5550 3281 5615 constat
3309 5542 3377 5596 ab
3412 5547 3536 5613 ipsis

1956 5610 2196 5673 barbaris
2227 5632 2291 5671 ex
2328 5617 2473 5680 pacis
2511 5617 2711 5671 findere
2750 5628 2945 5668 ensum
2985 5610 3170 5665 fuisse.
3228 5611 3350 5667 Ideo
3394 5610 3537 5671 enim

1958 5702 2081 5741 rum
2108 5687 2407 5742 Hannibale
2436 5686 2669 5753 confert,
2707 5685 2792 5749 qui
2824 5682 3079 5757 Romanis
3120 5698 3149 5736 a
3185 5680 3373 5738 Prusia
3418 5702 3538 5757 rege

1958 5758 2235 5815 delituit)!
2265 5767 2401 5825 erat,
2429 5757 2531 5811 nisi
2562 5768 2767 5812 veneno
2796 5754 3115 5823 supplicium
3141 5754 3535 5819 antevertiSset.

3221 5842 3294 5910 2i
