3946 6176
401 302 495 355 oz‘il

401 416 557 469 tit-rte
588 414 767 468 habuit
792 409 1011 474 mortis;
1043 422 1196 479 quem
1227 418 1402 461 ca'cus
1426 418 1609 458 carcer
1635 413 1687 457 et
1717 416 1903 465 uncus,

407 509 471 561 l-lt
497 522 653 577 quem
678 502 957 574 spectabat
992 499 1259 555 fracturus
1288 506 1503 567 guttura
1534 493 1714 559 lictor,

404 602 591 657 Hausit
624 599 879 666 Bebrycio
909 610 1010 650 con
1046 591 1246 647 ta‘ntiur
1268 590 1480 659 hospite
1504 587 1674 640 virus.

403 693 565 763 299
585 690 715 744 Nam
740 698 791 742 te
816 687 902 757 qui
928 686 1078 755 fugit,
1107 681 1354 737 mandata
1386 689 1558 734 morte
1581 687 1909 748 peremptus,

401 783 516 837 Non
540 791 647 835 tam
674 779 894 835 victoris
923 776 1080 847 periit
1107 790 1266 845 quam
1290 772 1487 843 judic's
1509 782 1625 825 ore.

477 884 509 912 α
546 873 695 927 Nunc
723 870 875 933 ades,
912 883 946 922 ο
974 865 1151 931 Paean,
1186 865 1339 919 lauro
1376 862 1462 919 cui
1485 862 1718 932 gryphas
1744 861 1984 915 obuncos

408 968 571 1021 Docta
604 964 781 1032 lupata
815 960 1000 1030 ligant,
1032 955 1244 1028 quoties
1270 970 1364 1024 per
1392 952 1615 1009 frondea
1643 952 1755 1006 lura

407 1058 605 1112 Flectis
629 1054 936 1125 penniferos
965 1050 1177 1105 hederis
1205 1046 1534 1103 bicoloribus
1556 1057 1773 1110 armos;

410 1151 522 1204 Iluc
551 1156 805 1203 converte
833 1143 1061 1212 chelyn;
1097 1157 1201 1195 non
1244 1149 1327 1194 est
1363 1138 1524 1193 modo
1557 1137 1737 1193 dicere
1778 1148 1985 1202 tempus

412 1242 649 1308 Pythona
677 1237 1021 1298 exstinctum,
1050 1247 1148 1287 nec
1177 1232 1257 1286 bis
1283 1240 1501 1299 septena
1530 1242 1723 1282 sonare

412 1333 643 1387 Vulnera
671 1327 1030 1389 Tantalidum,
1059 1339 1288 1395 quorum
1323 1322 1415 1377 tibi
1448 1320 1631 1375 funera
1662 1328 1845 1375 servat

407 1424 517 1479 Gan
548 1438 625 1485 us,
660 1430 716 1476 et
745 1431 947 1476 aiterno
974 1418 1156 1472 vivunt
1191 1418 1243 1470 in
1271 1415 1513 1470 carmine
1548 1423 1771 1468 mortes.

414 1519 518 1571 \‘os
546 1530 780 1586 quoque,
810 1511 1129 1576 Castalides,
1157 1509 1342 1580 paucis
1370 1523 1475 1576 quo
1505 1507 1724 1562 numine
1763 1506 1918 1559 nobis

410 1613 631 1667 Venerit
660 1607 999 1671 Anthemius,
1024 1606 1165 1677 gemi
1206 1606 1222 1659 i
1249 1620 1369 1660 cum
1405 1602 1610 1657 ftedere
1638 1603 1808 1672 regni,

410 1704 631 1759 Pandite
663 1720 674 1755 ε
710 1716 813 1772 pax
847 1714 1023 1755 rerum
1057 1698 1221 1759 misit,
1246 1697 1333 1765 qui
1366 1696 1505 1750 bella
1526 1694 1810 1764 gubernet.

482 1800 720 1850 Auxerat
746 1795 1014 1862 Augustus
1042 1789 1071 1829 λ’
1102 1802 1306 1845 naturae
1338 1788 1455 1857 lege
1484 1787 1716 1843 Severus

414 1889 664 1943 Divorum
694 1899 1004 1947 numerum;
1044 1896 1200 1950 quem
1230 1895 1352 1934 mox
1382 1878 1633 1934 Oenotria
1661 1890 1842 1932 casum

416 1982 558 2037 Vidit
586 1990 644 2036 ιιι
672 1979 816 2032 aerei
842 1977 909 2031 de
941 1975 1159 2045 rupibus
1190 1972 1480 2042 Apennini,

415 2072 592 2141 Pergit
617 2069 831 2125 ca'rulei
865 2069 1061 2122 vitreas
1090 2066 1154 2120 ad
1184 2065 1419 2121 Tibridis
1449 2062 1614 2127 mdes,

415 2163 526 2219 Non
558 2162 707 2231 galea
730 2161 981 2216 conclu~a
1010 2172 1191 2227 genas.
1226 2171 1327 2212 nec
1356 2156 1534 2211 sutilis
1556 2155 1635 2210 illi

415 2253 652 2307 Circulus
680 2250 925 2319 impactis
948 2249 1165 2303 loricam
1198 2247 1366 2302 texuit
1387 2246 1579 2315 hamis,

416 2348 519 2403 Sed
551 2346 744 2400 nudata
775 2353 970 2412 caput;
999 2356 1095 2412 pro
1123 2341 1275 2396 crine
1302 2339 1583 2394 racemifer
1603 2338 1715 2393 exit

415 2436 644 2490 Plurima
672 2450 767 2504 per
794 2434 1025 2487 fromem
1056 2431 1428 2500 constringens
1448 2428 1639 2500 Oppida
1666 2429 1883 2497 palmes,

416 2526 620 2595 Perque
641 2524 894 2579 humeros
926 2533 1156 2588 teretes,
1190 2522 1475 2576 rutilantes
1520 2535 1722 2590 perque
1764 2521 1993 2576 lacertos

416 2617 646 2673 Pendula
676 2616 1005 2686 gemmiferas
1029 2613 1349 2668 mordebant
1377 2626 1607 2682 suppara
1640 2611 1818 2665 bullae.

414 2710 640 2778 Segnior
670 2707 868 2763 incedit
886 2706 1065 2777 genio,
1096 2705 1508 2773 venerandaque
1539 2703 1779 2757 membra

417 2800 732 2854 Viticomam
764 2798 1003 2854 retinens
1029 2798 1202 2851 baculi
1235 2797 1349 2852 vice
1371 2795 1534 2851 ﬂectit
1554 2796 1619 2850 ad
1654 2794 1883 2849 ulmum:

415 2890 521 2945 Sed
554 2899 730 2944 tamen
754 2888 972 2943 ubertas
998 2888 1279 2956 sequitur;
1309 2901 1628 2956 quacunque
1652 2886 1992 2956 propinquat,
2016 2876 2019 2877 ⁷

417 2982 634 3036 I'ncessu
666 2978 918 3032 fecundat
946 2978 1066 3041 iter,
1097 2978 1456 3045 comitataque
1483 2990 1727 3039 pressum

416 3074 559 3129 Lana
591 3087 685 3142 per
713 3071 1002 3140 impressas
1026 3078 1172 3124 rorat
1200 3068 1464 3124 vindemia
1494 3068 1723 3137 plantas.

1669 282 1912 343 SIDONII
1951 282 1988 338 Α

2102 240 2404 336 .Ltnsms
3547 276 3635 329 οδε).

2009 403 2061 459 Λ

2163 397 2307 452 Ilicet
2337 395 2629 466 ingreditur
2659 396 2901 450 'I‘iberiui
2928 394 3151 464 gurgitis
3177 404 3403 448 antrum.

2087 488 2342 543 Canebat
2373 487 2568 542 fluvius
2598 488 2862 552 residens,
2897 497 2952 541 et
2980 486 3257 541 arundinis
3294 489 3410 540 altze

2088 578 2356 633 Concolor
2381 577 2432 632 in
2463 576 2620 631 viridi
2648 576 2890 630 fluitabat
2916 577 3049 632 silva
3071 578 3285 645 capillo.

2087 671 2249 742 300
2282 671 2380 723 Dat
2408 669 2643 724 sonitum
2676 678 2859 724 mento
2883 666 3023 723 unda
3045 667 3261 733 cadens,
3296 669 3420 723 licet
3453 670 3634 739 hispida

3430 758 3569 831 [sctis

2087 856 2392 926 Suppositis
2422 855 2647 909 multum
2675 851 2892 907 sedaret
2919 850 3081 905 barba
3122 850 3400 921 fragorem.

2090 950 2314 1004 Pectore
2344 946 2586 1002 ructabat
2610 945 2816 1008 latices,
2851 943 3107 1013 lapsuque
3132 945 3313 1007 citato,

2091 1039 2343 1097 Sulcabat
2364 1037 2630 1091 madidam
2653 1036 2763 1105 jam
2798 1044 3010 1089 torrens
3039 1036 3223 1089 alveus
3252 1035 3445 1097 alvum,

2089 1132 2344 1186 Terretur
2369 1130 2617 1184 veniente
2647 1128 2769 1196 dea,
2796 1126 3153 1195 manibusque
3183 1126 3421 1180 remissis

2091 1224 2291 1280 Renus
2318 1233 2373 1279 et
2400 1236 2533 1276 urna
2556 1220 2752 1275 radunt
2778 1236 2792 1273 ε
2822 1218 2993 1273 veniae
3024 1228 3133 1273 tum
3168 1219 3329 1273 verba
3362 1220 3551 1286 paranti

2090 1314 2182 1368 Illa
2213 1312 2357 1381 prior
2391 1310 2601 1365 :Venio
2631 1307 2897 1363 viduatam
2932 1308 3159 1377 praesule
3187 1319 3368 1362 nostro

2092 1405 2193 1459 Per
2224 1415 2275 1460 te
2302 1404 2343 1458 si
2370 1405 2577 1472 placeat
2606 1400 2858 1472 Iacrymis
2887 1399 3163 1454 inﬂectere
3189 1399 3429 1468 Boiizam,

2094 1496 2320 1564 Expelat
2346 1510 2554 1548 aurora:
2578 1501 2779 1562 partes,
2814 1488 3060 1559 fastuque
3091 1499 3299 1545 remoto

2095 1587 2205 1642 lluc
2231 1602 2391 1641 unum
2420 1593 2654 1655 praestet,
2686 1583 2795 1653 jam
2824 1584 2947 1653 plus
2975 1581 3233 1651 dignetur
3272 1584 3455 1636 amari.

2098 1680 2303 1735 lnstrue
2332 1693 2463 1749 quas
2494 1686 2701 1748 quierat
2724 1677 2885 1741 vires,
2917 1676 3139 1746 orbique
3159 1676 3359 1745 jacenti

2024 1775 2071 1834 B
2097 1774 2213 1841 Quo
2242 1779 2427 1843 poseat
2450 1771 2537 1825 tiic
2567 1771 2696 1827 orbe
2723 1779 2883 1838 caput
2913 1786 2926 1823 :
2954 1782 3333 1838 qut-mentique
3360 1771 3549 1825 creavit

2100 1879 2121 1905 ε
2159 1870 2273 1922 Axe
2302 1882 2422 1921 meo
2447 1876 2649 1931 natum,
2675 1865 2958 1920 confestim
2985 1864 3142 1934 fregit
3164 1865 3220 1918 in
3254 1864 3362 1927 illo,

2096 1958 2309 2027 Imperii
2343 1957 2555 2011 fortuna
2589 1964 2734 2010 rotas
2760 1973 2773 2008 :
2801 1952 2827 1992 ά
2857 1954 2981 2009 hinc
3005 1954 3281 2008 Vandalus
3309 1953 3467 2009 hostis

2099 2047 2282 2117 Urget,
2304 2056 2358 2102 et
2386 2047 2437 2101 in
2467 2058 2709 2100 nosnum
2735 2060 3018 2101 numerosa
3042 2047 3222 2100 classe
3257 2046 3532 2114 quotannis

2098 2140 2285 2195 Militat
2313 2138 2575 2193 excidium
2598 2154 2613 2203 ;
2636 2152 3000 2207 convrrsoque
3021 2136 3211 2191 ordine
3240 2135 3329 2191 fati

2097 2232 2324 2288 Torrida
2356 2231 2656 2287 Caucaseos
2681 2230 2842 2285 infert
2871 2230 2999 2284 mihi
3031 2230 3202 2301 Byrsa
3228 2230 3447 2284 furores.

2101 2327 2364 2380 Prmterea
2401 2334 2423 2362 ο
2455 2325 2683 2379 invictus
2709 2324 2963 2393 Ricimer,
2987 2339 3145 2393 quem
3180 2323 3391 2393 publica
3421 2323 3516 2375 fata

2099 2414 2428 2485 Respiciunt,
2466 2416 2683 2484 proprio
2708 2414 2857 2468 solus
2880 2414 2967 2467 vix
2993 2414 3160 2467 Marte
3195 2413 3405 2482 repellit

2098 2508 2330 2563 Piratatn
2365 2523 2459 2578 per
2480 2521 2603 2562 rura
2639 2521 2852 2575 vagum,
2882 2506 2969 2575 qui
3002 2505 3186 2574 prmlia
3221 2506 3413 2571 vitans,

2098 2599 2365 2654 Victorem
2398 2597 2652 2668 fugitivus
2680 2598 2825 2667 agit:
2859 2597 2979 2665 quis
3008 2595 3235 2651 sull'erat
3262 2597 3463 2651 hostem

2098 2693 2198 2759 Qui
2231 2707 2415 2762 pacem
2452 2706 2786 2761 pugnamque
2811 2691 3001 2760 negat?
3026 2706 3147 2744 nam
3188 2691 3390 2745 foedera
3421 2690 3503 2743 nul
3528 2704 3552 2740 η

2102 2784 2235 2842 Cum
2260 2785 2527 2840 Ricimere
2547 2784 2679 2852 jacit
2704 2800 2718 2837 :
2745 2798 2902 2851 quem
2930 2797 3024 2836 cur
3048 2782 3216 2836 nimis
3235 2782 3422 2848 oderit,
3454 2780 3582 2834 audi.

2101 2881 2371 2936 Inceitum
2401 2888 2586 2945 crepat
2616 2875 2705 2930 ille
2731 2887 2964 2944 patrem,
2987 2889 3108 2928 cum
3133 2889 3294 2929 serva
3325 2875 3391 2928 sit
3424 2874 3493 2927 illi

2102 2973 2257 3029 Certa
2290 2985 2486 3042 parens
2511 2988 2524 3023 :
2554 2983 2695 3023 nunc
2716 2977 2774 3022 ut
2799 2968 2940 3038 regis
2966 2969 3037 3022 sit
3080 2967 3252 3031 illius,
3292 2965 3444 3021 ell‘ert

2105 3064 2286 3120 Matris
2305 3060 2627 3117 adulterium
2653 3076 2669 3127 ;
2696 3070 2805 3114 tum
2836 3061 2963 3116 livet
2982 3059 3123 3129 quod
3155 3060 3475 3115 Ricimerem

489 3278 516 3306 ι
554 3266 685 3321 Pars
733 3264 900 3319 altera
951 3260 1273 3332 panegyriti,
1331 3272 1450 3330 quas
1492 3258 1699 3332 imperii
1757 3257 1989 3332 auspicia
2020 3256 2066 3320 C
2100 3251 2655 3332 provinciasassitluis
2685 3251 3081 3332 incursionibus
3112 3250 3358 3332 populari
3378 3262 3475 3303 non
3500 3247 3641 3332 desiit

417 3340 675 3401 continet,
702 3351 859 3401 quam
890 3328 1278 3404 po'etico'genio
1301 3328 1607 3404 pertractat.
1636 3329 1808 3400 Fingit
1823 3328 1987 3404 enim,

418 3419 627 3464 mortuo
666 3400 904 3467 severo,
948 3400 1173 3468 Italiam,
1216 3400 1335 3455 cum
1378 3401 1617 3471 principe
1660 3409 1888 3463 careret,
1922 3400 1988 3452 ad

417 3480 626 3535 Tiberis
649 3476 820 3531 fontes
842 3475 1074 3538 venisse,
1112 3488 1175 3526 ac
1215 3486 1433 3542 rogasse
1456 3471 1528 3524 uti
1554 3471 1753 3542 Romae
1771 3484 1991 3536 persua-

417 3550 559 3613 deat,
587 3559 644 3603 ut
668 3548 733 3601 ad
762 3546 1022 3600 Auroram
1049 3553 1252 3612 pergat,
1282 3541 1682 3611 principemque
1710 3541 1779 3613 ab
1808 3556 1868 3594 ea
1902 3556 1993 3608 pc-

418 3629 527 3685 tat;
547 3610 816 3673 Auroram
839 3631 967 3670 vero
996 3610 1337 3685 Anthemium
1365 3613 1548 3666 Romae
1584 3610 1829 3680 precibus
1855 3624 1990 3664 con-

418 3683 662 3745 cessisse.
690 3689 868 3756 Itaque
898 3686 1086 3756 horum
1110 3683 1345 3756 omnium
1379 3696 1636 3753 personas
1660 3691 1715 3737 et
1736 3696 1991 3752 congres-

418 3775 509 3829 sus
531 3758 740 3829 poetico
763 3754 912 3829 more
941 3754 1214 3829 describit.

487 3819 729 3883 VLibius
759 3828 990 3880 Severus
1012 3825 1112 3895 (sic
1136 3823 1281 3895 enim
1300 3829 1494 3895 vocant
1522 3833 1732 3895 veteres
1760 3819 1989 3895 nummi)

421 3908 542 3967 post
583 3898 785 3952 caedem
823 3892 1139 3967 Majoriani,
1176 3893 1458 3967 Ricimeris
1502 3892 1989 3967 operagimperium

420 3962 591 4023 tcnnit
627 3983 691 4020 ex
737 3982 788 4020 Α.
834 3962 1020 4018 υ.ἰιιι
1064 3963 1271 4021 Calend.
1327 3962 1579 4018 Decemb.
1620 3964 1752 4026 46!;
1799 3962 1993 4016 deinde

420 4048 613 4109 quarto
640 4048 762 4107 post
791 4048 934 4089 anno
960 4032 1230 4109 ejusdem,
1266 4032 1490 4109 nt_fama
1526 4041 1665 4109 erat,
1707 4031 1991 4109 Ricimeris

421 4101 547 4163 dolo
564 4123 624 4162 ex
634 4101 786 4161 stinct
797 4121 856 4158 us
868 4114 950 4159 est
964 4101 1087 4158 XVIII
1101 4103 1309 4158 calend.
1326 4104 1601 4171 Septemb.
1615 4101 1986 4156 Cassiodorus:

424 4177 775 4233 Herminerico
801 4186 846 4230 et
874 4174 1122 4228 Basilisco
1147 4190 1276 4229 coss.
1301 4172 1403 4227 His
1433 4174 1746 4235 consulibus,
1782 4181 1837 4225 ut
1862 4172 1993 4226 dici-

421 4260 526 4315 tur,
560 4248 823 4301 Ricimeris
853 4245 1035 4316 fraude
1067 4244 1284 4300 Severus
1317 4244 1491 4316 Romw
1517 4244 1569 4296 in
1593 4241 1784 4316 palatio
1806 4257 1993 4296 veneno

458 4312 709 4387 ercmptus
731 4324 824 4370 est.
853 4312 979 4387 Alii
1010 4329 1104 4368 sua
1146 4312 1600 4387 morte_functum
1650 4313 1888 4387 tradunt,
1937 4325 1992 4387 ut

466 4381 616 4443 auius
643 4389 902 4442 diaconus
933 4385 1021 4439 tib.
1049 4400 1119 4438 vt.
1152 4383 1303 4450 Quod
1328 4384 1573 4437 Sitloiiius
1602 4398 1812 4450 quoque
1834 4381 1993 4437 intel-

423 4459 511 4529 Iigi
538 4458 725 4521 voluit,
753 4472 875 4529 cum
901 4468 1101 4529 natura:
1122 4448 1239 4529 lege
1257 4463 1521 4529 mortuum
1552 4448 1665 4529 ait:
1707 4448 1821 4507 sive
1850 4454 1988 4529 quod

424 4523 494 4582 ita
525 4527 915 4591 crederet,sive
939 4536 993 4580 ut
1022 4525 1342 4580 Ricimerem
1355 4523 1619 4578 Anthemii
1641 4538 1896 4593 generum
1925 4525 1991 4578 ab

425 4613 487 4652 ea
520 4610 640 4651 uota
677 4598 987 4652 vindicaret.
1027 4596 1312 4651 Incidzmus
1344 4597 1395 4648 in
1428 4594 1642 4648 brevem
1680 4596 1987 4662 indiculum,

425 4668 709 4721 .Ittstiniani
765 4667 1091 4733 temporibus
1145 4668 1433 4734 scriptum,
1494 4667 1544 4718 in
1586 4680 1693 4733 quo
1742 4665 2003 4733 principes

426 4754 614 4793 omnes
640 4738 969 4818 aliiApgusto
1000 4747 1126 4818 quot
1160 4737 1312 4818 annis;
1343 4737 1635 4818 regnarint,
1684 4737 1769 4818 ub_i
1791 4744 1882 4818 ξι-
1899 4751 2005 4818 qpo

427 4824 622 4895 genere
660 4807 787 4862 lethi
837 4805 1111 4895 perierint,
1162 4806 1343 4895 paucis
1371 4805 1688 4895 ex'plicatur.
1736 4806 1888 4877 112
1930 4806 2007 4861 De

427 4873 625 4933 Severo
639 4889 817 4932 autem
841 4873 916 4930 Sic
943 4876 1100 4930 habet
1126 4893 1142 4931 :
1172 4876 1387 4930 Severus
1421 4873 1596 4929 Romae
1619 4873 1888 4946 imperabi
1910 4893 2006 4929 an-

430 4950 508 5001 nis
522 4948 574 5012 ὁ,
593 4948 755 5014 ibique
769 4945 999 5016 religiose
1020 4948 1185 4999 vivens
1206 4948 1437 5001 decessit.

504 5028 527 5057 ο
569 5018 769 5084 Duplex
796 5014 954 5071 causa
1002 5031 1096 5070 cur
1142 5016 1436 5085 principem
1469 5016 1537 5071 ab
1588 5014 1805 5071 Oriente
1858 5020 2003 5080 posci

430 5088 586 5169 velit:
627 5089 740 5169 lina
789 5088 930 5156 quod
975 5087 1119 5141 brevi
1172 5098 1328 5169 atque
1373 5088 1703 5169 inauspicato
1729 5101 1893 5167 regno
1923 5091 2000 5142 usi

430 5162 536 5212 sint
574 5158 835 5225 indigena:
858 5172 1061 5221 omnes,
1107 5159 1195 5225 qui
1232 5158 1595 5223 superioribus
1620 5156 1774 5211 annis
1804 5156 2001 5225 regna-

431 5239 588 5294 rant,
634 5229 921 5289 Maximus,
974 5229 1198 5292 Avitus,
1251 5228 1574 5294 Maiorianus
1631 5238 1685 5284 et
1741 5226 1994 5283 Severus.

432 5300 627 5359 Altera.
662 5298 802 5367 quod
852 5296 1103 5359 Ricimer,
1142 5298 1232 5365 qui
1272 5308 1389 5365 post
1423 5299 1605 5354 Severi
1650 5299 1851 5351 obitum
1903 5315 1997 5365 per

434 5372 795 5437 interregnum
842 5367 1222 5434 rempublicam
1267 5370 1661 5430 moderabatur,
1707 5369 1996 5423 Genserico

433 5439 579 5493 solus
625 5439 875 5493 resistere
924 5452 1027 5490 non
1070 5440 1255 5505 po<sil.
1298 5438 1470 5503 Quare
1511 5440 1885 5493 ma'uranilum
1939 5450 1997 5494 ut

436 5509 579 5581 iltinc
603 5511 889 5576 imperatur
911 5508 1261 5573 renuntietur,
1279 5510 1365 5577 qui
1383 5508 1469 5563 diu
1493 5521 1545 5564 et
1570 5510 1793 5564 feliciter
1816 5522 2002 5581 regnet

436 5577 801 5647 Vandalusque
820 5586 1090 5634 coerceat.

503 5646 529 5684 ά
568 5646 888 5703 Gensericus
914 5665 977 5702 ex
1008 5666 1111 5717 quo
1138 5648 1511 5716 Carthaginem
1552 5651 1724 5720 cepit,
1756 5651 1850 5705 sed
1882 5662 1998 5720 post

432 5730 708 5771 excessum
736 5721 1002 5787 pt‘tccipue
1038 5720 1437 5787 Valentiniani,
1461 5724 1733 5792 utriusque
1786 5724 1995 5791 imperii

2098 3334 2242 3379 tanta
2269 3324 2350 3378 sui
2383 3322 2597 3387 Iiducia,
2624 3331 2684 3375 ut
2705 3322 3068 3390 interrogante
3091 3321 3384 3391 aliquando
3407 3320 3651 3391 naucleru,

2096 3409 2266 3463 ecquo
2306 3393 2420 3448 vela
2471 3393 2583 3446 duri
2608 3392 2863 3463 "iuberet,
2902 3389 3261 3463 respondisse
3308 3390 3520 3455 feratur,
3550 3389 3657 3463 Quo

2097 3461 2235 3520 Dens
2259 3463 2547 3528 impulerit.
2604 3462 2680 3515 Ex
2711 3479 2818 3529 quo
2862 3462 3111 3515 nitnirtttn
3164 3470 3337 3529 patet,
3384 3476 3474 3515 cur
3511 3461 3657 3530 piata

2092 3552 2247 3606 vagus
2287 3534 2508 3606 Sidonio
2551 3528 2780 3606 dicatur,
2823 3543 2877 3586 et
2922 3531 3082 3606 hostis
3110 3528 3409 3606 repentinus
3436 3528 3657 3606 Theodo-

2094 3599 2209 3662 rice
2236 3606 2344 3676 regi
2372 3603 2510 3673 apud
2554 3601 2868 3676 S_-natorem
2899 3617 2917 3655 ι
2949 3599 3255 3676 Variam},
3295 3609 3351 3656 et
3373 3599 3657 3676 frigentia”

2092 3681 2203 3748 ejus
2231 3670 2541 3748 incursus-et
2578 3674 2788 3748 fortuito
2817 3672 3156 3748 deprwdatio,
3214 3675 3408 3725 cunctis
3431 3670 3660 3748 littoribus

2097 3740 2443 3813 formidanda,
2472 3743 2708 3798 Novella
2740 3742 3116 3809 Valentiniani,
3155 3758 3284 3809 quae
3314 3752 3395 3795 est
3436 3740 3502 3794 20
3538 3744 3658 3813 inter

2093 3808 2516 3871 Theodosian‘as.
2546 3814 2679 3879 Quia
2716 3813 2874 3881 igitur
2905 3808 3111 3880 praeter
3138 3808 3352 3867 morem
3388 3821 3489 3869 est.
3525 3819 3577 3863 ut
3601 3808 3660 3860 ab

2093 3886 2506 3941 Africairruant
2527 3884 2764 3953 Scytha),
2790 3885 2890 3937 huc
2920 3891 3001 3936 est
3022 3882 3249 3937 Vandali
3277 3891 3333 3937 et
3357 3882 3658 3947 Alani,un

2093 3957 2219 4012 alibi
2242 3952 2631 4024 Caucasigenas
2659 3964 2834 4017 vocat,
2862 3952 2985 4006 hinc
3014 3964 3095 4007 est
3118 3953 3271 4023 quod
3304 3957 3378 4009 ait
3410 3967 3423 4004 :

2586 4088 2931 4146 Converso'tue
2964 4088 3138 4135 ordine
3164 4085 3252 4135 fati

2246 4151 2451 4202 Torrida
2477 4150 2747 4201 Caucaseos
2768 4150 2913 4198 infert
2943 4151 3056 4197 mhi
3080 4149 3231 4212 Byrsa
3257 4148 3470 4197 furores.

2095 4277 2158 4331 Et
2184 4272 2513 4330 carmine-25
2534 4270 3022 4334 eademantithesi,
3054 4268 3301 4324 Genseri.
3323 4283 3411 4323 um
3442 4266 3610 4321 dixit:

2700 4406 2941 4453 Africane

2400 4466 2612 4516 Telluris
2633 4466 2820 4515 'l'anaiti
2854 4480 2932 4513 um
2953 4464 3215 4514 rebellem.

2180 4607 2203 4633 θ
2242 4596 2398 4664 Quod
2430 4596 2745 4650 Ricimerem
2772 4595 2949 4649 laudat
2979 4595 3255 4659 Sidonius,
3280 4594 3544 4649 Anthemii
3582 4590 3660 4651 tuti

2110 4683 2364 4737 generum
2410 4667 2554 4720 illum
2606 4666 2868 4724 asciverat
2920 4670 3108 4737 gratia;
3155 4666 3519 4735 imputandum
3571 4671 3661 4716 est.

2114 4735 2321 4808 Alioqui
2354 4753 2538 4806 parum
2567 4752 2741 4792 Causa:
2772 4737 2947 4790 habuit
2976 4750 3071 4791 cur
3098 4735 3372 4792 hominem
3404 4742 3611 4795 amaret,
3637 4747 3662 4784 a

2117 4824 2223 4872 quo
2267 4811 2475 4864 Avitum
2518 4821 2766 4862 sucerum
2815 4820 3046 4875 purpura
3087 4820 3308 4861 exutum
3349 4808 3662 4875 meminerat.

2116 4876 2243 4932 Erat
2276 4879 2322 4932 is
2350 4879 2599 4945 patricius
2628 4886 2684 4932 et
2721 4873 2975 4946 magister
3009 4877 3233 4931 militum
3268 4895 3280 4929 :
3328 4881 3428 4940 vir,
3476 4886 3527 4929 ut
3557 4873 3663 4927 Jor-

2116 4950 2319 5007 nandes
2345 4947 2553 5011 scribit,
2577 4950 2822 5017 egregius
2855 4957 2909 5003 et
2942 4950 2993 5001 in
3034 4962 3092 5001 re
3139 4948 3327 5001 bellica
3368 4959 3475 5002 tum
3519 4957 3663 5017 prope

2113 5020 2413 5089 singularis,
2441 5019 2536 5073 scd
2570 5012 2662 5089 qui
2704 5012 2868 5089 nimia
2917 5018 3147 5086 potentia
3188 5017 3419 5089 barbaro
3464 5012 3658 5089 ingenio

2109 5086 2309 5144 abusus
2330 5100 2432 5145 est.
2464 5086 2603 5143 Nam
2629 5103 2733 5143 non
2765 5087 2935 5142 silum
2959 5089 3175 5142 Avitum
3208 5088 3437 5154 imperio
3462 5086 3661 5154 dejccit,

2107 5161 2201 5215 sed
2242 5160 2589 5227 Maiorianum
2633 5160 2847 5222 occidit,
2899 5168 2953 5213 et
2998 5152 3371 5219 Severum,vsi
3418 5152 3536 5210 vera
3578 5152 3664 5206 fut

2108 5232 2265 5294 fama,
2314 5231 2453 5284 clam
2498 5230 2729 5284 sustulit.
2779 5228 3121 5283 Anthemium
3175 5244 3395 5296 quoque
3436 5235 3663 5296 socerum

2105 5301 2276 5368 ipsum
2318 5301 2457 5356 bello
2479 5300 2718 5365 adortus,
2752 5299 2915 5352 Roma
2953 5311 3129 5367 capta,
3166 5293 3418 5353 necavit:
3448 5293 3665 5350 nondum

2104 5367 2310 5426 Scilicet
2339 5387 2367 5423 a
2396 5372 2693 5437 principum
2717 5369 2973 5438 sanguine
2993 5369 3307 5432 destiturus,
3335 5368 3435 5421 nisi
3457 5367 3666 5438 quadra-

2105 5442 2307 5507 gesimo
2337 5436 2449 5508 ipSe
2472 5442 2774 5509 postsoceri
2806 5436 2989 5493 necem
3010 5439 3095 5493 die
3126 5440 3441 5494 interiissct.
3464 5436 3662 5489 Mittunt

2101 5512 2178 5566 illi
2206 5528 2373 5582 genus
2393 5553 2407 5577 ,
2438 5512 2533 5565 sed
2562 5512 2780 5582 regium
2804 5510 3052 5579 utrinque
3074 5550 3089 5573 ,
3117 5522 3265 5582 patre
3286 5508 3487 5563 Sueve.
3511 5518 3665 5582 mam:

2103 5575 2297 5645 Gotha,
2335 5575 2515 5636 Vallia:
2543 5575 2681 5649 regis
2714 5580 2854 5642 ﬁlia,
2888 5575 3060 5646 eoque
3096 5575 3323 5634 nobilior
3350 5592 3510 5649 quam
3542 5575 3664 5624 tit-n-

2100 5658 2329 5716 sericus,
2378 5653 2466 5721 qui
2520 5648 2879 5717 Gundcgisclo
2926 5652 3144 5720 quidem
3189 5663 3337 5718 rege,
3394 5648 3485 5701 sed
3514 5652 3665 5698 mitte

2104 5740 2257 5779 serva
2281 5726 2492 5792 spurius
2517 5733 2669 5776 natus
2692 5731 2794 5775 est.
