3946 6176
315 367 423 419 6.33
1786 354 1905 411 CA“

2036 358 2114 411 l.\.
2320 362 2326 369 '
3485 358 3551 410 65
3568 361 3601 414 ι.

314 484 369 538 In
401 499 623 552 regnum
653 483 757 535 duo
786 494 944 549 regna
972 486 1197 532 vocant:
1234 490 1352 528 nam
1388 486 1536 543 patre
1566 475 1794 535 Suevns,

312 582 351 632 A
386 576 649 645 genitrire
675 574 903 635 Getlies;
934 570 1092 625 simul
1123 578 1177 623 et
1210 568 1565 639 reminiscitur
1598 566 1752 630 ilqu,

309 670 466 735 Quod
496 666 845 722 Tartessiacis
877 674 902 700 δ
932 676 1068 715 avus
1100 660 1257 729 hujus
1278 658 1441 713 Vallia
1466 658 1623 711 terris

314 759 636 812 Vandalicas
659 766 881 819 turmas,
906 763 960 807 et
985 752 1154 821 juncti
1180 750 1360 804 Martis
1391 750 1591 804 Alanos

309 851 474 919 301
504 848 722 909 Stravit,
754 854 808 899 et
833 843 1109 898 oeciduam
1136 852 1321 895 texere
1350 840 1608 893 cadavera
1640 838 1865 906 Calpen.

308 942 451 1005 Quid
479 949 689 992 veteres
717 950 933 991 narrare
966 934 1138 1002 fugas,
1167 933 1294 1003 quid
1326 934 1518 987 damna
1554 932 1828 1001 priorum?
1904 932 1907 933 ⁷

310 1030 335 1069 δ
367 1030 703 1101 Agrigentini
736 1030 923 1082 recolit
946 1024 1224 1094 dispendia
1256 1026 1454 1093 campi.

312 1126 447 1179 Inde
473 1125 619 1186 furit,
654 1124 795 1193 quod
823 1136 881 1174 se
911 1119 1093 1173 docuit
1116 1117 1248 1170 satis
1274 1118 1374 1171 iste
1406 1122 1655 1184 nepotem

310 1218 465 1271 Illius
495 1232 617 1271 esse
648 1216 768 1280 viri,
800 1229 905 1282 quo
933 1213 1048 1266 viso
1084 1210 1317 1265 Vandale
1346 1224 1565 1280 semper

309 1310 487 1377 Terga
521 1308 722 1362 dabas:
757 1322 877 1359 nam
904 1320 1011 1359 non
1032 1304 1195 1358 Siculi
1222 1302 1488 1357 illustrior
1514 1302 1659 1356 arvis

310 1398 393 1452 Tu
420 1398 670 1452 Marcelle
696 1396 859 1459 redis,
885 1410 979 1462 per
1007 1408 1165 1462 quem
1192 1392 1387 1447 tellure
1414 1393 1657 1461 marique

311 1490 512 1544 Nostra
535 1491 850 1560 Syracusios
875 1494 1185 1557 presserunt
1212 1500 1359 1539 arma
1391 1494 1656 1553 penates:

310 1583 427 1639 Nec
454 1593 510 1637 tu
538 1593 560 1621 ο
588 1583 672 1636 cui
706 1596 923 1635 currum
955 1578 1101 1635 Curti
1132 1593 1417 1647 superare,
1450 1577 1691 1644 Metelle,

309 1676 577 1745 Contigit,
608 1683 885 1729 ostentans
913 1672 1067 1727 nobis
1089 1671 1373 1741 elephanta
1398 1669 1728 1739 frequentem
1746 1709 1762 1734 ,

310 1769 464 1824 Grex
489 1768 642 1837 niger
667 1767 909 1820 albentes
936 1774 1135 1835 tegeret
1159 1779 1281 1819 cuin
1306 1762 1448 1818 mole
1474 1761 1700 1832 iugales,

310 1864 721 1930 Auctoremque
750 1874 906 1914 suum
934 1859 1133 1913 celaret
1161 1872 1353 1927 pompa
1386 1854 1662 1924 triumphi.

310 1953 336 1990 ιι
366 1953 607 2008 Noricus
626 1948 1009 2020 Ostrogothum
1030 1949 1170 2019 quod
1199 1949 1475 2013 continet,
1511 1948 1613 2003 iste
1644 1946 1861 2004 timetur
1894 1961 1909 2002 :

311 2042 494 2099 Gallia
518 2043 660 2113 quod
693 2042 867 2096 Rheni
888 2040 1109 2096 Martem
1139 2040 1301 2110 ligat,
1335 2040 1438 2094 iste
1469 2039 1650 2109 pavori
1675 2047 1780 2095 est.

309 2136 477 2202 Quod
511 2146 537 2173 ε’
564 2134 963 2204 consanguineo
991 2148 1079 2189 me
1110 2132 1377 2188 Vandalus
1400 2132 1571 2187 hostis
1598 2132 1770 2186 Alano

314 2228 560 2297 Diripuit
582 2228 827 2289 radente,
856 2225 967 2278 suis
997 2223 1084 2279 hic
1100 2224 1243 2278 ultus
1263 2223 1329 2277 ab
1348 2223 1537 2278 armis.

312 2317 429 2372 Sed
467 2331 645 2369 tamen
671 2328 808 2369 unus
832 2314 992 2367 homo
1017 2323 1119 2375 est,
1150 2328 1251 2367 nec
1267 2321 1411 2367 tanta
1440 2312 1674 2381 pericula
1695 2311 1841 2366 solus

311 2410 563 2475 Tullere,
590 2408 682 2462 sed
706 2406 923 2461 dill‘erre
954 2414 1127 2474 potest
1161 2422 1173 2457 :
1206 2405 1367 2458 modo
1396 2404 1635 2473 principe
1664 2405 1820 2460 nobis
1852 2458 1856 2463 .

316 2502 419 2554 Est
450 2515 588 2568 Optls
618 2510 856 2561 armato,
886 2507 1127 2551 veterum
1157 2494 1248 2565 qui
1278 2511 1430 2551 more
1462 2506 1764 2565 parentum,
1844 2483 1851 2490 ’

311 2594 436 2647 Non
472 2591 713 2655 mandet,
739 2589 833 2643 sed
866 2589 1001 2643 bella
1027 2596 1206 2657 gerat;
1239 2604 1397 2658 quem
1429 2588 1577 2657 signa
1609 2600 1911 2643 moventem

311 2686 491 2739 Terra
524 2684 605 2738 vel
633 2683 776 2735 unda
809 2691 1075 2745 tremant,
1108 2688 1165 2734 ut
1190 2682 1405 2734 tandem
1432 2681 1553 2749 jure
1575 2690 1813 2750 recepto,

312 2777 553 2831 ltomnla
583 2776 834 2830 desuetas
862 2772 1209 2827 moderentur
1230 2772 1455 2827 classica
1485 2775 1706 2828 classes.

388 2867 576 2922 Audiit
603 2868 688 2921 illa
713 2876 880 2935 pater,
915 2865 1069 2919 simul
1096 2865 1310 2927 annuit;
1342 2865 1449 2918 itur
1480 2865 1530 2919 in
1563 2866 1754 2922 l'rbem

312 2959 595 3014 Continuo
619 2973 635 3021 ;
663 2958 807 3010 videt
835 2960 949 3025 ipse
976 2956 1155 3021 deam,
1179 2957 1495 3010 summissus
1525 2956 1734 3023 adorat,

312 3052 525 3104 Pectus
553 3058 607 3103 et
632 3058 870 3102 exertam
900 3047 1187 3115 tetigerunt
1214 3061 1411 3101 cornua
1444 3062 1752 3104 mammam.

312 3139 739 3194 Mandatasleri
772 3137 897 3191 inde
928 3152 1135 3204 preces,
1166 3151 1301 3207 quas
1331 3137 1451 3192 diva
1480 3149 1664 3195 secuta

316 3240 573 3303 Apparat
608 3232 689 3286 ire
713 3231 852 3285 viain
886 3248 897 3283 :
926 3230 1133 3284 laxatos
1160 3239 1308 3284 torva
1335 3232 1559 3300 capillos

315 3328 580 3392 Siring-t,
609 3336 661 3378 et
692 3325 910 3376 inclusa:
943 3324 1208 3376 latuerunt
1232 3324 1441 3377 casside
1469 3334 1662 3381 turres.

316 3420 498 3474 liifula
528 3417 711 3470 laurus
740 3425 853 3469 erat
888 3432 901 3468 :
932 3414 1090 3468 hullis
1122 3414 1399 3470 hostilibus
1425 3430 1585 3484 asper

316 3510 578 3578 Applicat
608 3523 636 3561 a
668 3508 799 3561 laeva
830 3516 1133 3575 surgentem
1165 3506 1372 3561 balteus
1392 3521 1598 3561 ensem.

317 3605 490 3674 302
518 3600 772 3655 Inseritur
790 3600 981 3669 clypeo
1003 3598 1192 3652 victrix
1218 3612 1435 3663 manus;
1470 3599 1609 3655 illius
1638 3600 1823 3654 urbem

318 3695 659 3763 Martigenae,
691 3692 833 3760 lupa,
855 3690 1054 3757 Tibris,
1084 3704 1256 3755 amor,
1284 3690 1445 3758 Mars,
1474 3690 1582 3755 Ilia,
1611 3697 1907 3761 complent.

396 3860 426 3888 ι
460 3848 649 3902 Vallia:
672 3844 817 3914 regis
842 3843 912 3899 de
939 3842 1190 3898 Vandalis
1215 3842 1503 3914 Manisque
1522 3843 1587 3897 ad
1610 3844 1916 3904 Tartessuin

321 3933 379 3977 et
405 3920 616 3987 Calpen
662 3913 903 3969 victoriae
947 3914 1228 3987 abldatio
1273 3924 1328 3987 et
1368 3913 1569 3968 Isidoro
1598 3919 1916 3987 repetenda:

322 4004 481 4049 sunt.
516 3984 755 4041 Narrant
783 3987 924 4038 enim
960 3984 1181 4036 Valliain
1224 3985 1323 4037 sub
1361 3998 1557 4037 annum
1585 3984 1780 4041 CliriSIi
1811 3988 1915 4043 418

326 4060 607 4114 Vandalus
635 4057 869 4125 Siliugos
904 4057 955 4108 in
990 4054 1182 4125 Bietica
1223 4056 1517 4116 delet/isse;
1562 4057 1759 4110 Alanos
1787 4074 1915 4112 vero

324 4133 411 4188 sic
435 4128 729 4189 attrivisse,
770 4124 825 4179 ut
846 4142 965 4178 cum
998 4124 1248 4178 Vanilalis
1277 4126 1363 4192 qui
1400 4127 1552 4195 113
1582 4127 1635 4179 in
1666 4125 1912 4184 Galla-cia

328 4202 648 4256 Gunderico
679 4203 787 4266 regi
834 4196 1112 4268 parebant,
1154 4211 1316 4247 unum
1368 4200 1651 4268 postearin
1699 4215 1922 4268 regnum

328 4270 660 4328 coaluerint.
710 4270 817 4322 Nec
846 4266 1065 4320 dubium
1104 4267 1231 4335 quin
1261 4267 1329 4320 de
1365 4266 1445 4320 his
1480 4267 1634 4321 bellis
1665 4266 1918 4337 loquatur

331 4341 615 4399 Sidonius.

407 4413 438 4451 ιι
480 4410 665 4465 Cladis
691 4407 906 4470 Siculis,
945 4420 1044 4468 qua
1078 4404 1400 4460 Gensericus
1438 4408 1551 4475 ipse
1587 4422 1616 4460 a
1659 4407 1922 4465 Ricimere

336 4485 393 4537 in
424 4482 774 4548 Agrigentino
799 4478 975 4548 littore
1006 4476 1333 4545 proﬂigatns,
1376 4476 1526 4531 illum
1560 4478 1747 4531 Valliie
1781 4481 1921 4534 Vau-

337 4546 587 4607 daloruin
619 4549 885 4615 quondam
910 4546 1128 4600 victoris
1151 4554 1396 4614 nepotem
1414 4562 1532 4601 esse
1553 4559 1746 4614 sensu,
1770 4552 1924 4605 AVito

341 4637 403 4677 ut
438 4638 560 4677 reor
593 4624 910 4689 imperante.
966 4616 1179 4670 Missum
1207 4618 1348 4669 enim
1388 4621 1456 4671 ah
1486 4619 1640 4671 Avito
1667 4624 1923 4675 ailiersus

347 4671 763 4747 V—aiiila-loseiim
793 4690 1029 4743 exercitii
1057 4689 1373 4741 Ricimerem
1400 4698 1585 4742 auctor
1609 4700 1691 4742 est
1714 4671 1927 4746 Priscus
1954 4671 2003 4727 θ

343 4767 398 4819 in
431 4765 705 4829 excerptis
735 4761 873 4822 leuat
895 4773 1079 4829 onum.
1106 4759 1308 4829 Caisam
1341 4760 1499 4810 etiam
1526 4760 1810 4813 Ricimeris
1835 4778 1929 4817 co-

347 4837 494 4889 mitis
514 4828 969 4885 irit-eumventione
1002 4828 1351 4900 Vandaloruin
1382 4829 1793 4893 multitudinem,
1811 4850 1929 4900 quae

346 4904 668 4970 Carthagine
690 4916 814 4954 cum
840 4902 921 4970 γυυᾼ
955 4898 1182 4951 navibus
1212 4900 1463 4964 solverat,
1499 4900 1637 4954 inter
1668 4903 1806 4955 Aviti
1832 4898 1931 4958 res

348 4989 529 5044 gestas
555 4968 779 5044 adnota!
799 4968 1014 5044 lilatius.

420 5055 445 5083 ε
478 5039 953 5107 ι,νιιίι1;ιιιι,(]ηι·ὶωιι
973 5052 1125 5089 curru
1151 5052 1169 5089 :
1196 5038 1333 5107 quod
1362 5041 1604 5093 eamdem
1632 5042 1789 5095 habet
1806 5057 1927 5095 seu-

352 5118 594 5169 tentiaui.
630 5112 839 5165 Primus
867 5111 1179 5177 elephantos
1227 5110 1305 5178 de
1340 5110 1545 5178 l‘yrrho
1595 5116 1927 5175 triumphans

352 5186 580 5238 duxerat
600 5180 789 5234 Curius
814 5176 1071 5251 Dentatus
1092 5193 1233 5251 anno
1267 5176 1327 5232 U.
1350 5176 1408 5251 (Ι,
1436 5178 1561 5245 427,
1583 5182 1676 5235 sed
1709 5198 1925 5251 paucos,

354 5267 581 5321 quatuor
600 5254 883 5313 duntaxat,
916 5258 972 5302 ut
1000 5249 1154 5302 docet
1186 5248 1491 5321 Eutropius.
1537 5257 1603 5302 At
1646 5248 1722 5304 Lf
1742 5253 1925 5305 Metel-

361 5318 439 5378 lus
487 5326 540 5378 in
580 5322 852 5391 triumpbo
880 5334 1035 5378 quem
1060 5321 1134 5391 de
1157 5318 1308 5391 victis
1336 5319 1387 5371 in
1409 5320 1597 5391 Sicilia
1621 5322 1798 5375 Ptenis
1822 5324 1931 5391 egit

357 5411 495 5448 anno
525 5392 590 5448 U.
622 5395 686 5447 (Σ.
717 5388 839 5453 δυῦ,
865 5400 1077 5444 centum
1106 5388 1259 5442 duxit
1282 5397 1336 5441 et
1372 5389 1593 5457 viginti,
1644 5392 1792 5445 Livio
1833 5388 1929 5443 aii-

358 5479 531 5530 ctnl'e,
562 5476 618 5517 ut
646 5472 727 5516 est
753 5462 816 5530 in;
851 5462 1089 5525 Epilome
1124 5460 1216 5524 i9,
1248 5470 1300 5511 et
1327 5462 1524 5514 Seneca
1566 5462 1633 5515 de
1667 5462 1933 5516 Brevitate

361 5538 476 5589 vita:
504 5529 623 5600 cap.
672 5534 755 5586 14.
791 5529 957 5595 Idem,
994 5532 1183 5597 inquit,
1219 5530 1457 5582 narrabat
1489 5530 1750 5585 Metellum
1793 5534 1932 5585 ricta

360 5608 411 5659 in
441 5606 531 5662 Sic
554 5606 625 5658 lia
658 5603 827 5656 Panis
867 5602 1263 5669 triumphantem
1291 5617 1445 5653 unum
1474 5603 1701 5654 ontnium
1742 5602 1926 5655 Roma-

359 5692 537 5737 norum
565 5686 679 5727 ante
706 5688 911 5726 ciirrum
945 5671 1045 5724 illi)
1071 5682 1115 5723 et
1144 5671 1213 5723 ΞΟ
1238 5671 1462 5735 captivos
1495 5671 1789 5741 elephantos
1819 5675 1930 5725 dii-

362 5747 514 5800 πὶεεε.
562 5745 699 5797 Vicit
738 5758 865 5812 ergo
908 5741 1051 5796 Curii
1099 5756 1313 5794 currum
1360 5742 1628 5806 Metellus;
1662 5759 1758 5797 nec
1783 5744 1928 5797 Curii

365 5817 553 5881 tuodo,
585 5818 677 5871 sed
706 5816 962 5879 aliarum,
992 5821 1248 5882 quotquot
1290 5820 1469 5880 postea
1514 5814 1925 5881 triumpharunt.

1923 479 1971 536 Α
2004 474 2189 529 Fibula
2222 473 2456 527 mordaci
2489 472 2699 539 refugas
2728 488 2757 526 a
2793 485 3009 540 pectore
3038 484 3214 529 vestes

2010 566 2176 618 Dente
2205 565 2374 633 capit;
2407 565 2564 617 ηιίεςιι
2594 566 2740 617 hasta
2769 568 2968 629 minax,
3006 580 3344 633 quercusque
3373 568 3589 634 turpans

2006 655 2180 709 Curva
2213 655 2417 720 tremit,
2443 654 2755 723 placidoque
2781 655 2935 709 deam
2965 657 3065 709 sub
3096 656 3236 709 fasce
3267 656 3471 726 fatigat.

2012 747 2032 786 τ
2068 750 2336 816 Perpi-tuo
2360 759 2464 802 stat
2496 750 2672 816 planta
2701 749 2850 812 solo,
2881 750 2974 804 sed
3008 750 3164 805 fascia
3198 754 3396 818 primos

2008 840 2227 895 Sistitur
2255 841 2323 894 ad
2346 840 2561 910 digitos,
2588 841 2876 895 retinacula
2908 843 3027 895 bina
3052 843 3329 897 cmlinrnis

2008 932 2169 985 Mittit
2189 933 2242 985 in
2273 934 2558 986 adversum
2589 933 2768 986 vincto
2792 931 2861 986 de
2884 932 3087 987 fornice
3112 936 3310 1002 pollex.

2007 1024 2138 1090 Qua:
2164 1024 2427 1093 stringant
2450 1022 2719 1091 crepidas,
2751 1032 2804 1077 et
2834 1025 3282 1078 concurrentibus
3309 1026 3453 1078 ansis

2008 1115 2350 1179 Viuclorum,
2382 1116 2588 1184 pandas
2616 1122 2798 1170 texant
2827 1130 2922 1183 per
2949 1130 3108 1171 crura
3135 1125 3373 1173 catenas.

2010 1206 2153 1276 Ergo
2181 1208 2323 1261 sicut
2351 1216 2468 1261 emt
2497 1205 2751 1273 liquidam
2782 1215 3083 1263 transvecta
3107 1210 3466 1276 pet-aethram,

2009 1298 2290 1352 Nascentis
2314 1298 2465 1365 petiit
2495 1298 2704 1366 tepidos
2734 1297 3055 1368 Hyperionis
3079 1306 3249 1355 ortus.

2084 1392 2177 1445 Est
2204 1391 2357 1445 locus
2386 1392 2596 1458 oceani,
2624 1390 2930 1460 longinquis
2957 1391 3230 1460 proximus
3252 1392 3415 1457 ludis,

2010 1486 2123 1538 Axe
2145 1484 2244 1538 sub
2271 1483 2415 1549 Eoo,
2445 1482 2795 1539 Nabathzum
2827 1492 3009 1538 tensus
3038 1485 3089 1537 iu
3121 1482 3343 1551 Eurum,

2014 1573 2117 1628 Ver
2148 1574 2235 1629 ubi
2263 1575 2581 1629 continuum
2602 1582 2722 1639 est,
2755 1573 3094 1643 interpellata
3117 1589 3217 1629 nec
3238 1575 3358 1629 ullis

2012 1667 2325 1738 Frigoribus
2353 1667 2595 1736 pallescit
2622 1666 2845 1732 humus;
2872 1666 2967 1723 sed
2995 1666 3127 1722 llore
3155 1669 3374 1735 perenni

2010 1760 2157 1817 Picta
2180 1763 2493 1831 peregrinos
2522 1761 2771 1830 ignorant
2789 1776 2913 1815 arva
2945 1761 3167 1831 rigores.

1942 1845 1983 1904 Β
2016 1855 2208 1908 llalant
2233 1868 2361 1909 rura
2387 1854 2550 1919 rosis,
2588 1854 3052 1924 indescriptosque
3077 1872 3172 1925 per
3200 1870 3357 1925 agros

2016 1945 2238 2015 Fragrat
2262 1944 2398 1999 odor
2425 1959 2441 2000 :
2470 1945 2667 1998 violam
2686 1986 2701 2010 ,
2724 1947 2977 2015 cytisum,
3003 1946 3264 2015 serpylla,
3292 1947 3426 2015 ligus
3454 1961 3583 2013 rum,

2017 2039 2173 2108 Lilia,
2205 2037 2497 2105 narcissos,
2524 2040 2746 2099 casiam,
2776 2038 3064 2104 Colocasia,
3093 2038 3319 2104 calthas,

2010 2132 2257 2198 Costum,
2289 2130 2675 2195 maloliatrum,
2705 2130 2978 2201 myrrhas,
3008 2129 3385 2199 Opobalsama,
3417 2132 3586 2198 thura,

2017 2224 2326 2279 Parturiunt
2351 2223 2549 2293 campi,
2582 2237 2682 2277 nec
2704 2236 2808 2275 non
2838 2222 3081 2291 pulsante
3106 2232 3347 2285 seuseu,

2017 2315 2150 2370 llinc
2173 2316 2416 2371 rediviva
2448 2318 2579 2383 petit
2606 2313 2811 2368 vicinus
2839 2314 3085 2368 cinnama
3120 2312 3355 2380 phoenix.

2018 2406 2114 2461 llic
2136 2406 2330 2461 donius
2349 2407 2573 2461 Aurorae
2597 2406 2756 2460 rutilo
2782 2412 3054 2460 crustante
3077 2404 3314 2464 metallo,

2017 2500 2307 2554 Baccarum
2334 2500 2549 2569 pra'l'ert
2573 2501 2734 2554 latves
2756 2509 2971 2569 asprata
3000 2499 3229 2568 lapillos.

2019 2592 2278 2661 Diripiunt
2309 2592 2520 2645 diversa
2551 2592 2758 2656 oculos,
2783 2601 2837 2644 et
2856 2592 2924 2644 ab
2947 2601 3061 2644 arte
3083 2592 3353 2658 magistra,

2016 2684 2129 2740 Hoc
2160 2685 2324 2739 vincit
2350 2684 2706 2755 quodcunque
2732 2683 2914 2748 vides;
2947 2684 3038 2737 sed
3065 2685 3313 2737 conititur
3340 2685 3514 2737 omnis

2016 2778 2129 2832 Sub
2155 2778 2369 2830 domina
2404 2787 2666 2845 prasente
2694 2775 2878 2840 decor,
2905 2776 3175 2844 nimioque
3205 2775 3399 2829 rubore

2016 2866 2363 2921 Gemmaruin
2391 2865 2567 2920 varios
2598 2865 2796 2934 perdit,
2822 2866 2943 2933 quia
2967 2865 3230 2934 possidet,
3258 2866 3427 2934 ignes.

2019 2958 2297 3014 Fundi-bit
2320 2972 2471 3013 coma
2502 2972 2635 3027 pexa
2669 2972 2880 3023 crocos,
2900 2959 3149 3027 ﬂexoque
3169 2958 3301 3012 laeei
3318 2970 3371 3011 to

2016 3052 2182 3122 303
2207 3050 2371 3106 Lutea
2402 3051 2691 3120 depressus
2711 3053 2955 3106 comebat
2984 3060 3219 3118 tempora
3244 3061 3451 3118 pecten.

2021 3141 2339 3196 Fundebaut
2362 3142 2499 3197 oculi
2529 3142 2731 3209 radios,
2764 3143 2916 3198 color
2945 3142 3130 3211 igneus
3156 3143 3284 3207 illis,

1937 3213 1986 3277 C
2017 3235 2334 3290 Nontameu
2355 3235 2518 3290 ardor
2537 3244 2655 3289 erat
2684 3251 2697 3287 :
2728 3236 2972 3305 quamvis
2993 3236 3061 3289 de
3088 3250 3243 3291 noce
3274 3251 3488 3291 ricussa

2017 3328 2239 3396 Excepti
2268 3329 2479 3382 soleant
2504 3327 2753 3383 sudorem
2782 3327 2986 3396 lingere
3015 3342 3185 3381 rores.

2017 3418 2239 3474 Pectora
2272 3419 2352 3472 bis
2371 3418 2598 3486 cingunt
2630 3432 2803 3482 zonae,
2832 3417 3113 3485 parvisque
3142 3419 3350 3487 papillis

2018 3510 2273 3565 Invidiam
2300 3511 2422 3563 facit
2445 3509 2558 3577 ipse
2583 3512 2731 3563 sinus
2763 3525 2777 3560 :
2808 3523 2931 3577 pars
2949 3510 3144 3563 extima
3176 3513 3315 3576 pepli

2019 3605 2222 3657 l'ertert
2248 3603 2500 3671 puniceas
2527 3601 2593 3654 ad
2619 3616 2775 3655 crura
2804 3602 3050 3656 rubentia
3081 3618 3259 3671 rugas.

2016 3697 2106 3752 Sic
2133 3697 2319 3768 regina
2346 3694 2499 3750 sedet
2521 3695 2687 3759 solio;
2719 3694 2919 3763 sceptri
2950 3694 3064 3750 vice
3093 3705 3119 3742 ε
3148 3696 3390 3752 dextram

2092 3850 2119 3888 τι
2150 3850 2519 3925 Barbarorum
2536 3858 2707 3925 terror
2730 3861 2818 3925 est
2832 3849 3091 3925 Ricimer.
3122 3853 3273 3925 Quod
3317 3855 3456 3911 enim
3500 3856 3601 3913 Os-

2020 3922 2249 3995 trogothi
2283 3937 2375 3995 per
2396 3921 2619 3995 Noricos
2642 3923 2697 3995 in
2730 3922 2930 3995 Italiam
2951 3964 2965 3987 ,
2993 3921 3202 3995 Franci,
3229 3925 3453 3995 aliazque
3472 3944 3601 3995 gen-

2020 4003 2101 4067 tes
2122 3992 2450 4047 Germanica:
2467 4006 2570 4067 per
2588 3990 2836 4051 Rhenum
2857 3994 2908 4047 in
2928 3994 3125 4047 Gallias
3150 4005 3255 4049 non
3276 3990 3600 4067 irrumpunt,

2020 4063 2135 4132 ejus
2164 4068 2307 4116 metu
2338 4063 2699 4116 continentur.

2103 4143 2127 4170 ε
2156 4134 2355 4206 Alanos
2383 4148 2541 4206 unam
2654 4141 2865 4199 gentem
2894 4145 3013 4206 cum
3052 4132 3301 4189 Vanilalis
3333 4137 3604 4206 in,llispa-

2029 4203 2113 4257 nia
2144 4201 2407 4256 coaluisse
2426 4202 2534 4271 jam
2563 4202 2764 4255 dictum
2794 4211 2895 4271 est.
2926 4205 3103 4267 Quare
3135 4220 3232 4257 una
3280 4207 3330 4258 in
3371 4201 3601 4261 Alricum

2032 4274 2383 4342 trajeceruut:
2430 4270 2572 4340 quod
2623 4284 2771 4324 notat
2803 4270 3074 4328 Possidius
3105 4275 3156 4327 in
3190 4274 3306 4328 Vita
3336 4275 3392 4331 S.
3426 4280 3604 4341 Angu-

2029 4345 2184 4407 stini;
2218 4354 2270 4396 et
2304 4343 2657 4407 Genseric‘us,
2685 4357 2749 4397 ac
2780 4344 3008 4409 posteri,
3039 4343 3395 4399 Vandaliirum
3443 4347 3603 4402 simul

2030 4414 2429 4481 Alanorumque
2478 4427 2634 4479 reges
2680 4413 2930 4484 appellati
2977 4432 2990 4467 :
3046 4425 3105 4467 ut
3150 4415 3286 4484 apud
3335 4417 3603 4472 Victorem

2032 4486 2327 4554 \‘iteuseiu,
2353 4484 2407 4538 in
2445 4492 2709 4554 praecepto
2738 4483 2988 4536 llunerici
3021 4485 3087 4537 ail
3114 4483 3394 4554 episcopos
3421 4491 3608 4543 ortho-

2028 4555 2216 4615 iloiios,
2249 4553 2399 4620 cujus
2423 4554 2537 4606 haec
2568 4560 2650 4605 est
2677 4552 2949 4618 inscriptio
2974 4570 2988 4609 ι
3020 4554 3127 4607 Rea:
3150 4552 3441 4611 [Iunci-icui;
3471 4558 3607 4614 Van-

2029 4625 2264 4698 dolorum
2292 4636 2337 4698 et
2368 4621 2651 4698 Alanorum
2683 4623 2927 4698 uniuersis
2959 4626 3207 4698 episcopis
3232 4626 3605 4698 lmrnousianis;

2033 4696 2266 4768 itemque
2308 4692 2359 4745 in
2398 4692 2574 4746 edicm
2605 4693 2752 4768 quod.
2779 4692 2967 4758 legitur
3006 4695 3100 4768 lib.
3128 4692 3205 4750 iii.
3233 4697 3358 4751 inde
3383 4717 3509 4768 ergo
3533 4692 3607 4753 v.2

2032 4765 2161 4818 dere
2183 4761 2261 4815 est
2284 4803 2299 4827 ,
2330 4777 2426 4815 cur
2464 4761 2890 4831 consanguineos
2919 4772 2972 4817 ct
3004 4763 3167 4830 juncti
3201 4768 3381 4821 Martis
3409 4761 3607 4827 Alanos

2033 4850 2154 4887 cum
2179 4832 2467 4897 Vandalis,
2497 4832 2855 4900 Romanusque
2885 4833 3201 4902 direptionis
3240 4839 3413 4892 soi-ios
3443 4843 3606 4896 dicat.

2107 4902 2129 4941 ίῐ
2182 4905 2360 4977 Solea.
2388 4902 2582 4977 Genus
2602 4903 2651 4977 i_il
2693 4906 3074 4977 cothurnorum
3106 4909 3361 4961 describit
3389 4914 3526 4977 quod
3560 4914 3610 4967 iii

2036 4976 2268 5042 antiquis
2315 4974 2505 5026 statuis
2536 4974 2717 5026 videre
2746 4981 2824 5026 est
2856 4990 2870 5026 :
2901 4975 2951 5027 in
2980 4991 3084 5039 quo
3105 5021 3118 5043 ,
3154 4988 3211 5028 ut
3241 4974 3611 5036 Gellii'verhis

2036 5054 2175 5106 utar,
2211 5046 2508 5116 plantarum
2537 5045 2716 5116 calces
2759 5053 2968 5116 tantum
2998 5046 3178 5100 intime
3205 5060 3473 5116 teguntur,
3506 5070 3611 5106 cie-

2036 5113 2367 5177 tera'nuda,
2398 5124 2451 5166 et
2494 5114 2750 5167 teretibus
2784 5115 3003 5169 habenis
3045 5119 3214 5169 vineta
3256 5113 3400 5174 Sunt.
3429 5124 3611 5175 Solum

2036 5199 2163 5257 ergo
2190 5198 2285 5253 pro
2309 5184 2452 5236 solea
2485 5193 2678 5252 posuit,
2704 5194 2758 5235 ut
2786 5183 3038 5257 Plautus,
3072 5188 3358 5255 Martialis,
3395 5192 3610 5257 aliique.

2037 5254 2319 5307 Fornicein
2349 5269 2510 5327 vero,
2536 5269 2631 5322 pro
2656 5265 2806 5319 parte
2840 5255 3074 5327 devexa,
3101 5268 3154 5311 et
3175 5275 3309 5312 cavo
3341 5254 3489 5326 pedis
3505 5254 3609 5327 'op—

2041 5327 2249 5390 posita,
2281 5338 2440 5388 quam
2483 5326 2573 5378 lib.
2618 5339 2742 5385 viii,
2779 5325 2937 5390 epist.
2980 5328 3082 5390 11,
3128 5325 3387 5382 cameiain
3438 5325 3571 5385 dixit
3598 5374 3612 5393 ,

2042 5395 2269 5447 [asceata
2320 5396 2516 5460 pariter
2559 5395 2919 5450 calceamenta
2964 5398 3304 5461 describens,
3339 5398 3389 5450 iu
3422 5403 3612 5459 qubus

2037 5466 2353 5517 vinculorum
2383 5465 2799 5541 concurrentibus
2820 5467 3037 5529 ansulis,
3068 5469 3256 5541 reﬂexa
3284 5468 3351 5519 ad
3380 5485 3495 5524 crus
3522 5490 3614 5541 ριν

2038 5550 2291 5609 cumeram
2320 5537 2705 5609 catenasurgit.
2753 5538 2887 5589 Sunt
2933 5548 3105 5589 tamen
3140 5537 3361 5592 codices
3388 5544 3477 5609 qui
3508 5537 3612 5599 non

2041 5608 2251 5673 fornice,
2277 5607 2366 5658 sed
2398 5606 2568 5673 {uiuite
2601 5606 2795 5673 legant.

2113 5686 2137 5721 ε
2173 5675 2329 5745 114
2361 5679 2579 5728 Aurora:
2630 5677 2794 5753 facem
2829 5675 3030 5753 _sceptri
3075 5677 3397 5753 vice__trihuii
3428 5699 3441 5738 :
3476 5689 3614 5753 quod

2038 5761 2100 5799 ex
2152 5744 2330 5798 vae...-
2381 5745 2763 5798 consuetudine
2810 5744 3025 5798 iluctum
3057 5756 3157 5801 est.
3188 5749 3317 5801 Nam
3350 5744 3615 5813 citin'lam

2038 5816 2352 5887 piugcbitur
2392 5829 2407 5871 :
2449 5816 2588 5870 unde
2628 5814 3020 5887 Zapmiinyépo;
3064 5834 3275 5890 quoque
3318 5826 3583 5888 appellata
