3946 6176
304 320 309 325 '
355 300 471 357 ’655
1643 296 1890 355 SIDONH

2045 297 2382 357 lLLlNARIS
3487 315 3571 373 636

370 412 651 481 Lamj'adis
690 412 839 466 hasta
869 410 1040 481 replet
1071 428 1083 465 :
1114 425 1217 466 nox
1248 408 1421 465 adstat
1451 411 1691 481 proxima
1718 412 1876 477 divae,

369 507 485 560 .lam
507 505 721 573 refugos
747 518 1009 559 conversa
1043 504 1222 573 pedes,
1257 519 1318 558 ac
1342 519 1478 574 pone
1505 505 1738 559 tribunal

369 598 572 652 Promit
593 598 969 651 lux-summum
994 597 1080 651 vix
1113 597 1379 652 intellecta
1417 612 1695 655 cacumen.

368 691 502 746 llinc
526 691 749 745 Romam
779 690 979 762 liquido
1002 690 1303 745 venientem
1330 690 1542 745 tramite
1561 705 1807 755 cernens,

366 785 597 840 Exsiluit
623 799 871 855 propere,
905 793 957 839 et
986 782 1197 838 blandis
1226 782 1372 852 prior
1393 796 1515 837 orsa
1541 782 1786 853 loquelis.

435 874 598 941 Quid,
626 883 786 943 caput
807 889 841 929 o
872 873 1076 939 mundi,
1107 873 1262 938 dixit,
1294 888 1410 928 mea
1441 887 1603 945 regna
1626 873 1813 928 revisis
1844 888 1857 927 :

364 967 768 1037 Quidvejubes?
782 967 1011 1022 Paulum
1028 966 1115 1020 illa
1132 966 1319 1032 silens,
1337 974 1495 1036 atque
1510 980 1700 1036 aspera
1718 966 1950 1022 miscens

366 1062 602 1128 Milibus,
634 1061 749 1115 luce
774 1060 937 1129 coepit
968 1078 981 1113 :
1013 1060 1182 1115 Venio
1213 1058 1448 1127 (desiste
1470 1060 1700 1124 moveri,

364 1154 475 1210 Nec
504 1153 729 1208 multum
761 1151 1001 1221 trepida)
1028 1166 1133 1206 non
1156 1163 1211 1206 ut
1244 1151 1375 1206 mihi
1403 1165 1619 1221 pressus
1647 1155 1858 1207 Araxes

367 1245 620 1314 Imposito
647 1243 747 1297 sub
769 1251 931 1313 ponte
959 1245 1105 1310 fluat,
1138 1257 1236 1298 nec
1268 1251 1325 1297 ut
1352 1242 1541 1298 ordine
1564 1244 1740 1313 prisco

367 1336 579 1391 lnd.cus
608 1337 842 1391 Ausonia
878 1345 1090 1405 potetur
1118 1335 1330 1389 casside
1351 1333 1592 1406 Ganges;

363 1436 469 1485 Aut
496 1440 554 1485 ut
577 1429 797 1501 tigriferi
823 1431 1125 1499 pharetrata
1154 1444 1249 1498 per
1272 1443 1399 1483 arva
1428 1427 1668 1499 Niphatis

367 1522 726 1591 Depopuletur
750 1536 918 1576 ovans
945 1521 1203 1574 Artaxata
1231 1518 1420 1589 Caspia
1453 1520 1660 1574 consul.

366 1625 390 1651 °
421 1616 536 1670 Non
560 1617 678 1670 Pori
703 1616 861 1670 modo
888 1630 1050 1684 regna
1081 1628 1289 1684 precor,
1329 1629 1429 1668 nec
1457 1620 1517 1667 ut
1552 1612 1699 1668 hisce
1731 1612 1947 1670 lacertis

369 1707 600 1778 Frangat
626 1707 933 1779 Hydaspeas
962 1706 1104 1762 aries
1130 1707 1390 1775 impactus
1420 1704 1695 1774 Erythras.

364 1798 480 1853 Non
508 1801 560 1852 iu
596 1799 779 1853 Bactra
810 1798 975 1863 feror,
1005 1810 1106 1851 nec
1126 1796 1507 1851 committentia
1537 1810 1739 1864 pugnas

365 1888 614 1943 Arsacias
643 1904 745 1943 non
769 1902 951 1956 quacro
981 1885 1193 1953 domus,
1223 1900 1323 1939 nec
1354 1895 1555 1939 tessera
1585 1886 1776 1940 castris

369 1983 425 2035 lu
450 1979 798 2048 Ctesiphonta
820 1979 978 2034 datur
1000 1996 1012 2032 :
1034 1987 1202 2033 totum
1221 1978 1359 2031 hunc
1382 1977 1477 2031 tibi
1492 1978 1752 2032 cessimus
1768 1992 1943 2042 axem,

365 2073 430 2127 Et
453 2086 551 2127 nec
575 2073 653 2129 sic
675 2085 884 2127 mereor
910 2081 1148 2126 nostram
1174 2080 1234 2124 ut
1260 2081 1442 2125 tueare
1464 2069 1769 2124 senectam?

360 2167 536 2220 Omne
557 2163 698 2234 quod
725 2163 1048 2233 Euphratem
1072 2162 1379 2232 Tigrimque
1401 2162 1698 2232 interjacet,
1720 2162 1847 2216 olim

362 2256 487 2311 Sola
521 2265 671 2310 tenes
704 2272 716 2307 :
750 2270 838 2310 res
866 2262 1041 2323 empta
1078 2252 1207 2308 mihi
1236 2263 1319 2308 est
1346 2254 1413 2308 de
1442 2253 1697 2324 sanguine
1719 2252 1897 2307 Crassi
1927 2269 1942 2309 :

363 2344 527 2416 305.
556 2346 635 2399 Ad
666 2344 858 2400 Carras
889 2344 1116 2415 pretium
1139 2344 1351 2413 scripsi,
1384 2358 1480 2398 nec
1503 2343 1669 2398 inulta
1692 2344 1945 2410 remansi,

362 2439 466 2493 Aut
493 2438 648 2507 periit
669 2438 748 2492 sic
771 2446 983 2503 emptus
1013 2451 1143 2505 ager
1169 2453 1183 2492 :
1216 2437 1259 2490 si
1287 2435 1432 2501 fallo,
1465 2434 1703 2505 probasti

362 2530 389 2568 δ
422 2529 675 2585 Ventidio
702 2540 930 2584 mactate
957 2529 1160 2595 Sapor;
1197 2542 1297 2583 nec
1323 2528 1519 2583 sufficit
1549 2528 1685 2582 istud
1715 2546 1728 2581 :

365 2623 643 2676 Armenias
675 2618 729 2672 Ρ.
756 2631 1015 2689 ntumque
1045 2619 1200 2684 dedi,
1231 2634 1337 2688 quo
1365 2619 1533 2674 Marte
1558 2621 1802 2686 petitum,

361 2715 510 2769 Dicat
528 2713 677 2785 Sylla
701 2714 827 2779 tibi;
857 2712 1037 2767 forsan
1068 2727 1173 2766 non
1203 2711 1438 2767 creditur
1468 2712 1556 2765 uni
1590 2728 1606 2767 :

361 2805 594 2860 Consule
624 2804 926 2860 Lucullum.
960 2804 1133 2859 Taceo
1158 2803 1269 2873 jam
1301 2802 1562 2873 Cycladas
1587 2818 1801 2859 omnes.

361 2898 635 2968 Aequisita
663 2914 784 2953 meo
817 2896 985 2952 servit
1013 2897 1106 2951 tibi
1134 2897 1289 2951 Creta
1317 2896 1551 2951 Metello.
1630 2946 1633 2949 .

361 2990 695 3059 Transcripsi
724 2990 918 3045 Cilicas
942 3006 957 3042 :
985 2992 1081 3043 hos
1105 2989 1321 3056 Magnus
1345 2989 1553 3043 fuderat
1578 2990 1723 3045 olim.

361 3080 546 3150 Adjeci
579 3081 770 3152 Syrize,
801 3094 935 3149 quos
964 3094 1106 3133 nunc
1132 3079 1449 3146 moderaris,
1480 3078 1689 3136 Isauros
1716 3098 1733 3136 :

361 3170 472 3225 Hos
500 3185 714 3240 quoque
741 3169 843 3225 sub
871 3170 1069 3225 nostris
1095 3169 1301 3224 domuit
1328 3168 1587 3226 Servilius
1614 3173 1799 3229 armis.

359 3261 610 3317 Concessi
633 3248 847 3316 Etolos
868 3269 1102 3325 veteres,
1134 3260 1497 3331 Acheloiaque
1523 3276 1671 3327 arva,

358 3355 639 3410 Trhnsfudi
664 3354 953 3410 Attalicum
986 3354 1126 3409 male
1155 3354 1369 3409 credula
1401 3366 1801 3413 testamentum.

359 3448 576 3518 Epirum
610 3450 840 3512 retines;
871 3457 927 3501 ιιι
956 3446 1064 3502 scis
1088 3444 1177 3516 qui
1204 3444 1394 3501 debeat
1422 3446 1567 3502 illam

358 3539 631 3608 Pyrrhus;
665 3541 715 3593 in
747 3537 1014 3609 Illyricum
1045 3546 1231 3607 specto
1258 3546 1309 3593 te
1330 3536 1540 3592 mittere
1558 3538 1678 3608 jura
1701 3581 1715 3604 ,

356 3630 432 3684 Ac
453 3630 712 3685 Macetum
739 3638 913 3685 terras
940 3645 955 3683 :
979 3638 1029 3683 et
1061 3627 1229 3683 habes
1248 3637 1325 3693 tu,
1350 3628 1533 3694 Paule,
1555 3640 1799 3701 nepotes.

357 3719 569 3792 (Egypti
599 3720 865 3775 frumenta
897 3717 1052 3784 dedi;
1086 3718 1215 3773 mihi
1245 3718 1446 3776 vicerat
1472 3720 1598 3776 olim

356 3811 634 3868 Leucadiis
658 3811 893 3881 Agrippa
919 3808 1090 3865 fretis.
1114 3808 1297 3864 Juda-a
1320 3820 1531 3867 tenetur

356 3982 524 4039 eoque
555 3965 736 4022 habitu
779 3966 977 4039 passim
1003 3964 1240 4020 cernitur
1270 3964 1321 4020 in
1355 3966 1589 4036 antiquis
1619 3983 1935 4026 monumen-

357 4038 449 4095 tis.
473 4038 693 4095 Ovidius
715 4053 744 4091 v
770 4038 1053 4093 Fastorum
1083 4053 1096 4091 :

479 4152 680 4201 Postera
703 4163 813 4200 cum
835 4162 1025 4213 roseam
1050 4148 1203 4213 pulsis
1226 4149 1518 4213 Hyperionis
1537 4152 1680 4203 astris

538 4214 591 4263 ln
612 4220 765 4262 utatut
786 4213 860 4260 uis
882 4210 1099 4272 lampada
1122 4210 1263 4260 tollet
1273 4210 1443 4274 equis.

358 4318 425 4373 Et
448 4318 702 4375 Sidonius
729 4319 842 4388 ipse
871 4317 1111 4371 carmine
1132 4316 1166 4371 9
1194 4315 1351 4371 Indos
1381 4316 1547 4372 dixit:

478 4431 678 4480 Aurorae
702 4429 808 4479 face
836 4430 985 4480 civica
1012 4434 1255 4491 perustus.

427 4542 452 4568 ⁸
485 4532 573 4586 Sic
602 4532 881 4607 legendum
911 4532 1117 4607 censui,
1158 4548 1265 4587 non
1298 4531 1499 4607 Pharii,
1524 4543 1581 4590 ut
1609 4535 1660 4607 in
1685 4536 1930 4607 vulgatis.

358 4603 597 4678 Regnum
632 4604 751 4678 Pori
783 4605 920 4656 ultra
952 4603 1253 4678 Hydaspem
1294 4614 1410 4658 erat
1439 4621 1454 4659 :
1486 4605 1556 4678 in
1579 4606 1732 4678 cujus
1778 4603 1929 4678 ripa,

358 4683 413 4726 ut
432 4672 647 4726 Curtius
669 4671 760 4725 lib.
783 4687 874 4725 vin
901 4671 1103 4739 narrat,
1120 4676 1291 4729 victus
1315 4682 1421 4743 est,
1447 4671 1731 4743 prohibere
1761 4671 1935 4734 trans-3

358 4745 433 4797 itu
480 4743 673 4796 frustra
726 4752 947 4796 conatus
997 4744 1384 4799 Alexandrum.
1430 4743 1621 4801 Verum
1670 4749 1933 4807 Ervthras

358 4813 568 4869 Ionicos
589 4855 603 4881 ,
625 4812 928 4888 _B(roticas,
972 4812 1262 4888 )Etolicas_
1278 4815 1500 4883 legimus
1529 4833 1543 4870 :
1575 4808 1926 4888 Hydaspem-ts,

358 4891 461 4966 hoc
501 4891 586 4969 est
624 4883 1191 4969 Indicas-“nusquam.
1225 4885 1532 4954 Erythrteos
1564 4883 1705 4943 tn'im
1739 4883 1929 4945 Bacchi

358 4954 666 5030 triumphos
689 4953 975 5030 Martialis,
1009 4953 1312 5030 Erythrzeas
1344 4971 1582 5030 gemmas
1611 4972 1665 5013 et
1696 4974 1931 5030 smarag-

358 5024 805 5099 dos_Cl.tudi.tnus
826 5025 995 5099 etalia
1026 5024 1147 5099 alii,
1176 5041 1280 5099 non
1308 5024 1537 5099 abrurbe
1575 5030 1785 5099 aliqua,
1833 5024 1930 5086 sed

357 5096 425 5148 ab
456 5092 733 5168 Erythraeo
756 5097 912 5168 mari,
937 5095 1077 5162 quod
1110 5094 1310 5149 Indiam
1333 5098 1505 5162 alluit,
1533 5092 1926 5168 nuncuparunt.

357 5171 424 5241 At
453 5164 703 5241 Sidonius
747 5165 1137 5241 urbis__n0men
1178 5181 1295 5241 esse
1338 5164 1928 5241 existimavitpeasqne

357 5236 708 5310 Hydaspacas,
740 5234 1091 5310 sagittiferas,
1124 5238 1329 5302 tepidas
1360 5240 1613 5309 Erythra.
1654 5234 1927 5310 appellare

356 5308 510 5368 solet,
537 5314 643 5359 uta
670 5309 884 5359 caeteris
909 5305 1218 5375 distinguat.

424 5375 452 5450 ff
483 5380 556 5450 Ita
585 5377 938 5450 libriomnes.
964 5376 1121 5450 Atqui
1152 5376 1471 5450 Parthorum
1504 5378 1614 5448 regi
1644 5397 1801 5450 quem
1828 5398 1921 5437 oc-

355 5446 483 5499 cidit
515 5448 820 5512 \‘entiditts,
846 5463 951 5501 non
975 5445 1198 5514 Sapori,
1230 5448 1321 5500 sed
1350 5448 1548 5502 Pacoro
1570 5445 1768 5504 nomen
1800 5452 1920 5506 fuit.

356 5516 647 5589 SedSapor
677 5518 898 5573 Sidonio
918 5517 1021 5572 dici
1056 5518 1224 5586 potuit
1251 5518 1428 5589 quivis
1455 5536 1545 5573 rex
1580 5521 1917 5589 Parthorum,

358 5596 412 5639 ut
451 5587 696 5661 Arsaces.
730 5589 974 5661 lta_enim
1007 5588 1061 5641 in
1092 5588 1418 5660 Panegyrico
1448 5590 1586 5643 Aviti
1635 5592 1824 5661 lcgittir
1872 5587 1921 5646 in

359 5659 570 5724 optimis
599 5671 723 5711 mss.
743 5656 1058 5731 ,Partlticjus
1090 5662 1223 5712 ultro
1260 5656 1476 5731 restituit
1502 5678 1609 5731 meo
1652 5656 1797 5731 sijqna
1824 5664 1925 5717 Sa-

359 5743 469 5794 por,
501 5740 620 5779 cum
657 5729 945 5784 restituerit
976 5729 1250 5785 Phraates.
1300 5730 1531 5786 Pacorus
1570 5729 1760 5786 Orodis
1788 5734 1925 5788 [ilius

1962 4577 2013 4639 Ι)

1980 417 2027 473 Α
2058 412 2172 467 Sub
2200 414 2401 468 ditione
2426 423 2534 477 tua,
2565 422 2815 483 tanquam
2842 423 2895 467 ιιι
2925 412 3134 469 miseris
3159 415 3278 471 illuc

2057 503 2322 573 Insignem
2350 488 2471 559 dum
2497 517 2644 574 patre
2674 506 2871 561 Titum.
2905 506 3021 560 Tibi
3046 506 3235 577 Cypria
3266 527 3449 568 merces

2058 596 2252 651 Fertur
2278 615 2290 649 :
2324 611 2596 668 pugnaces
2623 612 2724 667 ego
2748 612 2948 667 panper
2978 598 3136 653 laudo
3162 600 3410 671 Catones,

2060 690 2327 744 Duriea'te
2358 690 2545 757 tellus,
2571 698 2626 745 et
2644 690 2871 745 Achaici
2895 690 3018 760 jura
3052 695 3377 763 tremiscunt,

2055 780 2257 836 Tendis
2285 790 2339 835 et
2359 782 2412 835 in
2436 781 2692 836 bimarem
2717 782 2892 837 felicia
2916 798 3078 852 regna
3108 784 3438 843 Corinthum:

2056 874 2153 929 Dic
2182 892 2194 929 :
2229 876 2553 946 Byzantinus
2575 876 2696 947 quis
2720 892 2834 931 rem
2868 878 2960 931 tibi
2991 878 3271 935 Mummius
3297 886 3423 951 egit?

2060 976 2084 1006 ο
2117 969 2222 1024 Sed
2250 969 2294 1023 si
2324 968 2459 1024 forte
2491 969 2667 1037 placet
2697 979 2905 1024 veteres
2936 970 3117 1040 sopire
3143 975 3407 1041 querelas,

2053 1058 2395 1114 Anthemium
2424 1060 2659 1115 concede
2680 1060 2839 1127 mihi;
2867 1061 2937 1114 sit
2963 1062 3201 1129 partibus
3229 1062 3336 1118 istis

2055 1155 2350 1220 Angustus,
2382 1151 2706 1221 longumque
2739 1151 2876 1215 Leo;
2902 1167 3019 1205 mea
3045 1153 3163 1220 jura
3192 1154 3435 1223 gubernet

2053 1241 2223 1307 Quem
2254 1244 2415 1311 petii;
2450 1242 2623 1311 patrio
2645 1242 2829 1297 vestiri
2859 1247 3062 1299 murice
3085 1255 3261 1300 natam

2055 1332 2220 1388 Caudi
2239 1342 2295 1388 at
2324 1333 2674 1405 Euphemiam
2706 1334 2853 1389 sidus
2879 1334 3051 1389 divale
3076 1337 3328 1404 parentis.

2052 1426 2239 1497 Adjice
2263 1438 2522 1497 przetcrea
2552 1427 2818 1497 privatum
2843 1426 2908 1481 ad
2943 1427 3151 1495 publica
3186 1428 3370 1484 fmdus.

2050 1517 2134 1575 Sit
2160 1534 2315 1575 socer
2338 1522 2607 1588 Augustus
2636 1535 2835 1590 genero
2859 1519 3123 1575 Ricimere
3154 1521 3365 1588 beatus;

2049 1614 2212 1685 305
2239 1613 2525 1669 Nobilitate
2554 1613 2783 1669 micant:
2812 1626 2893 1671 est
2922 1615 3072 1669 vobis
3113 1617 3258 1686 regia
3290 1616 3446 1688 virgo,

2049 1705 2245 1775 Regius
2268 1707 2357 1761 ille
2388 1706 2556 1771 mihi;
2587 1706 2633 1760 si
2658 1721 2886 1761 concors
2921 1708 3114 1762 annuis
3142 1707 3307 1770 istud,

1974 1792 2024 1853 IS
2050 1797 2172 1852 Mox
2195 1796 2415 1868 Libyam
2436 1812 2550 1868 spei
2565 1812 2657 1852 are
2676 1797 2862 1852 dabis:
2889 1799 3246 1867 circumspice
3278 1801 3429 1855 taedas

2047 1888 2330 1959 Antiquos,
2363 1904 2459 1959 par
2481 1890 2623 1944 nulla
2651 1890 2746 1944 tibi
2782 1891 2860 1946 sic
2888 1892 3077 1961 copula
3110 1902 3310 1961 praesto
3337 1904 3432 1947 est.

2048 1980 2291 2036 Proferat
2320 1980 2404 2035 hic
2426 1993 2666 2037 veterum
2700 1981 2963 2037 thalamos
2983 1984 3297 2039 discrimine
3326 1998 3495 2054 partos

2047 2071 2275 2139 Gra‘cii,
2304 2072 2355 2126 ui
2379 2072 2549 2141 pudor
2568 2080 2686 2127 est:
2720 2074 2980 2143 reparatis
3013 2074 3129 2128 Pisa
3158 2075 3430 2145 quadr'gis

2047 2164 2281 2219 Suscitet
2307 2163 2666 2231 (Euomaum,
2695 2174 2835 2218 nata:
2856 2180 3013 2234 quem
3047 2164 3237 2220 fraude
3266 2168 3529 2223 cadentem

2047 2251 2214 2310 Cerea
2247 2253 2487 2308 destituit
2514 2254 2766 2309 resolutis
2792 2254 2979 2310 axibus
3006 2256 3171 2312 obex.

2050 2343 2310 2399 Procedat
2336 2343 2550 2398 Colchis
2575 2345 2721 2413 prius
2749 2345 2926 2415 agnita
2959 2347 3108 2417 virgo
3136 2348 3332 2403 marito

2048 2435 2305 2498 Crim'ne,
2330 2450 2488 2505 quam
2513 2449 2684 2501 sexu;
2714 2445 2921 2505 spectet
2948 2437 3014 2492 de
3041 2454 3263 2494 carcere
3281 2440 3407 2496 circi

2050 2526 2315 2582 Pallentes
2350 2527 2597 2581 Atalanta
2632 2542 2845 2595 procos,
2874 2538 2924 2582 et
2956 2544 3109 2598 poma
3144 2530 3329 2585 decori

2049 2618 2396 2689 Hippomenis
2414 2618 2521 2688 jam
2555 2634 2659 2672 non
2682 2633 2780 2687 pro
2808 2619 2927 2673 solo
2946 2620 3167 2691 colligat
3202 2637 3351 2677 auro.

2051 2710 2297 2780 Dejanira
2330 2720 2448 2766 tuas
2476 2711 2742 2767 Acheloiis
2767 2713 3033 2783 gymnade
3072 2715 3289 2785 pinguis

2049 2806 2289 2862 lllustret
2313 2804 2502 2869 undas,
2533 2811 2586 2858 et
2615 2803 2682 2857 ab
2706 2803 2934 2859 Hercule
2962 2819 3188 2875 pressus
3215 2807 3409 2863 anhelo

2049 2899 2325 2953 Lassatum
2358 2896 2533 2951 foveat
2562 2895 2695 2949 rivis
2724 2895 2982 2951 rivalibus
3014 2896 3251 2951 hostem.

2047 2988 2399 3054 Quantumvis
2420 2996 2655 3056 repetam
2683 2984 2881 3042 veteris
2901 2988 3171 3042 connubia
3198 2988 3372 3055 smcli,

2048 3077 2457 3134 Transceudunt
2495 3077 2580 3131 hic
2611 3077 2823 3143 heroas,
2848 3076 3094 3133 heroidas
3127 3078 3244 3134 illa.

1974 3164 2019 3226 C
2054 3172 2161 3227 Hos
2191 3171 2476 3236 thalamos,
2522 3168 2567 3222 R
2589 3169 2777 3234 cimer,
2810 3168 2980 3223 virtus
3018 3168 3113 3225 tibi
3162 3171 3409 3242 pronuba
3448 3170 3611 3241 poscit

2048 3266 2223 3333 Atque
2244 3262 2515 3316 Diunmam
2540 3260 2633 3314 dat
2662 3260 2847 3315 Martia
2878 3260 3058 3315 laurea
3090 3273 3356 3331 myrtum.

2051 3356 2195 3426 Ergo
2223 3370 2350 3423 age:
2386 3354 2535 3410 trade
2573 3354 2744 3407 virum
2777 3368 2884 3407 non
2914 3352 3021 3407 otia
3055 3355 3209 3424 pigra
3244 3353 3526 3411 foventem.

2052 3448 2372 3517 Deliciisque
2399 3460 2645 3516 gravem;
2673 3444 2767 3499 sed
2797 3441 2823 3481 ἀ
2856 3460 3013 3512 quem
3053 3446 3224 3502 modo
3258 3448 3501 3503 nauticus
3531 3447 3618 3504 urit

2048 3541 2249 3606 Aistus,
2274 3538 2625 3611 Abydenique
2653 3538 2825 3603 sinus,
2848 3546 2903 3593 et
2930 3538 3133 3593 Sestias
3157 3555 3257 3594 ora

2044 3630 2495 3702 Hellespontiacis
2515 3629 2945 3685 circumclamata
2972 3631 3235 3700 procellis
3257 3647 3273 3685 :

2042 3725 2185 3792 Quas
2214 3722 2383 3793 pelagi
2416 3724 2591 3776 fauces
2613 3735 2717 3776 non
2749 3721 2827 3776 sic
2854 3722 3093 3778 tenuisse
3120 3723 3215 3779 vel
3249 3724 3400 3778 illum

2042 3815 2395 3880 Crediderim,
2425 3815 2509 3871 cui
2534 3823 2721 3885 ruptus
2749 3813 2939 3882 Azhos,
2972 3814 3058 3870 cui
3081 3815 3298 3887 remige
3330 3817 3484 3872 Medo

2043 3974 2133 4029 illo
2168 3973 2285 4042 ipso
2326 3971 2414 4027 die
2441 3987 2545 4042 quo
2573 3983 2696 4027 ante
2726 3988 2898 4028 annos
2934 3975 2999 4029 l5
3026 3974 3295 4030 Crassum
3342 3975 3410 4030 ad
3450 3972 3630 4029 Carras

2041 4060 2136 4113 per
2167 4048 2429 4116 Surenam
2466 4046 2765 4109 occiderat,
2793 4060 2821 4097 a
2850 4044 3098 4116 yi-ntidto
3149 4049 3271 4116 ipse
3324 4062 3497 4101 ca-sus
3538 4053 3631 4097 est.

2039 4116 2217 4199 Quare
2246 4114 2586 4199 Crassianam
2618 4115 2818 4168 caedem
2850 4113 3038 4171 Pacttri
3064 4113 3223 4173 unde
3254 4127 3537 4187 pensatam
3565 4116 3634 4168 ait

2042 4184 2235 4239 Florus
2267 4184 2356 4237 lib.
2391 4199 2461 4247 tv,
2492 4184 2547 4238 9.

2119 4265 2142 4294 ο
2176 4256 2277 4309 Pro
2308 4265 2406 4319 tot,
2453 4254 2656 4324 inquit,
2705 4254 2931 4310 Romani
2963 4255 3099 4325 juris
3128 4258 3468 4325 prurinciis,
3510 4268 3633 4324 quas

2044 4325 2274 4396 imperio
2313 4326 2906 4395 Constantinopolitano
2945 4327 3312 4395 transcripsi,
3348 4329 3635 4396 principem

2044 4396 2174 4452 mihi
2202 4396 2545 4468 Anthemium
2575 4398 2814 4451 concede
2844 4414 2858 4451 :
2894 4397 3259 4468 Euphemiam
3292 4401 3459 4453 filiam
3480 4439 3497 4459 ,
3526 4397 3636 4465 ejus

2044 4481 2265 4522 uxorem
2292 4466 2582 4534 Augustam
2610 4468 2785 4522 videat
2814 4466 3324 4523 divus‘Marcianus
3373 4486 3389 4523 :
3429 4468 3562 4521 adde
3587 4474 3637 4520 et

2043 4536 2326 4607 Ricimeris
2351 4538 2561 4606 nuptias
2590 4552 2711 4593 cum
2741 4538 2847 4592 lilia
2873 4537 3167 4593 Anthemii.
3204 4539 3347 4607 Qua:
3368 4543 3549 4593 omnia
3577 4553 3637 4591 ex

2039 4608 2158 4663 aliis
2185 4606 2390 4663 Sidonii
2441 4607 2572 4662 locis
2615 4616 2770 4675 nota,
2817 4618 3011 4678 praeter
3040 4606 3248 4665 nomen
3282 4610 3634 4676 Euphemia,

2079 4679 2181 4732 uod
2235 4678 2360 4733 huic
2402 4679 2493 4732 uni
2541 4679 2657 4733 loco
2703 4680 2979 4733 debemus.
3030 4679 3105 4735 De
3135 4680 3242 4735 hac
3287 4689 3474 4735 tamen
3507 4677 3639 4733 Huh.

2038 4694 2181 4803 gnua
2236 4694 2360 4733 nutc
2402 4694 2493 4732 unt
2541 4694 2657 4733 lOCO
2703 4694 2979 4733 debemus.
3030 4694 3105 4735 ue
3135 4694 3242 4735 nae
3287 4694 3474 4735 tamen
3508 4694 3639 4733 nuu.

2088 4749 2279 4803 ultzins
2302 4747 2503 4816 antiqui
2527 4750 2724 4802 nummi
2754 4749 2955 4817 profert
2984 4751 3434 4818 inscriptionem,
3468 4754 3516 4803 in
3544 4762 3640 4817 qna

2044 4819 2121 4890 ΕΙ.
2156 4819 2687 4890 MarcianaAuguSta
2719 4820 2835 4890 voci
2862 4831 3007 4885 atur;
3041 4820 3187 4890 quod
3227 4823 3275 4875 si
3314 4836 3507 4876 verum
3533 4830 3639 4890 est,

2044 4888 2120 4961 El.
2185 4888 2535 4961 Euphemiam
2589 4889 2911 4944 Marcianam
2973 4888 3314 4961 appellatam
3385 4889 3639 4961 oportuit.

2032 4959 2300 5013 Caeterum
2322 4976 2387 5014 ex
2413 4959 2698 5030 Anthemio
2720 4968 2773 5014 et
2798 4959 3087 5029 Euphcmia
3115 4964 3236 5015 nati
3263 4959 3438 5025 sunt,
3453 4972 3645 5030 praeter

2035 5030 2226 5084 incerti
2258 5029 2487 5084 nominis
2518 5030 2679 5083 filiam
2711 5047 2829 5100 qua:
2853 5032 3105 5087 Ricimeri
3132 5033 3353 5100 nupsit,
3388 5029 3500 5086 tre$
3528 5030 3640 5093 filii,

2033 5101 2330 5172 Marcianus
2355 5101 2659 5172 ,Romulus
2688 5113 2737 5154 et
2772 5103 3064 5168 Procopius
3084 5144 3096 5163 ,
3128 5102 3203 5156 de
3234 5106 3447 5172 quibus
3485 5100 3645 5155 multa

2032 5171 2348 5224 Theodorus
2378 5171 2566 5225 Lector
2593 5190 2640 5241 in
2668 5171 3057 5238 Collectaueis,
3101 5171 3361 5227 Malchus
3395 5173 3645 5241 Sophiste

2029 5241 2083 5295 in
2109 5242 2460 5310 Hyzan'iacis,
2494 5251 2549 5296 et
2578 5240 2848 5297 Candidus
2876 5244 3083 5296 Isauros
3111 5244 3217 5296 lib.
3255 5260 3293 5297 ιι
3328 5240 3605 5299 Historiae.

2099 5308 2125 5348 ά
2150 5308 2422 5379 Significat
2449 5312 2816 5378 Anthemium,
2847 5330 2950 5382 quo
2980 5324 3232 5380 tempore
3263 5317 3335 5368 ad
3362 5314 3649 5382 imperium

2028 5385 2233 5456 accitus
2281 5393 2384 5456 est,
2439 5384 2843 5456 llellesponticze
2881 5386 3058 5456 classi
3108 5386 3284 5456 115
3346 5384 3649 5456 praefuisse,

2028 5469 2184 5521 quam
2212 5455 2270 5525 in
2293 5454 2409 5520 ejus
2442 5454 2562 5507 freti
2589 5456 2845 5525 portubus
2879 5454 3075 5511 habere
3110 5454 3387 5510 solebant
3427 5455 3630 5524 impera

2032 5532 2176 5578 tores
2202 5524 2455 5577 Orientis.
2508 5525 2670 5579 Erant
2706 5527 2846 5579 enim
2889 5536 2942 5580 et
2970 5528 3173 5579 classes
3220 5527 3354 5578 aliae
3402 5536 3521 5579 toto
3565 5525 3651 5576 illi)

2034 5595 2164 5647 mari
2208 5596 2271 5647 ad
2306 5597 2478 5649 varios
2509 5610 2637 5648 usus
2675 5596 2959 5664 dispersm,
2994 5607 3049 5650 ut
3076 5593 3417 5660 Carpathia.
3464 5596 3649 5649 Seleu-

2030 5680 2184 5726 cena.
2227 5665 2610 5731 Alexandrina,
2643 5682 2867 5736 quarum
2910 5668 3106 5722 mentio
3178 5669 3238 5719 in
3288 5666 3509 5737 legibus
3551 5668 3635 5720 Au

2031 5747 2223 5801 gustis.
