3946 6176
366 286 473 343 6⁸7

366 403 443 456 'l‘u
475 402 598 471 gi-la
627 400 877 455 silvosam
902 401 1183 456 currebant
1219 402 1334 455 vi'la
1370 416 1463 472 per
1492 402 1702 470 Alpem.

366 494 470 547 Nec
497 492 810 548 Lucullanis
833 493 876 546 si
910 492 1024 546 hazc
1050 492 1180 547 freta
1208 495 1379 546 cincta
1410 494 1628 558 carinis,

361 583 551 653 Segnis
574 584 638 638 ad
672 584 931 651 insignem
960 582 1098 638 sedit
1121 598 1241 637 cum
1270 583 1498 653 Cyzicon
1531 583 1730 648 hostis;

360 676 459 740 Qui
485 684 712 744 cogente
740 683 897 739 tame,
926 686 1149 744 cognata
1178 676 1439 731 cadavera
1479 678 1763 744 mandens,

361 766 509 822 Vixit
541 778 713 821 morte
740 782 856 821 sua.
889 767 993 824 Sed
1014 767 1138 837 quid
1175 782 1294 821 mea
1320 781 1439 823 vota
1470 770 1719 825 retardo?

360 860 523 931 306
537 860 713 914 Trade
739 860 924 929 magis.
946 859 1079 914 Tum
1099 874 1264 929 pauca
1282 862 1443 916 refert
1470 862 1683 917 Titonia
1716 862 1944 929 coniux:

428 949 566 1017 Duc,
596 964 714 1019 age,
742 958 925 1005 sancta
952 963 1167 1019 parens,
1185 965 1485 1022 quanquam
1515 952 1644 1007 mihi
1682 952 1947 1008 maximus

1724 1043 1876 1116 [usus

356 1133 543 1188 lnvicti
571 1135 873 1204 summique
899 1134 1067 1202 ducis,
1101 1136 1228 1190 dum
1258 1135 1437 1191 mitior
1457 1146 1658 1203 exstes,

353 1225 414 1279 Et
450 1241 558 1280 non
579 1225 878 1295 disiunctas
900 1226 1090 1281 melius
1112 1228 1452 1283 moderemur
1479 1229 1737 1284 habenas.

352 1314 485 1369 Nam
512 1316 560 1371 si
589 1315 725 1371 forte
750 1317 925 1385 placet
952 1326 1192 1372 veterum
1222 1318 1533 1375 meminisse
1568 1319 1832 1390 laborum,

354 1408 422 1461 lat
449 1408 536 1477 qui
567 1422 663 1477 pro
694 1407 859 1475 patria
883 1408 1047 1463 vestri
1074 1420 1331 1477 pugnaret
1363 1409 1457 1463 Iuli
1478 1452 1494 1477 ,

351 1500 422 1557 Ut
455 1500 528 1555 nil
560 1502 679 1570 plus
706 1500 902 1567 dicam,
932 1502 1078 1569 prior
1104 1500 1231 1557 hinc
1252 1517 1351 1571 ego
1385 1504 1665 1559 Memnona
1690 1504 1830 1559 misi.

432 1592 745 1647 Finierant:
776 1593 1017 1661 geminas
1038 1593 1213 1661 iunxit
1238 1594 1522 1649 concordia
1552 1605 1759 1665 partes,

351 1684 542 1739 Eli-clo
566 1683 776 1738 tandem
810 1685 1009 1754 potitur
1036 1685 1178 1753 quod
1212 1686 1449 1755 principe
1480 1686 1669 1741 Roma.

349 1784 373 1809 "
401 1775 557 1828 Nunc
581 1775 790 1845 aliquos
812 1784 935 1829 voto
963 1775 1121 1829 simili
1146 1776 1229 1830 vel
1259 1791 1462 1842 amore,
1491 1786 1727 1832 vetustas

344 1868 423 1923 Te
454 1869 650 1937 legisse
672 1884 851 1938 crepa,
878 1884 1147 1939 nunquam
1178 1885 1283 1924 non
1310 1870 1505 1925 invidia
1536 1872 1762 1926 summis

344 1960 712 2030 Emeritisque
733 1960 883 2015 viris.
911 1960 1108 2014 Brenni
1136 1973 1323 2015 contra
1352 1976 1523 2026 arma,
1546 1960 1833 2016 Camillum

345 2048 540 2105 Profer
567 2050 636 2104 ab
656 2050 845 2106 exsilio
868 2068 882 2105 :
909 2050 1334 2121 Cincinnatoque
1363 2066 1581 2106 secures

342 2142 588 2211 Expolso
614 2141 839 2198 Caesone
866 2142 1027 2208 refer,
1054 2143 1381 2211 ﬂentemque
1411 2152 1690 2213 parentem

336 2241 376 2289 Α
407 2237 601 2290 rastris
629 2235 693 2289 ad
717 2245 890 2291 rostra
914 2251 1062 2306 roga,
1089 2236 1393 2308 miseroque
1424 2238 1653 2293 tumultu

340 2322 493 2381 Pelle
522 2327 668 2395 prius
688 2341 825 2395 quos
854 2327 988 2381 victa
1023 2334 1208 2396 petas;
1238 2327 1284 2382 si
1316 2329 1517 2398 ruperit
1546 2330 1709 2398 Alpes

338 2417 566 2485 Ptnnus,
595 2416 661 2471 ad
691 2418 920 2473 afﬂictos
943 2419 1434 2490 condemnatosque
1458 2436 1695 2477 recurre.

337 2509 625 2578 Improbus
656 2520 711 2563 ut
738 2511 929 2566 rubeat
955 2509 1216 2565 Barcltina
1247 2512 1401 2567 clade
1430 2513 1722 2581 Metaurus,

336 2600 599 2655 Ilultatus
625 2600 717 2655 tibi
749 2601 935 2655 consul
963 2611 1121 2671 agat:
1152 2601 1241 2669 qui
1275 2603 1437 2656 millia
1470 2604 1697 2660 fundens

336 2693 716 2759 Hasdrubalis,
750 2693 971 2748 rutilutn
1001 2693 1103 2749 sibi
1128 2709 1250 2749 cum
1291 2694 1627 2751 fabricatu-rit
1651 2713 1859 2761 ensem,

334 2783 665 2840 Concretum
694 2795 850 2855 gerat
876 2786 989 2852 ipse
1019 2794 1211 2855 caput;
1246 2785 1399 2857 longe
1427 2788 1593 2842 altera
1621 2792 1791 2845 nostri

334 2878 521 2933 Gratia
550 2876 735 2946 iudicii
762 2884 875 2931 est:
908 2876 1012 2931 scit
1038 2892 1097 2932 se
1122 2892 1226 2931 non
1249 2878 1406 2934 laesus
1432 2880 1623 2935 amari.

408 2973 481 3025 At
506 2984 625 3024 mea
652 2968 763 3039 iam
798 2967 945 3023 nimii
985 2969 1290 3040 prOpellunt
1315 2971 1535 3025 carbasa
1574 2972 1748 3027 ﬂatus.

330 3064 503 3129 Siste,
534 3063 810 3127 Garumna,
838 3060 1025 3115 modos
1049 3071 1255 3126 tenues,
1284 3074 1603 3135 portumque
1631 3069 1831 3136 petenti

331 3156 453 3213 lam
478 3153 687 3225 placido
712 3154 897 3209 sedeat
928 3152 1056 3208 mihi
1080 3155 1334 3209 carminis
1372 3157 1605 3213 anchora
1637 3157 1823 3216 fundo.

331 3252 607 3315 Attamen,
642 3263 675 3302 ο
704 3248 968 3315 princeps,
997 3243 1025 3283 δ
1047 3261 1163 3315 qua:
1194 3261 1336 3302 nunc
1368 3247 1461 3303 tibi
1482 3250 1671 3305 classis
1697 3263 1745 3307 et
1776 3268 1924 3308 arma

331 3342 682 3406 Tractentur,
703 3355 860 3410 quam
879 3353 1067 3409 magna
1091 3352 1268 3408 geras,
1293 3354 1449 3410 quam
1471 3350 1710 3410 tempore
1739 3360 1924 3415 parvo,

410 3513 438 3541 ἰ
470 3502 581 3557 lloc
613 3501 829 3555 nomine
848 3499 1189 3553 Anthemium
1218 3502 1439 3569 opponit
1484 3512 1538 3557 et
1571 3504 1783 3566 prtefert
1820 3506 1924 3561 ali-

329 3584 470 3643 quot
489 3574 745 3645 Romanis
774 3572 1001 3645 ducibus
1030 3572 1284 3645 antiquis,
1317 3573 1457 3640 quod
1490 3574 1631 3628 nulla
1664 3576 1830 3645 prius,
1866 3586 1928 3631 ut

331 3647 436 3715 itli,
468 3648 627 3699 Iasus
654 3644 842 3709 injuria
882 3644 947 3696 ad
994 3643 1273 3715 imp-rium
1302 3655 1519 3697 evectus
1557 3643 1823 3700 sityNam
1865 3648 1923 3702 L.

330 3711 688 3771 Cincinnatus
718 3717 769 3766 in
802 3728 1033 3768 mmrore
1054 3712 1125 3767 ob
1146 3711 1385 3767 Czesonis
1419 3715 1510 3767 filii
1533 3716 1784 3771 exsilium
1807 3732 1929 3772 ver-

330 3788 582 3849 sabatur,
631 3787 846 3854 quando
898 3784 963 3837 ad
1021 3784 1337 3837 dictaturam
1390 3786 1695 3852 bellumque
1741 3799 1928 3843 contra

331 3858 547 3925 liquos
588 3855 880 3925 gerendum
910 3863 1131 3907 vocatus
1170 3864 1271 3909 est.
1324 3855 1395 3908 Μ.
1434 3854 1690 3911 Camillus
1736 3858 1928 3914 Ardea:

331 3930 620 3983 exsulabat
666 3932 799 3994 ipse,
843 3940 962 3978 cum
1004 3926 1264 3979 adversus
1304 3925 1572 3980 Brennum
1618 3928 1847 3984 dictator
1892 3947 1927 3984 ll

329 4010 550 4054 creatus
573 4007 676 4052 est.
708 3998 777 4068 Μ.
810 3996 987 4068 Livius
1025 3996 1295 4051 Salinator
1322 3998 1388 4065 (is
1411 4000 1554 4053 enim
1581 4010 1664 4053 est
1690 4000 1779 4068 qtti
1801 4016 1930 4055 con-

330 4072 419 4124 sul
463 4086 497 4124 ιι
532 4066 916 4122 Hasdrubalem
964 4066 1252 4121 Pomorum
1284 4068 1474 4121 ducem
1517 4071 1582 4121 a~l
1632 4066 1928 4125 Metaurum

332 4141 469 4193 vicit
497 4150 552 4195 et
597 4138 892 4204 interfecit)
915 4154 979 4190 ex
1009 4138 1186 4194 priore
1223 4139 1500 4194 consulatu
1547 4155 1671 4193 reus
1716 4142 1931 4208 publico

330 4211 538 4281 iudicio
576 4210 857 4283 damnatus
904 4209 1263 4283 multatusque
1310 4208 1503 4265 fuerat.
1548 4212 1677 4279 Qua:
1715 4213 1926 4283 singula

330 4278 561 4349 exponit
584 4281 766 4334 Livius
800 4278 894 4333 lib.
928 4294 1005 4341 Ill,
1029 4278 1064 4331 5
1083 4288 1135 4332 et
1164 4280 1255 4332 27.

413 4352 439 4391 δ
471 4352 745 4406 Adversus
775 4349 1047 4404 Vandalus
1079 4368 1093 4405 :
1128 4360 1183 4403 ut
1226 4351 1427 4404 auxilio
1456 4361 1599 4405 esset
1650 4352 1927 4419 Basilisco,

331 4440 496 4491 quem
529 4422 640 4476 Leo
669 4436 790 4474 cum
814 4422 1141 4489 amplissima
1166 4421 1341 4475 classe
1364 4423 1415 4475 in
1444 4422 1679 4477 Africam
1710 4426 1933 4480 miserat

333 4507 522 4548 contra
570 4491 946 4549 Gensericum.
997 4492 1136 4558 Quin
1173 4492 1513 4545 Anthemium
1558 4494 1657 4548 hoc
1700 4499 1931 4551 maxime

334 4565 560 4619 consilio
581 4563 958 4633 imperatorem
981 4563 1337 4627 designatum,
1364 4562 1794 4633 destinatumque
1818 4569 1928 4620 llo-

337 4651 505 4698 matn,
528 4646 715 4689 auctor
749 4643 832 4688 est
864 4631 1155 4699 Procopius
1187 4635 1236 4686 in
1286 4633 1585 4687 Vandalicis
1624 4631 1722 4689 lib;
1762 4652 1801 4699 ι,
1837 4637 1927 4691 ubi

335 4707 407 4760 de
437 4705 537 4761 hac
568 4704 808 4757 Basilisci
853 4703 1194 4772 expeditione
1231 4707 1418 4757 multa.
1457 4704 1529 4758 De
1563 4707 1929 4760 Antltemiana:

335 4792 466 4831 vero
495 4790 751 4831 successu
780 4774 974 4844 ldatius
998 4784 1183 4828 noster
1206 4773 1289 4828 his
1316 4773 1494 4828 verbis
1518 4792 1530 4827 :
1564 4774 1835 4844 Expeditio
1859 4778 1928 4830 ad

335 4849 563 4914 Africam
585 4847 827 4900 adversus
854 4842 1114 4898 Vandalus
1137 4847 1373 4900 ordinata
1399 4842 1771 4900 melabularum
1790 4863 1925 4903 com-

334 4918 615 4971 mutatione
644 4926 693 4971 et
720 4915 1055 4985 navigationis
1084 4916 1468 4983 importunitate
1498 4928 1778 4972 revocatur.

412 4999 436 5028 ε
460 4988 701 5043 Alterum
731 4985 1066 5057 consulatum
1089 4996 1238 5053 optat
1271 4987 1545 5051 lticimeri,
1574 4990 1662 5057 qui
1691 4990 1925 5057 priorem

331 5062 441 5129 iam
465 5066 708 5129 gesserat
727 5071 869 5129 anno
889 5054 1016 5119 459,
1043 5058 1253 5111 tertium
1281 5054 1705 5129 Anthemimqui
1728 5075 1925 5115 secum-

332 5128 459 5184 ttum
491 5139 619 5186 tunc
654 5128 839 5182 inibat.

404 5201 431 5237 ἀ
452 5199 723 5253 Solemnia
757 5196 932 5269 public
950 5212 978 5249 e
1005 5196 1457 5269 manumissionis,
1488 5214 1606 5269 quae
1634 5215 1663 5254 a
1689 5203 1924 5259 consuli-

333 5270 433 5325 bus
473 5268 1200 5342 magistratumineuntibus
1243 5268 1659 5342 celebrabantur
1698 5290 1709 5324 :
1763 5288 1923 5342 quam

335 5338 619 5408 propterea
649 5338 1046 5393 solemnitatem
1070 5339 1377 5392 consulatus
1401 5344 1637 5405 appellat
1656 5338 1925 5400 llonorius

334 5412 462 5481 imp.
494 5411 532 5466 l.
564 5412 631 5466 15
650 5409 772 5464 eod.
799 5409 1086 5485 Theotl._de
1118 5408 1454 5485 infirmandis
1476 5411 1538 5485 iis
1567 5427 1685 5478 quae
1714 5414 1816 5467 sub
1845 5425 1927 5485 ty-

334 5479 516 5537 rannis
544 5491 695 5552 gesta
716 5488 869 5542 sunt;
908 5490 964 5535 et
989 5479 1344 5552 Cassiodorus
1380 5480 1433 5533 in
1473 5479 1696 5536 formula
1729 5479 1927 5539 censu-

338 5552 473 5607 latus
526 5550 667 5607 inter
705 5552 806 5605 alia
857 5550 1137 5602 coitsulum
1188 5551 1365 5604 omnia
1419 5563 1685 5612 recenset,
1731 5556 1925 5610 solvere

338 5625 555 5696 [amulos
593 5628 726 5696 jugo
756 5623 944 5696 servili.
983 5620 1066 5696 Ut_
1092 5620 1250 5696 igitur
1286 5622 1627 5696 Anthemium
1665 5624 1763 5676 hoc
1805 5627 1922 5679 loco

336 5690 607 5761 Sidonius;
638 5690 715 5747 sic
749 5693 1017 5747 lulianum
1052 5690 1323 5753 Libanios,
1358 5693 1730 5747 Muncrtinum
1776 5696 1919 5749 Mar-

339 5766 595 5832 cellinus,
642 5764 937 5821 llunoriam
990 5772 1147 5831 atque
1207 5765 1520 5832 Eutropium
1568 5765 1915 5832 Claudianus,

1832 285 2159 341 CARMINA.

1976 404 2029 463 Α
2054 398 2108 452 Si
2139 413 2254 453 mea
2282 407 2403 453 vota
2434 398 2574 455 Deus
2603 402 2931 469 produxerit,
2962 404 3150 463 ordine
3188 420 3355 476 recto,

1958 4809 2009 4871 D

2059 502 2081 527 ιε
2116 493 2222 545 Aut
2241 506 2443 562 genero
2476 493 2554 547 bis
2576 508 2724 560 mox,
2752 507 2840 549 aut
2873 505 2924 552 te
2951 506 3031 553 ter
3051 503 3270 557 consule
3298 505 3491 560 dicam.

2054 584 2185 639 Nam
2218 585 2377 639 modo
2404 582 2430 621 ἀ
2451 602 2547 640 nos
2565 586 2673 655 iam
2705 586 2836 643 fcsta
2854 602 3065 659 vocant,
3085 604 3138 648 et
3158 597 3222 649 ad
3240 595 3398 666 Ulpia
3412 614 3634 668 poscunt

2052 677 2211 747 307
2241 677 2315 733 Te
2342 677 2480 743 fora,
2515 679 2743 734 donabis
2771 695 2904 747 quos
2934 682 3177 741 libertate
3196 689 3456 760 Quirites,

2051 770 2291 851 Quorum
2322 769 2615 840 gaudentes
2642 781 2927 843 exceptant
2950 777 3170 831 verbera
3202 780 3376 844 malae,

2052 858 2242 929 Perge,
2268 871 2419 930 pater
2458 863 2645 932 patrita
2672 862 2820 926 felix,
2850 874 3012 935 atque
3039 868 3221 924 omine
3248 872 3422 929 fau~to

2048 952 2301 1023 t'aptivos
2327 953 2569 1009 vincture
2599 968 2786 1021 novos,
2818 957 3037 1013 absolve
3066 968 3325 1017 vetustos.

2635 1068 2922 1124 CARMEN
2962 1070 3049 1127 ΙΙΙ.

2376 1179 2683 1220 PANEGYBiCl
2716 1176 2739 1203 ⁸
2768 1182 2944 1222 ευιτιο
2970 1184 3037 1222 AD
3068 1184 3300 1226 PBTBUI.

2048 1270 2188 1339 Quid
2222 1271 2423 1331 faceret
2468 1275 2618 1331 ltetas
2656 1288 2886 1348 segetes,
2916 1278 3057 1348 quod
3101 1290 3311 1350 tempus
3344 1285 3628 1343 amandum

2119 1364 2403 1437 Messibus,
2431 1377 2486 1423 et
2508 1367 2783 1439 gregibus,
2816 1369 3033 1437 vitibus,
3066 1381 3227 1442 atque
3254 1375 3467 1445 apibus,

2047 1455 2128 1511 Ad
2156 1455 2460 1514 Maecenatis
2488 1461 2755 1529 quondam
2783 1471 2909 1515 sunt
2937 1463 3079 1517 edita
3113 1480 3308 1521 nomen
3334 1485 3347 1521 :

2117 1547 2275 1613 llinc,
2306 1547 2475 1617 Maro,
2504 1560 2625 1620 post
2649 1552 2817 1607 audes
2845 1568 2993 1609 arma
3021 1557 3299 1626 virumque
3328 1558 3509 1627 loqui-

2045 1642 2113 1692 At
2144 1639 2275 1694 mibi
2305 1641 2495 1696 Petrus
2517 1644 2621 1698 erit
2652 1645 2911 1702 Maecenas
2939 1649 3195 1717 tempatis
3223 1651 3403 1724 hujus,

2116 1738 2246 1793 Nam
2279 1739 2435 1794 fama:
2465 1742 2683 1811 pelagus
2712 1744 2891 1801 sidere
2911 1760 3073 1801 curro
3096 1761 3217 1804 suo.

2043 1830 2096 1883 Si
2131 1831 2342 1899 probat,
2374 1833 2608 1888 emittit:
2637 1836 2685 1889 si
2707 1834 2945 1903 damnat,
2967 1839 3208 1895 carmina
3236 1841 3396 1910 celat,

2113 1926 2222 1983 Nec
2248 1942 2350 1982 nos
2376 1928 2747 1986 rhonchisono
2772 1930 3115 1991 rhinocerote
3145 1944 3315 1991 natat.

2042 2019 2060 2073 l
2093 2020 2251 2090 liber,
2280 2021 2367 2077 ltic
2390 2034 2639 2078 nostrum
2669 2033 2891 2092 tutatur,
2914 2027 3096 2093 cnede,
3122 2030 3401 2098 pudorem.

2114 2113 2227 2169 lloc
2252 2129 2481 2172 censore
2505 2117 2665 2172 etiam
2696 2118 3035 2189 displicuisse
3062 2123 3257 2192 placet.

2628 2232 2916 2289 CARMEN
2956 2235 3045 2292 IV.

2168 2338 2444 2379 PILEI-‘ATIO
2478 2340 2791 2381 PANECYBICI
2832 2342 2969 2382 DlC'l‘l
3008 2326 3026 2365 ί
3063 2343 3355 2384 ΙΙΑΙΟΒΙΔΝΟ
3382 2347 3501 2389 A03.

2038 2434 2256 2505 Tityrus
2291 2445 2347 2489 ut
2366 2436 2638 2506 quondam
2668 2438 2861 2505 patula:
2884 2439 3238 2511 subtegmine
3268 2442 3370 2510 fagi

2111 2526 2364 2582 Volveret
2392 2528 2605 2582 inﬂatos
2630 2544 2904 2585 murmura
2937 2546 3032 2601 per
3058 2531 3318 2598 calamos,

2042 2616 2299 2672 Prmtitit
2320 2616 2522 2672 afﬂicto
2544 2617 2633 2687 ius
2655 2619 2779 2674 vita:
2808 2618 2990 2675 thsar
3015 2633 3068 2676 et
3097 2622 3234 2690 agri,

2108 2709 2217 2765 Nec
2244 2711 2393 2765 stetit
2421 2711 2488 2765 ad
2520 2720 2735 2769 tenuem
2767 2713 2963 2768 celsior
2985 2713 3063 2768 ira
3096 2729 3247 2770 reum
3276 2731 3288 2765 :

2036 2802 2141 2859 Sed
2165 2818 2255 2857 rus
2282 2817 2599 2859 concessum
2621 2804 2746 2861 dum
2782 2805 2931 2877 largo
2960 2806 3011 2861 in
3041 2807 3285 2877 principe
3321 2808 3522 2876 laudat,

2104 2894 2311 2950 Caelum
2341 2910 2436 2964 pro
2470 2898 2630 2952 terris
2660 2897 2858 2952 rustica
2884 2914 3032 2953 musa
3062 2898 3230 2954 dedit.

2032 2986 2197 3057 308
2225 2985 2334 3041 Nec
2362 2986 2461 3041 fuit
2482 2987 2706 3043 inferius
2737 2987 2991 3044 Phtebeia
3018 2988 3159 3045 dona
3189 2989 3389 3047 referre
3415 3009 3428 3044 :

2108 3077 2327 3131 Fecerat
2356 3076 2442 3132 bic
2462 3076 2762 3144 dominum,
2789 3078 2913 3133 fecit
2935 3088 2988 3133 et
3012 3079 3099 3134 ille
3127 3078 3290 3134 deum
3311 3097 3324 3134 :

1950 3162 1993 3222 C
2030 3170 2096 3225 Et
2115 3169 2232 3238 tibi,
2264 3170 2478 3232 Flacce.
2508 3171 2651 3226 acies
2676 3172 2820 3226 Bruti
2848 3172 3109 3243 Cassique
3130 3182 3335 3236 secuto,

2105 3262 2375 3318 Carminis
2400 3274 2482 3319 est
2506 3272 2716 3327 auctor,
2740 3266 2828 3336 qui
2859 3264 2956 3319 fuit
2984 3274 3039 3319 et
3064 3266 3256 3321 venite.

2032 3352 2127 3409 Sic
2154 3354 2286 3410 mihi
2310 3354 2528 3411 diverso
2552 3372 2726 3425 nuper
2754 3357 2855 3411 sub
2882 3357 3051 3412 Marte
3072 3357 3304 3425 cadenti,

2033 3510 2407 3564 llcraclianum
2442 3511 2710 3567 Honorius
2750 3512 2868 3581 lcge
2906 3513 3086 3577 citata,
3134 3512 3286 3566 initio
3315 3516 3625 3570 consulatus

2031 3594 2219 3633 servos
2251 3583 2626 3637 ntanumisisse
2656 3593 2936 3636 testantur.
2966 3582 3302 3637 Marcellinus
3343 3585 3435 3637 lih.
3476 3600 3580 3638 χιιι
3610 3608 3620 3639 ;

2034 3650 2349 3703 Mamertino
2389 3654 2601 3705 consule
2646 3652 2875 3705 colendis
2920 3652 3188 3706 Januarii:
3231 3653 3381 3707 ludos
3427 3655 3627 3719 edente,

2031 3722 2545 3795 mannoiitt‘endiiex
2570 3739 2709 3776 more
2736 3723 2961 3795 inductis
2989 3741 3080 3794 per
3100 3724 3467 3780 admissionum
3504 3741 3622 3795 pro~

2030 3792 2246 3845 mimum.
2279 3790 2611 3847 Claudianus
2643 3794 2693 3847 in
2729 3790 3041 3863 Eutropiuin
3075 3795 3131 3849 l:

2526 3927 2931 3991 Libertatemque
2968 3928 3191 3988 daturus,

2158 3988 2311 4047 Quam
2336 3988 2549 4040 nondum
2574 3996 2772 4051 meruit,
2799 3988 2989 4041 scandit
3008 3991 3217 4040 sublee
3243 3990 3473 4039 tribunal.

2106 4146 2131 4175 θ
2156 4137 2387 4210 Carmen
2418 4137 2521 4193 hoc
2543 4139 2683 4194 male
2708 4139 2968 4193 hactenus
2995 4138 3267 4194 Anthemii
3302 4138 3626 4210 panegyrico

2035 4207 2448 4275 adnectebatur,
2477 4209 2625 4279 quasi
2663 4211 2727 4264 ad
2760 4210 2908 4264 illum
2955 4212 3280 4278 pertineret;
3314 4224 3434 4262 cum
3456 4207 3627 4277 perti-

2034 4290 2158 4352 neat
2187 4279 2252 4333 ad
2281 4281 2660 4352 panegyricum
2691 4281 2994 4352 Maioriani,
3025 4281 3181 4346 cuius
3218 4279 3473 4352 magistro
3513 4281 3626 4352 epis

2033 4350 2289 4404 stolarum
2336 4350 2496 4405 Petro
2526 4351 2642 4421 eius
2674 4351 2962 4406 editionem
3002 4361 3293 4416 nuncupat.
3336 4350 3513 4421 Quare
3546 4350 3622 4403 illi

2035 4422 2395 4487 prtemittitur,
2414 4420 2792 4477 sicut’carmen
2820 4424 2884 4475 ad
2906 4421 3148 4475 Priscum
3182 4420 3524 4473 Valerianum
3572 4421 3625 4472 in

2032 4492 2265 4559 antiquis
2294 4492 2446 4546 libris
2472 4494 2801 4561 prrponitur
2824 4493 3151 4561 pancgyriro
3174 4491 3336 4554 Aviti,
3370 4489 3522 4556 cuius
3542 4500 3628 4543 est

2032 4561 2217 4616 editio.
2254 4560 2614 4632 Panegyricus
2639 4561 2912 4615 Anthemii
2949 4560 3200 4616 editionis
3240 4562 3627 4630 epigrammate

2032 4642 2201 4693 caret,
2226 4634 2365 4685 sicut
2392 4648 2579 4685 omnes
2599 4632 2897 4685 Claudiani.

2109 4701 2265 4772 116
2299 4700 2317 4739 ί
2354 4702 2509 4755 Avito
2544 4706 2677 4770 Aug.
2715 4712 2831 4768 post
2863 4702 3069 4770 aliquot
3102 4701 3363 4772 mensium
3392 4703 3623 4755 interre-

2033 4771 2198 4841 gnum
2229 4771 2495 4842 successit
2541 4772 2884 4842 Maiorianus,
2924 4789 3067 4826 anno
3096 4772 3295 4826 Christi
3325 4771 3451 4825 457.
3498 4772 3626 4825 Pro-

2038 4845 2184 4895 ximo
2206 4841 2404 4897 dehinc
2435 4857 2577 4896 anno
2606 4845 2943 4897 consulatum
2974 4844 3042 4897 de
3080 4859 3231 4897 more
3256 4843 3441 4911 gessit,
3475 4843 3627 4907 Alpi-

2033 4913 2237 4981 lmsque
2262 4927 2451 4982 aspera
2476 4914 2653 4969 hieme
2675 4929 2799 4968 cum
2832 4915 3030 4983 ingenti
3068 4914 3305 4968 exercitu
3335 4913 3623 4981 superatis,

2032 4983 2346 5053 Lugdunum
2382 4986 2551 5047 venit,
2583 5000 2740 5049 quam
2765 4986 2951 5038 urbem
2981 4987 3140 5053 paulo
3168 4994 3291 5036 ante
3315 4983 3366 5036 in
3390 4993 3626 5049 potesta-

2034 5066 2139 5108 tem
2171 5069 2320 5108 suam
2346 5068 2645 5120 receperat.
2682 5055 3073 5109 Adventantem
3115 5055 3370 5108 Sidonius
3401 5054 3503 5106 hoc
3531 5069 3625 5118 pa-

2032 5126 2283 5197 nt-gyrico
2312 5128 2542 5197 excepit,
2574 5142 2694 5197 cum
2731 5130 2941 5180 veniam
2972 5126 3040 5179 ah
3070 5141 3158 5191 eo,
3200 5134 3261 5179 ut
3287 5136 3369 5197 est
3397 5125 3619 5197 inprae-

2032 5194 2251 5258 l'atione,
2270 5195 2478 5250 hostilis
2502 5196 2902 5261 societatisiam
2936 5200 3301 5266 impetrasset.
3332 5194 3441 5247 lloc
3463 5194 3624 5266 igitur

2030 5275 2106 5318 est
2140 5267 2426 5320 discrimen
2460 5266 2615 5333 liuius
2644 5268 2947 5336 panegyrici
2986 5262 3040 5322 et
3086 5267 3438 5335 reliquorum,
3478 5262 3623 5336 quod

2030 5337 2118 5390 alii
2152 5336 2258 5391 duo
2287 5332 2831 5391 caleodisrlannariis
2856 5339 2920 5391 ad
2953 5332 3275 5393 celebranda
3308 5332 3625 5387 consulatus

2030 5407 2268 5475 auspicia
2292 5406 2417 5460 dicti
2441 5409 2578 5483 :__hic
2601 5423 2729 5461 vero
2777 5409 2877 5462 alia
2924 5409 3229 5483 occasione,
3263 5413 3317 5483 et
3352 5403 3463 5483 sub
3492 5405 3622 5455 anni

2034 5480 2226 5542 tinem;
2256 5492 2376 5531 cum
2412 5477 2587 5532 adhuc
2635 5487 2812 5532 tamen
2855 5480 3041 5532 consul
3077 5487 3219 5530 esset
3264 5475 3622 5542 Maiorianus.

2034 5559 2090 5601 nt
2131 5548 2376 5601 excusari
2411 5557 2642 5614 nequeat
2680 5547 2902 5601 Carolus
2941 5547 3214 5616 Sigonius,
3261 5550 3349 5616 qui
3405 5543 3625 5599 biennio

2032 5628 2156 5683 post
2186 5617 2386 5673 dictant
2411 5620 2627 5689 Scripsit
2654 5620 2718 5672 ad
2755 5632 2952 5671 annum
2977 5614 3103 5672 4‘60.
3133 5616 3263 5671 Nam
3299 5614 3444 5674 clare
3469 5616 3623 5673 Sido-

2029 5702 2150 5744 llllls
2181 5706 2193 5742 ἶ

2217 5780 2501 5838 Imperium,
2525 5778 2610 5837 ait,
2623 5780 2721 5837 iam
2746 5776 2911 5828 consul
2939 5779 3107 5829 habet.
