3946 6176
303 330 403 387 130i

301 455 525 520 Sceptra
558 458 699 505 tenet
730 448 924 503 tellure
951 462 1088 511 mea,
1124 447 1438 517 penitusque
1468 445 1641 515 fugata

304 543 595 596 Nobilitate.
626 539 833 597 furens.
869 538 1011 607 quod
1040 553 1143 591 non
1174 546 1278 603 est,
1312 552 1416 591 non
1448 544 1591 590 amat
1618 536 1833 603 hospes.

301 633 346 687 Ο
370 632 504 686 Latii
536 630 710 698 scpite
741 630 891 698 vigor
922 638 1006 682 tua
1040 627 1236 681 moenia
1265 625 1399 680 ridet

304 721 516 777 Insidiis
543 720 769 775 cessisse
794 719 943 773 suis;
978 734 1083 772 non
1113 718 1355 772 concutis
1383 716 1627 771 hastam?

303 814 419 867 Non
452 827 550 881 pro
576 827 661 865 me
681 811 761 865 vel
786 820 940 878 capta
971 809 1160 864 doles?
1187 820 1271 864 tua
1305 814 1496 877 nempe
1521 818 1773 879 putantur

299 903 537 974 Surgere
562 902 669 956 fata
697 901 871 963 malis,
888 909 950 956 et
974 902 1171 957 celsior
1200 915 1319 955 esse
1347 903 1522 956 ruina.

300 994 407 1049 Sed
439 994 652 1058 melius,
674 1008 780 1062 quo
802 1001 977 1047 terror
1005 992 1115 1047 abit
1140 1011 1153 1044 :
1180 992 1288 1061 jam
1315 992 1533 1047 vincere
1560 999 1727 1047 restat

301 1087 359 1141 Si
390 1099 617 1155 pugnas,
650 1095 706 1138 ut
733 1085 869 1138 victa
896 1083 1063 1138 soles.
1092 1092 1120 1119 ει
1148 1083 1420 1138 Porsenna
1447 1083 1735 1152 superbum

302 1178 655 1247 Tarquinium
680 1176 999 1245 impingens,
1032 1175 1321 1244 eontplevit
1347 1176 1516 1229 milite
1545 1174 1761 1229 Thusco

302 1267 608 1323 laniculum
634 1266 813 1336 quond
833 1282 936 1332 im;
966 1265 1061 1320 sed
1083 1265 1209 1319 dum
1242 1280 1589 1335 perrumpere
1614 1276 1793 1334 portas

300 1360 601 1415 Obsidione
632 1367 805 1427 parat,
836 1367 998 1411 totam
1022 1367 1074 1411 te
1096 1358 1319 1425 pertulit
1350 1371 1457 1411 uno

300 1451 527 1507 Coclitis
555 1450 607 1504 in
632 1449 847 1520 clypeo;
881 1458 1191 1519 presserunt
1216 1448 1375 1503 millia
1405 1451 1579 1504 solum

302 1541 467 1595 Multa
490 1541 688 1608 virum,
713 1539 980 1608 pendente
1012 1540 1128 1603 via;
1161 1555 1260 1594 nec
1286 1551 1450 1610 ponte
1475 1543 1653 1596 soluto

301 1634 466 1703 311
494 1630 627 1686 Cum
649 1630 887 1693 caderet,
918 1629 1129 1684 cecidit.
1162 1630 1271 1684 Rex
1301 1630 1441 1685 idem
1462 1632 1692 1701 denique
1715 1641 1889 1686 morte

302 1722 631 1776 Admonitus
657 1720 847 1776 scribze
877 1719 1067 1776 didicit
1093 1721 1194 1775 sibi
1227 1722 1368 1775 bella
1397 1724 1621 1788 moveri,

302 1812 420 1865 Non
453 1811 628 1866 solum
660 1827 780 1867 cum
812 1812 948 1867 bella
980 1812 1184 1876 forem;
1216 1828 1335 1867 mox
1368 1827 1499 1883 pace
1523 1816 1705 1882 petita,

301 1905 358 1959 ln
391 1920 620 1975 regnum
652 1905 828 1969 rediit,
867 1920 971 1960 non
1003 1916 1110 1959 tam
1140 1905 1366 1961 feriente
1394 1906 1629 1976 fugatus,

300 2000 476 2063 Quam
511 1998 767 2066 ﬂagrante
797 1999 911 2052 viro
938 2013 952 2051 :
978 2005 1205 2053 steterat
1231 2015 1353 2053 nam
1380 1999 1544 2055 corde
1573 1999 1748 2069 gelato

303 2090 574 2153 Scazvola,
606 2100 661 2145 et
686 2090 929 2160 apposito
954 2089 1198 2145 dextram
1226 2092 1575 2147 damnaverat
1596 2093 1729 2163 igni,

303 2180 439 2235 Plus
468 2180 593 2235 felix
622 2189 879 2250 peccante
905 2196 1089 2246 manu,
1116 2196 1238 2234 cum
1265 2181 1399 2236 forte
1426 2182 1643 2238 satelles

302 2270 565 2338 Palleret,
597 2279 881 2326 constante
909 2287 1023 2333 reo,
1057 2281 1428 2339 tormentaque
1450 2275 1596 2343 capti

302 2366 349 2417 Is
375 2365 613 2435 fugeret,
644 2365 735 2434 qui
767 2374 938 2419 tortor
966 2373 1102 2420 erat.
1134 2366 1402 2420 Brennum
1436 2366 1699 2421 tremuisti

300 2455 436 2509 Post
464 2455 659 2508 melior
684 2472 697 2508 τ
722 2457 1076 2525 quodcunth
1109 2466 1256 2511 tuum
1287 2466 1391 2521 est,
1418 2458 1773 2528 quodcunque
1805 2476 1893 2513 vo-

1651 2549 1668 2621 [
1688 2550 1826 2605 caris

300 2640 425 2694 .latn
453 2639 604 2694 solus
631 2639 889 2709 Tarpeius
914 2649 1059 2705 erat;
1091 2640 1185 2694 sed
1215 2641 1448 2710 reppulit
1474 2657 1610 2695 unus

302 2725 444 2786 Tum
463 2748 676 2802 quoque
696 2742 859 2788 totam
878 2733 1066 2799 aciem,
1087 2733 1327 2789 Senones
1342 2733 1467 2787 dum
1483 2737 1725 2803 garrulus
1738 2749 1895 2791 anser

301 2826 554 2892 Nuntiat,
590 2835 643 2880 et
667 2826 851 2896 vigilat
879 2836 1111 2880 vestrum
1138 2828 1254 2881 sine
1282 2826 1452 2881 milite
1482 2826 1667 2882 fatum.

300 2919 389 2974 Me
420 2933 637 2987 quoque
667 2918 755 2989 (da
786 2921 1020 2981 veniam,
1049 2918 1187 2987 quod
1216 2918 1412 2973 bellum
1434 2919 1695 2987 gessimus
1715 2919 1867 2987 olim)

300 3008 436 3064 Post
461 3010 712 3064 Trebiam
744 3012 1063 3081 Cannasque
1085 3013 1271 3066 domas
1296 3030 1309 3065 :
1337 3012 1685 3083 Romanaque
1707 3024 1843 3068 tecta

304 3103 579 3160 Ilannibal
606 3112 731 3157 ante
761 3118 936 3169 mens,
968 3119 1125 3172 quam
1157 3111 1340 3159 nostra
1369 3104 1547 3174 Scipio
1576 3105 1730 3160 vidit.

298 3195 446 3261 Quid
476 3195 687 3249 merui?
710 3196 833 3249 fatis
859 3210 1022 3262 cogor
1054 3196 1149 3250 tibi
1180 3196 1314 3250 bella
1348 3212 1589 3262 movere,

296 3286 442 3339 Cum
472 3284 619 3349 volo,
640 3300 765 3338 cum
800 3286 925 3339 nolo
951 3301 964 3342 :
990 3285 1229 3355 trepidus
1259 3296 1309 3340 te
1336 3287 1544 3341 territat
1575 3285 1763 3353 hostis,

298 3379 408 3431 Sed
447 3387 591 3432 tutus
621 3376 904 3432 claudente
930 3377 1093 3443 freto,
1129 3379 1278 3432 velut
1308 3379 1552 3449 hispidus
1582 3378 1685 3432 alta

298 3469 411 3523 Sus
452 3481 618 3535 prope
640 3476 822 3535 tesqua
845 3467 1008 3535 jacet,
1038 3467 1360 3535 claususque
1382 3467 1687 3521 cacuminat
1713 3466 1846 3521 albis

301 3570 377 3615 Us
408 3561 625 3627 nigrum
652 3559 771 3614 telis
798 3559 1101 3629 gravidum,
1130 3560 1498 3614 circumlatrat
1524 3561 1715 3628 ingens

301 3657 495 3710 Turba
525 3670 738 3716 canum,
769 3653 815 3707 si
844 3653 981 3708 forte
1012 3654 1138 3707 vdit
1163 3668 1486 3707 concurrere
1514 3668 1704 3721 campo
1732 3672 1743 3706 :

304 3746 405 3800 Ille
436 3760 533 3814 per
560 3744 800 3813 ohjectos
827 3757 1017 3816 vepres
1042 3751 1210 3795 tumet
1238 3752 1398 3812 atque
1427 3742 1691 3812 superbit,

308 3840 369 3893 \‘i
402 3838 606 3904 tenuis,
635 3836 894 3904 fortisque
917 3836 1055 3901 loco,
1085 3834 1211 3889 dum
1245 3836 1518 3905 proximus
1541 3836 1635 3890 Eia

306 3931 555 3985 Venator
581 3930 650 3984 de
671 3930 808 3983 colle
838 3937 1031 3982 sonet:
1062 3943 1165 3981 vox
1207 3940 1330 3981 nota
1356 3928 1596 3997 magiSIri

306 4023 595 4077 Lassatam
628 4029 838 4086 reparat
868 4019 1071 4073 rabiem
1096 4036 1109 4071 :
1134 4028 1247 4073 tmn
1277 4021 1496 4073 vulnera
1530 4034 1702 4077 catcus

307 4114 547 4169 Fastidit
570 4115 768 4166 sentire
795 4110 959 4165 furor.
988 4110 1121 4178 Quid
1152 4111 1335 4182 praelia
1367 4110 1586 4165 differs?

383 4264 413 4290 ε·
448 4252 597 4320 Quod
630 4250 1489 4318 Porsennw,Brenno,Hannibali
1519 4251 1783 4319 quondam
1811 4266 1904 4306 ac-

308 4326 472 4388 cidit,
507 4333 563 4376 ut
589 4338 617 4375 a
642 4323 898 4376 Rornanis
929 4331 1048 4389 post
1068 4324 1331 4392 maximas
1352 4323 1532 4375 clades
1563 4332 1904 4392 terroresque

310 4395 771 4466 profligareutur,
838 4394 977 4447 idem
1015 4408 1176 4466 turne
1233 4390 1524 4445 Genserico
1582 4390 1902 4466 eventurum

310 4463 571 4531 Spondet,
602 4465 646 4518 si
667 4464 986 4532 Majoriauus
1014 4463 1068 4515 in
1093 4478 1215 4517 eum
1242 4477 1387 4514 arma
1410 4470 1689 4516 convertat
1712 4478 1726 4518 :
1751 4465 1903 4530 quasi

1757 330 1894 379 LAti
1904 324 2085 379 aitNA.

1914 449 1961 503 Α
1990 444 2125 510 Quid
2160 459 2304 499 mare
2329 444 2604 513 formidas,
2630 460 2725 513 pro
2747 446 2899 515 cujus
2928 461 3070 514 saepe
3104 447 3389 516 triumphis

3469 333 3570 386 (ibi!

1993 536 2059 590 Et
2085 538 2280 590 cmlum
2310 551 2547 605 pugnare
2570 535 2737 590 solet?
2767 538 2903 604 Quid
2934 538 3074 609 quod
3111 539 3202 593 tibi
3236 542 3483 607 princeps

1992 628 2080 681 Est
2107 643 2245 683 nunc
2268 627 2515 693 eximius,
2544 643 2703 697 quem
2733 630 2952 698 przescia
2972 631 3166 684 stecula
3189 632 3423 685 clamant

1988 720 2149 808 312
2170 719 2461 775 Venturum
2490 720 2700 774 excidio
2729 720 2929 791 Libyae,
2960 720 3049 789 qui
3079 721 3269 775 tertius
3297 738 3363 776 ex
3393 736 3478 775 me

1990 816 2233 884 Accipiet
2260 816 2492 870 nomen?
2517 814 2715 869 debent
2737 815 2837 869 hoc
2865 815 2968 869 fata
2994 815 3186 881 labori,

1990 907 2299 976 Majoriane,
2326 916 2417 961 tuo
2447 923 2459 960 :
2487 922 2641 975 quem
2671 921 2768 960 cur
2792 905 3155 960 conscendere
3183 906 3434 971 classem,

1991 1003 2067 1054 Ac
2092 1009 2276 1068 portus
2305 998 2504 1052 intrare
2532 1012 2699 1063 meos,
2732 997 3025 1065 urbemque
3056 995 3254 1060 subire,

1991 1095 2046 1149 Si
2066 1094 2277 1160 jubeas,
2306 1092 2540 1159 cupiam,
2569 1091 2757 1161 paucis
2784 1105 2849 1144 ex
2884 1089 3072 1145 ordine
3100 1090 3270 1144 fabor.

2062 1186 2251 1241 Fertur
2275 1185 2568 1241 Pannonia:
2594 1199 2695 1253 qua
2722 1182 2749 1220 δ
2775 1182 2959 1237 Martia
2987 1185 3151 1252 pollet
3178 1183 3433 1248 Acincus,

1995 1278 2262 1347 Illyricum
2292 1276 2497 1331 rexisse
2524 1274 2694 1330 solum
2715 1289 2836 1329 cum
2870 1275 3124 1329 tractibus
3146 1274 3265 1329 lstri

1994 1369 2160 1430 llujus
2191 1374 2353 1432 avus;
2386 1382 2508 1422 nam
2541 1366 2875 1421 Theudosius
2902 1380 3009 1437 quo
3040 1376 3282 1433 tempore
3310 1365 3467 1421 Sirmi

1993 1464 2285 1529 Augustum
2314 1461 2542 1530 sumpsit
2568 1474 2794 1526 nomen,
2826 1474 2922 1528 per
2948 1468 3228 1526 utramque
3255 1460 3566 1529 magismim

1995 1551 2256 1612 Militiam,
2291 1550 2354 1603 ad
2384 1558 2563 1619 partes
2592 1550 2739 1619 regni
2772 1558 3026 1605 venturus
3053 1564 3177 1604 eoas
3197 1589 3213 1614 ,

1995 1642 2344 1708 Maiorianum
2372 1640 2576 1694 habuit.
2610 1639 2772 1693 Latiis
2793 1648 2919 1694 sunt
2947 1638 3157 1693 condita
3186 1637 3337 1694 fastis

1995 1732 2153 1786 Facta
2174 1732 2325 1788 ducis
2348 1748 2362 1786 ε
2385 1731 2595 1801 quaties
2621 1730 2889 1802 Scythicis
2915 1731 3055 1784 illata
3084 1731 3291 1784 colonis

1916 1818 1962 1876 B
1991 1824 2220 1879 Classica
2253 1833 2561 1892 presserunt
2591 1823 2876 1893 Hypanim,
2909 1822 3246 1889 Peucemque
3277 1822 3530 1892 rigentem

1996 1917 2174 1972 Monte
2201 1915 2441 1969 salutatis
2472 1913 2639 1969 irrisit
2670 1914 2777 1967 lixa
2809 1913 3048 1983 pruinis?

1998 2006 2147 2061 Hunc
2176 2019 2419 2060 socerum
2453 2014 2602 2073 pater
2628 2004 2785 2074 hujus
2815 2004 3004 2069 habet,
3035 2004 3119 2059 vir
3147 2004 3357 2073 clarus,
3387 2015 3440 2060 et
3468 2022 3567 2059 una

1994 2099 2243 2155 Culmine
2274 2100 2479 2154 militia:
2508 2114 2718 2166 semper
2746 2106 3049 2164 Contentus,
3082 2109 3139 2152 ut
3168 2114 3331 2152 unum

1994 2194 2219 2249 Casibus
2247 2193 2299 2246 in
2329 2192 2506 2247 dubiis
2529 2190 2744 2261 junctus
2772 2200 3089 2261 sequeretur
3108 2192 3363 2245 amicum.

1996 2284 2112 2339 Non
2140 2284 2307 2339 semel
2337 2283 2528 2338 oblatis
2557 2283 2779 2337 tentavit
2807 2281 3035 2336 fascibus
3068 2280 3217 2334 illum

1996 2374 2154 2429 Aetio
2177 2388 2367 2443 rapere
2391 2372 2511 2427 aula
2540 2387 2668 2437 suo;
2701 2371 2793 2426 sed
2825 2370 3058 2441 perstitit
3086 2370 3177 2425 ille

1998 2464 2164 2533 Major
2186 2463 2460 2518 honoratis
2489 2480 2502 2516 :
2534 2464 2697 2532 coepit
2722 2462 3007 2532 pretiosior
3034 2476 3185 2525 esse,
3274 2471 3279 2475 '

1996 2556 2089 2613 Sic
2114 2556 2287 2626 pretio
2310 2569 2415 2609 non
2438 2563 2591 2622 capta
2622 2552 2789 2616 fides;
2813 2563 2928 2607 erat
2958 2553 3045 2607 ille
3072 2550 3212 2620 quod
3238 2552 3363 2605 olim

1997 2649 2245 2715 Qmestor
2271 2646 2604 2711 consulibus,
2634 2644 2892 2699 tractabat
2923 2644 3128 2712 publita
3154 2644 3274 2712 jure

2000 2739 2129 2794 Era
2159 2753 2279 2805 suo,
2312 2747 2623 2805 tantumque
2651 2737 2864 2791 modum
2893 2736 3163 2799 servabat,
3190 2745 3244 2790 ut
3267 2736 3416 2790 illum

2000 2830 2250 2884 Narraret
2277 2844 2461 2883 rumor
2480 2827 2590 2896 jam
2617 2827 2780 2882 rebus
2810 2842 3032 2896 parcere
3057 2826 3189 2881 nati.

1997 2921 2251 2977 Senserat
2274 2920 2373 2975 hoc
2396 2920 2489 2975 sed
2513 2920 2647 2974 forte
2676 2929 2697 2957 ο
2730 2919 2881 2974 ducis
2906 2919 3014 2987 jam
3046 2918 3201 2973 livida
3230 2918 3458 2984 conjux;

2000 3013 2195 3083 Aogeri
2222 3014 2416 3068 famam
2449 3013 2620 3082 pueri,
2646 3012 2949 3081 suffusaque
2976 3012 3088 3080 bili,

2001 3105 2233 3162 Coxerat
2261 3106 2527 3160 internum
2552 3120 2647 3175 per
2672 3103 2897 3159 barbara
2923 3103 3084 3158 corda
3118 3116 3402 3157 venenum.

1924 3190 1971 3254 C
2006 3198 2148 3253 Ilicet
2179 3196 2423 3265 explorat
2444 3196 2663 3260 cmlum,
2698 3204 2968 3262 totamque
2996 3193 3190 3248 vo'u'is

2008 3287 2279 3343 Percurrit
2307 3285 2586 3341 mathesim
2620 3284 2884 3345 numeris,
2919 3284 3209 3353 interregat
3239 3280 3473 3341 umbras,

2004 3380 2251 3434 Fulmina
2282 3381 2527 3442 rimatur,
2559 3376 2720 3431 fibras
2748 3375 2909 3435 videt,
2945 3375 3179 3443 undique
3206 3372 3441 3442 gaudens

2001 3471 2162 3541 313
2193 3471 2470 3526 Secretum
2506 3469 2749 3536 rapuisse
2780 3468 2889 3521 Deo
2920 3485 2932 3521 :
2963 3467 3043 3519 sic
3071 3474 3218 3519 torva
3250 3464 3529 3534 Pelasgum

2002 3540 2215 3617 (lolcbis
2242 3561 2299 3615 in
2326 3560 2546 3630 aplustri
2579 3567 2795 3613 steterat
2820 3558 3117 3626 trepidante
3143 3556 3334 3609 marito
3359 3570 3373 3609 :
3530 3540 3541 3553 ’

2007 3657 2294 3726 Absyrtum
2324 3666 2572 3721 sparsura
2604 3649 2760 3720 patri,
2795 3650 2810 3681 ί
2846 3650 3154 3718 facturaque
3180 3648 3306 3702 (ιωεί

2007 3746 2259 3803 Germani
2286 3745 2407 3815 plus
2440 3753 2609 3798 morte
2638 3742 2807 3810 nefas,
2833 3741 2957 3795 dum
2990 3741 3172 3793 funere
3203 3746 3421 3807 pugnat,

2013 3841 2080 3894 Et
2106 3840 2320 3894 fratrem
2353 3839 2453 3893 sibi
2484 3838 2586 3892 tela
2622 3837 2745 3891 facit
2777 3852 2792 3890 :
2820 3834 2899 3889 vel
2932 3849 3052 3889 cum
3074 3834 3251 3887 obruit
3282 3833 3456 3901 ignem

2010 3933 2330 3993 Taurorum,
2359 3919 2478 4000 plus
2506 3930 2619 3999 ipsa
2642 3928 2847 3991 calens,
2883 3926 3116 3995 texitque
3145 3934 3461 3980 trementem

2014 4024 2226 4095 Frigida
2255 4024 2465 4077 flamma
2496 4023 2686 4079 virum.
2714 4035 2872 4091 quem
2901 4018 3223 4074 defendente
3250 4032 3459 4071 veneno

2013 4116 2156 4171 Inter
2185 4116 2471 4185 ﬂagrantes
2503 4113 2781 4182 perhibent
2810 4112 2993 4165 alsisse
3016 4110 3296 4179 juvencos.

2011 4254 2264 4308 cidentali
2306 4252 2576 4307 attributa:
2618 4258 2775 4313 sum,
2829 4255 2890 4302 ut
2935 4246 3221 4309 Noricum,
3264 4243 3590 4305 Pannonio,

2015 4324 2270 4378 Dalmatia
2304 4341 2317 4377 :
2355 4324 2473 4376 alia:
2502 4320 2787 4375 Orientali.
2818 4329 2876 4374 ut
2906 4318 3085 4372 Moesia
3110 4315 3375 4382 superior,
3408 4313 3589 4377 Dacia,

2014 4394 2354 4457 Macedonia,
2403 4393 2589 4454 Epirus
2628 4400 2680 4444 et
2710 4390 2862 4453 alite,
2913 4403 3042 4455 quas
3091 4387 3141 4439 in
3174 4386 3359 4457 eadem
3391 4383 3589 4457 Notitia

2014 4464 2197 4519 videre
2241 4453 2351 4518 est.
2386 4462 2499 4517 Non
2542 4462 2678 4515 male
2707 4475 2835 4525 ergo
2878 4453 3127 4513 Sidonius
3177 4455 3499 4509 Pannoniam
3540 4453 3593 4506 in

312 4525 369 4591 in
407 4537 532 4613 fatis
561 4525 630 4589 sit
658 4525 825 4597 illum,
852 4534 1001 4613 ψιος
1021 4536 1117 4613 ait,
1152 4543 1430 4585 venturum
1462 4533 1673 4613 excidio
1697 4525 1903 4604 Libym,
1935 4556 1986 4613 ι)
2014 4534 2223 4605 lliyrico
2268 4535 2429 4613 loca}.
2462 4533 2564 4613 Sed
2598 4529 2873 4613 biajoriani
2918 4526 3167 4613 ma2i§lri_
3192 4525 3416 4613 ῐιιὶΙίιιιξξι
3446 4531 3595 4604 νοις-

311 4609 649 4670 tertiumque
669 4621 733 4659 ex
753 4622 813 4659 ea
840 4616 951 4674 post
969 4604 1249 4670 Scipiones
1265 4616 1560 4667 cngnomen
1584 4604 1902 4658 relaturum.

391 4678 422 4714 δ
457 4677 594 4744 Urbs
624 4684 706 4729 est
736 4675 1021 4729 Pannonia:
1044 4674 1108 4740 ll,
1138 4675 1315 4742 inqua
1338 4684 1392 4727 et
1414 4674 1665 4744 Sirmium
1696 4675 1906 4743 provin-

314 4751 421 4802 cia:
464 4743 644 4815 caput.
688 4748 919 4799 Acincus
953 4745 1178 4809 eadem,
1224 4759 1347 4815 non
1375 4743 1621 4798 Arinthus
1662 4745 1911 4798 scribitur

314 4828 487 4872 etiam
519 4814 655 4886 apud
684 4816 1078 4879 Marcellinum,
1122 4824 1178 4869 ct
1207 4817 1258 4868 in
1293 4814 1583 4868 ltincrariis
1604 4857 1617 4876 ,
1666 4824 1824 4882 atque
1856 4816 1907 4869 in

318 4889 561 4952 Notitia,
608 4888 660 4940 in
693 4903 791 4956 qua
833 4898 889 4940 et
926 4888 1250 4940 Acincenses
1281 4886 1476 4939 milites
1520 4886 1619 4939 sub
1660 4886 1910 4955 magistro

320 4959 565 5028 i-qoitnm
616 4974 709 5024 per
751 4957 971 5012 Gallias.
1019 4957 1135 5010 Jam
1169 4957 1269 5009 hoc
1304 4971 1515 5028 quoque
1543 4966 1750 5028 certum
1792 4966 1905 5023 est,

288 5025 525 5100 ‘lllyrici
559 5043 828 5100 nometrp
868 5028 1185 5100 sterioribus
1219 5028 1430 5080 saeculis
1479 5025 1713 5100 imperii,
1752 5029 1911 5098 118

324 5096 439 5153 no'n
470 5100 627 5151 unius
657 5099 709 5151 in
741 5096 1026 5151 Hadriatici
1058 5097 1218 5150 maris
1250 5111 1343 5150 ora
1377 5096 1663 5162 provincia:
1694 5096 1906 5162 finibus,

320 5182 385 5223 ut
413 5170 562 5233 olim,
590 5169 828 5222 clausum
859 5168 1053 5232 fuisse;
1082 5168 1176 5222 sed
1205 5167 1269 5220 ad
1301 5168 1556 5231 plurimas
1577 5166 1912 5237 circumqua-

322 5256 435 5308 que
466 5240 763 5309 provincias
790 5239 1110 5305 pertinuisse
1143 5256 1156 5291 ε
1188 5236 1326 5306 quod
1350 5252 1617 5309 magnum
1643 5236 1910 5308 lllyriCum

324 5307 416 5363 est
451 5307 687 5364 Ausonio
715 5311 1096 5377 epigrammate
1126 5311 1175 5362 l.
1219 5307 1361 5361 Festi
1394 5307 1511 5360 ltuli
1555 5323 1669 5361 aevo
1699 5307 1761 5362 Π
1794 5324 1914 5377 pro-

326 5383 533 5434 vincas
565 5380 1047 5447 complectebatur;
1082 5388 1199 5448 post
1230 5380 1389 5431 etiam
1425 5379 1507 5443 l9,
1545 5394 1764 5445 quarum
1798 5380 1915 5433 alia:

313 5462 458 5519 .post
501 5451 708 5515 imperii
741 5449 1050 5502 divisionem
1083 5466 1202 5516 qua:
1239 5448 1293 5500 in
1332 5448 1527 5502 Notitia
1572 5448 1912 5519 describitur,

332 5527 441 5577 hoc
468 5532 548 5577 est
578 5531 696 5591 post
725 5519 937 5575 Arcadii
960 5530 1013 5575 et
1042 5519 1262 5575 Honorii
1296 5531 1555 5588 tempora,
1586 5518 1796 5590 Illyrico
1814 5521 1916 5574 0c—

416 5632 431 5663 ¹
466 5631 706 5685 Barthius
754 5628 1008 5692 Advers.,
1058 5642 1177 5695 pag.
1220 5626 1380 5690 169.6,
1430 5626 1508 5681 sic
1558 5626 1717 5681 scribi
1756 5626 1913 5681 vult:

330 5701 583 5771 Ceramni
614 5703 727 5767 plus
767 5710 924 5753 utorle
963 5698 1213 5771 (nefas!)
1253 5715 1374 5751 nam
1422 5699 1619 5764 aliOqui
1643 5696 1918 5771 absonum

320 5776 486 5827 dictu
517 5767 665 5840 esse,
700 5772 810 5840 plus
845 5767 986 5840 nefas
1018 5770 1184 5840 facere
1217 5784 1313 5839 pro
1350 5773 1514 5840 majus
1550 5767 1714 5823 scelus
1744 5784 1922 5837 perpe-

2017 4593 2128 4658 stas
2163 4616 2311 4659 extra
2346 4601 2539 4673 Illyrici
2578 4593 2737 4673 etiam
2776 4600 2909 4673 fines
2937 4597 3337 4673 porrigebatur,
3364 4593 3597 4673 Hypanis

2016 4676 2212 4729 etenim
2238 4664 2428 4727 fluvius
2457 4671 2711 4741 Scythite,
2739 4677 2794 4724 et
2820 4664 2990 4741 Peuce
3018 4668 3199 4741 ἰιιξιιιιειΔ
3221 4665 3338 4720 lstri
3372 4664 3523 4718 ostiis
3545 4664 3598 4718 in

2019 4746 2202 4799 Moesia
2228 4743 2480 4797 inferiore
2499 4738 2768 4809 adjacens,
2797 4738 2862 4791 ad
2890 4738 3131 4792 Thracia:
3152 4738 3452 4809 dimceseos
3477 4750 3599 4809 pro-

2018 4817 2221 4870 vincias
2248 4804 2677 4884 pertinent,'nou
2708 4810 3147 4884 ad_l_ll.yri_ei:tnas.
3180 4806 3419 4884 l_\‘om_lnm
3446 4804 3599 4858 vide-

2021 4887 2146 4940 licet
2182 4877 2417 4953 magistri
2450 4882 2673 4937 militum
2688 4897 2734 4953 _a
2761 4877 3068 4953 Theodosio
3097 4879 3262 4953 divisa
3298 4877 3465 4953 fuerat
3498 4890 3601 4953 po-

2020 4966 2228 5011 testas:
2271 4946 2367 5024 qui
2415 4955 2643 5023 primus,
2668 4950 2902 5024 Zosimo
2946 4958 3120 5024 teste,
3163 4949 3255 5024 lib.
3286 4963 3336 5000 tv
3368 4946 3502 5024 hanc
3519 4946 3600 5024 _i_t_a

2017 5015 2375 5089 distinxitfut
2404 5015 2536 5077 alios
2584 5024 2634 5076 in
2666 5022 2897 5091 Illyrico,
2943 5020 3077 5072 alios
3109 5020 3158 5071 in
3189 5017 3414 5091 Thracia
3462 5015 3604 5069 mili-

2019 5106 2128 5150 tum
2156 5097 2406 5167 magister
2441 5103 2614 5159 esset,
2656 5089 2775 5147 cuin
2823 5106 2959 5145 unus
3005 5101 3159 5144 antea
3191 5089 3439 5143 omnibus
3472 5102 3602 5153 trra--

2018 5177 2291 5293 ei‘scetAetii
2322 5251 2477 5289 uxor.
2506 5234 2613 5288 Nec
2640 5229 3115 5293 temere-conficta,
3147 5245 3266 5300 quae
3292 5229 3358 5300 de
3386 5225 3523 5300 illius
3553 5225 3605 5275 in

2024 5308 2376 5377 Majorianum
2417 5306 2669 5377 juvenem
2708 5303 2833 5377 odio
2880 5297 3607 5377 dicuntum—quasitimeret

2025 5363 2167 5433 ne'is
2202 5363 2471 5443 praeteriit)
2505 5375 2610 5428 lilio
2643 5363 3462 5443 principatumconsequeretur.
3499 5363 3607 5443 Be-

2025 5465 2147 5504 vera
2178 5436 2320 5505 enim
2351 5436 2653 5503 Gaudentio
2681 5443 2788 5498 ﬁlio
2821 5436 3113 5512 imperium
3146 5438 3366 5508 parabat
3394 5436 3602 5488 Aetius.

2028 5637 2184 5770 grana.
2217 5659 2280 5669 -—
2305 5627 2537 5685 Bac-mus
2565 5622 2836 5686 Sirmond.
2866 5620 3061 5683 editor,
3089 5617 3291 5690 praefat.
3320 5616 3384 5673 ad
3407 5624 3541 5672 tom.
3568 5613 3607 5681 ι,
