  <div class='ocr_page' id='page_1' title='image "/cluster/home/n/w/nwhite01/storage/ocr_20150623/58/hvd.32044073505109/357.png"; bbox 0 0 3946 6176; ppageno 0'>
   <div class='ocr_carea' id='block_1_1' title="bbox 442 304 3645 381">
    <p class='ocr_par' dir='ltr' id='par_1_1' title="bbox 442 304 3645 381">
     <span class='ocr_line' id='line_1_1' title="bbox 442 304 3645 381; baseline 0.006 -21"><span class='ocrx_word' id='word_1_1' title='bbox 442 304 545 361; x_wconf 75' lang='lat'><strong>663</strong></span> <span class='ocrx_word' id='word_1_2' title='bbox 1102 316 1119 332; x_wconf 83' lang='lat'>&#39;</span> <span class='ocrx_word' id='word_1_3' title='bbox 1709 306 1951 362; x_wconf 71' lang='lat' dir='ltr'><strong>SIDONII</strong></span> <span class='ocrx_word' id='word_1_4' title='bbox 1992 304 2444 366; x_wconf 70' lang='lat' dir='ltr'><strong>APOLLINARIS</strong></span> <span class='ocrx_word' id='word_1_5' title='bbox 3562 322 3645 381; x_wconf 67' lang='lat' dir='ltr'><strong>(Gl</strong></span> 
     </span>
    </p>
   </div>
   <div class='ocr_carea' id='block_1_2' title="bbox 440 417 1961 487">
    <p class='ocr_par' dir='ltr' id='par_1_2' title="bbox 440 417 1961 487">
     <span class='ocr_line' id='line_1_2' title="bbox 440 417 1961 487; baseline -0.003 -12"><span class='ocrx_word' id='word_1_6' title='bbox 440 421 577 484; x_wconf 80' lang='lat' dir='ltr'><strong>Ergo</strong></span> <span class='ocrx_word' id='word_1_7' title='bbox 605 417 770 473; x_wconf 86' lang='lat' dir='ltr'><strong>animi</strong></span> <span class='ocrx_word' id='word_1_8' title='bbox 800 418 1000 474; x_wconf 88' lang='lat' dir='ltr'><strong>dudum</strong></span> <span class='ocrx_word' id='word_1_9' title='bbox 1026 418 1332 487; x_wconf 68' lang='lat' dir='ltr'><strong>impatiem,</strong></span> <span class='ocrx_word' id='word_1_10' title='bbox 1367 428 1643 486; x_wconf 88' lang='lat' dir='ltr'><strong>postquam</strong></span> <span class='ocrx_word' id='word_1_11' title='bbox 1679 420 1847 474; x_wconf 87' lang='lat' dir='ltr'><strong>audiit</strong></span> <span class='ocrx_word' id='word_1_12' title='bbox 1878 420 1961 475; x_wconf 73' lang='lat' dir='ltr'><strong>isti</strong></span> 
     </span>
    </p>
   </div>
   <div class='ocr_carea' id='block_1_3' title="bbox 442 511 1741 581">
    <p class='ocr_par' dir='ltr' id='par_1_3' title="bbox 442 511 1741 581">
     <span class='ocr_line' id='line_1_3' title="bbox 442 511 1741 581; baseline 0.001 -16"><span class='ocrx_word' id='word_1_13' title='bbox 442 512 723 581; x_wconf 90' lang='lat' dir='ltr'><strong>Imperium</strong></span> <span class='ocrx_word' id='word_1_14' title='bbox 755 522 810 567; x_wconf 93' lang='lat' dir='ltr'><strong>ct</strong></span> <span class='ocrx_word' id='word_1_15' title='bbox 838 512 1051 580; x_wconf 90' lang='lat' dir='ltr'><strong>longum</strong></span> <span class='ocrx_word' id='word_1_16' title='bbox 1076 511 1257 576; x_wconf 80' lang='lat' dir='ltr'><strong>s&#39;atui,</strong></span> <span class='ocrx_word' id='word_1_17' title='bbox 1291 511 1485 565; x_wconf 85' lang='lat' dir='ltr'><strong>laniata</strong></span> <span class='ocrx_word' id='word_1_18' title='bbox 1513 511 1741 566; x_wconf 85' lang='lat' dir='ltr'><strong>lacertos</strong></span> 
     </span>
    </p>
   </div>
   <div class='ocr_carea' id='block_1_4' title="bbox 442 601 1841 671">
    <p class='ocr_par' dir='ltr' id='par_1_4' title="bbox 442 601 1841 671">
     <span class='ocr_line' id='line_1_4' title="bbox 442 601 1841 671; baseline 0.001 -16"><span class='ocrx_word' id='word_1_19' title='bbox 442 602 740 671; x_wconf 84' lang='lat' dir='ltr'><strong>Ingreditur</strong></span> <span class='ocrx_word' id='word_1_20' title='bbox 776 617 877 670; x_wconf 91' lang='lat' dir='ltr'><strong>qua</strong></span> <span class='ocrx_word' id='word_1_21' title='bbox 908 612 1074 655; x_wconf 86' lang='lat' dir='ltr'><strong>strata</strong></span> <span class='ocrx_word' id='word_1_22' title='bbox 1099 601 1223 665; x_wconf 66' lang='lat' dir='ltr'><strong>viri,</strong></span> <span class='ocrx_word' id='word_1_23' title='bbox 1260 616 1549 669; x_wconf 81' lang='lat' dir='ltr'><strong>vocemque</strong></span> <span class='ocrx_word' id='word_1_24' title='bbox 1581 606 1841 656; x_wconf 80' lang='lat' dir='ltr'><strong>furentem</strong></span> 
     </span>
    </p>
   </div>
   <div class='ocr_carea' id='block_1_5' title="bbox 441 691 1588 758">
    <p class='ocr_par' dir='ltr' id='par_1_5' title="bbox 441 691 1588 758">
     <span class='ocr_line' id='line_1_5' title="bbox 441 691 1588 758; baseline -0.002 -15"><span class='ocrx_word' id='word_1_25' title='bbox 441 693 532 744; x_wconf 89' lang='lat' dir='ltr'><strong>llis</strong></span> <span class='ocrx_word' id='word_1_26' title='bbox 563 691 724 758; x_wconf 86' lang='lat' dir='ltr'><strong>rupit.</strong></span> <span class='ocrx_word' id='word_1_27' title='bbox 758 691 955 746; x_wconf 89' lang='lat' dir='ltr'><strong>Secure</strong></span> <span class='ocrx_word' id='word_1_28' title='bbox 978 691 1125 757; x_wconf 74' lang='lat' dir='ltr'><strong>iaces</strong></span> <span class='ocrx_word' id='word_1_29' title='bbox 1153 691 1318 745; x_wconf 92' lang='lat' dir='ltr'><strong>oblite</strong></span> <span class='ocrx_word' id='word_1_30' title='bbox 1350 701 1588 755; x_wconf 86' lang='lat' dir='ltr'><strong>tuorum,</strong></span> 
     </span>
    </p>
   </div>
   <div class='ocr_carea' id='block_1_6' title="bbox 436 782 1927 852">
    <p class='ocr_par' dir='ltr' id='par_1_6' title="bbox 436 782 1927 852">
     <span class='ocr_line' id='line_1_6' title="bbox 436 782 1927 852; baseline -0.001 -18"><span class='ocrx_word' id='word_1_31' title='bbox 436 783 479 834; x_wconf 85' lang='lat'><strong>0</strong></span> <span class='ocrx_word' id='word_1_32' title='bbox 509 785 675 852; x_wconf 62' lang='lat' dir='ltr'><strong>piger,</strong></span> <span class='ocrx_word' id='word_1_33' title='bbox 707 792 763 838; x_wconf 79' lang='lat' dir='ltr'><strong>ct</strong></span> <span class='ocrx_word' id='word_1_34' title='bbox 794 783 990 836; x_wconf 89' lang='lat' dir='ltr'><strong>mundo</strong></span> <span class='ocrx_word' id='word_1_35' title='bbox 1023 785 1267 850; x_wconf 90' lang='lat' dir='ltr'><strong>princeps</strong></span> <span class='ocrx_word' id='word_1_36' title='bbox 1296 784 1407 848; x_wconf 85' lang='lat' dir='ltr'><strong>(sic</strong></span> <span class='ocrx_word' id='word_1_37' title='bbox 1432 784 1626 836; x_wconf 75' lang='lat' dir='ltr'><strong>szecula</strong></span> <span class='ocrx_word' id='word_1_38' title='bbox 1654 782 1927 851; x_wconf 86' lang='lat' dir='ltr'><strong>poscunt).</strong></span> 
     </span>
    </p>
   </div>
   <div class='ocr_carea' id='block_1_7' title="bbox 440 873 1735 945">
    <p class='ocr_par' dir='ltr' id='par_1_7' title="bbox 440 873 1735 945">
     <span class='ocr_line' id='line_1_7' title="bbox 440 873 1735 945; baseline 0.003 -20"><span class='ocrx_word' id='word_1_39' title='bbox 440 874 758 943; x_wconf 72' lang='lat' dir='ltr'><strong>Majnrianus</strong></span> <span class='ocrx_word' id='word_1_40' title='bbox 784 873 919 938; x_wconf 85' lang='lat' dir='ltr'><strong>erit;</strong></span> <span class='ocrx_word' id='word_1_41' title='bbox 947 876 1185 928; x_wconf 88' lang='lat' dir='ltr'><strong>clamant</strong></span> <span class='ocrx_word' id='word_1_42' title='bbox 1215 876 1314 928; x_wconf 84' lang='lat' dir='ltr'><strong>hoc</strong></span> <span class='ocrx_word' id='word_1_43' title='bbox 1340 874 1516 929; x_wconf 71' lang='lat' dir='ltr'><strong>sidera</strong></span> <span class='ocrx_word' id='word_1_44' title='bbox 1547 875 1735 945; x_wconf 80' lang='lat' dir='ltr'><strong>signis,</strong></span> 
     </span>
    </p>
   </div>
   <div class='ocr_carea' id='block_1_8' title="bbox 439 965 1736 1034">
    <p class='ocr_par' dir='ltr' id='par_1_8' title="bbox 439 965 1736 1034">
     <span class='ocr_line' id='line_1_8' title="bbox 439 965 1736 1034; baseline 0.002 -15"><span class='ocrx_word' id='word_1_45' title='bbox 439 965 551 1019; x_wconf 91' lang='lat' dir='ltr'><strong>lIoc</strong></span> <span class='ocrx_word' id='word_1_46' title='bbox 581 965 825 1019; x_wconf 82' lang='lat' dir='ltr'><strong>homines</strong></span> <span class='ocrx_word' id='word_1_47' title='bbox 850 966 988 1020; x_wconf 88' lang='lat' dir='ltr'><strong>votis</strong></span> <span class='ocrx_word' id='word_1_48' title='bbox 1017 982 1030 1018; x_wconf 91' lang='lat'>:</span> <span class='ocrx_word' id='word_1_49' title='bbox 1063 965 1144 1019; x_wconf 90' lang='lat' dir='ltr'><strong>isti</strong></span> <span class='ocrx_word' id='word_1_50' title='bbox 1173 965 1298 1034; x_wconf 91' lang='lat' dir='ltr'><strong>quid</strong></span> <span class='ocrx_word' id='word_1_51' title='bbox 1324 965 1500 1019; x_wconf 85' lang='lat' dir='ltr'><strong>sidera</strong></span> <span class='ocrx_word' id='word_1_52' title='bbox 1532 981 1736 1032; x_wconf 71' lang='lat' dir='ltr'><strong>quaaro,</strong></span> 
     </span>
    </p>
   </div>
   <div class='ocr_carea' id='block_1_9' title="bbox 438 1051 1733 1112">
    <p class='ocr_par' dir='ltr' id='par_1_9' title="bbox 438 1051 1733 1112">
     <span class='ocr_line' id='line_1_9' title="bbox 438 1051 1733 1112; baseline -0.002 0"><span class='ocrx_word' id='word_1_53' title='bbox 438 1051 626 1112; x_wconf 79' lang='lat' dir='ltr'><strong>Fatum</strong></span> <span class='ocrx_word' id='word_1_54' title='bbox 653 1056 793 1111; x_wconf 86' lang='lat' dir='ltr'><strong>aliud</strong></span> <span class='ocrx_word' id='word_1_55' title='bbox 824 1056 908 1111; x_wconf 92' lang='lat' dir='ltr'><strong>cui</strong></span> <span class='ocrx_word' id='word_1_56' title='bbox 938 1057 1060 1111; x_wconf 78' lang='lat' dir='ltr'><strong>fecit</strong></span> <span class='ocrx_word' id='word_1_57' title='bbox 1083 1057 1268 1111; x_wconf 83' lang='lat' dir='ltr'><strong>amor?</strong></span> <span class='ocrx_word' id='word_1_58' title='bbox 1298 1057 1371 1111; x_wconf 90' lang='lat' dir='ltr'><strong>nil</strong></span> <span class='ocrx_word' id='word_1_59' title='bbox 1404 1056 1591 1111; x_wconf 54' lang='lat' dir='ltr'><strong>fortius</strong></span> <span class='ocrx_word' id='word_1_60' title='bbox 1620 1058 1733 1112; x_wconf 91' lang='lat' dir='ltr'><strong>illo.</strong></span> 
     </span>
    </p>
   </div>
   <div class='ocr_carea' id='block_1_10' title="bbox 441 1145 1978 1216">
    <p class='ocr_par' dir='ltr' id='par_1_10' title="bbox 441 1145 1978 1216">
     <span class='ocr_line' id='line_1_10' title="bbox 441 1145 1978 1216; baseline 0.001 -16"><span class='ocrx_word' id='word_1_61' title='bbox 441 1147 503 1200; x_wconf 83' lang='lat' dir='ltr'><strong>Et</strong></span> <span class='ocrx_word' id='word_1_62' title='bbox 533 1162 669 1214; x_wconf 91' lang='lat' dir='ltr'><strong>puer</strong></span> <span class='ocrx_word' id='word_1_63' title='bbox 698 1156 780 1200; x_wconf 87' lang='lat' dir='ltr'><strong>est</strong></span> <span class='ocrx_word' id='word_1_64' title='bbox 805 1145 1027 1214; x_wconf 90' lang='lat' dir='ltr'><strong>cupidus</strong></span> <span class='ocrx_word' id='word_1_65' title='bbox 1055 1161 1350 1216; x_wconf 81' lang='lat' dir='ltr'><strong>nunquam,</strong></span> <span class='ocrx_word' id='word_1_66' title='bbox 1380 1147 1474 1201; x_wconf 88' lang='lat' dir='ltr'><strong>sed</strong></span> <span class='ocrx_word' id='word_1_67' title='bbox 1509 1161 1695 1216; x_wconf 89' lang='lat' dir='ltr'><strong>parcus</strong></span> <span class='ocrx_word' id='word_1_68' title='bbox 1730 1148 1978 1202; x_wconf 76' lang='lat' dir='ltr'><strong>habendi.</strong></span> 
     </span>
    </p>
   </div>
   <div class='ocr_carea' id='block_1_11' title="bbox 442 1236 1875 1309">
    <p class='ocr_par' dir='ltr' id='par_1_11' title="bbox 442 1236 1875 1309">
     <span class='ocr_line' id='line_1_11' title="bbox 442 1236 1875 1309; baseline 0.001 -17"><span class='ocrx_word' id='word_1_69' title='bbox 442 1236 647 1309; x_wconf 82' lang='lat' dir='ltr'><strong>Pauper</strong></span> <span class='ocrx_word' id='word_1_70' title='bbox 670 1239 846 1293; x_wconf 86' lang='lat' dir='ltr'><strong>adhuc</strong></span> <span class='ocrx_word' id='word_1_71' title='bbox 871 1238 981 1308; x_wconf 81' lang='lat' dir='ltr'><strong>jam</strong></span> <span class='ocrx_word' id='word_1_72' title='bbox 1014 1240 1210 1309; x_wconf 76' lang='lat' dir='ltr'><strong>spargit</strong></span> <span class='ocrx_word' id='word_1_73' title='bbox 1239 1254 1391 1309; x_wconf 88' lang='lat' dir='ltr'><strong>opes,</strong></span> <span class='ocrx_word' id='word_1_74' title='bbox 1426 1238 1657 1309; x_wconf 84' lang='lat' dir='ltr'><strong>ingentia</strong></span> <span class='ocrx_word' id='word_1_75' title='bbox 1687 1241 1875 1296; x_wconf 82' lang='lat' dir='ltr'><strong>suadet</strong></span> 
     </span>
    </p>
   </div>
   <div class='ocr_carea' id='block_1_12' title="bbox 436 1330 2010 1402">
    <p class='ocr_par' dir='ltr' id='par_1_12' title="bbox 436 1330 2010 1402">
     <span class='ocr_line' id='line_1_12' title="bbox 436 1330 2010 1402; baseline 0.003 -17"><span class='ocrx_word' id='word_1_76' title='bbox 436 1331 694 1396; x_wconf 87' lang='lat' dir='ltr'><strong>Consilia,</strong></span> <span class='ocrx_word' id='word_1_77' title='bbox 726 1339 780 1385; x_wconf 91' lang='lat' dir='ltr'><strong>et</strong></span> <span class='ocrx_word' id='word_1_78' title='bbox 811 1330 1081 1398; x_wconf 84' lang='lat' dir='ltr'><strong>sequitur;</strong></span> <span class='ocrx_word' id='word_1_79' title='bbox 1121 1338 1287 1384; x_wconf 90' lang='lat' dir='ltr'><strong>totum</strong></span> <span class='ocrx_word' id='word_1_80' title='bbox 1314 1331 1453 1400; x_wconf 89' lang='lat' dir='ltr'><strong>quod</strong></span> <span class='ocrx_word' id='word_1_81' title='bbox 1482 1333 1699 1402; x_wconf 76' lang='lat' dir='ltr'><strong>cogitat,</strong></span> <span class='ocrx_word' id='word_1_82' title='bbox 1726 1333 1888 1388; x_wconf 89' lang='lat' dir='ltr'><strong>altum</strong></span> <span class='ocrx_word' id='word_1_83' title='bbox 1912 1342 2010 1389; x_wconf 73' lang='lat' dir='ltr'><strong>t-st.</strong></span> 
     </span>
    </p>
   </div>
   <div class='ocr_carea' id='block_1_13' title="bbox 438 1416 1766 1491">
    <p class='ocr_par' dir='ltr' id='par_1_13' title="bbox 438 1416 1766 1491">
     <span class='ocr_line' id='line_1_13' title="bbox 438 1416 1766 1491; baseline -0.001 -15"><span class='ocrx_word' id='word_1_84' title='bbox 438 1416 604 1491; x_wconf 83' lang='lat' dir='ltr'><strong>Urget</strong></span> <span class='ocrx_word' id='word_1_85' title='bbox 630 1420 770 1490; x_wconf 91' lang='lat' dir='ltr'><strong>quod</strong></span> <span class='ocrx_word' id='word_1_86' title='bbox 801 1432 979 1490; x_wconf 88' lang='lat' dir='ltr'><strong>sperat</strong></span> <span class='ocrx_word' id='word_1_87' title='bbox 1006 1438 1019 1473; x_wconf 88' lang='lat'><strong>:</strong></span> <span class='ocrx_word' id='word_1_88' title='bbox 1054 1419 1234 1474; x_wconf 90' lang='lat' dir='ltr'><strong>ludum</strong></span> <span class='ocrx_word' id='word_1_89' title='bbox 1261 1421 1305 1475; x_wconf 88' lang='lat' dir='ltr'><strong>si</strong></span> <span class='ocrx_word' id='word_1_90' title='bbox 1336 1420 1471 1475; x_wconf 87' lang='lat' dir='ltr'><strong>forte</strong></span> <span class='ocrx_word' id='word_1_91' title='bbox 1494 1430 1731 1476; x_wconf 75' lang='lat' dir='ltr'><strong>retexam</strong></span> <span class='ocrx_word' id='word_1_92' title='bbox 1751 1463 1766 1485; x_wconf 93' lang='lat'><strong>,</strong></span> 
     </span>
    </p>
   </div>
   <div class='ocr_carea' id='block_1_14' title="bbox 439 1509 1784 1581">
    <p class='ocr_par' dir='ltr' id='par_1_14' title="bbox 439 1509 1784 1581">
     <span class='ocr_line' id='line_1_14' title="bbox 439 1509 1784 1581; baseline 0 -15"><span class='ocrx_word' id='word_1_93' title='bbox 439 1512 802 1581; x_wconf 88' lang='lat' dir='ltr'><strong>Consumpsit,</strong></span> <span class='ocrx_word' id='word_1_94' title='bbox 831 1509 1086 1580; x_wconf 87' lang='lat' dir='ltr'><strong>quidquid</strong></span> <span class='ocrx_word' id='word_1_95' title='bbox 1114 1511 1304 1579; x_wconf 86' lang='lat' dir='ltr'><strong>jaculis</strong></span> <span class='ocrx_word' id='word_1_96' title='bbox 1335 1510 1527 1567; x_wconf 81' lang='lat' dir='ltr'><strong>fecisse</strong></span> <span class='ocrx_word' id='word_1_97' title='bbox 1560 1514 1784 1579; x_wconf 80' lang='lat' dir='ltr'><strong>putaris,</strong></span> 
     </span>
    </p>
   </div>
   <div class='ocr_carea' id='block_1_15' title="bbox 440 1602 1797 1673">
    <p class='ocr_par' dir='ltr' id='par_1_15' title="bbox 440 1602 1797 1673">
     <span class='ocr_line' id='line_1_15' title="bbox 440 1602 1797 1673; baseline 0.003 -18"><span class='ocrx_word' id='word_1_98' title='bbox 440 1603 594 1658; x_wconf 82' lang='lat' dir='ltr'><strong>Istius</strong></span> <span class='ocrx_word' id='word_1_99' title='bbox 621 1618 721 1656; x_wconf 90' lang='lat' dir='ltr'><strong>una</strong></span> <span class='ocrx_word' id='word_1_100' title='bbox 749 1603 863 1657; x_wconf 82' lang='lat' dir='ltr'><strong>dies</strong></span> <span class='ocrx_word' id='word_1_101' title='bbox 891 1620 904 1655; x_wconf 91' lang='lat'>:</span> <span class='ocrx_word' id='word_1_102' title='bbox 934 1602 1101 1656; x_wconf 90' lang='lat' dir='ltr'><strong>tribus</strong></span> <span class='ocrx_word' id='word_1_103' title='bbox 1125 1602 1266 1657; x_wconf 88' lang='lat' dir='ltr'><strong>hunc</strong></span> <span class='ocrx_word' id='word_1_104' title='bbox 1297 1611 1562 1659; x_wconf 74' lang='lat' dir='ltr'><strong>tremuere</strong></span> <span class='ocrx_word' id='word_1_105' title='bbox 1590 1604 1797 1673; x_wconf 83' lang='lat' dir='ltr'><strong>sagittis</strong></span> 
     </span>
    </p>
   </div>
   <div class='ocr_carea' id='block_1_16' title="bbox 438 1692 2013 1763">
    <p class='ocr_par' dir='ltr' id='par_1_16' title="bbox 438 1692 2013 1763">
     <span class='ocr_line' id='line_1_16' title="bbox 438 1692 2013 1763; baseline 0.001 -14"><span class='ocrx_word' id='word_1_106' title='bbox 438 1703 463 1730; x_wconf 78' lang='grc'><strong><em>⁸</em></strong></span> <span class='ocrx_word' id='word_1_107' title='bbox 497 1694 722 1763; x_wconf 82' lang='lat' dir='ltr'><strong>Anguis,</strong></span> <span class='ocrx_word' id='word_1_108' title='bbox 750 1708 960 1757; x_wconf 75' lang='lat' dir='ltr'><strong>cervus,</strong></span> <span class='ocrx_word' id='word_1_109' title='bbox 992 1709 1151 1760; x_wconf 85' lang='lat' dir='ltr'><strong>aper;</strong></span> <span class='ocrx_word' id='word_1_110' title='bbox 1184 1692 1212 1732; x_wconf 72' lang='grc' dir='ltr'>δ</span> <span class='ocrx_word' id='word_1_111' title='bbox 1241 1709 1346 1748; x_wconf 90' lang='lat' dir='ltr'><strong>non</strong></span> <span class='ocrx_word' id='word_1_112' title='bbox 1374 1694 1453 1749; x_wconf 89' lang='lat' dir='ltr'><strong>sic</strong></span> <span class='ocrx_word' id='word_1_113' title='bbox 1481 1695 1692 1750; x_wconf 82' lang='lat' dir='ltr'><strong>libravit</strong></span> <span class='ocrx_word' id='word_1_114' title='bbox 1726 1698 1777 1751; x_wconf 91' lang='lat' dir='ltr'><strong>in</strong></span> <span class='ocrx_word' id='word_1_115' title='bbox 1810 1697 2013 1753; x_wconf 79' lang='lat' dir='ltr'><strong>hostem</strong></span> 
     </span>
    </p>
   </div>
   <div class='ocr_carea' id='block_1_17' title="bbox 438 1780 1712 1857">
    <p class='ocr_par' dir='ltr' id='par_1_17' title="bbox 438 1780 1712 1857">
     <span class='ocr_line' id='line_1_17' title="bbox 438 1780 1712 1857; baseline 0 -14"><span class='ocrx_word' id='word_1_116' title='bbox 438 1788 672 1855; x_wconf 67' lang='lat' dir='ltr'><strong>Sp‘cula,</strong></span> <span class='ocrx_word' id='word_1_117' title='bbox 701 1788 788 1854; x_wconf 89' lang='lat' dir='ltr'><strong>qui</strong></span> <span class='ocrx_word' id='word_1_118' title='bbox 823 1798 948 1840; x_wconf 89' lang='lat' dir='ltr'><strong>nato</strong></span> <span class='ocrx_word' id='word_1_119' title='bbox 973 1788 1238 1856; x_wconf 79' lang='lat' dir='ltr'><strong>serpentis</strong></span> <span class='ocrx_word' id='word_1_120' title='bbox 1262 1780 1487 1857; x_wconf 90' lang='lat' dir='ltr'><strong>corpore</strong></span> <span class='ocrx_word' id='word_1_121' title='bbox 1512 1794 1712 1855; x_wconf 90' lang='lat' dir='ltr'><strong>cincto,</strong></span> 
     </span>
    </p>
   </div>
   <div class='ocr_carea' id='block_1_18' title="bbox 435 1870 1868 1947">
    <p class='ocr_par' dir='ltr' id='par_1_18' title="bbox 435 1870 1868 1947">
     <span class='ocr_line' id='line_1_18' title="bbox 435 1870 1868 1947; baseline 0.003 -18"><span class='ocrx_word' id='word_1_122' title='bbox 435 1870 562 1930; x_wconf 85' lang='lat' dir='ltr'><strong>Plus</strong></span> <span class='ocrx_word' id='word_1_123' title='bbox 595 1877 789 1943; x_wconf 81' lang='lat' dir='ltr'><strong>timuit,</strong></span> <span class='ocrx_word' id='word_1_124' title='bbox 816 1877 943 1931; x_wconf 91' lang='lat' dir='ltr'><strong>dum</strong></span> <span class='ocrx_word' id='word_1_125' title='bbox 969 1878 1252 1944; x_wconf 87' lang='lat' dir='ltr'><strong>succurrit,</strong></span> <span class='ocrx_word' id='word_1_126' title='bbox 1278 1880 1407 1932; x_wconf 90' lang='lat' dir='ltr'><strong>dum</strong></span> <span class='ocrx_word' id='word_1_127' title='bbox 1426 1879 1655 1947; x_wconf 86' lang='lat' dir='ltr'><strong>jactibus</strong></span> <span class='ocrx_word' id='word_1_128' title='bbox 1684 1880 1868 1935; x_wconf 77' lang='lat' dir='ltr'><strong>iisdem</strong></span> 
     </span>
    </p>
   </div>
   <div class='ocr_carea' id='block_1_19' title="bbox 437 1967 1818 2037">
    <p class='ocr_par' dir='ltr' id='par_1_19' title="bbox 437 1967 1818 2037">
     <span class='ocr_line' id='line_1_19' title="bbox 437 1967 1818 2037; baseline 0.001 -16"><span class='ocrx_word' id='word_1_129' title='bbox 437 1967 713 2022; x_wconf 89' lang='lat' dir='ltr'><strong>Interitum</strong></span> <span class='ocrx_word' id='word_1_130' title='bbox 740 1967 1009 2037; x_wconf 84' lang='lat' dir='ltr'><strong>vitamque</strong></span> <span class='ocrx_word' id='word_1_131' title='bbox 1036 1968 1208 2033; x_wconf 89' lang='lat' dir='ltr'><strong>daret,</strong></span> <span class='ocrx_word' id='word_1_132' title='bbox 1239 1969 1587 2034; x_wconf 84' lang='lat' dir='ltr'><strong>stabilemque</strong></span> <span class='ocrx_word' id='word_1_133' title='bbox 1616 1979 1818 2024; x_wconf 82' lang='lat' dir='ltr'><strong>teneret</strong></span> 
     </span>
    </p>
   </div>
   <div class='ocr_carea' id='block_1_20' title="bbox 435 2056 1938 2129">
    <p class='ocr_par' dir='ltr' id='par_1_20' title="bbox 435 2056 1938 2129">
     <span class='ocr_line' id='line_1_20' title="bbox 435 2056 1938 2129; baseline 0.002 -18"><span class='ocrx_word' id='word_1_134' title='bbox 435 2056 609 2111; x_wconf 87' lang='lat' dir='ltr'><strong>Corde</strong></span> <span class='ocrx_word' id='word_1_135' title='bbox 640 2068 899 2112; x_wconf 86' lang='lat' dir='ltr'><strong>tremente</strong></span> <span class='ocrx_word' id='word_1_136' title='bbox 925 2074 1161 2121; x_wconf 89' lang='lat' dir='ltr'><strong>manum,</strong></span> <span class='ocrx_word' id='word_1_137' title='bbox 1197 2068 1464 2129; x_wconf 87' lang='lat' dir='ltr'><strong>totamque</strong></span> <span class='ocrx_word' id='word_1_138' title='bbox 1494 2061 1663 2115; x_wconf 84' lang='lat' dir='ltr'><strong>exiret</strong></span> <span class='ocrx_word' id='word_1_139' title='bbox 1690 2062 1740 2115; x_wconf 93' lang='lat' dir='ltr'><strong>in</strong></span> <span class='ocrx_word' id='word_1_140' title='bbox 1770 2072 1938 2115; x_wconf 72' lang='lat' dir='ltr'><strong>artem</strong></span> 
     </span>
    </p>
   </div>
   <div class='ocr_carea' id='block_1_21' title="bbox 434 2148 1885 2217">
    <p class='ocr_par' dir='ltr' id='par_1_21' title="bbox 434 2148 1885 2217">
     <span class='ocr_line' id='line_1_21' title="bbox 434 2148 1885 2217; baseline 0.003 -14"><span class='ocrx_word' id='word_1_141' title='bbox 434 2149 542 2214; x_wconf 69' lang='lat' dir='ltr'><strong>Spe</strong></span> <span class='ocrx_word' id='word_1_142' title='bbox 568 2150 815 2217; x_wconf 86' lang='lat' dir='ltr'><strong>pr0piore</strong></span> <span class='ocrx_word' id='word_1_143' title='bbox 837 2157 1031 2215; x_wconf 85' lang='lat' dir='ltr'><strong>metus,</strong></span> <span class='ocrx_word' id='word_1_144' title='bbox 1064 2148 1198 2205; x_wconf 87' lang='lat' dir='ltr'><strong>dans</strong></span> <span class='ocrx_word' id='word_1_145' title='bbox 1226 2149 1366 2204; x_wconf 90' lang='lat' dir='ltr'><strong>inter</strong></span> <span class='ocrx_word' id='word_1_146' title='bbox 1394 2152 1631 2205; x_wconf 84' lang='lat' dir='ltr'><strong>membra</strong></span> <span class='ocrx_word' id='word_1_147' title='bbox 1661 2152 1885 2207; x_wconf 90' lang='lat' dir='ltr'><strong>duorum</strong></span> 
     </span>
    </p>
   </div>
   <div class='ocr_carea' id='block_1_22' title="bbox 436 2236 1613 2309">
    <p class='ocr_par' dir='ltr' id='par_1_22' title="bbox 436 2236 1613 2309">
     <span class='ocr_line' id='line_1_22' title="bbox 436 2236 1613 2309; baseline 0 -15"><span class='ocrx_word' id='word_1_148' title='bbox 436 2236 605 2294; x_wconf 83' lang='lat' dir='ltr'><strong>Unius</strong></span> <span class='ocrx_word' id='word_1_149' title='bbox 631 2249 853 2293; x_wconf 91' lang='lat' dir='ltr'><strong>mortem</strong></span> <span class='ocrx_word' id='word_1_150' title='bbox 885 2258 897 2291; x_wconf 90' lang='lat'><strong>:</strong></span> <span class='ocrx_word' id='word_1_151' title='bbox 932 2240 1090 2295; x_wconf 75' lang='lat' dir='ltr'><strong>libeat</strong></span> <span class='ocrx_word' id='word_1_152' title='bbox 1112 2240 1403 2295; x_wconf 87' lang='lat' dir='ltr'><strong>decernere</strong></span> <span class='ocrx_word' id='word_1_153' title='bbox 1428 2251 1613 2309; x_wconf 64' lang='lat' dir='ltr'><strong>caestu,</strong></span> 
     </span>
    </p>
   </div>
   <div class='ocr_carea' id='block_1_23' title="bbox 436 2330 1698 2401">
    <p class='ocr_par' dir='ltr' id='par_1_23' title="bbox 436 2330 1698 2401">
     <span class='ocr_line' id='line_1_23' title="bbox 436 2330 1698 2401; baseline 0.006 -17"><span class='ocrx_word' id='word_1_154' title='bbox 436 2330 610 2385; x_wconf 83' lang='lat' dir='ltr'><strong>Cessit</strong></span> <span class='ocrx_word' id='word_1_155' title='bbox 634 2330 772 2401; x_wconf 86' lang='lat' dir='ltr'><strong>Eryx</strong></span> <span class='ocrx_word' id='word_1_156' title='bbox 800 2331 1037 2396; x_wconf 87' lang='lat' dir='ltr'><strong>Siculus,</strong></span> <span class='ocrx_word' id='word_1_157' title='bbox 1070 2333 1230 2386; x_wconf 88' lang='lat' dir='ltr'><strong>simili</strong></span> <span class='ocrx_word' id='word_1_158' title='bbox 1260 2348 1358 2386; x_wconf 91' lang='lat' dir='ltr'><strong>nec</strong></span> <span class='ocrx_word' id='word_1_159' title='bbox 1384 2332 1559 2389; x_wconf 84' lang='lat' dir='ltr'><strong>floruit</strong></span> <span class='ocrx_word' id='word_1_160' title='bbox 1582 2346 1698 2391; x_wconf 91' lang='lat' dir='ltr'><strong>arte</strong></span> 
     </span>
    </p>
   </div>
   <div class='ocr_carea' id='block_1_24' title="bbox 437 2421 2011 2499">
    <p class='ocr_par' dir='ltr' id='par_1_24' title="bbox 437 2421 2011 2499">
     <span class='ocr_line' id='line_1_24' title="bbox 437 2421 2011 2499; baseline 0.004 -21"><span class='ocrx_word' id='word_1_161' title='bbox 437 2421 601 2495; x_wconf 68' lang='grc'><strong>314</strong></span> <span class='ocrx_word' id='word_1_162' title='bbox 624 2422 835 2492; x_wconf 81' lang='lat' dir='ltr'><strong>Sparta,</strong></span> <span class='ocrx_word' id='word_1_163' title='bbox 860 2423 1186 2493; x_wconf 70' lang='lat' dir='ltr'><strong>Therapnaea</strong></span> <span class='ocrx_word' id='word_1_164' title='bbox 1218 2426 1448 2499; x_wconf 86' lang='lat' dir='ltr'><strong>pugilem</strong></span> <span class='ocrx_word' id='word_1_165' title='bbox 1471 2441 1591 2481; x_wconf 91' lang='lat' dir='ltr'><strong>cum</strong></span> <span class='ocrx_word' id='word_1_166' title='bbox 1615 2429 1876 2499; x_wconf 60' lang='lat' dir='ltr'><strong>gymnade</strong></span> <span class='ocrx_word' id='word_1_167' title='bbox 1901 2431 2011 2499; x_wconf 82' lang='lat' dir='ltr'><strong>pin-</strong></span> 
     </span>
    </p>
   </div>
   <div class='ocr_carea' id='block_1_25' title="bbox 1753 2519 1938 2591">
    <p class='ocr_par' dir='ltr' id='par_1_25' title="bbox 1753 2519 1938 2591">
     <span class='ocr_line' id='line_1_25' title="bbox 1753 2519 1938 2591; baseline 0.011 -18"><span class='ocrx_word' id='word_1_168' title='bbox 1753 2519 1938 2591; x_wconf 69' lang='lat' dir='ltr'><strong>[guetu</strong></span> 
     </span>
    </p>
   </div>
   <div class='ocr_carea' id='block_1_26' title="bbox 439 2607 1758 2680">
    <p class='ocr_par' dir='ltr' id='par_1_26' title="bbox 439 2607 1758 2680">
     <span class='ocr_line' id='line_1_26' title="bbox 439 2607 1758 2680; baseline 0.004 -20"><span class='ocrx_word' id='word_1_169' title='bbox 439 2617 462 2645; x_wconf 70' lang='grc' dir='ltr'><strong>ε</strong></span> <span class='ocrx_word' id='word_1_170' title='bbox 494 2607 702 2661; x_wconf 87' lang='lat' dir='ltr'><strong>Stratus</strong></span> <span class='ocrx_word' id='word_1_171' title='bbox 734 2607 1004 2678; x_wconf 75' lang='lat' dir='ltr'><strong>Bebryciis</strong></span> <span class='ocrx_word' id='word_1_172' title='bbox 1035 2609 1265 2680; x_wconf 83' lang='lat' dir='ltr'><strong>Amycus</strong></span> <span class='ocrx_word' id='word_1_173' title='bbox 1291 2611 1529 2678; x_wconf 78' lang='lat' dir='ltr'><strong>suspexit</strong></span> <span class='ocrx_word' id='word_1_174' title='bbox 1557 2613 1758 2666; x_wconf 78' lang='lat' dir='ltr'><strong>arenis.</strong></span> 
     </span>
    </p>
   </div>
   <div class='ocr_carea' id='block_1_27' title="bbox 435 2699 1868 2773">
    <p class='ocr_par' dir='ltr' id='par_1_27' title="bbox 435 2699 1868 2773">
     <span class='ocr_line' id='line_1_27' title="bbox 435 2699 1868 2773; baseline 0.006 -22"><span class='ocrx_word' id='word_1_175' title='bbox 435 2701 533 2763; x_wconf 77' lang='lat' dir='ltr'><strong>Qui</strong></span> <span class='ocrx_word' id='word_1_176' title='bbox 561 2700 713 2768; x_wconf 82' lang='lat' dir='ltr'><strong>vigor</strong></span> <span class='ocrx_word' id='word_1_177' title='bbox 740 2699 793 2753; x_wconf 90' lang='lat' dir='ltr'><strong>in</strong></span> <span class='ocrx_word' id='word_1_178' title='bbox 826 2700 1085 2768; x_wconf 89' lang='lat' dir='ltr'><strong>pedibus?</strong></span> <span class='ocrx_word' id='word_1_179' title='bbox 1117 2699 1309 2756; x_wconf 81' lang='lat' dir='ltr'><strong>frustra</strong></span> <span class='ocrx_word' id='word_1_180' title='bbox 1336 2702 1434 2757; x_wconf 90' lang='lat' dir='ltr'><strong>sibi</strong></span> <span class='ocrx_word' id='word_1_181' title='bbox 1461 2714 1617 2756; x_wconf 90' lang='lat' dir='ltr'><strong>natus</strong></span> <span class='ocrx_word' id='word_1_182' title='bbox 1645 2704 1868 2773; x_wconf 89' lang='lat' dir='ltr'><strong>Ophelte</strong></span> 
     </span>
    </p>
   </div>
   <div class='ocr_carea' id='block_1_28' title="bbox 436 2790 1836 2866">
    <p class='ocr_par' dir='ltr' id='par_1_28' title="bbox 436 2790 1836 2866">
     <span class='ocr_line' id='line_1_28' title="bbox 436 2790 1836 2866; baseline 0.006 -21"><span class='ocrx_word' id='word_1_183' title='bbox 436 2790 700 2846; x_wconf 72' lang='lat' dir='ltr'><strong>Sicaniam</strong></span> <span class='ocrx_word' id='word_1_184' title='bbox 734 2792 915 2846; x_wconf 85' lang='lat' dir='ltr'><strong>tribuit</strong></span> <span class='ocrx_word' id='word_1_185' title='bbox 945 2793 1200 2862; x_wconf 91' lang='lat' dir='ltr'><strong>palmam,</strong></span> <span class='ocrx_word' id='word_1_186' title='bbox 1233 2794 1549 2863; x_wconf 85' lang='lat' dir='ltr'><strong>plantasque</strong></span> <span class='ocrx_word' id='word_1_187' title='bbox 1576 2799 1836 2866; x_wconf 86' lang='lat' dir='ltr'><strong>superbas</strong></span> 
     </span>
    </p>
   </div>
   <div class='ocr_carea' id='block_1_29' title="bbox 436 2881 1938 2957">
    <p class='ocr_par' dir='ltr' id='par_1_29' title="bbox 436 2881 1938 2957">
     <span class='ocr_line' id='line_1_29' title="bbox 436 2881 1938 2957; baseline 0.005 -21"><span class='ocrx_word' id='word_1_188' title='bbox 436 2881 587 2937; x_wconf 83' lang='lat' dir='ltr'><strong>llaud</strong></span> <span class='ocrx_word' id='word_1_189' title='bbox 615 2884 684 2936; x_wconf 87' lang='lat' dir='ltr'><strong>ita</strong></span> <span class='ocrx_word' id='word_1_190' title='bbox 713 2899 805 2949; x_wconf 76' lang='lat' dir='ltr'><strong>per</strong></span> <span class='ocrx_word' id='word_1_191' title='bbox 827 2883 1022 2937; x_wconf 84' lang='lat' dir='ltr'><strong>siccam</strong></span> <span class='ocrx_word' id='word_1_192' title='bbox 1051 2883 1288 2939; x_wconf 84' lang='lat' dir='ltr'><strong>Nemeen</strong></span> <span class='ocrx_word' id='word_1_193' title='bbox 1319 2884 1345 2921; x_wconf 74' lang='grc' dir='ltr'>ά</span> <span class='ocrx_word' id='word_1_194' title='bbox 1368 2887 1503 2941; x_wconf 83' lang='lat' dir='ltr'><strong>citus</strong></span> <span class='ocrx_word' id='word_1_195' title='bbox 1524 2888 1714 2942; x_wconf 83' lang='lat' dir='ltr'><strong>extulit</strong></span> <span class='ocrx_word' id='word_1_196' title='bbox 1742 2888 1938 2957; x_wconf 85' lang='lat' dir='ltr'><strong>Arcas,</strong></span> 
     </span>
    </p>
   </div>
   <div class='ocr_carea' id='block_1_30' title="bbox 438 2972 1770 3045">
    <p class='ocr_par' dir='ltr' id='par_1_30' title="bbox 438 2972 1770 3045">
     <span class='ocr_line' id='line_1_30' title="bbox 438 2972 1770 3045; baseline 0.005 -18"><span class='ocrx_word' id='word_1_197' title='bbox 438 2972 602 3043; x_wconf 83' lang='lat' dir='ltr'><strong>Cujus</strong></span> <span class='ocrx_word' id='word_1_198' title='bbox 626 2974 679 3028; x_wconf 90' lang='lat' dir='ltr'><strong>in</strong></span> <span class='ocrx_word' id='word_1_199' title='bbox 711 2974 887 3028; x_wconf 67' lang='lat' dir='ltr'><strong>lEtulo</strong></span> <span class='ocrx_word' id='word_1_200' title='bbox 913 2984 937 3011; x_wconf 73' lang='grc' dir='ltr'><strong>ο</strong></span> <span class='ocrx_word' id='word_1_201' title='bbox 960 2974 1267 3030; x_wconf 83' lang='lat' dir='ltr'><strong>volitantem</strong></span> <span class='ocrx_word' id='word_1_202' title='bbox 1298 2980 1517 3045; x_wconf 88' lang='lat' dir='ltr'><strong>pulvere</strong></span> <span class='ocrx_word' id='word_1_203' title='bbox 1548 2990 1770 3034; x_wconf 70' lang='lat' dir='ltr'><strong>matrem</strong></span> 
     </span>
    </p>
   </div>
   <div class='ocr_carea' id='block_1_31' title="bbox 439 3066 1797 3141">
    <p class='ocr_par' dir='ltr' id='par_1_31' title="bbox 439 3066 1797 3141">
     <span class='ocr_line' id='line_1_31' title="bbox 439 3066 1797 3141; baseline 0.006 -21"><span class='ocrx_word' id='word_1_204' title='bbox 439 3066 658 3120; x_wconf 74' lang='lat' dir='ltr'><strong>Ilnrruit</strong></span> <span class='ocrx_word' id='word_1_205' title='bbox 685 3066 1071 3135; x_wconf 81' lang='lat' dir='ltr'><strong>Hippomenes,</strong></span> <span class='ocrx_word' id='word_1_206' title='bbox 1105 3068 1275 3123; x_wconf 90' lang='lat' dir='ltr'><strong>multo</strong></span> <span class='ocrx_word' id='word_1_207' title='bbox 1303 3071 1390 3139; x_wconf 89' lang='lat' dir='ltr'><strong>qui</strong></span> <span class='ocrx_word' id='word_1_208' title='bbox 1421 3074 1623 3141; x_wconf 88' lang='lat' dir='ltr'><strong>cespite</strong></span> <span class='ocrx_word' id='word_1_209' title='bbox 1647 3074 1797 3128; x_wconf 90' lang='lat' dir='ltr'><strong>circi.</strong></span> 
     </span>
    </p>
   </div>
   <div class='ocr_carea' id='block_1_32' title="bbox 440 3155 1856 3224">
    <p class='ocr_par' dir='ltr' id='par_1_32' title="bbox 440 3155 1856 3224">
     <span class='ocr_line' id='line_1_32' title="bbox 440 3155 1856 3224; baseline 0.01 -19"><span class='ocrx_word' id='word_1_210' title='bbox 440 3155 757 3223; x_wconf 81' lang='lat' dir='ltr'><strong>Contemptu</strong></span> <span class='ocrx_word' id='word_1_211' title='bbox 788 3156 1095 3219; x_wconf 72' lang='lat' dir='ltr'><strong>praemissus</strong></span> <span class='ocrx_word' id='word_1_212' title='bbox 1124 3170 1261 3224; x_wconf 90' lang='lat' dir='ltr'><strong>erat,</strong></span> <span class='ocrx_word' id='word_1_213' title='bbox 1293 3174 1412 3213; x_wconf 90' lang='lat' dir='ltr'><strong>cum</strong></span> <span class='ocrx_word' id='word_1_214' title='bbox 1442 3164 1676 3218; x_wconf 90' lang='lat' dir='ltr'><strong>carceris</strong></span> <span class='ocrx_word' id='word_1_215' title='bbox 1702 3174 1856 3219; x_wconf 87' lang='lat' dir='ltr'><strong>antro</strong></span> 
     </span>
    </p>
   </div>
   <div class='ocr_carea' id='block_1_33' title="bbox 442 3245 1659 3321">
    <p class='ocr_par' dir='ltr' id='par_1_33' title="bbox 442 3245 1659 3321">
     <span class='ocr_line' id='line_1_33' title="bbox 442 3245 1659 3321; baseline 0.006 -21"><span class='ocrx_word' id='word_1_216' title='bbox 442 3245 671 3300; x_wconf 89' lang='lat' dir='ltr'><strong>Emicuit</strong></span> <span class='ocrx_word' id='word_1_217' title='bbox 700 3247 882 3314; x_wconf 82' lang='lat' dir='ltr'><strong>pernix</strong></span> <span class='ocrx_word' id='word_1_218' title='bbox 916 3248 1109 3315; x_wconf 90' lang='lat' dir='ltr'><strong>populo</strong></span> <span class='ocrx_word' id='word_1_219' title='bbox 1138 3248 1435 3317; x_wconf 83' lang='lat' dir='ltr'><strong>trepidante</strong></span> <span class='ocrx_word' id='word_1_220' title='bbox 1456 3251 1659 3321; x_wconf 86' lang='lat' dir='ltr'><strong>virago,</strong></span> 
     </span>
    </p>
   </div>
   <div class='ocr_carea' id='block_1_34' title="bbox 439 3336 1633 3409">
    <p class='ocr_par' dir='ltr' id='par_1_34' title="bbox 439 3336 1633 3409">
     <span class='ocr_line' id='line_1_34' title="bbox 439 3336 1633 3409; baseline 0.008 -20"><span class='ocrx_word' id='word_1_221' title='bbox 439 3336 523 3390; x_wconf 80' lang='lat' dir='ltr'><strong>Nil</strong></span> <span class='ocrx_word' id='word_1_222' title='bbox 554 3345 664 3389; x_wconf 83' lang='lat' dir='ltr'><strong>toto</strong></span> <span class='ocrx_word' id='word_1_223' title='bbox 692 3345 892 3391; x_wconf 76' lang='lat' dir='ltr'><strong>tactura</strong></span> <span class='ocrx_word' id='word_1_224' title='bbox 924 3338 1111 3405; x_wconf 82' lang='lat' dir='ltr'><strong>gradu,</strong></span> <span class='ocrx_word' id='word_1_225' title='bbox 1139 3354 1260 3394; x_wconf 92' lang='lat' dir='ltr'><strong>cum</strong></span> <span class='ocrx_word' id='word_1_226' title='bbox 1289 3341 1517 3409; x_wconf 89' lang='lat' dir='ltr'><strong>pallidus</strong></span> <span class='ocrx_word' id='word_1_227' title='bbox 1543 3344 1633 3399; x_wconf 90' lang='lat' dir='ltr'><strong>ille</strong></span> 
     </span>
    </p>
   </div>
   <div class='ocr_carea' id='block_1_35' title="bbox 440 3426 1871 3506">
    <p class='ocr_par' dir='ltr' id='par_1_35' title="bbox 440 3426 1871 3506">
     <span class='ocr_line' id='line_1_35' title="bbox 440 3426 1871 3506; baseline 0.007 -24"><span class='ocrx_word' id='word_1_228' title='bbox 440 3426 752 3498; x_wconf 76' lang='lat' dir='ltr'><strong>Rcspiccret</strong></span> <span class='ocrx_word' id='word_1_229' title='bbox 777 3429 1006 3484; x_wconf 87' lang='lat' dir='ltr'><strong>medium</strong></span> <span class='ocrx_word' id='word_1_230' title='bbox 1039 3440 1156 3500; x_wconf 89' lang='lat' dir='ltr'><strong>post</strong></span> <span class='ocrx_word' id='word_1_231' title='bbox 1180 3447 1239 3486; x_wconf 93' lang='lat' dir='ltr'><strong>se</strong></span> <span class='ocrx_word' id='word_1_232' title='bbox 1266 3434 1579 3490; x_wconf 88' lang='lat' dir='ltr'><strong>decrescere</strong></span> <span class='ocrx_word' id='word_1_233' title='bbox 1604 3451 1871 3506; x_wconf 90' lang='lat' dir='ltr'><strong>campum,</strong></span> 
     </span>
    </p>
   </div>
   <div class='ocr_carea' id='block_1_36' title="bbox 440 3515 1754 3594">
    <p class='ocr_par' dir='ltr' id='par_1_36' title="bbox 440 3515 1754 3594">
     <span class='ocr_line' id='line_1_36' title="bbox 440 3515 1754 3594; baseline 0.008 -21"><span class='ocrx_word' id='word_1_234' title='bbox 440 3515 509 3574; x_wconf 82' lang='lat' dir='ltr'><strong>Et</strong></span> <span class='ocrx_word' id='word_1_235' title='bbox 535 3518 720 3588; x_wconf 84' lang='lat' dir='ltr'><strong>longas</strong></span> <span class='ocrx_word' id='word_1_236' title='bbox 748 3521 813 3574; x_wconf 86' lang='lat' dir='ltr'><strong>ad</strong></span> <span class='ocrx_word' id='word_1_237' title='bbox 838 3524 985 3590; x_wconf 63' lang='lat' dir='ltr'><strong>signa</strong></span> <span class='ocrx_word' id='word_1_238' title='bbox 1020 3522 1130 3577; x_wconf 84' lang='lat' dir='ltr'><strong>vias</strong></span> <span class='ocrx_word' id='word_1_239' title='bbox 1154 3564 1169 3588; x_wconf 98' lang='lat'><strong>,</strong></span> <span class='ocrx_word' id='word_1_240' title='bbox 1198 3523 1431 3593; x_wconf 85' lang='lat' dir='ltr'><strong>ﬂatuque</strong></span> <span class='ocrx_word' id='word_1_241' title='bbox 1456 3528 1754 3594; x_wconf 88' lang='lat' dir='ltr'><strong>pr0pinquo</strong></span> 
     </span>
    </p>
   </div>
   <div class='ocr_carea' id='block_1_37' title="bbox 440 3612 1816 3687">
    <p class='ocr_par' dir='ltr' id='par_1_37' title="bbox 440 3612 1816 3687">
     <span class='ocr_line' id='line_1_37' title="bbox 440 3612 1816 3687; baseline 0.004 -19"><span class='ocrx_word' id='word_1_242' title='bbox 440 3612 662 3668; x_wconf 84' lang='lat' dir='ltr'><strong>Pressus</strong></span> <span class='ocrx_word' id='word_1_243' title='bbox 693 3612 744 3667; x_wconf 90' lang='lat' dir='ltr'><strong>in</strong></span> <span class='ocrx_word' id='word_1_244' title='bbox 772 3612 950 3668; x_wconf 76' lang='lat' dir='ltr'><strong>hostili</strong></span> <span class='ocrx_word' id='word_1_245' title='bbox 974 3613 1084 3683; x_wconf 85' lang='lat' dir='ltr'><strong>jam</strong></span> <span class='ocrx_word' id='word_1_246' title='bbox 1114 3626 1353 3671; x_wconf 87' lang='lat' dir='ltr'><strong>curreret</strong></span> <span class='ocrx_word' id='word_1_247' title='bbox 1376 3619 1566 3672; x_wconf 90' lang='lat' dir='ltr'><strong>anxius</strong></span> <span class='ocrx_word' id='word_1_248' title='bbox 1597 3620 1780 3673; x_wconf 90' lang='lat' dir='ltr'><strong>umbra</strong></span> <span class='ocrx_word' id='word_1_249' title='bbox 1800 3662 1816 3687; x_wconf 96' lang='lat'><strong>,</strong></span> 
     </span>
    </p>
   </div>
   <div class='ocr_carea' id='block_1_38' title="bbox 513 3772 2014 3831">
    <p class='ocr_par' dir='ltr' id='par_1_38' title="bbox 513 3772 2014 3831">
     <span class='ocr_line' id='line_1_38' title="bbox 513 3772 2014 3831; baseline 0.003 -5"><span class='ocrx_word' id='word_1_250' title='bbox 513 3773 532 3795; x_wconf 86' lang='lat'><strong>&quot;</strong></span> <span class='ocrx_word' id='word_1_251' title='bbox 576 3772 703 3827; x_wconf 77' lang='lat' dir='ltr'><strong>Haec</strong></span> <span class='ocrx_word' id='word_1_252' title='bbox 742 3773 931 3825; x_wconf 77' lang='lat' dir='ltr'><strong>iterum</strong></span> <span class='ocrx_word' id='word_1_253' title='bbox 978 3780 1362 3827; x_wconf 87' lang='lat' dir='ltr'><strong>commemorat</strong></span> <span class='ocrx_word' id='word_1_254' title='bbox 1409 3773 1645 3827; x_wconf 85' lang='lat' dir='ltr'><strong>carmine</strong></span> <span class='ocrx_word' id='word_1_255' title='bbox 1688 3773 1774 3830; x_wconf 72' lang='grc'><strong>13.</strong></span> <span class='ocrx_word' id='word_1_256' title='bbox 1810 3784 2014 3831; x_wconf 81' lang='lat' dir='ltr'><strong>exstat-</strong></span> 
     </span>
    </p>
   </div>
   <div class='ocr_carea' id='block_1_39' title="bbox 442 3842 2017 3913">
    <p class='ocr_par' dir='ltr' id='par_1_39' title="bbox 442 3842 2017 3913">
     <span class='ocr_line' id='line_1_39' title="bbox 442 3842 2017 3913; baseline 0.002 -18"><span class='ocrx_word' id='word_1_257' title='bbox 442 3858 545 3912; x_wconf 87' lang='lat' dir='ltr'><strong>que</strong></span> <span class='ocrx_word' id='word_1_258' title='bbox 572 3842 639 3896; x_wconf 92' lang='lat' dir='ltr'><strong>de</strong></span> <span class='ocrx_word' id='word_1_259' title='bbox 667 3842 851 3895; x_wconf 89' lang='lat' dir='ltr'><strong>eadem</strong></span> <span class='ocrx_word' id='word_1_260' title='bbox 899 3857 955 3913; x_wconf 82' lang='lat' dir='ltr'><strong>re</strong></span> <span class='ocrx_word' id='word_1_261' title='bbox 1001 3853 1150 3913; x_wconf 87' lang='lat' dir='ltr'><strong>vetus</strong></span> <span class='ocrx_word' id='word_1_262' title='bbox 1191 3842 1473 3913; x_wconf 86' lang='lat' dir='ltr'><strong>distichum</strong></span> <span class='ocrx_word' id='word_1_263' title='bbox 1525 3844 1615 3897; x_wconf 88' lang='lat' dir='ltr'><strong>lih.</strong></span> <span class='ocrx_word' id='word_1_264' title='bbox 1658 3860 1712 3898; x_wconf 90' lang='lat' dir='ltr'><strong>tv</strong></span> <span class='ocrx_word' id='word_1_265' title='bbox 1749 3850 2017 3913; x_wconf 77' lang='lat' dir='ltr'><strong>epigram-</strong></span> 
     </span>
    </p>
   </div>
   <div class='ocr_carea' id='block_1_40' title="bbox 444 3912 2018 4036">
    <p class='ocr_par' dir='ltr' id='par_1_40' title="bbox 444 3912 2018 4036">
     <span class='ocr_line' id='line_1_40' title="bbox 444 3912 2018 4036; baseline 0.004 -70"><span class='ocrx_word' id='word_1_266' title='bbox 444 3923 677 4036; x_wconf 54' lang='lat' dir='ltr'><strong>IltttlI’ttttn,</strong></span> <span class='ocrx_word' id='word_1_267' title='bbox 728 3912 869 3981; x_wconf 89' lang='lat' dir='ltr'><strong>quod</strong></span> <span class='ocrx_word' id='word_1_268' title='bbox 914 3912 1155 3966; x_wconf 72' lang='lat' dir='ltr'><strong>Pithtrus</strong></span> <span class='ocrx_word' id='word_1_269' title='bbox 1206 3912 1410 3966; x_wconf 86' lang='lat' dir='ltr'><strong>Sidonii</strong></span> <span class='ocrx_word' id='word_1_270' title='bbox 1460 3915 1626 3982; x_wconf 89' lang='lat' dir='ltr'><strong>ipsius</strong></span> <span class='ocrx_word' id='word_1_271' title='bbox 1670 3912 1795 3970; x_wconf 9' lang='lat' dir='ltr'><strong>esse,</strong></span> <span class='ocrx_word' id='word_1_272' title='bbox 1833 3917 2018 3987; x_wconf 85' lang='lat' dir='ltr'><strong>conje-</strong></span> 
     </span>
     <span class='ocr_line' id='line_1_41' title="bbox 444 3991 665 4036; baseline -0.005 0"><span class='ocrx_word' id='word_1_273' title='bbox 444 3991 523 4036; x_wconf 77' lang='lat' dir='ltr'><strong>sta</strong></span> <span class='ocrx_word' id='word_1_274' title='bbox 565 3997 594 4035; x_wconf 90' lang='lat' dir='ltr'><strong>a</strong></span> <span class='ocrx_word' id='word_1_275' title='bbox 652 3999 665 4035; x_wconf 83' lang='lat'><strong>:</strong></span> 
     </span>
    </p>
   </div>
   <div class='ocr_carea' id='block_1_41' title="bbox 443 3991 665 4038">
    <p class='ocr_par' dir='ltr' id='par_1_41' title="bbox 443 3991 665 4038">
     <span class='ocr_line' id='line_1_42' title="bbox 443 3991 665 4038; baseline -0.014 0"><span class='ocrx_word' id='word_1_276' title='bbox 443 3991 618 4038; x_wconf 73' lang='lat' dir='ltr'><strong>stabat</strong></span> <span class='ocrx_word' id='word_1_277' title='bbox 652 3999 665 4035; x_wconf 74' lang='grc' dir='ltr'><strong><em>Ζ</em></strong></span> 
     </span>
    </p>
   </div>
   <div class='ocr_carea' id='block_1_42' title="bbox 563 4069 1848 4135">
    <p class='ocr_par' dir='ltr' id='par_1_42' title="bbox 563 4069 1848 4135">
     <span class='ocr_line' id='line_1_43' title="bbox 563 4069 1848 4135; baseline -0.001 -11"><span class='ocrx_word' id='word_1_278' title='bbox 563 4072 765 4135; x_wconf 68' lang='lat' dir='ltr'><strong>Cervus,</strong></span> <span class='ocrx_word' id='word_1_279' title='bbox 786 4084 922 4133; x_wconf 90' lang='lat' dir='ltr'><strong>aper,</strong></span> <span class='ocrx_word' id='word_1_280' title='bbox 949 4069 1169 4125; x_wconf 81' lang='lat' dir='ltr'><strong>coluber,</strong></span> <span class='ocrx_word' id='word_1_281' title='bbox 1186 4084 1283 4120; x_wconf 91' lang='lat' dir='ltr'><strong>non</strong></span> <span class='ocrx_word' id='word_1_282' title='bbox 1302 4085 1470 4135; x_wconf 85' lang='lat' dir='ltr'><strong>cursu,</strong></span> <span class='ocrx_word' id='word_1_283' title='bbox 1487 4072 1637 4123; x_wconf 89' lang='lat' dir='ltr'><strong>dente</strong></span> <span class='ocrx_word' id='word_1_284' title='bbox 1657 4087 1848 4125; x_wconf 86' lang='lat' dir='ltr'><strong>veneno</strong></span> 
     </span>
    </p>
   </div>
   <div class='ocr_carea' id='block_1_43' title="bbox 626 4133 1474 4196">
    <p class='ocr_par' dir='ltr' id='par_1_43' title="bbox 626 4133 1474 4196">
     <span class='ocr_line' id='line_1_44' title="bbox 626 4133 1474 4196; baseline 0.004 -14"><span class='ocrx_word' id='word_1_285' title='bbox 626 4133 850 4183; x_wconf 86' lang='lat' dir='ltr'><strong>Vitarunt</strong></span> <span class='ocrx_word' id='word_1_286' title='bbox 870 4138 1016 4193; x_wconf 85' lang='lat' dir='ltr'><strong>ictus,</strong></span> <span class='ocrx_word' id='word_1_287' title='bbox 1040 4135 1321 4196; x_wconf 70' lang='lat' dir='ltr'><strong>Maioriane,</strong></span> <span class='ocrx_word' id='word_1_288' title='bbox 1348 4133 1474 4185; x_wconf 79' lang='lat' dir='ltr'><strong>tuos.</strong></span> 
     </span>
    </p>
   </div>
   <div class='ocr_carea' id='block_1_44' title="bbox 507 4262 2017 4331">
    <p class='ocr_par' dir='ltr' id='par_1_44' title="bbox 507 4262 2017 4331">
     <span class='ocr_line' id='line_1_45' title="bbox 507 4262 2017 4331; baseline -0.003 -10"><span class='ocrx_word' id='word_1_289' title='bbox 507 4266 539 4306; x_wconf 71' lang='grc' dir='ltr'>δ</span> <span class='ocrx_word' id='word_1_290' title='bbox 571 4267 733 4321; x_wconf 80' lang='lat' dir='ltr'><strong>Alcon</strong></span> <span class='ocrx_word' id='word_1_291' title='bbox 764 4265 848 4319; x_wconf 82' lang='lat' dir='ltr'><strong>hic</strong></span> <span class='ocrx_word' id='word_1_292' title='bbox 876 4263 1147 4319; x_wconf 88' lang='lat' dir='ltr'><strong>Cretensis</strong></span> <span class='ocrx_word' id='word_1_293' title='bbox 1174 4281 1186 4316; x_wconf 88' lang='lat'><strong>:</strong></span> <span class='ocrx_word' id='word_1_294' title='bbox 1221 4264 1286 4315; x_wconf 89' lang='lat' dir='ltr'><strong>de</strong></span> <span class='ocrx_word' id='word_1_295' title='bbox 1312 4278 1418 4331; x_wconf 90' lang='lat' dir='ltr'><strong>quo</strong></span> <span class='ocrx_word' id='word_1_296' title='bbox 1441 4272 1491 4317; x_wconf 90' lang='lat' dir='ltr'><strong>et</strong></span> <span class='ocrx_word' id='word_1_297' title='bbox 1521 4262 1750 4317; x_wconf 82' lang='lat' dir='ltr'><strong>Phalere</strong></span> <span class='ocrx_word' id='word_1_298' title='bbox 1781 4264 1889 4316; x_wconf 85' lang='lat' dir='ltr'><strong>filio</strong></span> <span class='ocrx_word' id='word_1_299' title='bbox 1912 4264 2017 4316; x_wconf 74' lang='lat' dir='ltr'><strong>Ma-</strong></span> 
     </span>
    </p>
   </div>
   <div class='ocr_carea' id='block_1_45' title="bbox 440 4333 2017 4401">
    <p class='ocr_par' dir='ltr' id='par_1_45' title="bbox 440 4333 2017 4401">
     <span class='ocr_line' id='line_1_46' title="bbox 440 4333 2017 4401; baseline -0.004 -7"><span class='ocrx_word' id='word_1_300' title='bbox 440 4339 601 4394; x_wconf 88' lang='lat' dir='ltr'><strong>nilius</strong></span> <span class='ocrx_word' id='word_1_301' title='bbox 625 4354 657 4389; x_wconf 92' lang='lat' dir='ltr'><strong>v</strong></span> <span class='ocrx_word' id='word_1_302' title='bbox 688 4335 1114 4401; x_wconf 81' lang='lat' dir='ltr'><strong>Astrnnomicon,</strong></span> <span class='ocrx_word' id='word_1_303' title='bbox 1152 4345 1204 4388; x_wconf 93' lang='lat' dir='ltr'><strong>et</strong></span> <span class='ocrx_word' id='word_1_304' title='bbox 1230 4333 1469 4387; x_wconf 83' lang='lat' dir='ltr'><strong>Valerius</strong></span> <span class='ocrx_word' id='word_1_305' title='bbox 1498 4333 1717 4387; x_wconf 81' lang='lat' dir='ltr'><strong>Flaccus</strong></span> <span class='ocrx_word' id='word_1_306' title='bbox 1746 4335 2017 4397; x_wconf 73' lang='lat' dir='ltr'><strong>Argonau-</strong></span> 
     </span>
    </p>
   </div>
   <div class='ocr_carea' id='block_1_46' title="bbox 442 4377 2100 4474">
    <p class='ocr_par' dir='ltr' id='par_1_46' title="bbox 442 4377 2100 4474">
     <span class='ocr_line' id='line_1_47' title="bbox 442 4377 2100 4474; baseline -0.002 -12"><span class='ocrx_word' id='word_1_307' title='bbox 684 4407 787 4460; x_wconf 78' lang='lat' dir='ltr'><strong>Nec</strong></span> <span class='ocrx_word' id='word_1_308' title='bbox 821 4408 994 4459; x_wconf 90' lang='lat' dir='ltr'><strong>minus</strong></span> <span class='ocrx_word' id='word_1_309' title='bbox 1023 4379 1293 4474; x_wconf 66' lang='lat' dir='ltr'><strong>eleganter</strong></span> <span class='ocrx_word' id='word_1_310' title='bbox 1322 4402 1541 4458; x_wconf 68' lang='lat' dir='ltr'><strong>Grmcus</strong></span> <span class='ocrx_word' id='word_1_311' title='bbox 1575 4415 1726 4471; x_wconf 89' lang='lat' dir='ltr'><strong>poeta</strong></span> <span class='ocrx_word' id='word_1_312' title='bbox 1759 4377 2017 4458; x_wconf 48' lang='lat' dir='ltr'><strong>Alitholo-</strong></span> <span class='ocrx_word' id='word_1_313' title='bbox 2052 4377 2100 4436; x_wconf 71' lang='grc' dir='ltr'>υ</span> 
     </span>
    </p>
   </div>
   <div class='ocr_carea' id='block_1_47' title="bbox 440 4478 878 4550">
    <p class='ocr_par' dir='ltr' id='par_1_47' title="bbox 440 4478 878 4550">
     <span class='ocr_line' id='line_1_48' title="bbox 440 4478 878 4550; baseline 0 -18"><span class='ocrx_word' id='word_1_314' title='bbox 440 4480 539 4550; x_wconf 66' lang='lat' dir='ltr'><strong>giae</strong></span> <span class='ocrx_word' id='word_1_315' title='bbox 567 4479 659 4531; x_wconf 87' lang='lat' dir='ltr'><strong>lib.</strong></span> <span class='ocrx_word' id='word_1_316' title='bbox 689 4492 760 4541; x_wconf 88' lang='lat' dir='ltr'><strong>vt,</strong></span> <span class='ocrx_word' id='word_1_317' title='bbox 790 4478 878 4532; x_wconf 85' lang='grc' dir='ltr'><strong>Η.</strong></span> 
     </span>
    </p>
   </div>
   <div class='ocr_carea' id='block_1_48' title="bbox 549 4560 1875 4642">
    <p class='ocr_par' dir='ltr' id='par_1_48' title="bbox 549 4560 1875 4642">
     <span class='ocr_line' id='line_1_49' title="bbox 549 4560 1875 4642; baseline -0.002 -20"><span class='ocrx_word' id='word_1_318' title='bbox 549 4564 901 4642; x_wconf 25' lang='grc' dir='ltr'><strong>Παῐᾷαβπατὴρ</strong></span> <span class='ocrx_word' id='word_1_319' title='bbox 928 4563 1117 4642; x_wconf 56' lang='grc' dir='ltr'><strong>’ᾍἊῖεων</strong></span> <span class='ocrx_word' id='word_1_320' title='bbox 1300 4564 1612 4642; x_wconf 64' lang='grc' dir='ltr'><strong>ςφιγχθέντα</strong></span> <span class='ocrx_word' id='word_1_321' title='bbox 1636 4560 1875 4642; x_wconf 67' lang='grc' dir='ltr'><strong>δράκοντι</strong></span> 
     </span>
    </p>
   </div>
   <div class='ocr_carea' id='block_1_49' title="bbox 653 4635 1662 4709">
    <p class='ocr_par' dir='ltr' id='par_1_49' title="bbox 653 4635 1662 4709">
     <span class='ocr_line' id='line_1_50' title="bbox 653 4635 1662 4709; baseline -0.001 -21"><span class='ocrx_word' id='word_1_322' title='bbox 653 4635 921 4709; x_wconf 15' lang='grc' dir='ltr'><strong>ΪΛθθήσγαξ,</strong></span> <span class='ocrx_word' id='word_1_323' title='bbox 950 4636 1083 4709; x_wconf 76' lang='grc' dir='ltr'><strong>δειλῇ</strong></span> <span class='ocrx_word' id='word_1_324' title='bbox 1112 4635 1254 4709; x_wconf 56' lang='grc' dir='ltr'><strong>τόξοεέ</strong></span> <span class='ocrx_word' id='word_1_325' title='bbox 1296 4635 1490 4709; x_wconf 58' lang='grc' dir='ltr'><strong>ἔκαμψε</strong></span> <span class='ocrx_word' id='word_1_326' title='bbox 1529 4638 1662 4709; x_wconf 78' lang='grc' dir='ltr'><strong>χερί.</strong></span> 
     </span>
    </p>
   </div>
   <div class='ocr_carea' id='block_1_50' title="bbox 549 4656 1919 4779">
    <p class='ocr_par' dir='ltr' id='par_1_50' title="bbox 549 4656 1919 4779">
     <span class='ocr_line' id='line_1_51' title="bbox 670 4656 1662 4709; baseline -0.004 -21"><span class='ocrx_word' id='word_1_327' title='bbox 670 4656 735 4688; x_wconf 76' lang='grc' dir='ltr'><strong>Λυ</strong></span> <span class='ocrx_word' id='word_1_328' title='bbox 773 4658 921 4699; x_wconf 78' lang='grc' dir='ltr'><strong>ησας,</strong></span> <span class='ocrx_word' id='word_1_329' title='bbox 950 4656 1083 4709; x_wconf 74' lang='grc' dir='ltr'>οειλῃ</span> <span class='ocrx_word' id='word_1_330' title='bbox 1112 4656 1254 4699; x_wconf 79' lang='grc' dir='ltr'>τοςον</span> <span class='ocrx_word' id='word_1_331' title='bbox 1296 4656 1490 4706; x_wconf 74' lang='grc' dir='ltr'><strong>εκαμψε</strong></span> <span class='ocrx_word' id='word_1_332' title='bbox 1529 4656 1662 4709; x_wconf 78' lang='grc' dir='ltr'><strong>χερι.</strong></span> 
     </span>
     <span class='ocr_line' id='line_1_52' title="bbox 549 4656 1919 4779; baseline 0.001 -20"><span class='ocrx_word' id='word_1_333' title='bbox 549 4707 709 4779; x_wconf 49' lang='lat' dir='ltr'><strong>enea;</strong></span> <span class='ocrx_word' id='word_1_334' title='bbox 796 4708 879 4758; x_wconf 76' lang='grc' dir='ltr'><strong>οὐκ</strong></span> <span class='ocrx_word' id='word_1_335' title='bbox 917 4710 1196 4779; x_wconf 44' lang='lat' dir='ltr'><strong>deducens.</strong></span> <span class='ocrx_word' id='word_1_336' title='bbox 1228 4703 1314 4779; x_wconf 61' lang='grc' dir='ltr'><strong>διὰ</strong></span> <span class='ocrx_word' id='word_1_337' title='bbox 1341 4705 1593 4779; x_wconf 62' lang='grc' dir='ltr'><strong>στόματος</strong></span> <span class='ocrx_word' id='word_1_338' title='bbox 1624 4707 1720 4779; x_wconf 65' lang='grc' dir='ltr'><strong>γὰρ</strong></span> <span class='ocrx_word' id='word_1_339' title='bbox 1751 4706 1775 4758; x_wconf 83' lang='grc' dir='ltr'>ὁ</span> <span class='ocrx_word' id='word_1_340' title='bbox 1800 4705 1919 4766; x_wconf 80' lang='grc' dir='ltr'><strong>στὸς</strong></span> 
     </span>
    </p>
   </div>
   <div class='ocr_carea' id='block_1_51' title="bbox 624 4768 1666 4851">
    <p class='ocr_par' dir='ltr' id='par_1_51' title="bbox 624 4768 1666 4851">
     <span class='ocr_line' id='line_1_53' title="bbox 624 4768 1666 4851; baseline -0.002 -22"><span class='ocrx_word' id='word_1_341' title='bbox 624 4768 634 4783; x_wconf 57' lang='grc'><strong>⁸</strong></span> <span class='ocrx_word' id='word_1_342' title='bbox 659 4778 809 4851; x_wconf 59' lang='grc' dir='ltr'>Ἦέξεν</span> <span class='ocrx_word' id='word_1_343' title='bbox 836 4768 1027 4851; x_wconf 53' lang='lat' dir='ltr'><strong>rogent):</strong></span> <span class='ocrx_word' id='word_1_344' title='bbox 1050 4768 1194 4845; x_wconf 67' lang='grc' dir='ltr'><strong>βᾶιιόν</strong></span> <span class='ocrx_word' id='word_1_345' title='bbox 1220 4776 1399 4851; x_wconf 60' lang='grc' dir='ltr'><strong>ὖπερξε</strong></span> <span class='ocrx_word' id='word_1_346' title='bbox 1432 4768 1666 4851; x_wconf 65' lang='grc' dir='ltr'><strong>βρέφρυξ.</strong></span> 
     </span>
    </p>
   </div>
   <div class='ocr_carea' id='block_1_52' title="bbox 545 4842 1884 4919">
    <p class='ocr_par' dir='ltr' id='par_1_52' title="bbox 545 4842 1884 4919">
     <span class='ocr_line' id='line_1_54' title="bbox 545 4842 1884 4919; baseline -0.003 -18"><span class='ocrx_word' id='word_1_347' title='bbox 545 4845 871 4914; x_wconf 78' lang='grc' dir='ltr'><strong>Πανσάμενος</strong></span> <span class='ocrx_word' id='word_1_348' title='bbox 890 4842 1143 4919; x_wconf 13' lang='grc' dir='ltr'><strong>γδὲνφόὗον,</strong></span> <span class='ocrx_word' id='word_1_349' title='bbox 1176 4842 1329 4919; x_wconf 56' lang='grc' dir='ltr'>πίοιρᾶ</span> <span class='ocrx_word' id='word_1_350' title='bbox 1348 4842 1602 4919; x_wconf 40' lang='lat' dir='ltr'><strong>Spei-side</strong></span> <span class='ocrx_word' id='word_1_351' title='bbox 1632 4847 1884 4919; x_wconf 80' lang='grc' dir='ltr'><strong>φαρέτραν</strong></span> 
     </span>
    </p>
   </div>
   <div class='ocr_carea' id='block_1_53' title="bbox 653 4917 1747 4987">
    <p class='ocr_par' dir='ltr' id='par_1_53' title="bbox 653 4917 1747 4987">
     <span class='ocr_line' id='line_1_55' title="bbox 653 4917 1747 4987; baseline 0.001 -20"><span class='ocrx_word' id='word_1_352' title='bbox 653 4926 791 4986; x_wconf 80' lang='grc' dir='ltr'><strong>Σῆμα</strong></span> <span class='ocrx_word' id='word_1_353' title='bbox 819 4918 900 4969; x_wconf 83' lang='grc' dir='ltr'><strong>καὶ</strong></span> <span class='ocrx_word' id='word_1_354' title='bbox 927 4917 1169 4987; x_wconf 74' lang='grc' dir='ltr'><strong>εὐτυχίης</strong></span> <span class='ocrx_word' id='word_1_355' title='bbox 1194 4917 1306 4974; x_wconf 47' lang='grc' dir='ltr'><strong>θῆκε</strong></span> <span class='ocrx_word' id='word_1_356' title='bbox 1334 4917 1415 4970; x_wconf 55' lang='lat' dir='ltr'><strong>ut</strong></span> <span class='ocrx_word' id='word_1_357' title='bbox 1444 4917 1747 4987; x_wconf 78' lang='grc' dir='ltr'><strong>εὐστοχίης.</strong></span> 
     </span>
    </p>
   </div>
   <div class='ocr_carea' id='block_1_54' title="bbox 516 5044 2016 5115">
    <p class='ocr_par' dir='ltr' id='par_1_54' title="bbox 516 5044 2016 5115">
     <span class='ocr_line' id='line_1_56' title="bbox 516 5044 2016 5115; baseline -0.004 -15"><span class='ocrx_word' id='word_1_358' title='bbox 516 5056 540 5086; x_wconf 70' lang='grc' dir='ltr'><strong><em>ο</em></strong></span> <span class='ocrx_word' id='word_1_359' title='bbox 566 5046 848 5100; x_wconf 79' lang='lat' dir='ltr'><strong>Contraria</strong></span> <span class='ocrx_word' id='word_1_360' title='bbox 872 5061 1031 5101; x_wconf 88' lang='lat' dir='ltr'><strong>sensu</strong></span> <span class='ocrx_word' id='word_1_361' title='bbox 1060 5044 1278 5115; x_wconf 85' lang='lat' dir='ltr'><strong>vulgati,</strong></span> <span class='ocrx_word' id='word_1_362' title='bbox 1311 5054 1528 5099; x_wconf 78' lang='lat' dir='ltr'><strong>stratum</strong></span> <span class='ocrx_word' id='word_1_363' title='bbox 1558 5047 1823 5115; x_wconf 77' lang='lat' dir='ltr'><strong>Amgrum.</strong></span> <span class='ocrx_word' id='word_1_364' title='bbox 1849 5049 2016 5112; x_wconf 76' lang='lat' dir='ltr'><strong>Amy-</strong></span> 
     </span>
    </p>
   </div>
   <div class='ocr_carea' id='block_1_55' title="bbox 446 5116 2016 5185">
    <p class='ocr_par' dir='ltr' id='par_1_55' title="bbox 446 5116 2016 5185">
     <span class='ocr_line' id='line_1_57' title="bbox 446 5116 2016 5185; baseline -0.003 -12"><span class='ocrx_word' id='word_1_365' title='bbox 446 5133 543 5173; x_wconf 89' lang='lat' dir='ltr'><strong>cus</strong></span> <span class='ocrx_word' id='word_1_366' title='bbox 571 5120 712 5171; x_wconf 90' lang='lat' dir='ltr'><strong>enim</strong></span> <span class='ocrx_word' id='word_1_367' title='bbox 745 5116 787 5169; x_wconf 92' lang='lat' dir='ltr'><strong>is</strong></span> <span class='ocrx_word' id='word_1_368' title='bbox 816 5129 897 5170; x_wconf 91' lang='lat' dir='ltr'><strong>est</strong></span> <span class='ocrx_word' id='word_1_369' title='bbox 933 5120 1020 5185; x_wconf 90' lang='lat' dir='ltr'><strong>qni</strong></span> <span class='ocrx_word' id='word_1_370' title='bbox 1050 5118 1241 5184; x_wconf 83' lang='lat' dir='ltr'><strong>pugilis</strong></span> <span class='ocrx_word' id='word_1_371' title='bbox 1272 5116 1619 5183; x_wconf 79' lang='lat' dir='ltr'><strong>Therapnaei,</strong></span> <span class='ocrx_word' id='word_1_372' title='bbox 1649 5132 1743 5170; x_wconf 92' lang='lat' dir='ltr'><strong>seu</strong></span> <span class='ocrx_word' id='word_1_373' title='bbox 1771 5117 2016 5171; x_wconf 48' lang='lat' dir='ltr'><strong>Laceda-</strong></span> 
     </span>
    </p>
   </div>
   <div class='ocr_carea' id='block_1_56' title="bbox 444 5186 2014 5255">
    <p class='ocr_par' dir='ltr' id='par_1_56' title="bbox 444 5186 2014 5255">
     <span class='ocr_line' id='line_1_58' title="bbox 444 5186 2014 5255; baseline -0.001 -13"><span class='ocrx_word' id='word_1_374' title='bbox 444 5188 611 5242; x_wconf 89' lang='lat' dir='ltr'><strong>monii</strong></span> <span class='ocrx_word' id='word_1_375' title='bbox 646 5188 872 5241; x_wconf 89' lang='lat' dir='ltr'><strong>Pollucis</strong></span> <span class='ocrx_word' id='word_1_376' title='bbox 897 5191 1033 5242; x_wconf 83' lang='lat' dir='ltr'><strong>vires</strong></span> <span class='ocrx_word' id='word_1_377' title='bbox 1061 5187 1331 5253; x_wconf 70' lang='lat' dir='ltr'><strong>suspexit,</strong></span> <span class='ocrx_word' id='word_1_378' title='bbox 1364 5202 1487 5255; x_wconf 91' lang='lat' dir='ltr'><strong>cum</strong></span> <span class='ocrx_word' id='word_1_379' title='bbox 1529 5186 1595 5240; x_wconf 86' lang='lat' dir='ltr'><strong>ab</strong></span> <span class='ocrx_word' id='word_1_380' title='bbox 1623 5202 1688 5242; x_wconf 90' lang='lat' dir='ltr'><strong>eo</strong></span> <span class='ocrx_word' id='word_1_381' title='bbox 1721 5198 2014 5255; x_wconf 74' lang='lat' dir='ltr'><strong>prostratus</strong></span> 
     </span>
    </p>
   </div>
   <div class='ocr_carea' id='block_1_57' title="bbox 444 5254 1468 5323">
    <p class='ocr_par' dir='ltr' id='par_1_57' title="bbox 444 5254 1468 5323">
     <span class='ocr_line' id='line_1_59' title="bbox 444 5254 1468 5323; baseline -0.006 -9"><span class='ocrx_word' id='word_1_382' title='bbox 444 5270 606 5320; x_wconf 80' lang='lat' dir='ltr'><strong>esset,</strong></span> <span class='ocrx_word' id='word_1_383' title='bbox 632 5260 719 5323; x_wconf 88' lang='lat' dir='ltr'><strong>qui</strong></span> <span class='ocrx_word' id='word_1_384' title='bbox 754 5267 979 5311; x_wconf 72' lang='lat' dir='ltr'><strong>czeteros</strong></span> <span class='ocrx_word' id='word_1_385' title='bbox 1009 5260 1219 5310; x_wconf 87' lang='lat' dir='ltr'><strong>vincere</strong></span> <span class='ocrx_word' id='word_1_386' title='bbox 1244 5254 1468 5310; x_wconf 82' lang='lat' dir='ltr'><strong>&#39;soleha&#39;t.</strong></span> 
     </span>
    </p>
   </div>
   <div class='ocr_carea' id='block_1_58' title="bbox 512 5326 2012 5394">
    <p class='ocr_par' dir='ltr' id='par_1_58' title="bbox 512 5326 2012 5394">
     <span class='ocr_line' id='line_1_60' title="bbox 512 5326 2012 5394; baseline -0.003 -11"><span class='ocrx_word' id='word_1_387' title='bbox 512 5328 537 5366; x_wconf 75' lang='grc' dir='ltr'>ἀ</span> <span class='ocrx_word' id='word_1_388' title='bbox 563 5330 978 5394; x_wconf 64' lang='lat' dir='ltr'><strong>Parthenopaeus</strong></span> <span class='ocrx_word' id='word_1_389' title='bbox 1002 5329 1283 5385; x_wconf 68' lang='lat' dir='ltr'><strong>Atalantm,</strong></span> <span class='ocrx_word' id='word_1_390' title='bbox 1309 5329 1374 5379; x_wconf 86' lang='lat' dir='ltr'><strong>de</strong></span> <span class='ocrx_word' id='word_1_391' title='bbox 1398 5342 1495 5393; x_wconf 88' lang='lat' dir='ltr'><strong>qua</strong></span> <span class='ocrx_word' id='word_1_392' title='bbox 1516 5342 1655 5381; x_wconf 86' lang='lat' dir='ltr'><strong>mox.</strong></span> <span class='ocrx_word' id='word_1_393' title='bbox 1678 5326 1814 5378; x_wconf 82' lang='lat' dir='ltr'><strong>ﬁlius</strong></span> <span class='ocrx_word' id='word_1_394' title='bbox 1832 5341 1897 5380; x_wconf 87' lang='lat' dir='ltr'><strong>ex</strong></span> <span class='ocrx_word' id='word_1_395' title='bbox 1916 5326 2012 5379; x_wconf 63' lang='lat' dir='ltr'><strong>tli-</strong></span> 
     </span>
    </p>
   </div>
   <div class='ocr_carea' id='block_1_59' title="bbox 442 5396 2014 5466">
    <p class='ocr_par' dir='ltr' id='par_1_59' title="bbox 442 5396 2014 5466">
     <span class='ocr_line' id='line_1_61' title="bbox 442 5396 2014 5466; baseline -0.001 -15"><span class='ocrx_word' id='word_1_396' title='bbox 442 5397 673 5455; x_wconf 91' lang='lat' dir='ltr'><strong>Ianione.</strong></span> <span class='ocrx_word' id='word_1_397' title='bbox 708 5400 910 5452; x_wconf 82' lang='lat' dir='ltr'><strong>Arcada</strong></span> <span class='ocrx_word' id='word_1_398' title='bbox 956 5396 1381 5466; x_wconf 53' lang='lat' dir='ltr'><strong>Part/tenentium</strong></span> <span class='ocrx_word' id='word_1_399' title='bbox 1411 5408 1561 5449; x_wconf 88' lang='lat' dir='ltr'><strong>vocat</strong></span> <span class='ocrx_word' id='word_1_400' title='bbox 1599 5398 1757 5451; x_wconf 83' lang='lat' dir='ltr'><strong>etiam</strong></span> <span class='ocrx_word' id='word_1_401' title='bbox 1786 5396 2014 5461; x_wconf 88' lang='lat' dir='ltr'><strong>Statius,</strong></span> 
     </span>
    </p>
   </div>
   <div class='ocr_carea' id='block_1_60' title="bbox 443 5466 2012 5538">
    <p class='ocr_par' dir='ltr' id='par_1_60' title="bbox 443 5466 2012 5538">
     <span class='ocr_line' id='line_1_62' title="bbox 443 5466 2012 5538; baseline 0.002 -21"><span class='ocrx_word' id='word_1_402' title='bbox 443 5484 708 5538; x_wconf 74' lang='lat' dir='ltr'><strong>cursuque</strong></span> <span class='ocrx_word' id='word_1_403' title='bbox 735 5471 786 5524; x_wconf 92' lang='lat' dir='ltr'><strong>in</strong></span> <span class='ocrx_word' id='word_1_404' title='bbox 816 5468 1013 5523; x_wconf 87' lang='lat' dir='ltr'><strong>Nemea</strong></span> <span class='ocrx_word' id='word_1_405' title='bbox 1044 5469 1173 5521; x_wconf 89' lang='lat' dir='ltr'><strong>silva</strong></span> <span class='ocrx_word' id='word_1_406' title='bbox 1189 5467 1450 5538; x_wconf 75' lang='lat' dir='ltr'><strong>victorem</strong></span> <span class='ocrx_word' id='word_1_407' title='bbox 1479 5467 1599 5521; x_wconf 81' lang='lat' dir='ltr'><strong>facit</strong></span> <span class='ocrx_word' id='word_1_408' title='bbox 1632 5466 1766 5521; x_wconf 87' lang='lat' dir='ltr'><strong>libro</strong></span> <span class='ocrx_word' id='word_1_409' title='bbox 1785 5482 1842 5538; x_wconf 83' lang='lat' dir='ltr'><strong>vt</strong></span> <span class='ocrx_word' id='word_1_410' title='bbox 1870 5467 2012 5538; x_wconf 47' lang='lat' dir='ltr'><strong>Thee</strong></span> 
     </span>
    </p>
   </div>
   <div class='ocr_carea' id='block_1_61' title="bbox 444 5536 2015 5611">
    <p class='ocr_par' dir='ltr' id='par_1_61' title="bbox 444 5536 2015 5611">
     <span class='ocr_line' id='line_1_63' title="bbox 444 5536 2015 5611; baseline -0.001 -20"><span class='ocrx_word' id='word_1_411' title='bbox 444 5536 657 5597; x_wconf 66' lang='lat' dir='ltr'><strong>liuidus;</strong></span> <span class='ocrx_word' id='word_1_412' title='bbox 696 5550 751 5593; x_wconf 91' lang='lat' dir='ltr'><strong>et</strong></span> <span class='ocrx_word' id='word_1_413' title='bbox 784 5539 941 5611; x_wconf 74' lang='lat'><strong>119</strong></span> <span class='ocrx_word' id='word_1_414' title='bbox 976 5536 1332 5611; x_wconf 84' lang='lat' dir='ltr'><strong>Apollodorus</strong></span> <span class='ocrx_word' id='word_1_415' title='bbox 1376 5536 1471 5590; x_wconf 91' lang='lat' dir='ltr'><strong>lib.</strong></span> <span class='ocrx_word' id='word_1_416' title='bbox 1510 5552 1565 5611; x_wconf 76' lang='lat' dir='ltr'><strong>tu</strong></span> <span class='ocrx_word' id='word_1_417' title='bbox 1609 5538 1733 5591; x_wconf 88' lang='lat' dir='ltr'><strong>belli</strong></span> <span class='ocrx_word' id='word_1_418' title='bbox 1779 5537 2015 5611; x_wconf 69' lang='lat' dir='ltr'><strong>&#39;i‘ltebani</strong></span> 
     </span>
    </p>
   </div>
   <div class='ocr_carea' id='block_1_62' title="bbox 444 5608 2013 5685">
    <p class='ocr_par' dir='ltr' id='par_1_62' title="bbox 444 5608 2013 5685">
     <span class='ocr_line' id='line_1_64' title="bbox 444 5608 2013 5685; baseline 0.001 -26"><span class='ocrx_word' id='word_1_419' title='bbox 444 5612 604 5685; x_wconf 58' lang='lat' dir='ltr'><strong>duces</strong></span> <span class='ocrx_word' id='word_1_420' title='bbox 643 5608 994 5685; x_wconf 57' lang='lat' dir='ltr'><strong>enumerans,</strong></span> <span class='ocrx_word' id='word_1_421' title='bbox 1036 5609 1751 5685; x_wconf 38' lang='lat' dir='ltr'><strong>uapﬁsv‘ojrrazocatulmimo:</strong></span> <span class='ocrx_word' id='word_1_422' title='bbox 1794 5608 2013 5685; x_wconf 71' lang='grc' dir='ltr'><strong>’ᾼρκάςε</strong></span> 
     </span>
    </p>
   </div>
   <div class='ocr_carea' id='block_1_63' title="bbox 446 5676 2011 5746">
    <p class='ocr_par' dir='ltr' id='par_1_63' title="bbox 446 5676 2011 5746">
     <span class='ocr_line' id='line_1_65' title="bbox 446 5676 2011 5746; baseline 0.001 -16"><span class='ocrx_word' id='word_1_423' title='bbox 446 5676 845 5745; x_wconf 74' lang='grc' dir='ltr'><strong>ΡατιΙιεηορωυε</strong></span> <span class='ocrx_word' id='word_1_424' title='bbox 870 5676 1169 5733; x_wconf 67' lang='lat' dir='ltr'><strong>Milonianis</strong></span> <span class='ocrx_word' id='word_1_425' title='bbox 1196 5679 1356 5746; x_wconf 79' lang='lat' dir='ltr'><strong>ﬁlius,</strong></span> <span class='ocrx_word' id='word_1_426' title='bbox 1388 5678 1564 5731; x_wconf 77' lang='lat' dir='ltr'><strong>Arcas.</strong></span> <span class='ocrx_word' id='word_1_427' title='bbox 1594 5688 1663 5730; x_wconf 86' lang='lat' dir='ltr'><strong>tte</strong></span> <span class='ocrx_word' id='word_1_428' title='bbox 1689 5692 1794 5745; x_wconf 92' lang='lat' dir='ltr'><strong>quo</strong></span> <span class='ocrx_word' id='word_1_429' title='bbox 1822 5676 2011 5731; x_wconf 66' lang='lat' dir='ltr'><strong>iterum</strong></span> 
     </span>
    </p>
   </div>
   <div class='ocr_carea' id='block_1_64' title="bbox 444 5749 2011 5820">
    <p class='ocr_par' dir='ltr' id='par_1_64' title="bbox 444 5749 2011 5820">
     <span class='ocr_line' id='line_1_66' title="bbox 444 5749 2011 5820; baseline 0.001 -20"><span class='ocrx_word' id='word_1_430' title='bbox 444 5758 563 5815; x_wconf 79' lang='lat' dir='ltr'><strong>post</strong></span> <span class='ocrx_word' id='word_1_431' title='bbox 590 5749 721 5816; x_wconf 74' lang='lat' dir='ltr'><strong>alia,</strong></span> <span class='ocrx_word' id='word_1_432' title='bbox 757 5751 979 5820; x_wconf 73' lang='grc' dir='ltr'><strong>ἐγέννησα</strong></span> <span class='ocrx_word' id='word_1_433' title='bbox 1008 5750 1058 5805; x_wconf 78' lang='grc' dir='ltr'><strong>δὲ</strong></span> <span class='ocrx_word' id='word_1_434' title='bbox 1090 5753 1141 5805; x_wconf 77' lang='grc' dir='ltr'><strong>ἐκ</strong></span> <span class='ocrx_word' id='word_1_435' title='bbox 1172 5750 1499 5809; x_wconf 72' lang='grc' dir='ltr'><strong>Μειλανίωνος</strong></span> <span class='ocrx_word' id='word_1_436' title='bbox 1529 5749 1799 5807; x_wconf 78' lang='grc' dir='ltr'><strong>Ἀταλάντη</strong></span> <span class='ocrx_word' id='word_1_437' title='bbox 1826 5750 2011 5818; x_wconf 76' lang='grc' dir='ltr'><strong>Παρθι-</strong></span> 
     </span>
    </p>
   </div>
   <div class='ocr_carea' id='block_1_65' title="bbox 2049 423 3507 496">
    <p class='ocr_par' dir='ltr' id='par_1_65' title="bbox 2049 423 3507 496">
     <span class='ocr_line' id='line_1_67' title="bbox 2049 423 3507 496; baseline 0.011 -21"><span class='ocrx_word' id='word_1_438' title='bbox 2049 430 2093 482; x_wconf 81' lang='grc' dir='ltr'><strong>Α</strong></span> <span class='ocrx_word' id='word_1_439' title='bbox 2129 424 2305 476; x_wconf 88' lang='lat' dir='ltr'><strong>Donec</strong></span> <span class='ocrx_word' id='word_1_440' title='bbox 2336 423 2401 477; x_wconf 87' lang='lat' dir='ltr'><strong>ad</strong></span> <span class='ocrx_word' id='word_1_441' title='bbox 2426 424 2723 479; x_wconf 77' lang='lat' dir='ltr'><strong>anfractum</strong></span> <span class='ocrx_word' id='word_1_442' title='bbox 2754 435 2910 480; x_wconf 66' lang='lat' dir='ltr'><strong>meta:</strong></span> <span class='ocrx_word' id='word_1_443' title='bbox 2938 426 3049 493; x_wconf 85' lang='lat' dir='ltr'><strong>jam</strong></span> <span class='ocrx_word' id='word_1_444' title='bbox 3073 426 3281 496; x_wconf 77' lang='lat' dir='ltr'><strong>jamque</strong></span> <span class='ocrx_word' id='word_1_445' title='bbox 3304 432 3507 491; x_wconf 84' lang='lat' dir='ltr'><strong>relictus</strong></span> 
     </span>
    </p>
   </div>
   <div class='ocr_carea' id='block_1_66' title="bbox 2120 512 3297 587">
    <p class='ocr_par' dir='ltr' id='par_1_66' title="bbox 2120 512 3297 587">
     <span class='ocr_line' id='line_1_68' title="bbox 2120 512 3297 587; baseline 0.008 -21"><span class='ocrx_word' id='word_1_446' title='bbox 2120 512 2335 568; x_wconf 73' lang='lat' dir='ltr'><strong>Concita</strong></span> <span class='ocrx_word' id='word_1_447' title='bbox 2369 525 2447 569; x_wconf 92' lang='lat' dir='ltr'><strong>ter</strong></span> <span class='ocrx_word' id='word_1_448' title='bbox 2470 528 2658 583; x_wconf 86' lang='lat' dir='ltr'><strong>sparso</strong></span> <span class='ocrx_word' id='word_1_449' title='bbox 2686 516 2841 582; x_wconf 71' lang='lat' dir='ltr'><strong>freg‘t</strong></span> <span class='ocrx_word' id='word_1_450' title='bbox 2870 518 3093 586; x_wconf 82' lang='lat' dir='ltr'><strong>vestigia</strong></span> <span class='ocrx_word' id='word_1_451' title='bbox 3127 535 3297 587; x_wconf 87' lang='lat' dir='ltr'><strong>pomo.</strong></span> 
     </span>
    </p>
   </div>
   <div class='ocr_carea' id='block_1_67' title="bbox 2118 604 3644 682">
    <p class='ocr_par' dir='ltr' id='par_1_67' title="bbox 2118 604 3644 682">
     <span class='ocr_line' id='line_1_69' title="bbox 2118 604 3644 682; baseline 0.009 -27"><span class='ocrx_word' id='word_1_452' title='bbox 2118 604 2218 671; x_wconf 85' lang='lat' dir='ltr'><strong>Qui</strong></span> <span class='ocrx_word' id='word_1_453' title='bbox 2247 604 2389 657; x_wconf 87' lang='lat' dir='ltr'><strong>videt</strong></span> <span class='ocrx_word' id='word_1_454' title='bbox 2419 604 2559 657; x_wconf 88' lang='lat' dir='ltr'><strong>hunc</strong></span> <span class='ocrx_word' id='word_1_455' title='bbox 2585 605 2850 674; x_wconf 88' lang='lat' dir='ltr'><strong>equitem,</strong></span> <span class='ocrx_word' id='word_1_456' title='bbox 2888 606 3134 662; x_wconf 70' lang='lat' dir='ltr'><strong>Ledmunt</strong></span> <span class='ocrx_word' id='word_1_457' title='bbox 3166 612 3361 674; x_wconf 86' lang='lat' dir='ltr'><strong>spernit</strong></span> <span class='ocrx_word' id='word_1_458' title='bbox 3390 612 3644 682; x_wconf 81' lang='lat' dir='ltr'><strong>alumnum,</strong></span> 
     </span>
    </p>
   </div>
   <div class='ocr_carea' id='block_1_68' title="bbox 2121 694 3565 768">
    <p class='ocr_par' dir='ltr' id='par_1_68' title="bbox 2121 694 3565 768">
     <span class='ocr_line' id='line_1_70' title="bbox 2121 694 3565 768; baseline 0.008 -22"><span class='ocrx_word' id='word_1_459' title='bbox 2121 697 2198 747; x_wconf 82' lang='lat' dir='ltr'><strong>Ac</strong></span> <span class='ocrx_word' id='word_1_460' title='bbox 2221 694 2469 761; x_wconf 83' lang='lat' dir='ltr'><strong>juvenem</strong></span> <span class='ocrx_word' id='word_1_461' title='bbox 2496 694 2820 749; x_wconf 67' lang='lat' dir='ltr'><strong>Stheneboea</strong></span> <span class='ocrx_word' id='word_1_462' title='bbox 2857 706 3003 751; x_wconf 89' lang='lat' dir='ltr'><strong>tuum</strong></span> <span class='ocrx_word' id='word_1_463' title='bbox 3024 737 3040 762; x_wconf 97' lang='lat'><strong>,</strong></span> <span class='ocrx_word' id='word_1_464' title='bbox 3068 700 3148 750; x_wconf 91' lang='lat' dir='ltr'><strong>cui</strong></span> <span class='ocrx_word' id='word_1_465' title='bbox 3180 708 3320 768; x_wconf 89' lang='lat' dir='ltr'><strong>terga</strong></span> <span class='ocrx_word' id='word_1_466' title='bbox 3349 713 3565 757; x_wconf 58' lang='lat' dir='ltr'><strong>vetustus</strong></span> 
     </span>
    </p>
   </div>
   <div class='ocr_carea' id='block_1_69' title="bbox 2120 783 3440 857">
    <p class='ocr_par' dir='ltr' id='par_1_69' title="bbox 2120 783 3440 857">
     <span class='ocr_line' id='line_1_71' title="bbox 2120 783 3440 857; baseline 0.004 -19"><span class='ocrx_word' id='word_1_467' title='bbox 2120 783 2342 838; x_wconf 75' lang='lat' dir='ltr'><strong>Pet-nati</strong></span> <span class='ocrx_word' id='word_1_468' title='bbox 2375 784 2596 852; x_wconf 89' lang='lat' dir='ltr'><strong>largitur</strong></span> <span class='ocrx_word' id='word_1_469' title='bbox 2618 786 2762 854; x_wconf 67' lang='lat' dir='ltr'><strong>equi,</strong></span> <span class='ocrx_word' id='word_1_470' title='bbox 2794 787 3114 857; x_wconf 86' lang='lat' dir='ltr'><strong>Lyciamque</strong></span> <span class='ocrx_word' id='word_1_471' title='bbox 3139 788 3440 843; x_wconf 70' lang='lat' dir='ltr'><strong>Chimmram</strong></span> 
     </span>
    </p>
   </div>
   <div class='ocr_carea' id='block_1_70' title="bbox 2118 877 3591 946">
    <p class='ocr_par' dir='ltr' id='par_1_70' title="bbox 2118 877 3591 946">
     <span class='ocr_line' id='line_1_72' title="bbox 2118 877 3591 946; baseline 0.006 -15"><span class='ocrx_word' id='word_1_472' title='bbox 2118 877 2287 944; x_wconf 63' lang='lat' dir='ltr'><strong>Quum</strong></span> <span class='ocrx_word' id='word_1_473' title='bbox 2318 892 2601 946; x_wconf 88' lang='lat' dir='ltr'><strong>superasse</strong></span> <span class='ocrx_word' id='word_1_474' title='bbox 2631 885 2794 933; x_wconf 87' lang='lat' dir='ltr'><strong>retert</strong></span> <span class='ocrx_word' id='word_1_475' title='bbox 2814 921 2828 942; x_wconf 95' lang='lat'><strong>,</strong></span> <span class='ocrx_word' id='word_1_476' title='bbox 2855 881 3048 934; x_wconf 88' lang='lat' dir='ltr'><strong>vulnus</strong></span> <span class='ocrx_word' id='word_1_477' title='bbox 3075 897 3192 936; x_wconf 90' lang='lat' dir='ltr'><strong>cum</strong></span> <span class='ocrx_word' id='word_1_478' title='bbox 3218 885 3420 937; x_wconf 87' lang='lat' dir='ltr'><strong>sustulit</strong></span> <span class='ocrx_word' id='word_1_479' title='bbox 3448 902 3591 940; x_wconf 88' lang='lat' dir='ltr'><strong>unum</strong></span> 
     </span>
    </p>
   </div>
   <div class='ocr_carea' id='block_1_71' title="bbox 2117 967 3497 1041">
    <p class='ocr_par' dir='ltr' id='par_1_71' title="bbox 2117 967 3497 1041">
     <span class='ocr_line' id='line_1_73' title="bbox 2117 967 3497 1041; baseline 0.004 -21"><span class='ocrx_word' id='word_1_480' title='bbox 2117 967 2250 1022; x_wconf 82' lang='lat' dir='ltr'><strong>Tres</strong></span> <span class='ocrx_word' id='word_1_481' title='bbox 2272 970 2477 1021; x_wconf 90' lang='lat' dir='ltr'><strong>animas</strong></span> <span class='ocrx_word' id='word_1_482' title='bbox 2510 984 2525 1024; x_wconf 91' lang='lat'><strong>:</strong></span> <span class='ocrx_word' id='word_1_483' title='bbox 2554 968 2716 1023; x_wconf 88' lang='lat' dir='ltr'><strong>vitam</strong></span> <span class='ocrx_word' id='word_1_484' title='bbox 2751 978 2859 1023; x_wconf 92' lang='lat' dir='ltr'><strong>tum</strong></span> <span class='ocrx_word' id='word_1_485' title='bbox 2888 970 2933 1025; x_wconf 91' lang='lat' dir='ltr'><strong>si</strong></span> <span class='ocrx_word' id='word_1_486' title='bbox 2966 971 3061 1025; x_wconf 84' lang='lat' dir='ltr'><strong>tibi</strong></span> <span class='ocrx_word' id='word_1_487' title='bbox 3091 972 3189 1024; x_wconf 86' lang='lat' dir='ltr'><strong>fata</strong></span> <span class='ocrx_word' id='word_1_488' title='bbox 3220 973 3497 1041; x_wconf 76' lang='lat' dir='ltr'><strong>dedissent,</strong></span> 
     </span>
    </p>
   </div>
   <div class='ocr_carea' id='block_1_72' title="bbox 2118 1056 3369 1126">
    <p class='ocr_par' dir='ltr' id='par_1_72' title="bbox 2118 1056 3369 1126">
     <span class='ocr_line' id='line_1_74' title="bbox 2118 1056 3369 1126; baseline 0.006 -17"><span class='ocrx_word' id='word_1_489' title='bbox 2118 1056 2405 1122; x_wconf 80' lang='lat' dir='ltr'><strong>Majoriane</strong></span> <span class='ocrx_word' id='word_1_490' title='bbox 2432 1057 2602 1126; x_wconf 83' lang='lat' dir='ltr'><strong>ferox,</strong></span> <span class='ocrx_word' id='word_1_491' title='bbox 2634 1060 2897 1114; x_wconf 84' lang='lat' dir='ltr'><strong>vetuisses</strong></span> <span class='ocrx_word' id='word_1_492' title='bbox 2923 1058 3141 1115; x_wconf 82' lang='lat' dir='ltr'><strong>Castora</strong></span> <span class='ocrx_word' id='word_1_493' title='bbox 3175 1063 3369 1123; x_wconf 89' lang='lat' dir='ltr'><strong>frenos.</strong></span> 
     </span>
    </p>
   </div>
   <div class='ocr_carea' id='block_1_73' title="bbox 2116 1144 3350 1221">
    <p class='ocr_par' dir='ltr' id='par_1_73' title="bbox 2116 1144 3350 1221">
     <span class='ocr_line' id='line_1_75' title="bbox 2116 1144 3350 1221; baseline 0.008 -22"><span class='ocrx_word' id='word_1_494' title='bbox 2116 1144 2383 1201; x_wconf 85' lang='lat' dir='ltr'><strong>Pollucem</strong></span> <span class='ocrx_word' id='word_1_495' title='bbox 2415 1157 2630 1213; x_wconf 71' lang='lat' dir='ltr'><strong>caestus,</strong></span> <span class='ocrx_word' id='word_1_496' title='bbox 2660 1150 2915 1205; x_wconf 84' lang='lat' dir='ltr'><strong>Alconem</strong></span> <span class='ocrx_word' id='word_1_497' title='bbox 2942 1151 3145 1219; x_wconf 86' lang='lat' dir='ltr'><strong>spicula</strong></span> <span class='ocrx_word' id='word_1_498' title='bbox 3177 1168 3350 1221; x_wconf 77' lang='lat' dir='ltr'><strong>nosse,</strong></span> 
     </span>
    </p>
   </div>
   <div class='ocr_carea' id='block_1_74' title="bbox 2120 1236 3213 1311">
    <p class='ocr_par' dir='ltr' id='par_1_74' title="bbox 2120 1236 3213 1311">
     <span class='ocr_line' id='line_1_76' title="bbox 2120 1236 3213 1311; baseline 0.005 -21"><span class='ocrx_word' id='word_1_499' title='bbox 2120 1236 2593 1301; x_wconf 62' lang='lat' dir='ltr'><strong>Bellorophontzeis</strong></span> <span class='ocrx_word' id='word_1_500' title='bbox 2623 1240 2970 1295; x_wconf 87' lang='lat' dir='ltr'><strong>insultaturus</strong></span> <span class='ocrx_word' id='word_1_501' title='bbox 3000 1242 3213 1311; x_wconf 89' lang='lat' dir='ltr'><strong>opimis.</strong></span> 
     </span>
    </p>
   </div>
   <div class='ocr_carea' id='block_1_75' title="bbox 2115 1326 3471 1402">
    <p class='ocr_par' dir='ltr' id='par_1_75' title="bbox 2115 1326 3471 1402">
     <span class='ocr_line' id='line_1_77' title="bbox 2115 1326 3471 1402; baseline 0.005 -19"><span class='ocrx_word' id='word_1_502' title='bbox 2115 1326 2172 1383; x_wconf 91' lang='lat' dir='ltr'><strong>Si</strong></span> <span class='ocrx_word' id='word_1_503' title='bbox 2197 1329 2440 1399; x_wconf 80' lang='lat' dir='ltr'><strong>clypeum</strong></span> <span class='ocrx_word' id='word_1_504' title='bbox 2476 1331 2669 1398; x_wconf 89' lang='lat' dir='ltr'><strong>capiat,</strong></span> <span class='ocrx_word' id='word_1_505' title='bbox 2702 1332 2865 1387; x_wconf 88' lang='lat' dir='ltr'><strong>vincit</strong></span> <span class='ocrx_word' id='word_1_506' title='bbox 2899 1334 3188 1390; x_wconf 81' lang='lat' dir='ltr'><strong>Telamone</strong></span> <span class='ocrx_word' id='word_1_507' title='bbox 3215 1347 3471 1402; x_wconf 89' lang='lat' dir='ltr'><strong>creatum,</strong></span> 
     </span>
    </p>
   </div>
   <div class='ocr_carea' id='block_1_76' title="bbox 2118 1419 3547 1497">
    <p class='ocr_par' dir='ltr' id='par_1_76' title="bbox 2118 1419 3547 1497">
     <span class='ocr_line' id='line_1_78' title="bbox 2118 1419 3547 1497; baseline 0.009 -27"><span class='ocrx_word' id='word_1_508' title='bbox 2118 1419 2217 1481; x_wconf 76' lang='lat' dir='ltr'><strong>Qui</strong></span> <span class='ocrx_word' id='word_1_509' title='bbox 2245 1434 2447 1488; x_wconf 89' lang='lat' dir='ltr'><strong>puppes</strong></span> <span class='ocrx_word' id='word_1_510' title='bbox 2474 1420 2615 1475; x_wconf 87' lang='lat' dir='ltr'><strong>inter</strong></span> <span class='ocrx_word' id='word_1_511' title='bbox 2638 1422 2849 1487; x_wconf 72' lang='lat' dir='ltr'><strong>Gta‘as,</strong></span> <span class='ocrx_word' id='word_1_512' title='bbox 2881 1436 3066 1478; x_wconf 90' lang='lat' dir='ltr'><strong>contra</strong></span> <span class='ocrx_word' id='word_1_513' title='bbox 3100 1425 3339 1480; x_wconf 69' lang='lat' dir='ltr'><strong>lli&#39;ctoris</strong></span> <span class='ocrx_word' id='word_1_514' title='bbox 3368 1430 3547 1497; x_wconf 63' lang='grc' dir='ltr'><strong>ἰείη-ιη,</strong></span> 
     </span>
    </p>
   </div>
   <div class='ocr_carea' id='block_1_77' title="bbox 2121 1509 3401 1587">
    <p class='ocr_par' dir='ltr' id='par_1_77' title="bbox 2121 1509 3401 1587">
     <span class='ocr_line' id='line_1_79' title="bbox 2121 1509 3401 1587; baseline 0.009 -25"><span class='ocrx_word' id='word_1_515' title='bbox 2121 1509 2290 1576; x_wconf 91' lang='lat' dir='ltr'><strong>Ipsam</strong></span> <span class='ocrx_word' id='word_1_516' title='bbox 2318 1512 2479 1564; x_wconf 88' lang='lat' dir='ltr'><strong>etiam</strong></span> <span class='ocrx_word' id='word_1_517' title='bbox 2505 1511 2652 1567; x_wconf 81' lang='lat' dir='ltr'><strong>inﬁdi</strong></span> <span class='ocrx_word' id='word_1_518' title='bbox 2681 1514 2907 1568; x_wconf 87' lang='lat' dir='ltr'><strong>classem</strong></span> <span class='ocrx_word' id='word_1_519' title='bbox 2936 1515 3175 1571; x_wconf 91' lang='lat' dir='ltr'><strong>defendit</strong></span> <span class='ocrx_word' id='word_1_520' title='bbox 3205 1518 3401 1587; x_wconf 66' lang='lat' dir='ltr'><strong>lilyxis.</strong></span> 
     </span>
    </p>
   </div>
   <div class='ocr_carea' id='block_1_78' title="bbox 2118 1598 3410 1675">
    <p class='ocr_par' dir='ltr' id='par_1_78' title="bbox 2118 1598 3410 1675">
     <span class='ocr_line' id='line_1_80' title="bbox 2118 1598 3410 1675; baseline 0.008 -23"><span class='ocrx_word' id='word_1_521' title='bbox 2118 1598 2316 1653; x_wconf 58' lang='lat' dir='ltr'><strong>Missile</strong></span> <span class='ocrx_word' id='word_1_522' title='bbox 2344 1600 2389 1654; x_wconf 91' lang='lat' dir='ltr'><strong>si</strong></span> <span class='ocrx_word' id='word_1_523' title='bbox 2420 1609 2618 1670; x_wconf 86' lang='lat' dir='ltr'><strong>quanto</strong></span> <span class='ocrx_word' id='word_1_524' title='bbox 2644 1602 2912 1670; x_wconf 89' lang='lat' dir='ltr'><strong>jaculetur</strong></span> <span class='ocrx_word' id='word_1_525' title='bbox 2939 1605 3178 1674; x_wconf 91' lang='lat' dir='ltr'><strong>pondere</strong></span> <span class='ocrx_word' id='word_1_526' title='bbox 3203 1609 3410 1675; x_wconf 77' lang='lat' dir='ltr'><strong>qmrris,</strong></span> 
     </span>
    </p>
   </div>
   <div class='ocr_carea' id='block_1_79' title="bbox 2118 1689 3451 1763">
    <p class='ocr_par' dir='ltr' id='par_1_79' title="bbox 2118 1689 3451 1763">
     <span class='ocr_line' id='line_1_81' title="bbox 2118 1689 3451 1763; baseline 0.008 -21"><span class='ocrx_word' id='word_1_527' title='bbox 2118 1689 2344 1752; x_wconf 67' lang='lat' dir='ltr'><strong>Segnius</strong></span> <span class='ocrx_word' id='word_1_528' title='bbox 2372 1690 2586 1745; x_wconf 72' lang='lat' dir='ltr'><strong>insertte.</strong></span> <span class='ocrx_word' id='word_1_529' title='bbox 2616 1693 2889 1761; x_wconf 90' lang='lat' dir='ltr'><strong>trepidans</strong></span> <span class='ocrx_word' id='word_1_530' title='bbox 2921 1710 3017 1763; x_wconf 90' lang='lat' dir='ltr'><strong>pro</strong></span> <span class='ocrx_word' id='word_1_531' title='bbox 3047 1695 3193 1749; x_wconf 89' lang='lat' dir='ltr'><strong>fasce</strong></span> <span class='ocrx_word' id='word_1_532' title='bbox 3222 1698 3451 1753; x_wconf 70' lang='lat' dir='ltr'><strong>Camilla:</strong></span> 
     </span>
    </p>
   </div>
   <div class='ocr_carea' id='block_1_80' title="bbox 2043 1780 3380 1847">
    <p class='ocr_par' dir='ltr' id='par_1_80' title="bbox 2043 1780 3380 1847">
     <span class='ocr_line' id='line_1_82' title="bbox 2043 1780 3380 1847; baseline 0.007 -13"><span class='ocrx_word' id='word_1_533' title='bbox 2043 1780 2088 1841; x_wconf 88' lang='lat' dir='ltr'><strong>B</strong></span> <span class='ocrx_word' id='word_1_534' title='bbox 2119 1780 2363 1835; x_wconf 77' lang='lat' dir='ltr'><strong>Excussit</strong></span> <span class='ocrx_word' id='word_1_535' title='bbox 2393 1782 2555 1836; x_wconf 91' lang='lat' dir='ltr'><strong>telum</strong></span> <span class='ocrx_word' id='word_1_536' title='bbox 2585 1783 2839 1847; x_wconf 77' lang='lat' dir='ltr'><strong>Metabus,</strong></span> <span class='ocrx_word' id='word_1_537' title='bbox 2873 1801 2971 1840; x_wconf 91' lang='lat' dir='ltr'><strong>nee</strong></span> <span class='ocrx_word' id='word_1_538' title='bbox 2997 1787 3213 1841; x_wconf 88' lang='lat' dir='ltr'><strong>turbine</strong></span> <span class='ocrx_word' id='word_1_539' title='bbox 3236 1797 3380 1844; x_wconf 87' lang='lat' dir='ltr'><strong>tanto</strong></span> 
     </span>
    </p>
   </div>
   <div class='ocr_carea' id='block_1_81' title="bbox 2115 1870 3319 1943">
    <p class='ocr_par' dir='ltr' id='par_1_81' title="bbox 2115 1870 3319 1943">
     <span class='ocr_line' id='line_1_83' title="bbox 2115 1870 3319 1943; baseline 0.006 -17"><span class='ocrx_word' id='word_1_540' title='bbox 2115 1870 2349 1926; x_wconf 88' lang='lat' dir='ltr'><strong>Stridula</strong></span> <span class='ocrx_word' id='word_1_541' title='bbox 2382 1872 2574 1928; x_wconf 67' lang='lat' dir='ltr'><strong>Pelidae</strong></span> <span class='ocrx_word' id='word_1_542' title='bbox 2599 1888 2694 1943; x_wconf 89' lang='lat' dir='ltr'><strong>per</strong></span> <span class='ocrx_word' id='word_1_543' title='bbox 2719 1875 2934 1931; x_wconf 88' lang='lat' dir='ltr'><strong>Troilon</strong></span> <span class='ocrx_word' id='word_1_544' title='bbox 2960 1877 3091 1933; x_wconf 81' lang='lat' dir='ltr'><strong>exiit</strong></span> <span class='ocrx_word' id='word_1_545' title='bbox 3118 1894 3319 1933; x_wconf 88' lang='lat' dir='ltr'><strong>ornus:</strong></span> 
     </span>
    </p>
   </div>
   <div class='ocr_carea' id='block_1_82' title="bbox 2115 1962 3565 2037">
    <p class='ocr_par' dir='ltr' id='par_1_82' title="bbox 2115 1962 3565 2037">
     <span class='ocr_line' id='line_1_84' title="bbox 2115 1962 3565 2037; baseline 0.006 -17"><span class='ocrx_word' id='word_1_546' title='bbox 2115 1965 2274 2037; x_wconf 77' lang='lat'><strong>315</strong></span> <span class='ocrx_word' id='word_1_547' title='bbox 2302 1966 2409 2021; x_wconf 81' lang='lat' dir='ltr'><strong>Nec</strong></span> <span class='ocrx_word' id='word_1_548' title='bbox 2434 1969 2510 2021; x_wconf 70' lang='lat' dir='ltr'><strong>sic</strong></span> <span class='ocrx_word' id='word_1_549' title='bbox 2541 1962 2760 2023; x_wconf 84' lang='lat' dir='ltr'><strong>heroum</strong></span> <span class='ocrx_word' id='word_1_550' title='bbox 2793 1970 3090 2025; x_wconf 87' lang='lat' dir='ltr'><strong>tardantem</strong></span> <span class='ocrx_word' id='word_1_551' title='bbox 3126 1972 3279 2027; x_wconf 89' lang='lat' dir='ltr'><strong>busta</strong></span> <span class='ocrx_word' id='word_1_552' title='bbox 3304 1972 3565 2029; x_wconf 85' lang='lat' dir='ltr'><strong>Creontem</strong></span> 
     </span>
    </p>
   </div>
   <div class='ocr_carea' id='block_1_83' title="bbox 2120 2057 3415 2134">
    <p class='ocr_par' dir='ltr' id='par_1_83' title="bbox 2120 2057 3415 2134">
     <span class='ocr_line' id='line_1_85' title="bbox 2120 2057 3415 2134; baseline 0.007 -23"><span class='ocrx_word' id='word_1_553' title='bbox 2120 2057 2329 2112; x_wconf 83' lang='lat' dir='ltr'><strong>Atticus</strong></span> <span class='ocrx_word' id='word_1_554' title='bbox 2357 2058 2575 2128; x_wconf 61' lang='lat' dir='ltr'><strong>IEgides</strong></span> <span class='ocrx_word' id='word_1_555' title='bbox 2599 2061 2741 2127; x_wconf 88' lang='lat' dir='ltr'><strong>rupit</strong></span> <span class='ocrx_word' id='word_1_556' title='bbox 2770 2060 3142 2118; x_wconf 80' lang='lat' dir='ltr'><strong>Marathonide</strong></span> <span class='ocrx_word' id='word_1_557' title='bbox 3170 2079 3368 2134; x_wconf 89' lang='lat' dir='ltr'><strong>quercu</strong></span> <span class='ocrx_word' id='word_1_558' title='bbox 3392 2083 3415 2120; x_wconf 58' lang='grc' dir='ltr'><strong>ι</strong></span> 
     </span>
    </p>
   </div>
   <div class='ocr_carea' id='block_1_84' title="bbox 2120 2147 3377 2210">
    <p class='ocr_par' dir='ltr' id='par_1_84' title="bbox 2120 2147 3377 2210">
     <span class='ocr_line' id='line_1_86' title="bbox 2120 2147 3377 2210; baseline 0.006 -7"><span class='ocrx_word' id='word_1_559' title='bbox 2120 2147 2230 2203; x_wconf 82' lang='lat' dir='ltr'><strong>Nec</strong></span> <span class='ocrx_word' id='word_1_560' title='bbox 2258 2150 2337 2204; x_wconf 89' lang='lat' dir='ltr'><strong>sic</strong></span> <span class='ocrx_word' id='word_1_561' title='bbox 2365 2149 2622 2205; x_wconf 87' lang='lat' dir='ltr'><strong>intortum</strong></span> <span class='ocrx_word' id='word_1_562' title='bbox 2651 2151 2860 2206; x_wconf 67' lang='lat' dir='ltr'><strong>violatae</strong></span> <span class='ocrx_word' id='word_1_563' title='bbox 2889 2152 3194 2209; x_wconf 73' lang='lat' dir='ltr'><strong>Pltmbados</strong></span> <span class='ocrx_word' id='word_1_564' title='bbox 3218 2155 3377 2210; x_wconf 90' lang='lat' dir='ltr'><strong>ultrix</strong></span> 
     </span>
    </p>
   </div>
   <div class='ocr_carea' id='block_1_85' title="bbox 2115 2239 3413 2316">
    <p class='ocr_par' dir='ltr' id='par_1_85' title="bbox 2115 2239 3413 2316">
     <span class='ocr_line' id='line_1_87' title="bbox 2115 2239 3413 2316; baseline 0.006 -22"><span class='ocrx_word' id='word_1_565' title='bbox 2115 2239 2170 2294; x_wconf 92' lang='lat' dir='ltr'><strong>In</strong></span> <span class='ocrx_word' id='word_1_566' title='bbox 2201 2239 2411 2295; x_wconf 85' lang='lat' dir='ltr'><strong>Danaos</strong></span> <span class='ocrx_word' id='word_1_567' title='bbox 2443 2239 2640 2296; x_wconf 89' lang='lat' dir='ltr'><strong>fulmen</strong></span> <span class='ocrx_word' id='word_1_568' title='bbox 2666 2242 2818 2312; x_wconf 88' lang='lat' dir='ltr'><strong>jecit,</strong></span> <span class='ocrx_word' id='word_1_569' title='bbox 2850 2258 2969 2298; x_wconf 91' lang='lat' dir='ltr'><strong>cum</strong></span> <span class='ocrx_word' id='word_1_570' title='bbox 3002 2243 3211 2299; x_wconf 67' lang='lat' dir='ltr'><strong>Graecia</strong></span> <span class='ocrx_word' id='word_1_571' title='bbox 3241 2247 3413 2316; x_wconf 78' lang='lat' dir='ltr'><strong>Trojte</strong></span> 
     </span>
    </p>
   </div>
   <div class='ocr_carea' id='block_1_86' title="bbox 2116 2330 3658 2407">
    <p class='ocr_par' dir='ltr' id='par_1_86' title="bbox 2116 2330 3658 2407">
     <span class='ocr_line' id='line_1_88' title="bbox 2116 2330 3658 2407; baseline 0.004 -22"><span class='ocrx_word' id='word_1_572' title='bbox 2116 2330 2336 2386; x_wconf 85' lang='lat' dir='ltr'><strong>Noctem</strong></span> <span class='ocrx_word' id='word_1_573' title='bbox 2360 2332 2564 2399; x_wconf 89' lang='lat' dir='ltr'><strong>habuit,</strong></span> <span class='ocrx_word' id='word_1_574' title='bbox 2586 2334 2920 2401; x_wconf 89' lang='lat' dir='ltr'><strong>similemque</strong></span> <span class='ocrx_word' id='word_1_575' title='bbox 2944 2335 3134 2396; x_wconf 89' lang='lat' dir='ltr'><strong>facem.</strong></span> <span class='ocrx_word' id='word_1_576' title='bbox 3160 2338 3393 2407; x_wconf 84' lang='lat' dir='ltr'><strong>fixusque</strong></span> <span class='ocrx_word' id='word_1_577' title='bbox 3414 2338 3658 2407; x_wconf 71' lang='lat' dir='ltr'><strong>Caphare‘.</strong></span> 
     </span>
    </p>
   </div>
   <div class='ocr_carea' id='block_1_87' title="bbox 2114 2422 3525 2494">
    <p class='ocr_par' dir='ltr' id='par_1_87' title="bbox 2114 2422 3525 2494">
     <span class='ocr_line' id='line_1_89' title="bbox 2114 2422 3525 2494; baseline 0.003 -16"><span class='ocrx_word' id='word_1_578' title='bbox 2114 2422 2374 2479; x_wconf 85' lang='lat' dir='ltr'><strong>Cautibus</strong></span> <span class='ocrx_word' id='word_1_579' title='bbox 2403 2424 2546 2480; x_wconf 90' lang='lat' dir='ltr'><strong>inter</strong></span> <span class='ocrx_word' id='word_1_580' title='bbox 2569 2439 2733 2494; x_wconf 89' lang='lat' dir='ltr'><strong>aquas</strong></span> <span class='ocrx_word' id='word_1_581' title='bbox 2764 2426 3030 2481; x_wconf 86' lang='lat' dir='ltr'><strong>llammatn</strong></span> <span class='ocrx_word' id='word_1_582' title='bbox 3063 2428 3311 2482; x_wconf 84' lang='lat' dir='ltr'><strong>ruetabat</strong></span> <span class='ocrx_word' id='word_1_583' title='bbox 3338 2428 3525 2483; x_wconf 67' lang='lat' dir='ltr'><strong>Oileus.</strong></span> 
     </span>
    </p>
   </div>
   <div class='ocr_carea' id='block_1_88' title="bbox 2184 2516 3656 2590">
    <p class='ocr_par' dir='ltr' id='par_1_88' title="bbox 2184 2516 3656 2590">
     <span class='ocr_line' id='line_1_90' title="bbox 2184 2516 3656 2590; baseline 0.001 -19"><span class='ocrx_word' id='word_1_584' title='bbox 2184 2516 2350 2572; x_wconf 82' lang='lat' dir='ltr'><strong>Parva</strong></span> <span class='ocrx_word' id='word_1_585' title='bbox 2365 2518 2584 2588; x_wconf 88' lang='lat' dir='ltr'><strong>loquor:</strong></span> <span class='ocrx_word' id='word_1_586' title='bbox 2609 2518 2733 2587; x_wconf 87' lang='lat' dir='ltr'><strong>quid</strong></span> <span class='ocrx_word' id='word_1_587' title='bbox 2769 2521 2910 2589; x_wconf 89' lang='lat' dir='ltr'><strong>quod</strong></span> <span class='ocrx_word' id='word_1_588' title='bbox 2951 2521 3167 2590; x_wconf 89' lang='lat' dir='ltr'><strong>quoties</strong></span> <span class='ocrx_word' id='word_1_589' title='bbox 3191 2520 3284 2575; x_wconf 90' lang='lat' dir='ltr'><strong>tibi</strong></span> <span class='ocrx_word' id='word_1_590' title='bbox 3324 2521 3455 2575; x_wconf 81' lang='lat' dir='ltr'><strong>bella</strong></span> <span class='ocrx_word' id='word_1_591' title='bbox 3497 2536 3656 2589; x_wconf 84' lang='lat' dir='ltr'><strong>gerun-</strong></span> 
     </span>
    </p>
   </div>
   <div class='ocr_carea' id='block_1_89' title="bbox 2752 2612 3601 2685">
    <p class='ocr_par' dir='ltr' id='par_1_89' title="bbox 2752 2612 3601 2685">
     <span class='ocr_line' id='line_1_91' title="bbox 2752 2612 3601 2685; baseline 0.001 -23"><span class='ocrx_word' id='word_1_592' title='bbox 2752 2666 2755 2669; x_wconf 96' lang='lat'><em>_</em></span> <span class='ocrx_word' id='word_1_593' title='bbox 3060 2640 3063 2647; x_wconf 71' lang='grc' dir='ltr'><strong><em>ι</em></strong></span> <span class='ocrx_word' id='word_1_594' title='bbox 3492 2612 3601 2685; x_wconf 86' lang='lat' dir='ltr'><strong>[tur,</strong></span> 
     </span>
    </p>
   </div>
   <div class='ocr_carea' id='block_1_90' title="bbox 2112 2696 3544 2773">
    <p class='ocr_par' dir='ltr' id='par_1_90' title="bbox 2112 2696 3544 2773">
     <span class='ocr_line' id='line_1_92' title="bbox 2112 2696 3544 2773; baseline 0.004 -21"><span class='ocrx_word' id='word_1_595' title='bbox 2112 2696 2414 2766; x_wconf 77' lang='lat' dir='ltr'><strong>Discipulos</strong></span> <span class='ocrx_word' id='word_1_596' title='bbox 2440 2715 2546 2755; x_wconf 92' lang='lat' dir='ltr'><strong>non</strong></span> <span class='ocrx_word' id='word_1_597' title='bbox 2586 2700 2741 2756; x_wconf 91' lang='lat' dir='ltr'><strong>miles</strong></span> <span class='ocrx_word' id='word_1_598' title='bbox 2766 2700 2953 2756; x_wconf 86' lang='lat' dir='ltr'><strong>adest?</strong></span> <span class='ocrx_word' id='word_1_599' title='bbox 2983 2713 3039 2758; x_wconf 94' lang='lat' dir='ltr'><strong>et</strong></span> <span class='ocrx_word' id='word_1_600' title='bbox 3067 2703 3225 2773; x_wconf 84' lang='lat' dir='ltr'><strong>lingit</strong></span> <span class='ocrx_word' id='word_1_601' title='bbox 3254 2705 3544 2770; x_wconf 86' lang='lat' dir='ltr'><strong>alumnum,</strong></span> 
     </span>
    </p>
   </div>
   <div class='ocr_carea' id='block_1_91' title="bbox 2112 2795 3435 2868">
    <p class='ocr_par' dir='ltr' id='par_1_91' title="bbox 2112 2795 3435 2868">
     <span class='ocr_line' id='line_1_93' title="bbox 2112 2795 3435 2868; baseline 0.002 -18"><span class='ocrx_word' id='word_1_602' title='bbox 2112 2795 2361 2850; x_wconf 60' lang='lat' dir='ltr'><strong>[Emnlus</strong></span> <span class='ocrx_word' id='word_1_603' title='bbox 2391 2806 2611 2852; x_wconf 83' lang='lat' dir='ltr'><strong>econtra</strong></span> <span class='ocrx_word' id='word_1_604' title='bbox 2637 2800 2883 2866; x_wconf 76' lang='lat' dir='ltr'><strong>spectat?</strong></span> <span class='ocrx_word' id='word_1_605' title='bbox 2908 2799 3048 2868; x_wconf 89' lang='lat' dir='ltr'><strong>quod</strong></span> <span class='ocrx_word' id='word_1_606' title='bbox 3077 2800 3279 2854; x_wconf 90' lang='lat' dir='ltr'><strong>viceris</strong></span> <span class='ocrx_word' id='word_1_607' title='bbox 3306 2800 3435 2865; x_wconf 88' lang='lat' dir='ltr'><strong>odit,</strong></span> 
     </span>
    </p>
   </div>
   <div class='ocr_carea' id='block_1_92' title="bbox 2115 2885 3475 2954">
    <p class='ocr_par' dir='ltr' id='par_1_92' title="bbox 2115 2885 3475 2954">
     <span class='ocr_line' id='line_1_94' title="bbox 2115 2885 3475 2954; baseline 0.001 -13"><span class='ocrx_word' id='word_1_608' title='bbox 2115 2887 2177 2941; x_wconf 84' lang='lat' dir='ltr'><strong>Et</strong></span> <span class='ocrx_word' id='word_1_609' title='bbox 2200 2902 2335 2954; x_wconf 89' lang='lat' dir='ltr'><strong>quos</strong></span> <span class='ocrx_word' id='word_1_610' title='bbox 2358 2885 2528 2940; x_wconf 72' lang='lat' dir='ltr'><strong>vincis</strong></span> <span class='ocrx_word' id='word_1_611' title='bbox 2552 2898 2693 2942; x_wconf 88' lang='lat' dir='ltr'><strong>amat</strong></span> <span class='ocrx_word' id='word_1_612' title='bbox 2733 2904 2749 2943; x_wconf 90' lang='lat'><strong>:</strong></span> <span class='ocrx_word' id='word_1_613' title='bbox 2780 2898 2921 2943; x_wconf 88' lang='lat' dir='ltr'><strong>totus</strong></span> <span class='ocrx_word' id='word_1_614' title='bbox 2945 2889 3203 2943; x_wconf 91' lang='lat' dir='ltr'><strong>dormitat</strong></span> <span class='ocrx_word' id='word_1_615' title='bbox 3234 2891 3298 2943; x_wconf 87' lang='lat' dir='ltr'><strong>ad</strong></span> <span class='ocrx_word' id='word_1_616' title='bbox 3323 2890 3475 2944; x_wconf 72' lang='lat' dir='ltr'><strong>iatum</strong></span> 
     </span>
    </p>
   </div>
   <div class='ocr_carea' id='block_1_93' title="bbox 2120 2980 3478 3051">
    <p class='ocr_par' dir='ltr' id='par_1_93' title="bbox 2120 2980 3478 3051">
     <span class='ocr_line' id='line_1_95' title="bbox 2120 2980 3478 3051; baseline 0.001 -16"><span class='ocrx_word' id='word_1_617' title='bbox 2120 2980 2340 3047; x_wconf 79' lang='lat' dir='ltr'><strong>Magnus</strong></span> <span class='ocrx_word' id='word_1_618' title='bbox 2369 2980 2693 3044; x_wconf 84' lang='lat' dir='ltr'><strong>Alexander,</strong></span> <span class='ocrx_word' id='word_1_619' title='bbox 2727 2981 2891 3050; x_wconf 90' lang='lat' dir='ltr'><strong>patris</strong></span> <span class='ocrx_word' id='word_1_620' title='bbox 2918 2998 3074 3051; x_wconf 90' lang='lat' dir='ltr'><strong>quem</strong></span> <span class='ocrx_word' id='word_1_621' title='bbox 3102 2984 3280 3051; x_wconf 83' lang='lat' dir='ltr'><strong>gloria</strong></span> <span class='ocrx_word' id='word_1_622' title='bbox 3314 2984 3478 3036; x_wconf 86' lang='lat' dir='ltr'><strong>torsit.</strong></span> 
     </span>
    </p>
   </div>
   <div class='ocr_carea' id='block_1_94' title="bbox 2121 3073 3486 3145">
    <p class='ocr_par' dir='ltr' id='par_1_94' title="bbox 2121 3073 3486 3145">
     <span class='ocr_line' id='line_1_96' title="bbox 2121 3073 3486 3145; baseline 0.001 -18"><span class='ocrx_word' id='word_1_623' title='bbox 2121 3074 2258 3140; x_wconf 87' lang='lat' dir='ltr'><strong>Quid</strong></span> <span class='ocrx_word' id='word_1_624' title='bbox 2289 3073 2478 3127; x_wconf 86' lang='lat' dir='ltr'><strong>faciam</strong></span> <span class='ocrx_word' id='word_1_625' title='bbox 2508 3073 2732 3128; x_wconf 85' lang='lat' dir='ltr'><strong>infelix?</strong></span> <span class='ocrx_word' id='word_1_626' title='bbox 2765 3086 2885 3128; x_wconf 91' lang='lat' dir='ltr'><strong>nato</strong></span> <span class='ocrx_word' id='word_1_627' title='bbox 2909 3090 3030 3144; x_wconf 75' lang='lat' dir='ltr'><strong>qua:</strong></span> <span class='ocrx_word' id='word_1_628' title='bbox 3060 3090 3229 3145; x_wconf 68' lang='lat' dir='ltr'><strong>regna</strong></span> <span class='ocrx_word' id='word_1_629' title='bbox 3259 3075 3486 3144; x_wconf 87' lang='lat' dir='ltr'><strong>parabo,</strong></span> 
     </span>
    </p>
   </div>
   <div class='ocr_carea' id='block_1_95' title="bbox 2041 3157 3356 3237">
    <p class='ocr_par' dir='ltr' id='par_1_95' title="bbox 2041 3157 3356 3237">
     <span class='ocr_line' id='line_1_97' title="bbox 2041 3157 3356 3237; baseline 0.002 -18"><span class='ocrx_word' id='word_1_630' title='bbox 2041 3157 2087 3219; x_wconf 90' lang='lat' dir='ltr'><strong>C</strong></span> <span class='ocrx_word' id='word_1_631' title='bbox 2122 3166 2346 3220; x_wconf 81' lang='lat' dir='ltr'><strong>Exclusa</strong></span> <span class='ocrx_word' id='word_1_632' title='bbox 2374 3166 2600 3237; x_wconf 89' lang='lat' dir='ltr'><strong>sceptris</strong></span> <span class='ocrx_word' id='word_1_633' title='bbox 2624 3167 2843 3233; x_wconf 88' lang='lat' dir='ltr'><strong>Geticis,</strong></span> <span class='ocrx_word' id='word_1_634' title='bbox 2874 3167 3180 3236; x_wconf 85' lang='lat' dir='ltr'><strong>respublica</strong></span> <span class='ocrx_word' id='word_1_635' title='bbox 3204 3170 3247 3223; x_wconf 90' lang='lat' dir='ltr'><strong>si</strong></span> <span class='ocrx_word' id='word_1_636' title='bbox 3272 3184 3356 3222; x_wconf 91' lang='lat' dir='ltr'><strong>me</strong></span> 
     </span>
    </p>
   </div>
   <div class='ocr_carea' id='block_1_96' title="bbox 2119 3257 3611 3329">
    <p class='ocr_par' dir='ltr' id='par_1_96' title="bbox 2119 3257 3611 3329">
     <span class='ocr_line' id='line_1_98' title="bbox 2119 3257 3611 3329; baseline -0.001 -16"><span class='ocrx_word' id='word_1_637' title='bbox 2119 3259 2388 3325; x_wconf 66' lang='lat' dir='ltr'><strong>Praeterit,</strong></span> <span class='ocrx_word' id='word_1_638' title='bbox 2421 3271 2474 3313; x_wconf 91' lang='lat' dir='ltr'><strong>et</strong></span> <span class='ocrx_word' id='word_1_639' title='bbox 2508 3257 2529 3298; x_wconf 69' lang='grc' dir='ltr'>ί</span> <span class='ocrx_word' id='word_1_640' title='bbox 2564 3276 2759 3326; x_wconf 90' lang='lat' dir='ltr'><strong>parvus</strong></span> <span class='ocrx_word' id='word_1_641' title='bbox 2787 3276 2949 3329; x_wconf 88' lang='lat' dir='ltr'><strong>super</strong></span> <span class='ocrx_word' id='word_1_642' title='bbox 2978 3261 3077 3314; x_wconf 91' lang='lat' dir='ltr'><strong>hoc</strong></span> <span class='ocrx_word' id='word_1_643' title='bbox 3109 3260 3442 3316; x_wconf 88' lang='lat' dir='ltr'><strong>Gaudentius</strong></span> <span class='ocrx_word' id='word_1_644' title='bbox 3473 3257 3611 3328; x_wconf 86' lang='lat' dir='ltr'><strong>hujus</strong></span> 
     </span>
    </p>
   </div>
   <div class='ocr_carea' id='block_1_97' title="bbox 2117 3350 3303 3418">
    <p class='ocr_par' dir='ltr' id='par_1_97' title="bbox 2117 3350 3303 3418">
     <span class='ocr_line' id='line_1_99' title="bbox 2117 3350 3303 3418; baseline -0.001 -14"><span class='ocrx_word' id='word_1_645' title='bbox 2117 3350 2364 3405; x_wconf 88' lang='lat' dir='ltr'><strong>Calcatur</strong></span> <span class='ocrx_word' id='word_1_646' title='bbox 2393 3350 2548 3407; x_wconf 82' lang='lat' dir='ltr'><strong>fatis?</strong></span> <span class='ocrx_word' id='word_1_647' title='bbox 2574 3351 2731 3406; x_wconf 91' lang='lat' dir='ltr'><strong>istum</strong></span> <span class='ocrx_word' id='word_1_648' title='bbox 2759 3352 2869 3418; x_wconf 91' lang='lat' dir='ltr'><strong>jam</strong></span> <span class='ocrx_word' id='word_1_649' title='bbox 2898 3350 3066 3405; x_wconf 84' lang='lat' dir='ltr'><strong>Gallia</strong></span> <span class='ocrx_word' id='word_1_650' title='bbox 3092 3351 3303 3417; x_wconf 89' lang='lat' dir='ltr'><strong>laudat,</strong></span> 
     </span>
    </p>
   </div>
   <div class='ocr_carea' id='block_1_98' title="bbox 2120 3437 3665 3512">
    <p class='ocr_par' dir='ltr' id='par_1_98' title="bbox 2120 3437 3665 3512">
     <span class='ocr_line' id='line_1_100' title="bbox 2120 3437 3665 3512; baseline -0.002 -18"><span class='ocrx_word' id='word_1_651' title='bbox 2120 3443 2379 3511; x_wconf 79' lang='lat' dir='ltr'><strong>Quodque</strong></span> <span class='ocrx_word' id='word_1_652' title='bbox 2403 3458 2498 3511; x_wconf 91' lang='lat' dir='ltr'><strong>per</strong></span> <span class='ocrx_word' id='word_1_653' title='bbox 2521 3443 2786 3511; x_wconf 88' lang='lat' dir='ltr'><strong>Europam</strong></span> <span class='ocrx_word' id='word_1_654' title='bbox 2813 3453 2897 3497; x_wconf 86' lang='lat' dir='ltr'><strong>est</strong></span> <span class='ocrx_word' id='word_1_655' title='bbox 2920 3460 2933 3494; x_wconf 93' lang='lat'><strong>:</strong></span> <span class='ocrx_word' id='word_1_656' title='bbox 2960 3442 3152 3512; x_wconf 90' lang='lat' dir='ltr'><strong>rigidis</strong></span> <span class='ocrx_word' id='word_1_657' title='bbox 3175 3442 3317 3497; x_wconf 93' lang='lat' dir='ltr'><strong>hunc</strong></span> <span class='ocrx_word' id='word_1_658' title='bbox 3340 3439 3498 3494; x_wconf 88' lang='lat' dir='ltr'><strong>abluit</strong></span> <span class='ocrx_word' id='word_1_659' title='bbox 3518 3437 3665 3501; x_wconf 66' lang='lat' dir='ltr'><strong>undis</strong></span> 
     </span>
    </p>
   </div>
   <div class='ocr_carea' id='block_1_99' title="bbox 2122 3532 3667 3601">
    <p class='ocr_par' dir='ltr' id='par_1_99' title="bbox 2122 3532 3667 3601">
     <span class='ocr_line' id='line_1_101' title="bbox 2122 3532 3667 3601; baseline -0.005 -14"><span class='ocrx_word' id='word_1_660' title='bbox 2122 3533 2374 3601; x_wconf 79' lang='lat' dir='ltr'><strong>Rhenus,</strong></span> <span class='ocrx_word' id='word_1_661' title='bbox 2408 3537 2563 3600; x_wconf 75' lang='lat' dir='ltr'><strong>Arar,</strong></span> <span class='ocrx_word' id='word_1_662' title='bbox 2596 3533 2911 3601; x_wconf 77' lang='lat' dir='ltr'><strong>Rhodanus,</strong></span> <span class='ocrx_word' id='word_1_663' title='bbox 2944 3533 3109 3597; x_wconf 82' lang='lat' dir='ltr'><strong>Mosa,</strong></span> <span class='ocrx_word' id='word_1_664' title='bbox 3146 3534 3403 3595; x_wconf 80' lang='lat' dir='ltr'><strong>Matrona,</strong></span> <span class='ocrx_word' id='word_1_665' title='bbox 3434 3532 3667 3597; x_wconf 86' lang='lat' dir='ltr'><strong>Sequana,</strong></span> 
     </span>
    </p>
   </div>
   <div class='ocr_carea' id='block_1_100' title="bbox 3344 3621 3607 3695">
    <p class='ocr_par' dir='ltr' id='par_1_100' title="bbox 3344 3621 3607 3695">
     <span class='ocr_line' id='line_1_102' title="bbox 3344 3621 3607 3695; baseline 0.008 -25"><span class='ocrx_word' id='word_1_666' title='bbox 3344 3622 3400 3695; x_wconf 78' lang='grc' dir='ltr'><strong>[ε</strong></span> <span class='ocrx_word' id='word_1_667' title='bbox 3434 3621 3607 3682; x_wconf 86' lang='lat' dir='ltr'><strong>Ledus,</strong></span> 
     </span>
    </p>
   </div>
   <div class='ocr_carea' id='block_1_101' title="bbox 2121 3776 3671 3855">
    <p class='ocr_par' dir='ltr' id='par_1_101' title="bbox 2121 3776 3671 3855">
     <span class='ocr_line' id='line_1_103' title="bbox 2121 3776 3671 3855; baseline -0.005 -22"><span class='ocrx_word' id='word_1_668' title='bbox 2121 3788 2331 3855; x_wconf 59' lang='lat' dir='ltr'><strong>vqra’ou</strong></span> <span class='ocrx_word' id='word_1_669' title='bbox 2351 3820 2363 3836; x_wconf 90' lang='lat'><strong>.</strong></span> <span class='ocrx_word' id='word_1_670' title='bbox 2400 3777 2454 3855; x_wconf 68' lang='grc' dir='ltr'><strong>ᾃς</strong></span> <span class='ocrx_word' id='word_1_671' title='bbox 2482 3782 2566 3834; x_wconf 78' lang='grc' dir='ltr'><strong>ἐπὶ</strong></span> <span class='ocrx_word' id='word_1_672' title='bbox 2584 3781 2771 3855; x_wconf 44' lang='grc' dir='ltr'><strong>,Θήϐας</strong></span> <span class='ocrx_word' id='word_1_673' title='bbox 2807 3782 3234 3855; x_wconf 36' lang='grc' dir='ltr'><strong>ἔστρατεύσατοέ</strong></span> <span class='ocrx_word' id='word_1_674' title='bbox 3247 3779 3431 3855; x_wconf 63' lang='lat' dir='ltr'><strong>Genui!</strong></span> <span class='ocrx_word' id='word_1_675' title='bbox 3458 3794 3516 3831; x_wconf 71' lang='lat' dir='ltr'><strong>ea:</strong></span> <span class='ocrx_word' id='word_1_676' title='bbox 3546 3776 3671 3855; x_wconf 67' lang='lat' dir='ltr'><strong>Miltt~</strong></span> 
     </span>
    </p>
   </div>
   <div class='ocr_carea' id='block_1_102' title="bbox 2123 3847 3673 3920">
    <p class='ocr_par' dir='ltr' id='par_1_102' title="bbox 2123 3847 3673 3920">
     <span class='ocr_line' id='line_1_104' title="bbox 2123 3847 3673 3920; baseline -0.002 -20"><span class='ocrx_word' id='word_1_677' title='bbox 2123 3852 2273 3901; x_wconf 81' lang='lat' dir='ltr'><strong>niune</strong></span> <span class='ocrx_word' id='word_1_678' title='bbox 2300 3851 2541 3903; x_wconf 81' lang='lat' dir='ltr'><strong>Atalanta</strong></span> <span class='ocrx_word' id='word_1_679' title='bbox 2575 3847 3004 3919; x_wconf 60' lang='lat' dir='ltr'><strong>Parthenopam&quot;:</strong></span> <span class='ocrx_word' id='word_1_680' title='bbox 3025 3891 3041 3918; x_wconf 92' lang='lat'><strong>,</strong></span> <span class='ocrx_word' id='word_1_681' title='bbox 3070 3857 3161 3920; x_wconf 78' lang='lat' dir='ltr'><strong>qui</strong></span> <span class='ocrx_word' id='word_1_682' title='bbox 3194 3851 3474 3904; x_wconf 81' lang='lat' dir='ltr'><strong>Thebanam</strong></span> <span class='ocrx_word' id='word_1_683' title='bbox 3496 3847 3673 3916; x_wconf 64' lang='lat' dir='ltr'><strong>mpedi-</strong></span> 
     </span>
    </p>
   </div>
   <div class='ocr_carea' id='block_1_103' title="bbox 2122 3921 2647 3972">
    <p class='ocr_par' dir='ltr' id='par_1_103' title="bbox 2122 3921 2647 3972">
     <span class='ocr_line' id='line_1_105' title="bbox 2122 3921 2647 3972; baseline 0.002 -1"><span class='ocrx_word' id='word_1_684' title='bbox 2122 3921 2309 3971; x_wconf 75' lang='lat' dir='ltr'><strong>tionem</strong></span> <span class='ocrx_word' id='word_1_685' title='bbox 2332 3931 2529 3972; x_wconf 78' lang='lat' dir='ltr'><strong>secutus</strong></span> <span class='ocrx_word' id='word_1_686' title='bbox 2552 3930 2647 3972; x_wconf 81' lang='lat' dir='ltr'><strong>est.</strong></span> 
     </span>
    </p>
   </div>
   <div class='ocr_carea' id='block_1_104' title="bbox 2199 3988 3674 4053">
    <p class='ocr_par' dir='ltr' id='par_1_104' title="bbox 2199 3988 3674 4053">
     <span class='ocr_line' id='line_1_106' title="bbox 2199 3988 3674 4053; baseline -0.004 -10"><span class='ocrx_word' id='word_1_687' title='bbox 2199 4000 2222 4026; x_wconf 77' lang='grc' dir='ltr'><strong>ο</strong></span> <span class='ocrx_word' id='word_1_688' title='bbox 2257 3991 2577 4043; x_wconf 84' lang='lat' dir='ltr'><strong>Atalantam.</strong></span> <span class='ocrx_word' id='word_1_689' title='bbox 2601 3992 2764 4044; x_wconf 86' lang='lat' dir='ltr'><strong>Antea</strong></span> <span class='ocrx_word' id='word_1_690' title='bbox 2793 3989 3013 4043; x_wconf 80' lang='lat' dir='ltr'><strong>Martem</strong></span> <span class='ocrx_word' id='word_1_691' title='bbox 3035 3990 3332 4053; x_wconf 68' lang='lat' dir='ltr'><strong>legebatur,</strong></span> <span class='ocrx_word' id='word_1_692' title='bbox 3359 3988 3496 4042; x_wconf 91' lang='lat' dir='ltr'><strong>nullo</strong></span> <span class='ocrx_word' id='word_1_693' title='bbox 3517 4000 3674 4039; x_wconf 77' lang='lat' dir='ltr'><strong>sensu.</strong></span> 
     </span>
    </p>
   </div>
   <div class='ocr_carea' id='block_1_105' title="bbox 2128 4059 3675 4134">
    <p class='ocr_par' dir='ltr' id='par_1_105' title="bbox 2128 4059 3675 4134">
     <span class='ocr_line' id='line_1_107' title="bbox 2128 4059 3675 4134; baseline -0.014 -8"><span class='ocrx_word' id='word_1_694' title='bbox 2128 4059 2308 4134; x_wconf 66' lang='grc' dir='ltr'><strong>1*,³ηιεθ</strong></span> <span class='ocrx_word' id='word_1_695' title='bbox 2332 4070 2473 4114; x_wconf 63' lang='lat' dir='ltr'><strong>(“cita</strong></span> <span class='ocrx_word' id='word_1_696' title='bbox 2513 4070 2594 4114; x_wconf 81' lang='lat' dir='ltr'><strong>est</strong></span> <span class='ocrx_word' id='word_1_697' title='bbox 2622 4072 2673 4113; x_wconf 91' lang='lat' dir='ltr'><strong>el</strong></span> <span class='ocrx_word' id='word_1_698' title='bbox 2705 4064 3037 4134; x_wconf 68' lang='lat' dir='ltr'><strong>necessaria,</strong></span> <span class='ocrx_word' id='word_1_699' title='bbox 3074 4061 3203 4114; x_wconf 85' lang='lat' dir='ltr'><strong>licet</strong></span> <span class='ocrx_word' id='word_1_700' title='bbox 3233 4060 3675 4134; x_wconf 35' lang='lat' dir='ltr'><strong>UIIlIlS‘lallllllII‘ﬁi</strong></span> 
     </span>
    </p>
   </div>
   <div class='ocr_carea' id='block_1_106' title="bbox 2124 4125 3675 4197">
    <p class='ocr_par' dir='ltr' id='par_1_106' title="bbox 2124 4125 3675 4197">
     <span class='ocr_line' id='line_1_108' title="bbox 2124 4125 3675 4197; baseline -0.005 -15"><span class='ocrx_word' id='word_1_701' title='bbox 2124 4130 2373 4192; x_wconf 84' lang='lat' dir='ltr'><strong>alterius,</strong></span> <span class='ocrx_word' id='word_1_702' title='bbox 2417 4145 2515 4183; x_wconf 88' lang='lat' dir='ltr'><strong>nec</strong></span> <span class='ocrx_word' id='word_1_703' title='bbox 2553 4135 2875 4197; x_wconf 88' lang='lat' dir='ltr'><strong>optimorum</strong></span> <span class='ocrx_word' id='word_1_704' title='bbox 2916 4130 3186 4195; x_wconf 87' lang='lat' dir='ltr'><strong>codicum,</strong></span> <span class='ocrx_word' id='word_1_705' title='bbox 3223 4129 3537 4184; x_wconf 89' lang='lat' dir='ltr'><strong>emendatio.</strong></span> <span class='ocrx_word' id='word_1_706' title='bbox 3577 4125 3675 4176; x_wconf 79' lang='lat' dir='ltr'><strong>Filii</strong></span> 
     </span>
    </p>
   </div>
   <div class='ocr_carea' id='block_1_107' title="bbox 2125 4197 3674 4266">
    <p class='ocr_par' dir='ltr' id='par_1_107' title="bbox 2125 4197 3674 4266">
     <span class='ocr_line' id='line_1_109' title="bbox 2125 4197 3674 4266; baseline -0.005 -13"><span class='ocrx_word' id='word_1_707' title='bbox 2125 4200 2405 4255; x_wconf 89' lang='lat' dir='ltr'><strong>occasione</strong></span> <span class='ocrx_word' id='word_1_708' title='bbox 2434 4211 2656 4256; x_wconf 89' lang='lat' dir='ltr'><strong>matrem</strong></span> <span class='ocrx_word' id='word_1_709' title='bbox 2681 4208 3085 4266; x_wconf 88' lang='lat' dir='ltr'><strong>commemorat,</strong></span> <span class='ocrx_word' id='word_1_710' title='bbox 3120 4214 3179 4254; x_wconf 91' lang='lat' dir='ltr'><strong>ut</strong></span> <span class='ocrx_word' id='word_1_711' title='bbox 3209 4213 3264 4254; x_wconf 85' lang='lat' dir='ltr'><strong>et</strong></span> <span class='ocrx_word' id='word_1_712' title='bbox 3289 4199 3488 4255; x_wconf 84' lang='lat' dir='ltr'><strong>Statius</strong></span> <span class='ocrx_word' id='word_1_713' title='bbox 3512 4197 3674 4253; x_wconf 86' lang='lat' dir='ltr'><strong>eodem</strong></span> 
     </span>
    </p>
   </div>
   <div class='ocr_carea' id='block_1_108' title="bbox 2125 4271 2281 4324">
    <p class='ocr_par' dir='ltr' id='par_1_108' title="bbox 2125 4271 2281 4324">
     <span class='ocr_line' id='line_1_110' title="bbox 2125 4271 2281 4324; baseline -0.006 0"><span class='ocrx_word' id='word_1_714' title='bbox 2125 4271 2243 4324; x_wconf 90' lang='lat' dir='ltr'><strong>loco</strong></span> <span class='ocrx_word' id='word_1_715' title='bbox 2267 4290 2281 4323; x_wconf 90' lang='lat'><strong>:</strong></span> 
     </span>
    </p>
   </div>
   <div class='ocr_carea' id='block_1_109' title="bbox 2248 4358 3433 4421">
    <p class='ocr_par' dir='ltr' id='par_1_109' title="bbox 2248 4358 3433 4421">
     <span class='ocr_line' id='line_1_111' title="bbox 2248 4358 3433 4421; baseline -0.001 -11"><span class='ocrx_word' id='word_1_716' title='bbox 2248 4360 2370 4410; x_wconf 82' lang='lat' dir='ltr'><strong>Nota</strong></span> <span class='ocrx_word' id='word_1_717' title='bbox 2395 4374 2571 4421; x_wconf 81' lang='lat' dir='ltr'><strong>parens</strong></span> <span class='ocrx_word' id='word_1_718' title='bbox 2594 4374 2737 4410; x_wconf 86' lang='lat' dir='ltr'><strong>cursu</strong></span> <span class='ocrx_word' id='word_1_719' title='bbox 2767 4375 2778 4409; x_wconf 93' lang='lat'>:</span> <span class='ocrx_word' id='word_1_720' title='bbox 2806 4362 2913 4421; x_wconf 89' lang='lat' dir='ltr'><strong>quis</strong></span> <span class='ocrx_word' id='word_1_721' title='bbox 2936 4360 3172 4410; x_wconf 67' lang='lat' dir='ltr'><strong>Maenaliac</strong></span> <span class='ocrx_word' id='word_1_722' title='bbox 3194 4358 3433 4410; x_wconf 61' lang='lat' dir='ltr'><strong>Atalanta;</strong></span> 
     </span>
    </p>
   </div>
   <div class='ocr_carea' id='block_1_110' title="bbox 2248 4422 3438 4486">
    <p class='ocr_par' dir='ltr' id='par_1_110' title="bbox 2248 4422 3438 4486">
     <span class='ocr_line' id='line_1_112' title="bbox 2248 4422 3438 4486; baseline 0.002 -17"><span class='ocrx_word' id='word_1_723' title='bbox 2248 4422 2449 4486; x_wconf 51' lang='lat' dir='ltr'><strong>Fesciat</strong></span> <span class='ocrx_word' id='word_1_724' title='bbox 2466 4428 2727 4486; x_wconf 75' lang='lat' dir='ltr'><strong>egregium</strong></span> <span class='ocrx_word' id='word_1_725' title='bbox 2747 4423 2915 4481; x_wconf 90' lang='lat' dir='ltr'><strong>decus,</strong></span> <span class='ocrx_word' id='word_1_726' title='bbox 2942 4429 2993 4472; x_wconf 90' lang='lat' dir='ltr'><strong>et</strong></span> <span class='ocrx_word' id='word_1_727' title='bbox 3019 4424 3229 4486; x_wconf 84' lang='lat' dir='ltr'><strong>vestigia</strong></span> <span class='ocrx_word' id='word_1_728' title='bbox 3251 4427 3438 4471; x_wconf 84' lang='lat' dir='ltr'><strong>cunctis</strong></span> 
     </span>
    </p>
   </div>
   <div class='ocr_carea' id='block_1_111' title="bbox 2249 4482 2834 4546">
    <p class='ocr_par' dir='ltr' id='par_1_111' title="bbox 2249 4482 2834 4546">
     <span class='ocr_line' id='line_1_113' title="bbox 2249 4482 2834 4546; baseline 0.005 -14"><span class='ocrx_word' id='word_1_729' title='bbox 2249 4482 2621 4546; x_wconf 79' lang='lat' dir='ltr'><strong>Indeprehcnsa</strong></span> <span class='ocrx_word' id='word_1_730' title='bbox 2645 4486 2834 4546; x_wconf 71' lang='lat' dir='ltr'><strong>procis?</strong></span> 
     </span>
    </p>
   </div>
   <div class='ocr_carea' id='block_1_112' title="bbox 2206 4626 3677 4698">
    <p class='ocr_par' dir='ltr' id='par_1_112' title="bbox 2206 4626 3677 4698">
     <span class='ocr_line' id='line_1_114' title="bbox 2206 4626 3677 4698; baseline -0.005 -15"><span class='ocrx_word' id='word_1_731' title='bbox 2206 4627 2224 4667; x_wconf 70' lang='grc' dir='ltr'><em>τ</em></span> <span class='ocrx_word' id='word_1_732' title='bbox 2260 4628 2513 4683; x_wconf 82' lang='lat' dir='ltr'><strong>Filiorum</strong></span> <span class='ocrx_word' id='word_1_733' title='bbox 2544 4629 2702 4692; x_wconf 86' lang='lat' dir='ltr'><strong>Aetii,</strong></span> <span class='ocrx_word' id='word_1_734' title='bbox 2733 4644 2959 4698; x_wconf 89' lang='lat' dir='ltr'><strong>quorum</strong></span> <span class='ocrx_word' id='word_1_735' title='bbox 2987 4628 3203 4692; x_wconf 89' lang='lat' dir='ltr'><strong>quidem</strong></span> <span class='ocrx_word' id='word_1_736' title='bbox 3236 4626 3484 4681; x_wconf 83' lang='lat' dir='ltr'><strong>memoria</strong></span> <span class='ocrx_word' id='word_1_737' title='bbox 3508 4632 3677 4687; x_wconf 86' lang='lat' dir='ltr'><strong>exstat,</strong></span> 
     </span>
    </p>
   </div>
   <div class='ocr_carea' id='block_1_113' title="bbox 2131 4697 3679 4773">
    <p class='ocr_par' dir='ltr' id='par_1_113' title="bbox 2131 4697 3679 4773">
     <span class='ocr_line' id='line_1_115' title="bbox 2131 4697 3679 4773; baseline -0.005 -22"><span class='ocrx_word' id='word_1_738' title='bbox 2131 4700 2264 4773; x_wconf 82' lang='lat' dir='ltr'><strong>alter</strong></span> <span class='ocrx_word' id='word_1_739' title='bbox 2288 4700 2355 4753; x_wconf 87' lang='lat' dir='ltr'><strong>de</strong></span> <span class='ocrx_word' id='word_1_740' title='bbox 2384 4700 2470 4751; x_wconf 90' lang='lat' dir='ltr'><strong>avi</strong></span> <span class='ocrx_word' id='word_1_741' title='bbox 2508 4700 2732 4753; x_wconf 83' lang='lat' dir='ltr'><strong>materni</strong></span> <span class='ocrx_word' id='word_1_742' title='bbox 2758 4697 2979 4773; x_wconf 81' lang='lat' dir='ltr'><strong>nomine</strong></span> <span class='ocrx_word' id='word_1_743' title='bbox 3006 4698 3565 4773; x_wconf 36' lang='lat' dir='ltr'><strong>Garpilio‘appellatuj</strong></span> <span class='ocrx_word' id='word_1_744' title='bbox 3590 4700 3679 4773; x_wconf 75' lang='lat' dir='ltr'><strong>est.</strong></span> 
     </span>
    </p>
   </div>
   <div class='ocr_carea' id='block_1_114' title="bbox 2125 4767 3682 4837">
    <p class='ocr_par' dir='ltr' id='par_1_114' title="bbox 2125 4767 3682 4837">
     <span class='ocr_line' id='line_1_116' title="bbox 2125 4767 3682 4837; baseline -0.005 -14"><span class='ocrx_word' id='word_1_745' title='bbox 2125 4771 2263 4823; x_wconf 84' lang='lat' dir='ltr'><strong>Aetii</strong></span> <span class='ocrx_word' id='word_1_746' title='bbox 2296 4785 2527 4831; x_wconf 88' lang='lat' dir='ltr'><strong>namque</strong></span> <span class='ocrx_word' id='word_1_747' title='bbox 2558 4784 2691 4822; x_wconf 86' lang='lat' dir='ltr'><strong>uxor</strong></span> <span class='ocrx_word' id='word_1_748' title='bbox 2720 4770 2905 4823; x_wconf 84' lang='lat' dir='ltr'><strong>incerti</strong></span> <span class='ocrx_word' id='word_1_749' title='bbox 2938 4770 3204 4837; x_wconf 85' lang='lat' dir='ltr'><strong>nominis,</strong></span> <span class='ocrx_word' id='word_1_750' title='bbox 3250 4768 3354 4822; x_wconf 81' lang='lat' dir='ltr'><strong>lilia</strong></span> <span class='ocrx_word' id='word_1_751' title='bbox 3400 4768 3493 4820; x_wconf 90' lang='lat' dir='ltr'><strong>fuit</strong></span> <span class='ocrx_word' id='word_1_752' title='bbox 3519 4767 3682 4837; x_wconf 46' lang='lat' dir='ltr'><strong>Carpi:</strong></span> 
     </span>
    </p>
   </div>
   <div class='ocr_carea' id='block_1_115' title="bbox 2124 4831 3680 4903">
    <p class='ocr_par' dir='ltr' id='par_1_115' title="bbox 2124 4831 3680 4903">
     <span class='ocr_line' id='line_1_117' title="bbox 2124 4831 3680 4903; baseline -0.006 -11"><span class='ocrx_word' id='word_1_753' title='bbox 2124 4840 2262 4892; x_wconf 86' lang='lat' dir='ltr'><strong>Iunis</strong></span> <span class='ocrx_word' id='word_1_754' title='bbox 2306 4856 2367 4891; x_wconf 85' lang='lat' dir='ltr'><strong>ex</strong></span> <span class='ocrx_word' id='word_1_755' title='bbox 2401 4841 2594 4892; x_wconf 70' lang='grc' dir='ltr'><strong>ροιιιίω</strong></span> <span class='ocrx_word' id='word_1_756' title='bbox 2634 4839 3084 4903; x_wconf 74' lang='lat' dir='ltr'><strong>domesticorum,</strong></span> <span class='ocrx_word' id='word_1_757' title='bbox 3130 4831 3200 4892; x_wconf 73' lang='lat' dir='ltr'><strong>ut</strong></span> <span class='ocrx_word' id='word_1_758' title='bbox 3219 4850 3405 4892; x_wconf 90' lang='lat' dir='ltr'><strong>auctor</strong></span> <span class='ocrx_word' id='word_1_759' title='bbox 3445 4845 3520 4887; x_wconf 86' lang='lat' dir='ltr'><strong>est</strong></span> <span class='ocrx_word' id='word_1_760' title='bbox 3562 4831 3680 4896; x_wconf 85' lang='lat' dir='ltr'><strong>apud</strong></span> 
     </span>
    </p>
   </div>
   <div class='ocr_carea' id='block_1_116' title="bbox 2123 4904 3679 4983">
    <p class='ocr_par' dir='ltr' id='par_1_116' title="bbox 2123 4904 3679 4983">
     <span class='ocr_line' id='line_1_118' title="bbox 2123 4904 3679 4983; baseline -0.005 -20"><span class='ocrx_word' id='word_1_761' title='bbox 2123 4909 2434 4983; x_wconf 67' lang='lat' dir='ltr'><strong>Gregorium</strong></span> <span class='ocrx_word' id='word_1_762' title='bbox 2484 4908 2683 4962; x_wconf 89' lang='lat' dir='ltr'><strong>Turon.</strong></span> <span class='ocrx_word' id='word_1_763' title='bbox 2736 4909 3077 4983; x_wconf 76' lang='lat' dir='ltr'><strong>Frigeridus._</strong></span> <span class='ocrx_word' id='word_1_764' title='bbox 3113 4910 3379 4983; x_wconf 77' lang='lat' dir='ltr'><strong>Sidonius</strong></span> <span class='ocrx_word' id='word_1_765' title='bbox 3397 4904 3679 4983; x_wconf 32' lang='lat' dir='ltr'><strong>“Gulhtt‘fIn</strong></span> 
     </span>
    </p>
   </div>
   <div class='ocr_carea' id='block_1_117' title="bbox 2126 4974 3679 5047">
    <p class='ocr_par' dir='ltr' id='par_1_117' title="bbox 2126 4974 3679 5047">
     <span class='ocr_line' id='line_1_119' title="bbox 2126 4974 3679 5047; baseline 0.003 -16"><span class='ocrx_word' id='word_1_766' title='bbox 2126 4980 2199 5032; x_wconf 92' lang='lat' dir='ltr'><strong>illi</strong></span> <span class='ocrx_word' id='word_1_767' title='bbox 2234 4974 2471 5046; x_wconf 74' lang='lat' dir='ltr'><strong>regiique</strong></span> <span class='ocrx_word' id='word_1_768' title='bbox 2509 4983 2779 5047; x_wconf 81' lang='lat' dir='ltr'><strong>sanguinis</strong></span> <span class='ocrx_word' id='word_1_769' title='bbox 2806 4982 3025 5046; x_wconf 75' lang='lat' dir='ltr'><strong>Stirpem</strong></span> <span class='ocrx_word' id='word_1_770' title='bbox 3056 4979 3220 5033; x_wconf 88' lang='lat' dir='ltr'><strong>fuisse</strong></span> <span class='ocrx_word' id='word_1_771' title='bbox 3246 4979 3501 5046; x_wconf 70' lang='lat' dir='ltr'><strong>significat</strong></span> <span class='ocrx_word' id='word_1_772' title='bbox 3523 4991 3538 5036; x_wconf 72' lang='grc' dir='ltr'>ς</span> <span class='ocrx_word' id='word_1_773' title='bbox 3563 4974 3679 5025; x_wconf 67' lang='grc' dir='ltr'><strong>διίσιο</strong></span> 
     </span>
    </p>
   </div>
   <div class='ocr_carea' id='block_1_118' title="bbox 2125 5049 3679 5116">
    <p class='ocr_par' dir='ltr' id='par_1_118' title="bbox 2125 5049 3679 5116">
     <span class='ocr_line' id='line_1_120' title="bbox 2125 5049 3679 5116; baseline -0.005 -16"><span class='ocrx_word' id='word_1_774' title='bbox 2125 5050 2214 5115; x_wconf 91' lang='lat' dir='ltr'><strong>qui</strong></span> <span class='ocrx_word' id='word_1_775' title='bbox 2241 5051 2513 5104; x_wconf 83' lang='lat' dir='ltr'><strong>exclusam</strong></span> <span class='ocrx_word' id='word_1_776' title='bbox 2556 5065 2613 5103; x_wconf 80' lang='lat' dir='ltr'><strong>se</strong></span> <span class='ocrx_word' id='word_1_777' title='bbox 2644 5065 2673 5101; x_wconf 85' lang='lat' dir='ltr'><strong>a</strong></span> <span class='ocrx_word' id='word_1_778' title='bbox 2702 5050 2926 5115; x_wconf 88' lang='lat' dir='ltr'><strong>sceptris</strong></span> <span class='ocrx_word' id='word_1_779' title='bbox 2970 5049 3168 5104; x_wconf 84' lang='lat' dir='ltr'><strong>Geticis</strong></span> <span class='ocrx_word' id='word_1_780' title='bbox 3219 5065 3325 5101; x_wconf 86' lang='lat' dir='ltr'><strong>non</strong></span> <span class='ocrx_word' id='word_1_781' title='bbox 3370 5052 3679 5116; x_wconf 58' lang='lat' dir='ltr'><strong>quereretur.</strong></span> 
     </span>
    </p>
   </div>
   <div class='ocr_carea' id='block_1_119' title="bbox 2118 5110 3681 5186">
    <p class='ocr_par' dir='ltr' id='par_1_119' title="bbox 2118 5110 3681 5186">
     <span class='ocr_line' id='line_1_121' title="bbox 2118 5110 3681 5186; baseline -0.005 -13"><span class='ocrx_word' id='word_1_782' title='bbox 2118 5110 2269 5173; x_wconf 67' lang='lat' dir='ltr'><strong>Alter</strong></span> <span class='ocrx_word' id='word_1_783' title='bbox 2296 5120 2625 5173; x_wconf 85' lang='lat' dir='ltr'><strong>Gaudentius</strong></span> <span class='ocrx_word' id='word_1_784' title='bbox 2646 5161 2660 5179; x_wconf 91' lang='lat'><strong>,</strong></span> <span class='ocrx_word' id='word_1_785' title='bbox 2692 5119 2758 5173; x_wconf 91' lang='lat' dir='ltr'><strong>de</strong></span> <span class='ocrx_word' id='word_1_786' title='bbox 2786 5110 2892 5186; x_wconf 84' lang='lat' dir='ltr'><strong>quo</strong></span> <span class='ocrx_word' id='word_1_787' title='bbox 2932 5122 3016 5173; x_wconf 84' lang='lat' dir='ltr'><strong>hic</strong></span> <span class='ocrx_word' id='word_1_788' title='bbox 3043 5135 3256 5183; x_wconf 67' lang='lat' dir='ltr'><strong>sermo,</strong></span> <span class='ocrx_word' id='word_1_789' title='bbox 3297 5110 3402 5171; x_wconf 76' lang='lat' dir='ltr'><strong>avo</strong></span> <span class='ocrx_word' id='word_1_790' title='bbox 3443 5117 3559 5186; x_wconf 80' lang='lat' dir='ltr'><strong>item</strong></span> <span class='ocrx_word' id='word_1_791' title='bbox 3581 5110 3681 5186; x_wconf 65' lang='lat' dir='ltr'><strong>sed</strong></span> 
     </span>
    </p>
   </div>
   <div class='ocr_carea' id='block_1_120' title="bbox 2121 5183 3680 5261">
    <p class='ocr_par' dir='ltr' id='par_1_120' title="bbox 2121 5183 3680 5261">
     <span class='ocr_line' id='line_1_122' title="bbox 2121 5183 3680 5261; baseline -0.005 -20"><span class='ocrx_word' id='word_1_792' title='bbox 2121 5199 2343 5257; x_wconf 87' lang='lat' dir='ltr'><strong>paterno</strong></span> <span class='ocrx_word' id='word_1_793' title='bbox 2372 5189 2722 5255; x_wconf 82' lang='lat' dir='ltr'><strong>cognominis.</strong></span> <span class='ocrx_word' id='word_1_794' title='bbox 2758 5183 2910 5244; x_wconf 82' lang='lat' dir='ltr'><strong>Aetio</strong></span> <span class='ocrx_word' id='word_1_795' title='bbox 2949 5190 3089 5243; x_wconf 84' lang='lat' dir='ltr'><strong>enim</strong></span> <span class='ocrx_word' id='word_1_796' title='bbox 3131 5187 3426 5261; x_wconf 76' lang='lat' dir='ltr'><strong>pater,fui_t</strong></span> <span class='ocrx_word' id='word_1_797' title='bbox 3454 5183 3680 5261; x_wconf 68' lang='lat' dir='ltr'><strong>Gauden-</strong></span> 
     </span>
    </p>
   </div>
   <div class='ocr_carea' id='block_1_121' title="bbox 2120 5258 3678 5330">
    <p class='ocr_par' dir='ltr' id='par_1_121' title="bbox 2120 5258 3678 5330">
     <span class='ocr_line' id='line_1_123' title="bbox 2120 5258 3678 5330; baseline -0.005 -19"><span class='ocrx_word' id='word_1_798' title='bbox 2120 5264 2257 5330; x_wconf 79' lang='lat' dir='ltr'><strong>tius,</strong></span> <span class='ocrx_word' id='word_1_799' title='bbox 2301 5274 2480 5313; x_wconf 87' lang='lat' dir='ltr'><strong>comes</strong></span> <span class='ocrx_word' id='word_1_800' title='bbox 2513 5267 2566 5313; x_wconf 88' lang='lat' dir='ltr'><strong>et</strong></span> <span class='ocrx_word' id='word_1_801' title='bbox 2604 5261 2855 5329; x_wconf 89' lang='lat' dir='ltr'><strong>magister</strong></span> <span class='ocrx_word' id='word_1_802' title='bbox 2892 5262 3162 5330; x_wconf 86' lang='lat' dir='ltr'><strong>equitum.</strong></span> <span class='ocrx_word' id='word_1_803' title='bbox 3197 5274 3356 5326; x_wconf 75' lang='lat' dir='ltr'><strong>quem</strong></span> <span class='ocrx_word' id='word_1_804' title='bbox 3392 5258 3604 5330; x_wconf 82' lang='lat' dir='ltr'><strong>Prosper</strong></span> <span class='ocrx_word' id='word_1_805' title='bbox 3632 5258 3678 5330; x_wconf 67' lang='lat' dir='ltr'><strong>in</strong></span> 
     </span>
    </p>
   </div>
   <div class='ocr_carea' id='block_1_122' title="bbox 2120 5328 3682 5402">
    <p class='ocr_par' dir='ltr' id='par_1_122' title="bbox 2120 5328 3682 5402">
     <span class='ocr_line' id='line_1_124' title="bbox 2120 5328 3682 5402; baseline -0.007 -20"><span class='ocrx_word' id='word_1_806' title='bbox 2120 5329 2306 5402; x_wconf 74' lang='lat' dir='ltr'><strong>Galliis</strong></span> <span class='ocrx_word' id='word_1_807' title='bbox 2334 5344 2361 5381; x_wconf 90' lang='lat' dir='ltr'><strong>a</strong></span> <span class='ocrx_word' id='word_1_808' title='bbox 2391 5330 2647 5384; x_wconf 90' lang='lat' dir='ltr'><strong>militibus</strong></span> <span class='ocrx_word' id='word_1_809' title='bbox 2672 5328 2918 5402; x_wconf 81' lang='lat' dir='ltr'><strong>occisum</strong></span> <span class='ocrx_word' id='word_1_810' title='bbox 2936 5328 3100 5402; x_wconf 79' lang='lat' dir='ltr'><strong>notat.</strong></span> <span class='ocrx_word' id='word_1_811' title='bbox 3148 5328 3682 5402; x_wconf 52' lang='lat' dir='ltr'><strong>llunnicmjegatimus</strong></span> 
     </span>
    </p>
   </div>
   <div class='ocr_carea' id='block_1_123' title="bbox 2130 5396 3681 5469">
    <p class='ocr_par' dir='ltr' id='par_1_123' title="bbox 2130 5396 3681 5469">
     <span class='ocr_line' id='line_1_125' title="bbox 2130 5396 3681 5469; baseline -0.003 -18"><span class='ocrx_word' id='word_1_812' title='bbox 2130 5416 2229 5468; x_wconf 89' lang='lat' dir='ltr'><strong>qua</strong></span> <span class='ocrx_word' id='word_1_813' title='bbox 2268 5400 2477 5453; x_wconf 80' lang='lat' dir='ltr'><strong>functus</strong></span> <span class='ocrx_word' id='word_1_814' title='bbox 2506 5412 2588 5454; x_wconf 88' lang='lat' dir='ltr'><strong>est</strong></span> <span class='ocrx_word' id='word_1_815' title='bbox 2624 5402 2855 5469; x_wconf 80' lang='lat' dir='ltr'><strong>(Zarpilio</strong></span> <span class='ocrx_word' id='word_1_816' title='bbox 2897 5399 3072 5465; x_wconf 82' lang='lat' dir='ltr'><strong>ﬁlius,</strong></span> <span class='ocrx_word' id='word_1_817' title='bbox 3105 5402 3260 5451; x_wconf 72' lang='lat' dir='ltr'><strong>testis</strong></span> <span class='ocrx_word' id='word_1_818' title='bbox 3290 5412 3365 5451; x_wconf 89' lang='lat' dir='ltr'><strong>est</strong></span> <span class='ocrx_word' id='word_1_819' title='bbox 3400 5396 3603 5469; x_wconf 59' lang='lat' dir='ltr'><strong>Priscus</strong></span> <span class='ocrx_word' id='word_1_820' title='bbox 3636 5396 3681 5441; x_wconf 81' lang='lat' dir='ltr'><strong>in</strong></span> 
     </span>
    </p>
   </div>
   <div class='ocr_carea' id='block_1_124' title="bbox 2122 5461 3682 5542">
    <p class='ocr_par' dir='ltr' id='par_1_124' title="bbox 2122 5461 3682 5542">
     <span class='ocr_line' id='line_1_126' title="bbox 2122 5461 3682 5542; baseline -0.004 -20"><span class='ocrx_word' id='word_1_821' title='bbox 2122 5461 2388 5542; x_wconf 57' lang='lat' dir='ltr'><strong>e&#39;xrerptis</strong></span> <span class='ocrx_word' id='word_1_822' title='bbox 2439 5461 2789 5542; x_wconf 65' lang='lat' dir='ltr'><strong>legationum,</strong></span> <span class='ocrx_word' id='word_1_823' title='bbox 2823 5481 2875 5523; x_wconf 93' lang='lat' dir='ltr'><strong>et</strong></span> <span class='ocrx_word' id='word_1_824' title='bbox 2916 5461 3140 5542; x_wconf 80' lang='lat' dir='ltr'><strong>Senator</strong></span> <span class='ocrx_word' id='word_1_825' title='bbox 3170 5485 3188 5522; x_wconf 81' lang='grc' dir='ltr'>ι</span> <span class='ocrx_word' id='word_1_826' title='bbox 3222 5469 3455 5542; x_wconf 56' lang='lat' dir='ltr'><strong>Variam,</strong></span> <span class='ocrx_word' id='word_1_827' title='bbox 3486 5469 3533 5517; x_wconf 73' lang='lat' dir='ltr'><strong>t.</strong></span> <span class='ocrx_word' id='word_1_828' title='bbox 3562 5461 3682 5542; x_wconf 55' lang='grc' dir='ltr'><strong>(ἶξξιιο</strong></span> 
     </span>
    </p>
   </div>
   <div class='ocr_carea' id='block_1_125' title="bbox 2120 5532 3682 5609">
    <p class='ocr_par' dir='ltr' id='par_1_125' title="bbox 2120 5532 3682 5609">
     <span class='ocr_line' id='line_1_127' title="bbox 2120 5532 3682 5609; baseline -0.003 -18"><span class='ocrx_word' id='word_1_829' title='bbox 2120 5540 2355 5592; x_wconf 89' lang='lat' dir='ltr'><strong>dentimn</strong></span> <span class='ocrx_word' id='word_1_830' title='bbox 2396 5532 2524 5595; x_wconf 70' lang='lat' dir='ltr'><strong>vero</strong></span> <span class='ocrx_word' id='word_1_831' title='bbox 2563 5544 2700 5593; x_wconf 89' lang='lat' dir='ltr'><strong>hunc</strong></span> <span class='ocrx_word' id='word_1_832' title='bbox 2735 5532 2878 5595; x_wconf 84' lang='lat' dir='ltr'><strong>Urbe</strong></span> <span class='ocrx_word' id='word_1_833' title='bbox 2908 5552 3059 5609; x_wconf 67' lang='lat' dir='ltr'><strong>capta</strong></span> <span class='ocrx_word' id='word_1_834' title='bbox 3101 5541 3152 5593; x_wconf 91' lang='lat' dir='ltr'><strong>in</strong></span> <span class='ocrx_word' id='word_1_835' title='bbox 3184 5541 3420 5609; x_wconf 73' lang='lat' dir='ltr'><strong>Africam</strong></span> <span class='ocrx_word' id='word_1_836' title='bbox 3453 5550 3564 5587; x_wconf 84' lang='lat' dir='ltr'><strong>eum</strong></span> <span class='ocrx_word' id='word_1_837' title='bbox 3594 5532 3682 5609; x_wconf 53' lang='lat' dir='ltr'><strong>V87</strong></span> 
     </span>
    </p>
   </div>
   <div class='ocr_carea' id='block_1_126' title="bbox 2122 5607 3681 5665">
    <p class='ocr_par' dir='ltr' id='par_1_126' title="bbox 2122 5607 3681 5665">
     <span class='ocr_line' id='line_1_128' title="bbox 2122 5607 3681 5665; baseline -0.007 -5"><span class='ocrx_word' id='word_1_838' title='bbox 2122 5609 2397 5663; x_wconf 86' lang='lat' dir='ltr'><strong>Ientiniani</strong></span> <span class='ocrx_word' id='word_1_839' title='bbox 2461 5612 2668 5665; x_wconf 90' lang='lat' dir='ltr'><strong>llliabus</strong></span> <span class='ocrx_word' id='word_1_840' title='bbox 2729 5607 3015 5665; x_wconf 84' lang='lat' dir='ltr'><strong>abductum</strong></span> <span class='ocrx_word' id='word_1_841' title='bbox 3077 5626 3105 5664; x_wconf 91' lang='lat' dir='ltr'><strong>a</strong></span> <span class='ocrx_word' id='word_1_842' title='bbox 3164 5607 3458 5664; x_wconf 87' lang='lat' dir='ltr'><strong>Genscrico</strong></span> <span class='ocrx_word' id='word_1_843' title='bbox 3520 5608 3681 5657; x_wconf 86' lang='lat' dir='ltr'><strong>narrat</strong></span> 
     </span>
    </p>
   </div>
   <div class='ocr_carea' id='block_1_127' title="bbox 2121 5680 2333 5735">
    <p class='ocr_par' dir='ltr' id='par_1_127' title="bbox 2121 5680 2333 5735">
     <span class='ocr_line' id='line_1_129' title="bbox 2121 5680 2333 5735; baseline 0.014 -3"><span class='ocrx_word' id='word_1_844' title='bbox 2121 5680 2333 5735; x_wconf 79' lang='lat' dir='ltr'><strong>ltlalitts.</strong></span> 
     </span>
    </p>
   </div>
   <div class='ocr_carea' id='block_1_128' title="bbox 2187 5739 3679 5820">
    <p class='ocr_par' dir='ltr' id='par_1_128' title="bbox 2187 5739 3679 5820">
     <span class='ocr_line' id='line_1_130' title="bbox 2187 5739 3679 5820; baseline -0.005 -17"><span class='ocrx_word' id='word_1_845' title='bbox 2187 5760 2209 5797; x_wconf 78' lang='grc' dir='ltr'><strong>ε</strong></span> <span class='ocrx_word' id='word_1_846' title='bbox 2244 5750 2297 5804; x_wconf 89' lang='lat' dir='ltr'><strong>In</strong></span> <span class='ocrx_word' id='word_1_847' title='bbox 2326 5753 2423 5805; x_wconf 87' lang='lat' dir='ltr'><strong>hoc</strong></span> <span class='ocrx_word' id='word_1_848' title='bbox 2454 5751 2679 5807; x_wconf 86' lang='lat' dir='ltr'><strong>elencbo</strong></span> <span class='ocrx_word' id='word_1_849' title='bbox 2705 5750 2990 5808; x_wconf 81' lang='lat' dir='ltr'><strong>ﬂuviorum</strong></span> <span class='ocrx_word' id='word_1_850' title='bbox 3020 5749 3201 5808; x_wconf 70' lang='lat' dir='ltr'><strong>Gallia!</strong></span> <span class='ocrx_word' id='word_1_851' title='bbox 3226 5787 3241 5815; x_wconf 83' lang='lat'><strong>,</strong></span> <span class='ocrx_word' id='word_1_852' title='bbox 3266 5763 3400 5820; x_wconf 83' lang='lat' dir='ltr'><strong>quos</strong></span> <span class='ocrx_word' id='word_1_853' title='bbox 3431 5739 3679 5815; x_wconf 69' lang='lat' dir='ltr'><strong>Majorintti</strong></span> 
     </span>
    </p>
   </div>
  </div>
