3946 6176
256 258 362 316 6‘35

255 375 425 439 Clitis,
453 372 645 441 Elaris,
674 372 831 441 Atax,
862 372 1130 440 Vat-Italis,
1168 370 1505 446 Ligerimque
1537 377 1655 445 bipe
1698 381 1748 431 ni

256 466 503 523 Excisum
533 479 627 533 per
658 463 823 518 frusta
856 464 1026 529 bibit;
1058 480 1178 518 cum
1210 475 1239 503 ι
1268 466 1401 521 bella
1436 466 1685 523 timentes

257 555 499 612 Defendit
525 553 790 616 Turonos,
817 554 1010 609 aberas
1037 572 1051 608 :
1081 564 1200 624 post
1227 564 1465 625 tempore.
1486 573 1649 626 parvo

257 646 535 718 Pugnastis
564 647 783 715 pariter,
811 645 1048 700 Francus
1074 646 1386 716 quabCloio
1411 656 1650 715 patentes

256 741 563 795 Atrebatum
596 749 767 793 terras
796 749 1099 807 pervaserat
1128 758 1142 794 :
1173 739 1259 794 hic
1283 751 1539 796 coeuntes

255 831 581 887 Claudebant
608 840 830 899 angusta
856 831 988 894 vias,
1018 847 1251 900 arcuque
1280 831 1560 888 subactum

259 923 437 977 Vicum
472 922 746 987 lleleuam,
777 922 1081 992 flumenque
1110 923 1266 977 simul
1295 924 1397 977 sub
1439 925 1649 979 tramite
1672 924 1829 995 longo

256 1017 415 1070 Artus
438 1013 728 1083 suppositis
761 1014 996 1069 trabibus
1024 1016 1394 1069 transmiserat
1418 1031 1603 1086 agger.

255 1108 363 1163 Illic
390 1115 441 1160 te
470 1106 667 1175 posito,
697 1105 965 1174 pugnabat
992 1118 1153 1173 ponte
1181 1107 1281 1161 sub
1303 1107 1418 1174 ipso

256 1196 569 1268 Major-ianus
596 1212 759 1266 eques
789 1214 804 1253 :
838 1196 948 1251 fors
978 1199 1104 1265 ripa:
1133 1198 1269 1252 colle
1296 1198 1612 1268 prepinquo,

255 1290 565 1346 Barbaricas
588 1288 871 1343 resonabat
893 1289 1110 1360 hymen,
1143 1288 1512 1361 Scythicisque
1531 1291 1745 1347 choreis

254 1382 491 1438 Nubebat
520 1380 660 1434 flavo
688 1379 880 1434 similis
909 1396 1044 1434 nova
1080 1390 1240 1449 nupta
1272 1381 1483 1435 marito.

254 1474 409 1544 316
433 1472 542 1528 lius
566 1488 716 1543 ergo,
741 1480 800 1526 ut
829 1471 1144 1542 perhibent,
1174 1471 1402 1538 stravit;
1441 1472 1737 1543 crepitabat
1759 1472 1824 1528 ad

1595 1563 1754 1636 [ictus

254 1656 444 1723 Cassis,
470 1664 525 1711 et
550 1655 809 1726 oppositis
839 1654 1111 1709 hastarum
1136 1654 1361 1710 verbera
1391 1655 1579 1710 tborax

255 1750 478 1804 Areebat
504 1749 759 1817 squamis,
788 1747 957 1802 donec
977 1761 1234 1802 conversa
1267 1746 1478 1815 fugatus

256 1842 425 1896 Hostis
451 1850 597 1911 terga
622 1840 768 1895 dedit
792 1856 806 1893 :
837 1840 1089 1909 plaustris
1120 1840 1338 1894 rutilare
1365 1841 1576 1897 videres

256 1930 518 1986 Barbarici
548 1932 680 1985 vada
714 1930 845 1985 festa
878 1930 1003 1995 tori,
1033 1929 1381 1999 conjectaquc
1412 1934 1609 2001 passim

253 2024 488 2088 Fercula,
518 2024 867 2091 captivasque
887 2021 1071 2090 dapes,
1104 2023 1353 2092 cirroque
1375 2024 1624 2079 madente

250 2114 404 2171 Ferre
426 2120 714 2168 coronatos
735 2113 1030 2168 redolentia
1061 2123 1205 2167 serta
1237 2114 1461 2168 lebetas.

251 2205 386 2262 Ilicet
419 2206 676 2260 increscit
701 2205 939 2271 Mavors,
972 2206 1295 2273 thalamique
1328 2208 1570 2278 refringit

251 2300 360 2353 l‘lus
384 2299 583 2353 ardens
611 2299 823 2352 Bellona
857 2298 1034 2363 faces;
1060 2299 1194 2367 rapit
1216 2298 1402 2353 esseda
1429 2300 1619 2368 victor,

247 2390 642 2459 Nubentemque
670 2404 883 2454 nurum,
905 2404 1008 2443 non
1039 2390 1117 2443 sic
1150 2390 1451 2445 Pholoetica
1483 2401 1741 2456 monstra,

247 2484 407 2551 Atque
438 2481 810 2535 Pelethronios
837 2481 1088 2551 Lapithas
1119 2481 1416 2537 Semeleius
1446 2483 1588 2538 Evan

246 2572 466 2640 Miscuit,
498 2572 777 2627 [Emonias
806 2572 930 2626 dum
959 2571 1232 2626 ﬂammant
1263 2575 1409 2642 orgia
1442 2584 1670 2641 matres,

247 2666 303 2719 Et
328 2664 595 2719 Venerem
622 2664 947 2733 Martemque
972 2662 1135 2726 cient,
1166 2678 1228 2716 ac
1261 2668 1428 2731 prima
1455 2674 1708 2720 cruentus

244 2756 565 2811 Cunsumunt
592 2755 657 2809 ad
690 2756 827 2810 bella
856 2754 1026 2819 cibos,
1059 2756 1373 2823 Bacchoque
1402 2764 1575 2809 rotato

244 2851 431 2906 Pocula
464 2851 564 2905 tela
599 2857 805 2919 putant,
838 2863 958 2903 cum
987 2848 1336 2904 crudescente
1358 2852 1589 2905 tumultu

243 2944 431 3000 Polluit
449 2944 775 2999 Emathium
803 2944 1018 3012 sanguis
1040 2942 1389 2999 Centauricus
1417 2944 1646 3001 Oihrim.

243 3035 335 3091 Nec
355 3036 481 3106 plus
507 3034 828 3105 nubigenum
857 3035 1199 3091 celebrentur
1218 3036 1395 3108 jurgia
1426 3036 1668 3092 fratrum.

954 3183 982 3210 α

241 3301 661 3372 expeditionibus
696 3300 947 3372 lustratos
958 3297 1096 3372 _ait._
1110 3295 1261 3372 pauci
1292 3294 1529 3372 suntqui
1570 3309 1674 3349 non
1704 3305 1814 3350 sla-

242 3366 324 3427 tim
349 3382 736 3442 agnoscantur.
754 3369 912 3442 ANam
958 3367 1128 3442 Elaris
1158 3367 1273 3421 sine
1294 3366 1479 3442 dubio
1517 3376 1699 3442 noster
1732 3376 1813 3422 est

243 3436 445 3508 sum},
484 3441 714 3497 Caesaris
740 3437 1149 3493 Commentariis
1200 3436 1536 3508 notissimus,
1582 3437 1671 3505 qui
1718 3453 1813 3505 per

243 3513 592 3568 Arvernorum
624 3511 775 3581 plana
808 3509 1125 3581 deeiurens,
1148 3507 1413 3581 calfectis__
1432 3508 1681 3574 utrinque
1706 3508 1809 3581 ali-

242 3593 355 3651 quot
382 3576 648 3645 amnibus,
678 3582 730 3635 in
757 3580 983 3648 Ligerim
1008 3580 1167 3648 paulo
1199 3577 1330 3651 infra
1355 3576 1640 3651 Nivernum
1665 3580 1812 3651 evol-

244 3647 391 3708 vitur.
430 3654 601 3707 Ledus
645 3652 697 3705 in
745 3647 1072 3719 Septimaoia
1112 3664 1142 3703 e
1194 3647 1498 3719 Cenimenis
1542 3647 1811 3719 montibus

242 3738 327 3786 per
350 3724 543 3778 Volcas
574 3717 914 3776 Arecomicos
942 3731 995 3774 et
1023 3719 1250 3772 Montem
1280 3717 1555 3772 Pessulum
1586 3718 1637 3771 in
1666 3734 1812 3773 mare

244 3791 491 3848 Gallicum
516 3793 776 3847 decurrit.
827 3791 899 3843 De
927 3790 1048 3844 Cliti
1089 3790 1241 3842 unica
1286 3796 1370 3842 est
1404 3788 1766 3842 controversia
1794 3806 1807 3841 :

244 3866 288 3933 lu
314 3880 415 3932 qua
460 3865 700 3933 plerique
743 3860 971 3933 Papyrio
1008 3860 1254 3933 Massono
1288 3857 1672 3933 assentiuntur,
1696 3859 1807 3933 _qui

243 3927 763 3988 Clanum'l’ictonum
789 3927 908 3987 esse
936 3930 1134 3984 docuit.
1176 3932 1330 3983 Ulitis
1354 3936 1500 3982 certe
1529 3927 1809 3983 'l'heodulfi

242 4005 662 4067 Aurelianensis,
694 4003 764 4058 de
799 4017 903 4071 quo
930 4001 1049 4054 aliis
1087 4000 1311 4069 placuit,
1344 3999 1395 4053 in
1426 3998 1568 4052 hunc
1592 3999 1805 4069 locum,

242 4076 328 4128 tusi
360 4077 547 4129 luxato
579 4088 758 4140 versu,
789 4071 951 4137 recipi
983 4085 1085 4123 non
1117 4079 1311 4137 potest.

304 4155 328 4181 ι
358 4145 673 4208 'litnebant,
722 4139 931 4207 opinor,
965 4156 993 4193 a
1038 4141 1225 4195 vicinis
1268 4141 1580 4203 Armoricis,
1622 4139 1709 4209 qui
1738 4140 1807 4195 ad

243 4214 531 4270 libertatem
567 4214 676 4283 jam
716 4212 943 4283 dudum,
977 4221 1034 4263 ut
1081 4227 1144 4283 ex
1194 4211 1348 4263 Zosin
1376 4210 1511 4283 ilib.
1545 4226 1596 4283 vi
1638 4221 1802 4283 patet,

242 4280 687 4352 aspirantes,'aut
714 4282 980 4336 Romanos
1006 4282 1170 4334 armis
1200 4280 1522 4352 appetebant
1566 4281 1688 4348 ip~i,
1712 4290 1805 4335 aut

242 4351 617 4423 appetebantur
642 4371 657 4409 :
682 4362 739 4407 ut
768 4368 873 4422 quo
898 4361 1136 4419 tempore
1160 4352 1355 4423 bellum
1379 4351 1634 4423 adversus
1661 4352 1800 4423 illos,

243 4420 386 4479 Aetzo
425 4426 666 4488 absente,
704 4420 905 4477 lluimis
930 4422 1317 4475 auxiliantibus
1347 4420 1508 4489 gessit
1534 4421 1764 4476 Litorius
1785 4465 1800 4490 ,

244 4504 289 4545 ιιι
316 4508 393 4549 est
436 4495 486 4548 in
533 4494 853 4563 pa’negyrico
875 4493 1043 4555 Aviti,
1073 4491 1174 4547 sub
1203 4506 1425 4553 annum,
1454 4500 1513 4545 ut
1549 4492 1801 4547 ostende-

243 4578 371 4627 mus,
399 4565 528 4619 458.

305 4633 329 4672 δ
359 4636 430 4688 Ita
462 4636 596 4688 liber
640 4648 776 4688 unus
807 4648 821 4685 :
854 4632 994 4698 quod
1026 4641 1173 4687 certe
1199 4632 1372 4700 aptius
1410 4629 1620 4702 videtur
1652 4633 1806 4702 120

245 4716 387 4763 quam
416 4705 554 4770 quod
595 4705 649 4759 in
678 4704 796 4757 aliis
826 4719 839 4755 :
869 4703 1147 4771 Pugnastis
1194 4698 1382 4772 pariter
1430 4698 1805 4771 Fraudatque

244 4773 392 4827 Cloio.
429 4774 740 4829 Francicum
764 4782 938 4826 autem
965 4774 1064 4826 hoc
1089 4772 1303 4837 bellum,
1334 4774 1385 4825 in
1420 4788 1525 4841 quo
1552 4773 1620 4825 ab
1649 4775 1804 4827 Aetio

243 4854 291 4895 rt
315 4845 599 4912 Majoriano
627 4861 749 4899 cum
776 4843 1038 4897 Clodione
1058 4859 1184 4911 rege
1209 4851 1493 4910 pugnatum
1515 4853 1615 4905 est,
1647 4843 1804 4910 pleri-

244 4926 337 4979 que
364 4930 547 4969 omnes
576 4916 639 4969 ad
667 4914 896 4969 Felicem
924 4922 979 4968 et
998 4914 1229 4967 Taurum
1260 4913 1505 4967 consules
1526 4955 1540 4978 ,
1573 4914 1800 4966 Christi-

246 4998 340 5047 que
364 5000 558 5039 annum
588 4985 693 5039 4‘27
740 4985 926 5037 relerri
969 4985 1192 5053 volunt;
1239 4983 1378 5053 quod
1411 4999 1474 5037 eo
1502 4998 1642 5036 anno
1676 4984 1805 5037 Pro-

244 5064 360 5122 sper
394 5065 448 5108 et
489 5054 839 5109 Cassiodorus
871 5062 1070 5120 partem
1119 5051 1406 5107 Galliarum
1453 5054 1800 5122 propinquam

246 5121 420 5176 Rheno
442 5140 596 5194 quam
629 5124 818 5178 Franci
862 5135 1206 5192 occuparant,
1236 5125 1369 5177 Aetii
1397 5121 1609 5177 comitis
1637 5121 1801 5178 armis

245 5204 496 5262 receptam
527 5196 757 5249 tradant.
789 5194 980 5249 Verum
1014 5196 1099 5260 qui
1135 5197 1304 5261 potuit
1332 5194 1653 5259 Maiorianus
1676 5204 1803 5249 tunc

245 5264 440 5329 adesse,
464 5276 518 5320 et
549 5276 655 5319 tam
678 5267 873 5318 acriter
899 5265 1174 5327 dimiCare,
1199 5265 1286 5329 qui
1310 5266 1378 5317 50
1405 5277 1516 5330 p03t
1550 5279 1718 5318 annos
1749 5266 1798 5317 in

248 5329 339 5387 hoc
382 5350 475 5388 suo
520 5336 801 5389 consulatu
847 5334 1059 5402 juvenis
1092 5336 1246 5387 erat?
1290 5329 1491 5387 Deinde
1522 5338 1667 5401 prior
1714 5336 1800 5388 illa

246 5405 499 5469 expeditio
542 5408 607 5458 ad
659 5406 901 5459 Rhenum
923 5446 937 5467 ,
974 5406 1087 5457 haec
1118 5411 1297 5458 nostra
1327 5406 1390 5456 ad
1423 5407 1707 5457 Atrebates
1746 5416 1801 5460 et

246 5470 483 5527 llelenam
514 5476 709 5539 vicum,
740 5476 891 5543 cujus
920 5490 1056 5528 nunc
1084 5489 1296 5541 quoque
1326 5476 1376 5527 in
1409 5489 1542 5543 pago
1575 5476 1799 5529 Atreba-

247 5546 369 5595 Ieusi
391 5546 451 5614 ad
473 5547 728 5600 Caucium
751 5561 961 5599 amnem
991 5546 1208 5614 vestigia
1234 5553 1464 5609 restant;
1496 5560 1616 5597 nam
1646 5547 1801 5599 lledi-

245 5624 360 5665 mim
396 5612 556 5670 Vetus
606 5626 814 5669 vocant.
860 5615 1073 5670 Cet-tius
1125 5612 1272 5683 ergo,
1308 5618 1419 5668 bace
1446 5628 1592 5683 gesta
1632 5615 1801 5671 videri

245 5693 357 5745 post
390 5696 581 5742 annum
626 5687 825 5742 Christi
853 5685 981 5754 ΗΞ),
1015 5700 1120 5754 quo
1163 5696 1403 5756 tempore
1434 5696 1649 5741 narrant
1678 5703 1796 5742 cum

1700 262 2019 320 CHIMINA.

3408 285 3513 339 656

1851 384 1900 441 Α
1930 380 2024 433 ηρ
2040 394 2253 449 quoque
2276 390 2512 438 monstra
2537 385 2740 453 domat,
2760 399 2784 427 ο
2801 391 2946 447 rutili
2963 393 3154 462 quibus
3166 409 3288 450 arce
3301 399 3508 451 cerebri

1934 472 2012 525 Ad
2038 473 2264 528 frontem
2288 488 2438 530 coma
2462 484 2627 531 tracta
2644 478 2807 547 jacet,
2835 485 3140 554 nudataque
3170 489 3351 541 cervix

1934 563 2177 617 Setwrum
2209 580 2305 633 per
2322 566 2514 621 damna
2542 571 2697 635 nitet,
2728 581 2836 625 tmn
2870 574 3068 629 lumine
3086 578 3274 647 glauco

1933 654 2091 707 Albet
2121 670 2317 724 aquosa
2348 658 2511 722 acies,
2535 674 2597 713 ac
2627 662 2863 716 vultibus
2889 666 3125 735 undique
3152 670 3306 738 rasis,

1935 747 2037 801 Pro
2060 748 2217 802 barba
2249 759 2433 806 tenues
2465 765 2775 820 perarantur
2800 760 3009 824 pectine
3034 764 3236 815 cristtc.

1933 838 2179 895 Slrit-litts
2206 852 2399 896 assuta:
2430 854 2606 898 vestes
2633 861 2851 914 procera
2878 860 3133 905 coerrent

1931 930 2167 985 Membra
2195 933 2398 997 virum;
2431 944 2575 1003 patet
2606 937 2671 989 iis
2694 936 2859 991 altato
2887 942 3120 1008 tegmine
3150 944 3357 1011 popl-rs,

1931 1020 2095 1076 Latus
2121 1031 2177 1077 et
2200 1034 2476 1093 angustam
2502 1027 2784 1095 suspendit
2814 1028 3020 1084 balteus
3041 1032 3247 1088 alvum.

1932 1112 2244 1169 Excussisse
2272 1117 2406 1170 citas
2429 1130 2635 1172 vastum
2664 1133 2759 1186 per
2788 1119 2946 1174 inane
2976 1121 3253 1191 bipennes.

1932 1203 1997 1258 Et
2027 1207 2193 1274 plaga:
2219 1208 2500 1275 praescisse
2526 1213 2731 1277 locum,
2762 1218 3085 1283 clypeosque
3116 1229 3292 1271 rotare

1927 1292 2130 1363 Ludus,
2158 1305 2212 1351 et
2240 1299 2463 1354 intortas
2478 1302 2795 1368 praecedere
2822 1306 3046 1359 saltibus
3073 1308 3279 1373 hastas,

1927 1385 2090 1455 Inque
2115 1389 2319 1444 hostem
2342 1392 2551 1446 venisse
2574 1396 2718 1462 prius
2748 1412 2761 1447 :
2787 1397 3078 1462 puerilibus
3103 1404 3256 1452 annis

1930 1480 2025 1533 Est
2050 1482 2169 1535 belli
2204 1493 2445 1537 maturus
2478 1500 2658 1553 amor;
2687 1488 2729 1541 si
2755 1490 2891 1545 forte
2915 1503 3224 1557 premantur

1925 1572 2083 1642 317
2108 1575 2212 1627 Seu
2244 1591 2489 1644 numero,
2517 1592 2612 1632 seu
2644 1578 2779 1635 forte
2807 1581 2930 1645 loci,
2962 1597 3106 1636 mors
3134 1586 3313 1637 obruit
3357 1586 3411 1639 ill
3450 1602 3497 1654 ιι,

1928 1664 2041 1717 Non
2074 1665 2262 1731 timor;
2292 1668 2468 1721 invicti
2502 1679 2761 1738 perstant,
2792 1672 3078 1741 animoque
3105 1686 3391 1743 supersunt

1855 1746 1901 1806 B
1927 1753 2043 1808 Jam
2076 1770 2237 1825 pmpc
2263 1768 2380 1825 post
2407 1761 2660 1815 attimam.
2686 1762 2841 1816 Tales
2868 1774 2922 1817 te
2944 1774 3078 1817 teste
3107 1764 3326 1833 fugavit,

1931 1844 1991 1898 Et
2025 1844 2275 1901 laudante
2305 1848 2449 1902 viros
2482 1851 2762 1918 :quisnam
2790 1851 2958 1906 ferat?
2983 1857 3159 1907 omnia
3192 1866 3391 1919 tecum,

1926 1938 2003 1992 Te
2028 1942 2142 1993 sine
2171 1940 2333 1994 multa
2358 1941 2480 1995 facit
2506 1959 2521 2007 ;
2551 1938 2579 1978 ά
2604 1954 2840 2011 pugnant
2863 1960 2960 2013 pro
2984 1948 3223 2015 principe
3251 1949 3424 2013 nmlii,

1924 2030 2092 2095 Quam
2122 2030 2283 2085 timeo
2313 2048 2378 2085 ne
2402 2033 2513 2099 jam
2544 2034 2644 2089 iste
2671 2035 2802 2101 sibi;
2832 2038 2875 2090 si
2908 2053 3068 2107 regna
3102 2030 3323 2104 tenebii,

1926 2121 2057 2176 lluic
2082 2126 2272 2184 vincis.
2299 2124 2654 2196 quodcunque
2676 2126 2892 2193 domas;
2926 2130 2999 2184 nil
3043 2130 3146 2185 fata
3188 2133 3496 2203 relinquunt

1925 2213 2019 2267 llic
2046 2216 2274 2270 medium
2306 2231 2321 2271 :
2354 2232 2635 2284 percussor
2660 2220 2801 2274 enim
2827 2222 2870 2275 si
2903 2223 3110 2289 respuis
3137 2239 3285 2291 esse,

1924 2304 2125 2359 Servus
2148 2308 2286 2372 eris;
2318 2318 2466 2363 certe
2492 2318 2639 2363 recto
2664 2311 2719 2364 si
2735 2313 2945 2367 tramite
2969 2324 3151 2367 servat

1923 2400 2113 2455 Sidera
2144 2401 2460 2467 Cbaldwus;
2488 2406 2636 2459 novit
2664 2408 2707 2461 si
2739 2408 2978 2475 gramina
3007 2408 3257 2473 Colchus,

1924 2490 2152 2560 Fulgura
2180 2496 2224 2547 si
2253 2494 2516 2558 Thuscus,
2547 2497 2590 2549 si
2621 2495 2913 2552 Thessalus
2942 2500 3087 2553 elicit
3117 2500 3352 2568 umbras,

1922 2582 1980 2637 Si
2005 2582 2180 2651 Lycia:
2207 2593 2380 2638 sortes
2403 2586 2634 2654 sapiunt.
2665 2586 2708 2638 si
2733 2601 2913 2641 noStra
2942 2590 3119 2642 volatu

1925 2673 2051 2728 Fata
2082 2674 2369 2743 loquuntur
2388 2691 2536 2740 aves,
2570 2678 2743 2733 dnctis
2770 2678 3029 2733 balatibus
3062 2681 3321 2735 Hammon

1919 2766 1973 2820 Si
2005 2775 2244 2821 sanetum
2268 2770 2368 2822 sub
2392 2778 2539 2838 syrte
2561 2770 2745 2835 gemit,
2770 2772 2816 2826 si
2840 2773 3073 2842 denique
3099 2790 3283 2828 verum

1920 2857 2143 2926 Phoebe,
2171 2860 2407 2928 Themis,
2444 2863 2658 2917 Dodona
2682 2865 2852 2931 canis,
2886 2877 3006 2932 post
3048 2877 3284 2935 tempora
3314 2882 3495 2923 nostra

1918 2950 2091 3006 Julius
2114 2951 2199 3006 hic
2226 2956 2493 3023 Augustus
2520 2956 2641 3008 erit.
2673 2954 3004 3019 Coniunctus
3034 2972 3220 3013 amore

1840 3028 1887 3091 C
1920 3040 2189 3099 Pranerea
2215 3052 2299 3099 est
2329 3053 2353 3083 ι
2373 3044 2555 3114 juveni
2583 3046 2800 3116 grandis
2826 3062 2986 3118 quem
3015 3051 3239 3118 spiritus
3259 3062 3433 3107 armat

1921 3295 2186 3368 Gregorio
2229 3305 2287 3353 et
2335 3298 2614 3367 Sigeberto
2660 3300 2895 3357 Annales
2936 3303 3136 3368 nostri,
3185 3303 3445 3361 Clodione
3475 3319 3507 3357 e

1918 3366 2310 3441 'l‘hgoringorum
2358 3366 2552 3423 finibus
2596 3385 2908 3440 egressum,
2959 3366 3197 3441 protritis
3244 3376 3501 3431 Romanis

1918 3439 2005 3505 qui
2055 3438 2133 3492 eis
2168 3438 2408 3492 Rhenum
2440 3450 2591 3493 erant
2613 3438 2650 3502 .“
2673 3443 2723 3493 in
2771 3438 3155 3496 Carbonariam
3198 3445 3383 3497 silvam
3412 3462 3496 3499 ve.

1921 3508 2085 3582 uisse,
2117 3507 2416 3582 Tornaeum
2442 3519 2497 3562 et
2522 3509 2871 3582 Cameracum
2914 3513 3093 3573 urbes,
3127 3514 3339 3582 aliaque
3366 3531 3488 3570 mox

1919 3580 2097 3630 omnia
2140 3579 2205 3631 ad
2234 3578 2524 3633 Somonam
2570 3595 2738 3647 usque
2759 3580 2977 3634 fluvium
3008 3578 3320 3649 occupasse.
3349 3585 3494 3638 Cou-

1919 3656 2024 3721 stat
2047 3648 2188 3702 enim
2216 3650 2375 3721 urbes
2404 3650 2518 3704 illas
2539 3651 2851 3704 Atrebatum
2884 3652 3026 3721 agris
3060 3648 3328 3718 proximas
3350 3670 3493 3709 esse.

1919 3717 2093 3790 Quare
2112 3734 2232 3790 cum
2258 3718 2306 3790 in
2333 3721 2430 3774 bos
2450 3735 2658 3788 quoque
2681 3732 2862 3789 postea
2882 3717 3235 3790 pervaderent
3278 3724 3494 3787 Franci.

1917 3788 1984 3869 ab
2015 3787 2171 3869 Aetio
2211 3787 2483 3854 inhibitos,
2515 3787 2696 3869 et’hac
2743 3787 2900 3861 quam
2932 3792 3183 3849 Sidonius
3209 3795 3388 3849 laudat
3418 3798 3494 3851 νία-

1918 3861 2084 3930 ctoria
2114 3874 2391 3926 repressos
2420 3861 2671 3930 conjicie.

1991 3940 2013 3967 ε
2047 3927 2309 4006 Graphica
2343 3927 2599 4006 veterum
2652 3932 2974 4006 Francorum
3021 3933 3337 4004 descriptio;
3388 3952 3492 4006 qua

1912 4014 2016 4073 non
2065 3999 2238 4053 solum
2277 4002 2385 4055 oris
2424 4004 2659 4056 habitum
2703 4003 3012 4069 cultumque
3056 3999 3265 4059 omnein
3301 3999 3485 4073 perse-

1914 4071 2116 4141 quitur,
2148 4084 2364 4138 procera
2397 4088 2645 4141 corpora,
2689 4074 2876 4126 rutilos
2904 4078 3115 4140 crines,
3145 4071 3334 4129 caesios
3364 4092 3491 4130 ocu-

1913 4138 2014 4203 los,
2043 4154 2239 4210 prouas
2267 4142 2320 4195 in
2353 4138 2579 4197 frontem
2634 4153 2788 4195 tonso
2816 4145 3030 4211 occipiti
3060 4138 3269 4211 comas,
3304 4157 3489 4200 tenues

1912 4224 2035 4263 raso
2058 4211 2204 4265 vultu
2254 4213 2468 4277 barbas,
2498 4222 2674 4267 vestes
2710 4212 2925 4267 strictas
2972 4224 3027 4269 et
3071 4213 3306 4281 singulos
3335 4228 3485 4270 artus

1910 4284 2294 4354 exprimentes,
2327 4285 2499 4337 nudos
2525 4284 2768 4352 poplites.
2812 4283 2948 4337 latos
2971 4286 3201 4349 balteos;
3234 4287 3323 4339 sed
3358 4302 3487 4354 pro-

1912 4353 2024 4424 pria
2047 4351 2213 4424 etiam,
2227 4368 2411 4424 eorum
2438 4351 2607 4414 arma,
2642 4354 3013 4424 pugnandique
3043 4356 3278 4421 modum,
3307 4351 3368 4408 et
3404 4358 3485 4409 in.

1911 4422 2108 4495 f_ractos
2134 4422 2287 4495 bellis
2317 4424 2526 4479 animos
2555 4422 2954 4495 commemorat.
2983 4426 3266 4479 Armorum
3289 4441 3482 4495 genera

1908 4489 2133 4563 Francis
2158 4491 2343 4563 eadem
2376 4495 2559 4547 tribuit
2576 4496 2825 4563 Agatbias
2848 4494 2939 4548 lib.
2962 4510 3019 4559 ιι,
3040 4510 3253 4548 secures
3281 4489 3485 4552 scilicet

1907 4570 1962 4614 et
2016 4562 2204 4615 breves
2250 4562 2457 4627 hastas,
2504 4579 2635 4633 quas
2671 4578 2894 4616 anconas
2922 4567 3201 4619 vocabant.
3234 4565 3399 4620 Dicta;
3432 4578 3485 4623 et

1906 4634 2267 4704 securesipsae
2296 4634 2364 4688 ab
2390 4650 2571 4687 eorum
2598 4650 2695 4687 usu
2728 4634 3014 4704 franct'scw,
3046 4646 3100 4689 ut
3144 4647 3290 4690 natat
3320 4635 3485 4691 Isido-

1907 4716 2017 4766 rus,
2051 4712 2105 4756 et
2129 4701 2314 4758 Gallici
2350 4704 2582 4759 Annales
2608 4708 2659 4758 in
2684 4701 2948 4759 Clodovaai
2985 4706 3142 4760 rebus
3170 4711 3479 4766 ostendunt.

1910 4772 2161 4828 Bellicam
2201 4789 2328 4828 vero
2358 4774 2682 4829 Francorum
2726 4776 2974 4829 virtutem
3020 4778 3211 4831 asserit
3242 4788 3294 4830 et
3320 4781 3483 4831 lulia-

1908 4857 2008 4895 nus
2037 4843 2191 4911 imp.,
2221 4844 2311 4914 qui
2352 4845 2790 4900 bellicosissimus
2820 4845 3208 4900 Germanorum
3247 4848 3483 4902 Francos

1906 4921 1961 4986 et
1980 4914 2220 4986 Saxones
2248 4915 2371 4970 facit
2401 4917 2451 4969 in
2479 4920 2722 4971 encomio
2744 4915 3065 4981 Constantii,
3092 4919 3158 4971 de
3187 4919 3483 4986 Magnentio

1908 4985 2151 5055 loquens.
2192 4985 2243 5039 in
2275 4987 2427 5055 cujus
2474 4987 2663 5041 castris
2702 4987 2913 5055 utrique
2964 4988 3258 5041 militabant
3296 4989 3477 5045 :‘ttao-

1904 5053 2109 5135 λούθουγ
2126 5055 2179 5111 δέ
2208 5053 2491 5135 αὐτῷήκςκςτά
2516 5060 2570 5113 τὸ
2590 5053 3111 5135 ξυγγςνέςκσύμμαχοι
3147 5064 3481 5135 προθνμῲτα·

1904 5147 1981 5179 τοι
2010 5128 2098 5202 «ψ’
2142 5128 2562 5195 κοικαῖΣάξονες,
2589 5128 2699 5183 τῶἷ
2716 5130 2846 5197 ὑπὲρ
2867 5128 2957 5185 tri-ii
2980 5141 3135 5189 Ῥῆνον
3155 5128 3234 5187 reti
3257 5128 3344 5191 tria
3370 5131 3479 5185 Ἐσ-

1905 5149 2360 5251 πεβίαναζὰλατταν
2387 5201 2532 5251 ἐθνῶν
2560 5202 2626 5251 τὰ
2653 5205 3020 5251 uati/tumtunc.

1948 5217 2087 5253 εβιαν
2108 5217 2360 5253 σαλατταν
2387 5217 2532 5253 ευνων
2560 5223 2626 5253 τα
2652 5222 3020 5253 uati/tunicata.

1905 5215 2087 5269 περιαν
2108 5215 2360 5256 θαλατταν
2387 5215 2532 5253 wild-3v
2560 5215 2626 5255 τά
2650 5222 3020 5271 μαχιμωτατα-

1905 5336 1938 5340 _
1976 5264 2002 5303 ἀ
2054 5267 2227 5323 Locus
2277 5280 2431 5323 antea
2482 5271 2741 5323 obscurus
2799 5271 2923 5324 vitio
2972 5272 3474 5340 interpunctionum.

1905 5336 2169 5410 Pugnant,
2202 5341 2390 5409 inquit,
2413 5355 2599 5392 omnes
2617 5357 2710 5409 pro
2739 5342 2977 5409 principe
2998 5359 3014 5410 γε
3044 5336 3137 5410 pro
3165 5358 3224 5395 se
3240 5341 3348 5408 jam
3384 5357 3473 5404 pu~

1905 5418 2032 5480 gnat
2078 5409 2414 5480 Majoﬁrianus,
2442 5420 2498 5463 ut
2527 5423 2647 5477 pote
2698 5412 2943 5480 princeps
2986 5409 3211 5465 futurus.
3244 5410 3394 5477 Quod
3427 5411 3471 5468 si

1908 5478 2153 5551 princeps
2196 5479 2409 5535 futurus
2451 5490 2553 5548 est,
2579 5478 2796 5551 jam'illi
2825 5480 3064 5535 serviunt
3093 5496 3281 5535 omnes
3312 5481 3469 5535 ViCiO-

1906 5550 1999 5602 rite
2022 5557 2142 5601 tute.

1979 5618 2301 5690 erlticiineri,
2329 5619 2533 5683 Vallim,
2566 5630 2625 5674 ut
2653 5621 2703 5673 in
2747 5620 3106 5679 Anthemiano
3143 5619 3340 5677 dictum
3371 5632 3468 5690 εει,

1906 5689 2044 5755 regis
2070 5689 2364 5746 Gothorum
2393 5707 2455 5748 ex
2486 5691 2591 5747 filia
2620 5693 2815 5749 nepoti.
