3946 6176
155 306 238 359 669
1601 294 1924 351 meum.
3028 342 3045 367 ι

154 426 186 474 υ
209 419 384 471 devota
412 412 541 467 mihi
564 427 581 466 :
607 409 797 466 vindex
825 409 915 463 lilii
943 412 1160 466 nomine
1189 410 1371 464 divum

3296 305 3399 359 670

1736 419 1784 475 Α
1814 412 1889 467 Te
1917 413 2199 468 mandasse
2222 414 2397 481 acies;
2426 416 2634 487 peragit
2664 415 2872 473 fortuna
2902 418 3231 489 triumphum

155 509 448 575 Maiorianus
476 506 609 566 erit;
640 504 947 572 secl’pattcis
970 518 1136 570 pauca
1168 516 1429 558 retexam.

156 614 175 640 ι
197 604 261 656 Ex
288 616 388 668 quo
410 596 750 651 Theudosius
778 598 1081 649 communia
1110 598 1228 663 iura
1256 598 1437 665 lugan

157 692 371 749 Reddidit
396 690 634 744 auctoris
654 688 823 751 fratri,
855 688 939 740 cui
967 696 1178 756 guttura
1202 687 1361 756 fregit

158 788 261 840 l'o‘t
285 785 333 838 in
360 797 415 836 se
440 780 696 835 vertenda
721 794 931 843 manus,
966 794 1081 833 mea
1115 778 1285 833 Gallia
1318 794 1496 833 rerum

157 880 403 947 lgnoratur
426 875 603 929 adhuc
631 871 882 935 dominis,
911 872 1201 941 ignaraque
1230 872 1421 926 servit.

162 970 223 1023 Ex
245 969 326 1021 il'o
355 966 571 1020 multum
599 963 778 1033 periit,
808 963 927 1032 quia
957 962 1196 1029 principe
1223 962 1433 1027 clauso,

161 1056 387 1126 Quidquid
408 1063 524 1109 erat
551 1054 731 1107 miseri
763 1052 990 1106 diversis
1020 1054 1259 1121 partibus
1284 1052 1453 1118 orbis,

164 1149 336 1203 Vastari
360 1146 597 1201 solemne
618 1145 719 1198 fuit
748 1162 762 1200 :
793 1160 912 1213 qua:
938 1144 1040 1197 vita
1066 1145 1321 1213 placeret,

160 1243 268 1295 Cum
287 1250 451 1293 rector
480 1235 838 1290 moderandus
867 1237 1015 1291 erat?
1040 1247 1347 1303 contempta
1382 1246 1457 1291 tot
1497 1250 1664 1291 annos

160 1330 382 1385 Nobilitas
407 1328 574 1398 iacuit
600 1345 612 1379 :
640 1329 866 1397 pretium
898 1329 1196 1395 respublica
1223 1328 1343 1381 furti

160 1422 348 1476 Rettulit
374 1418 648 1474 invidiam.
681 1417 935 1486 Princeps
960 1417 1072 1472 haec
1092 1419 1271 1471 omnia
1306 1428 1488 1473 uoster

158 1513 376 1582 Corrigit,
405 1521 565 1579 atque
593 1520 766 1575 tuum,
796 1512 939 1564 vires
965 1526 1029 1564 ex
1055 1511 1301 1579 gentibus
1330 1510 1556 1575 addens,

159 1608 221 1659 Ad
247 1605 426 1659 bellum
447 1618 542 1672 per
565 1603 705 1656 bella
733 1602 909 1667 venit;
938 1617 1059 1654 nam
1081 1601 1355 1655 maximus
1382 1601 1489 1657 isse
1521 1609 1629 1666 est,

156 1698 247 1752 Non
271 1711 517 1767 pugnasse
548 1695 699 1749 labor
726 1713 739 1749 :
766 1695 986 1749 terimus
1008 1710 1103 1749 cur
1129 1704 1369 1763 tempora
1399 1697 1606 1752 verbis?

156 1790 393 1854 Pervenit,
427 1798 481 1842 et
502 1787 688 1841 vincit.
718 1787 830 1840 Tali
860 1802 1111 1841 sermone
1140 1800 1412 1856 peractum

153 1882 412 1937 Concilium
443 1893 545 1943 est,
569 1880 854 1949 verbisque
882 1882 995 1934 deae
1028 1880 1319 1936 famulante
1348 1884 1587 1951 metallo,

152 1976 299 2027 Aurea
322 1972 614 2026 cooeordes
645 1980 917 2025 traxerunt
953 1972 1037 2025 fila
1068 1987 1303 2027 sorores.

208 2067 301 2120 llos
328 2081 429 2134 me,
461 2079 597 2133 quos
626 2065 820 2127 cecini,
851 2065 1031 2118 Roma:
1060 2064 1347 2136 Libyaeque
1376 2065 1589 2119 labores

151 2158 279 2228 321
306 2156 432 2210 Vota
464 2155 739 2209 hominum
768 2154 1000 2210 docuere
1039 2157 1221 2226 loqui;
1258 2155 1286 2194 δ
1329 2158 1438 2226 iam
1484 2166 1696 2225 tempus

458 2256 469 2265 '
1415 2246 1499 2319 [ad
1531 2249 1621 2303 illa

149 2342 283 2396 Ferre
306 2340 516 2411 pedem,
540 2354 662 2410 quae
705 2338 860 2393 fanda
892 2340 1021 2393 mihi
1053 2340 1137 2394 vel
1166 2339 1411 2408 Apolline
1442 2351 1590 2396 muto

150 2435 232 2487 l’ru
261 2433 421 2487 Musis
447 2433 586 2485 Mars
608 2440 789 2486 vester
810 2431 934 2485 erit.
962 2429 1362 2485 Conscenderat
1386 2433 1567 2502 Alpes.

147 2528 488 2595 Raetorumque
505 2525 635 2593 iugo
665 2540 760 2594 per
790 2525 941 2593 longa
972 2524 1185 2578 si‘entia
1213 2522 1426 2588 ductus,

146 2618 356 2672 Romano
382 2618 587 2672 exierat
614 2616 866 2685 populato
895 2626 1013 2669 trux
1041 2616 1390 2677 Alamannus.

145 2721 162 2747 ι
191 2709 376 2778 Perque
399 2707 529 2763 Cani
551 2707 819 2775 quondam
848 2706 1020 2760 dgctos
1041 2706 1109 2760 de
1136 2706 1353 2761 numine
1381 2720 1621 2773 campos,

142 2803 184 2853 ln
210 2802 427 2869 praedam
454 2810 668 2854 centum
700 2798 885 2851 novies
915 2798 1189 2849 dimiserat
1217 2799 1398 2850 hostes
1422 2814 1436 2849 :

143 2890 336 2960 Jamque
360 2888 614 2958 magister
637 2902 779 2951 eras,
807 2887 1100 2940 Burconem
1128 2885 1316 2950 dirigis
1342 2886 1453 2950 iLlo,

144 2982 313 3052 Exigua
342 2983 632 3034 comitante
659 2993 851 3040 manu;
880 2976 975 3031 sed
1006 2977 1205 3031 sufﬁcit
1228 2977 1391 3044 istud,

142 3072 250 3127 Cum
278 3088 513 3144 pugnare
531 3071 717 3139 iubes;
744 3080 896 3123 certa
927 3079 1009 3123 est
1034 3069 1255 3123 victoria
1279 3070 1481 3127 nostris

1811 506 1927 559 Non
1952 508 2172 576 populo,
2204 508 2299 562 sed
2328 522 2514 564 amore
2546 520 2669 573 tuo;
2703 514 2829 565 nolo
2856 515 3068 580 agmina
3097 529 3289 582 csnnpo

1808 601 1962 669 Quod
1987 604 2153 658 mittis
2177 619 2410 674 paucos;
2442 604 2567 659 felix
2602 616 2653 660 te
2683 608 2903 669 resnicit
2926 610 3024 661 is'te

1808 696 2046 751 Eventus
2064 697 2189 750 belli
2216 714 2229 749 :
2259 706 2523 752 certatum
2556 707 2639 753 est
2661 698 2784 767 jure
2814 700 3077 767 magi~lri,
3135 758 3140 764 ,

1806 789 2027 856 Augusti
2051 788 2179 843 fato.
2212 786 2240 825 ἀ
2275 790 2456 857 Nuper
2485 798 2604 856 post
2633 789 2805 843 hostis
2834 799 3022 857 aperto

1809 879 2032 934 Errabat
2054 881 2231 933 len'us
2256 880 2478 949 pelago;
2510 881 2668 935 simul
2698 880 2891 934 ordine
2921 879 3076 934 vobis

1804 971 1951 1025 Ordo
1979 973 2155 1027 omnis
2186 988 2409 1043 regnum
2438 972 2682 1036 dederat,
2709 972 2880 1041 pletis,
2910 975 3083 1038 curia,
3116 970 3294 1036 miles.

1806 1062 1874 1118 Et
1899 1065 2101 1134 collega
2134 1065 2319 1120 simul.
2351 1064 2679 1135 Campanam
2710 1065 2964 1119 ﬂantibus
2992 1063 3191 1118 austris

1803 1156 2114 1227 Ingrediens
2145 1168 2365 1224 terram,
2397 1173 2641 1213 securum
2676 1157 2846 1211 milite
2878 1158 3061 1211 Mauro

1802 1248 2104 1316 Agricolam
2135 1249 2472 1319 aggreditur;
2510 1248 2718 1318 pinguis
2741 1264 2837 1317 per
2864 1257 3098 1302 transtra
3127 1246 3352 1301 sedebat

1804 1338 2097 1404 Vandalus,
2120 1341 2409 1410 opperiens
2432 1340 2691 1409 pmdam,
2721 1356 2878 1407 quam
2900 1339 3135 1407 iusso-rat
3168 1339 3291 1393 illnc

1798 1430 2026 1497 Captivo
2056 1434 2302 1500 capiente
2335 1432 2502 1497 trahi;
2527 1432 2621 1487 sed
2653 1441 2829 1487 vestra
2859 1442 3080 1500 repente

1803 1519 1947 1576 Inter
1977 1530 2263 1591 tttrumque
2286 1522 2493 1579 hostem
2516 1512 2780 1578 de‘derant
2806 1538 2928 1577 Sese
2948 1522 3159 1589 agmina
3187 1523 3382 1589 planis,

1800 1612 1932 1679 Qure
1960 1613 2178 1681 pelagus
2208 1614 2507 1682 collemque
2534 1624 2745 1677 secant,
2784 1625 3100 1682 portumque
3127 1616 3350 1667 reducto

1803 1703 2052 1759 Efficiunt
2074 1706 2213 1759 ﬂexu
2237 1704 2402 1759 ﬂuvii.
2436 1704 2726 1759 Perterrita
2754 1704 3006 1772 priunmt,

1728 1789 1772 1847 Β
1804 1796 2009 1849 Montes
2039 1795 2191 1850 turba
2217 1797 2369 1866 petit,
2397 1796 2633 1851 trabibus
2656 1812 2772 1865 qua:
2804 1798 2980 1849 clausa
3012 1795 3215 1849 relictis

1799 1887 2004 1942 Prtedaa
2028 1887 2203 1955 praeda
2237 1888 2355 1949 fuit,
2382 1896 2493 1941 tum
2516 1890 2761 1943 concitus
2790 1889 3001 1956 agmine
3026 1899 3162 1951 toto.

1798 1979 1852 2033 In
1882 1994 2111 2048 pugnam
2141 1980 2307 2047 pirata
2329 1980 2437 2033 coit
2464 1996 2475 2031 :
2504 1995 2626 2048 pars
2651 1980 2808 2033 lintre
2828 1970 3014 2033 cavata

1797 2070 1915 2127 Jam
1942 2071 2144 2125 dociles
2170 2070 2395 2140 exponit
2428 2086 2615 2140 equos,
2649 2085 2775 2140 pars
2803 2071 2980 2125 ferrea
3016 2079 3158 2127 texta

1796 2162 2062 2216 Concolor
2082 2162 2340 2227 induitur,
2373 2170 2571 2217 teretes
2603 2177 2726 2231 pars
2750 2164 2982 2232 explicat
3010 2178 3188 2225 arcus,

1797 2255 1958 2325 322
1988 2256 2314 2325 Spiculaque
2340 2254 2575 2310 infusnnt
2606 2255 2752 2310 ferro
2774 2256 2946 2310 latura
2974 2271 3263 2315 venenum,

1796 2348 1926 2413 Qua:
1958 2348 2150 2401 feriant
2172 2347 2255 2401 bis
2277 2348 2436 2402 missa
2469 2348 2675 2412 semel;
2713 2356 2737 2385 ε
2758 2346 2869 2416 iam
2903 2348 3099 2402 textilis
3126 2350 3311 2407 anguis

1800 2438 2059 2492 Discurrit
2081 2452 2177 2507 per
2205 2446 2488 2508 utramque
2513 2438 2707 2501 aciem,
2734 2439 2819 2492 cui
2850 2446 3030 2508 guttur
3053 2440 3256 2490 adactis

1796 2527 2077 2597 Turgescit
2104 2531 2383 2600 zephyris;
2419 2531 2598 2597 patqu
2629 2530 2885 2585 mentitur
2915 2529 3063 2583 hiatu

1799 2617 1991 2672 Iratam
2025 2620 2225 2687 pictura
2259 2620 2476 2684 famem,
2510 2634 2791 2689 pannoque
2820 2618 3054 2672 furorem

1796 2712 1935 2764 Aura
1971 2711 2114 2774 facit,
2146 2711 2359 2781 quoties
2389 2718 2665 2765 crassatur
2686 2710 2873 2765 vertile
2904 2719 3110 2778 tergum

1797 2802 2054 2868 Flatibus,
2080 2812 2133 2856 et
2160 2802 2384 2856 nimium
2406 2803 2517 2869 jam
2546 2816 2650 2854 non
2674 2802 2816 2871 capit
2844 2800 2993 2855 alvus
3022 2800 3201 2853 illa'tt‘.

1797 2900 1867 2950 At
1897 2896 2019 2950 tttba
2054 2896 2318 2950 terrisono
2343 2894 2569 2963 strepuit
2594 2909 2754 2962 grave
2786 2909 2943 2947 rauca
2976 2894 3209 2962 [τέκεα-ιι,

1797 2989 2098 3057 Responsat
2122 2988 2327 3041 clamor
2357 2986 2525 3055 lituis,
2550 2988 2822 3056 virtusque
2850 2998 3071 3055 repente

1798 3079 2006 3147 Ignavis
2028 3079 2109 3133 vel
2140 3093 2301 3147 parva
2329 3077 2456 3132 furit
2486 3095 2500 3143 ;
2532 3078 2674 3131 cadit
2697 3077 2929 3148 undique
2961 3076 3181 3140 ferrum,

143 3208 638 3289 lentinianiiunioris
663 3222 762 3289 per
781 3206 1047 3289 annos_66
1075 3207 1368 3289 legitimum
1395 3210 1692 3289 principem
1726 3217 1772 3280 C
1803 3220 2020 3289 emersit
2054 3230 2122 3269 ex
2149 3216 2367 3289 privata
2408 3214 2635 3289 fortuna,
2671 3216 3012 3289 exsequitur;
3059 3229 3121 3268 ac
3152 3218 3377 3289 primurn

144 3284 314 3335 nulum
345 3284 547 3333 viderat
580 3296 591 3331 :
626 3279 712 3331 ubi
742 3283 902 3331 tacite
935 3277 1175 3342 Ilonorii,
1200 3288 1254 3331 et
1280 3277 1421 3332 Plae.
1456 3277 1692 3337 Valenti-

142 3354 260 3405 niani
288 3352 589 3405 sarordtam
620 3350 913 3409 insimulat,
946 3350 1035 3416 qui
1066 3348 1330 3402 Ravennae
1363 3348 1475 3404 fere
1505 3355 1696 3408 moeni-

143 3426 221 3477 lnis
247 3422 447 3479 ιιιιΙιιςί,
498 3422 736 3473 harbars
780 3420 1078 3479 provincias
1125 3420 1485 3474 lacerantibus
1514 3426 1693 3480 omnia

145 3495 625 3561 iit‘ssuuttletlet'tlttl,
658 3505 779 3561 cum
826 3490 961 3542 alter
1002 3489 1071 3543 ob
1112 3490 1396 3553 inertiam,
1452 3494 1586 3547 alter
1626 3499 1695 3547 ob

144 3559 322 3617 ietatrm
357 3559 786 3614 moderatoribus
813 3569 1053 3627 egerent.

199 3642 220 3668 ι
259 3634 327 3685 lia
352 3632 621 3697 superius.
645 3640 697 3683 et
723 3630 781 3682 Cl
806 3629 1049 3682 .udianus
1073 3629 1294 3696 passim,
1324 3631 1476 3683 metri
1499 3646 1690 3696 causa;

144 3714 267 3758 vetus
291 3704 565 3770 inscriptio
604 3700 1062 3769 Constantinopoli
1106 3714 1267 3770 supra
1300 3702 1533 3755 Auream
1566 3719 1694 3773 por-

147 3783 229 3828 tam
259 3792 272 3827 :

242 3845 346 3893 Hszc
361 3842 462 3891 loca
487 3840 797 3903 Theudosius
818 3839 1015 3888 decorat
1040 3846 1148 3901 post
1171 3838 1265 3888 fata
1285 3843 1494 3903 tyranni.

241 3908 397 3955 Aurea
424 3902 565 3953 sascla
592 3904 720 3964 gerit
739 3903 820 3963 qui
850 3912 1036 3963 portam
1058 3902 1456 3953 constrult’auro.

145 3991 277 4060 122
306 3987 598 4041 Theodosii
637 3996 823 4041 auctor
846 3996 956 4060 est
990 3986 1297 4060 Gratianus,
1324 4002 1353 4060 a
1394 4001 1499 4060 quo
1528 3987 1696 4057 impe-

144 4056 567 4126 riu—iiTacceperat
603 4074 616 4109 :
650 4058 885 4110 auctoris
932 4056 1099 4109 frater
1140 4056 1564 4122 Valentinianus,
1608 4060 1692 4112 cui

144 4132 290 4191 gulam
335 4131 421 4196 qui
449 4129 607 4195 fregit
634 4128 980 4193 Arbogastes.
1013 4128 1154 4179 idem
1185 4128 1286 4181 sibi
1331 4136 1535 4193 postea,
1570 4144 1691 4182 eum

144 4199 350 4270 Eugenio
380 4210 606 4269 tyranno
626 4199 796 4251 vietus
816 4212 843 4247 a
868 4197 1194 4261 Theodosio,
1227 4210 1453 4270 mortem
1484 4204 1692 4253 consci-

142 4268 232 4335 n't,
270 4268 489 4338 septimo
520 4274 632 4322 tere
675 4276 796 4337 post
837 4282 979 4321 anno
1023 4283 1203 4338 quam,
1233 4268 1633 4324 Valentinianus
1662 4285 1691 4323 a

144 4337 349 4394 Maximo
394 4342 603 4405 fugatus
644 4338 869 4405 imperio
910 4352 1001 4404 per
1025 4337 1384 4391 Theodosium
1416 4341 1693 4394 restitutus

143 4410 314 4465 luenti.
358 4413 617 4465 Auctores
664 4423 792 4474 ergo
836 4408 987 4465 dicti.
1040 4410 1129 4473 qui
1182 4408 1269 4461 vel
1317 4410 1553 4477 generis,
1610 4412 1691 4463 vel

142 4496 281 4545 opum
300 4492 350 4536 et
377 4480 599 4534 honoris
626 4489 877 4548 parentes
908 4479 1027 4533 aliis
1057 4479 1295 4531 fuissent.
1322 4480 1409 4533 Sic
1435 4480 1688 4534 Hadriani

142 4562 383 4605 auctorem
404 4550 693 4616 Traianum
715 4550 943 4619 appellat
966 4548 1301 4619 Spartianus,
1318 4547 1513 4603 Juliani
1544 4551 1686 4604 Con-

142 4623 366 4677 stantium
390 4622 620 4676 Senatus
645 4618 795 4688 apud
815 4620 1178 4690 Marcellinum
1202 4618 1297 4672 lib.
1324 4635 1413 4672 xxi
1436 4635 1529 4686 per
1553 4636 1687 4690 quos

143 4693 194 4745 ad
223 4694 492 4761 imperium
521 4693 690 4745 evecti
723 4692 948 4743 fuerant.
983 4689 1238 4743 Sidonius
1265 4689 1379 4761 ipse
1411 4690 1688 4757 Apollina-

142 4776 235 4816 rem
259 4760 406 4817 avum
437 4775 711 4815 auctorem
741 4774 895 4815 suum
927 4768 1081 4813 vocat
1110 4761 1161 4811 in
1188 4760 1411 4822 epismla
1435 4776 1551 4829 qua:
1572 4763 1688 4826 eius

140 4835 438 4901 epitaphium
492 4833 752 4902 continet.
805 4831 1371 4902 Panegyristcsivetus
1420 4832 1685 4902 it_t_Cene-

138 4899 309 4958 lbliaeo
344 4902 665 4957 Maximiani.
712 4899 1013 4964 Itidemque,
1059 4899 1396 4963 Maximiane,
1444 4900 1688 4955 Hercules

142 4983 236 5028 tuus
262 4992 453 5036 anetor,
486 4988 602 5025 cum
632 4976 761 5023 inter
790 4971 1017 5023 homines
1044 4979 1197 5035 esset,
1239 4980 1267 5022 ε.
1287 4987 1398 5024 rras
1441 4988 1614 5024 omnes
1641 4982 1688 5025 et

140 5059 336 5099 monstra
362 5046 582 5114 pacavit.
611 5044 690 5114 _lta
720 5042 859 5094 enim
884 5042 982 5109 legi
1012 5042 1687 5114 debet_.Auctorei_tt‘Mavi-

140 5117 273 5170 miani
300 5109 577 5170 Herculem
603 5112 747 5175 facit,
764 5122 820 5165 ut
843 5115 996 5179 paulo
1016 5121 1137 5164 ante
1156 5109 1685 5174 DiocletianiJovem,

140 5190 257 5250 quod
286 5188 349 5240 ab
374 5188 482 5240 illis
512 5186 612 5236 orti
642 5183 809 5237 videri
842 5183 1128 5236 voluerint.
1164 5182 1516 5251 Symmachus
1538 5181 1691 5235 deni-

138 5271 222 5320 que
250 5258 335 5311 lib.
369 5272 423 5322 x,
451 5256 610 5323 epist.
652 5254 724 5307 22
748 5262 803 5308 et
832 5254 900 5308 57
922 5295 937 5319 ,
982 5267 1103 5306 cum
1134 5250 1422 5323 Theodosii
1450 5253 1691 5323 eiusdem

139 5337 379 5382 unctorem
408 5321 818 5388 commemorat,
865 5323 981 5391 eius
1009 5330 1213 5391 patrem
1242 5321 1488 5389 intelligit
1516 5322 1693 5376 Theo-

138 5397 319 5453 dosium
353 5398 626 5463 comitem,
668 5410 826 5464 quem
873 5394 1179 5447 Africanum
1225 5401 1279 5447 et
1324 5392 1689 5464 Britannicum

138 5465 302 5521 ducem
336 5462 699 5532 nominat,ob
725 5464 943 5519 bellicas
971 5464 1150 5518 lauros
1191 5477 1324 5533 quas
1354 5462 1421 5533 ab
1462 5471 1687 5533 utraque

137 5547 271 5601 gente
290 5539 566 5593 retulerat.
595 5536 792 5591 Verum
816 5536 899 5591 hic
920 5536 1133 5606 generis
1153 5532 1340 5589 auctor
1361 5532 1686 5602 Theodosio,

139 5608 317 5674 imperii
346 5611 649 5665 Gratianus.

197 5672 219 5715 ⁵
256 5680 371 5735 ΙΙωο
398 5694 522 5751 pars
551 5679 716 5732 altera
750 5675 1078 5751 panegyrici,
1100 5675 1275 5751 inqua
1306 5672 1445 5727 redit
1470 5673 1534 5726 ad
1566 5688 1686 5740 par-

137 5755 203 5803 tes
236 5766 350 5807 suas
377 5745 553 5817 picta,
588 5762 635 5804 et
670 5750 869 5817 reliqua
892 5745 1170 5817 Maioriani
1198 5753 1371 5816 gesta,
1405 5754 1684 5816 postquam

1803 3285 2071 3353 duplicem
2111 3286 2229 3352 eius
2268 3287 2546 3340 vietoriam
2574 3302 2588 3339 :
2616 3302 2773 3339 uuam
2816 3288 2884 3341 de
2920 3287 3253 3348 Alamannis,
3290 3286 3377 3350 qui

1803 3371 1899 3425 per
1926 3360 2086 3424 Alpes
2110 3356 2305 3409 Raetias
2324 3356 2526 3425 delapsi
2552 3368 2850 3424 noogentos
2872 3372 2902 3409 e
2922 3358 3032 3409 suis
3055 3356 3120 3409 ad
3148 3356 3378 3423 praedam

1805 3424 2155 3480 immiserant.
2194 3427 2297 3479 llos
2326 3424 2645 3493 Maiorianus
2675 3427 2909 3479 nondum
2943 3428 3251 3494 imperator,
3284 3430 3377 3478 sed

1794 3496 1905 3565 iam
1932 3494 2187 3560 magister
2218 3497 2470 3558 militum,
2502 3497 2705 3549 direr-to
2735 3498 2795 3565 in
2817 3510 2910 3547 eos
2935 3496 3174 3548 Burcone
3199 3495 3375 3561 proﬂi-

1800 3564 1964 3633 gavit.
1990 3566 2095 3619 Res
2118 3567 2293 3629 itaque
2313 3576 2521 3629 peracta
2542 3578 2725 3618 mense
2750 3564 2936 3618 Martio
2957 3565 3082 3617 anni
3104 3566 3228 3619 457.
3247 3566 3377 3619 Nam

1800 3651 1864 3690 ex
1896 3638 2080 3691 incerti
2105 3636 2343 3689 chronici
2373 3646 2593 3689 auctore
2610 3645 2773 3703 patet,
2792 3634 3143 3688 Constantino
3165 3644 3220 3689 et
3244 3637 3379 3687 Ilufo

1799 3720 1966 3769 coss.,
2012 3706 2183 3774 pridie
2222 3705 2475 3759 calendas
2524 3706 2739 3759 Martias
2790 3706 3103 3771 magistrum
3149 3705 3376 3759 militum

1799 3775 1996 3830 factum
2042 3777 2224 3845 fuisse,
2268 3791 2557 3846 purpuram
2597 3774 2791 3830 deinde
2833 3775 3070 3829 calendis
3105 3774 3379 3845 Aprilibus

1800 3848 2119 3915 suscepisse.

1878 3926 1901 3955 ε
1942 3918 2126 3985 Campi
2167 3915 2354 3971 Canini
2386 3915 2438 3969 in
2467 3931 2527 3969 ea
2557 3915 2739 3970 Raetiae
2779 3932 2870 3970 ora
2903 3916 3115 3972 fuerunt
3142 3933 3262 3987 quae
3290 3916 3380 3971 Li-

1797 3987 1965 4051 guria:
1994 3988 2327 4041 eontetmina
2359 3997 2460 4040 est.
2494 3988 2665 4041 Situm
2694 3989 2850 4043 docet
2882 3989 3005 4041 item
3039 3987 3381 4042 Marcellinus

1796 4058 1894 4111 lib.
1919 4074 1983 4110 xv
2016 4059 2132 4110 :Ad
2176 4074 2325 4127 quem
2367 4057 2680 4127 prorinctum
2716 4061 2994 4123 imperator
3032 4075 3283 4124 egressus,
3328 4060 3380 4112 in

1804 4127 1993 4182 Raetias
2018 4126 2321 4197 camposque
2349 4128 2479 4179 venit
2503 4126 2741 4181 Caninos.
2774 4129 2837 4181 Et
2865 4144 2931 4181 ne
2961 4128 3155 4195 ambigi
3196 4136 3377 4196 queat,

1795 4199 2000 4255 indicio
2025 4209 2108 4253 est
2138 4200 2339 4261 Btlitio,
2372 4208 2521 4251 vetus
2552 4209 2783 4251 castrum
2815 4199 2867 4251 in
2902 4197 2984 4251 his
3012 4198 3214 4265 campis
3244 4201 3379 4265 posi-

1806 4278 1940 4334 tum,
1975 4270 2239 4338 hodieque
2284 4283 2388 4321 non
2418 4268 2727 4322 obscurum.
2758 4269 3046 4337 Gregorius
3085 4267 3131 4321 Χ
3178 4269 3376 4320 llistor.

1797 4355 1853 4393 tu
1886 4357 1899 4393 :
1958 4340 2054 4393 Ole
2097 4342 2203 4393 dux
2237 4340 2305 4393 ad
2328 4338 2623 4391 Bilitionem
2652 4349 2879 4392 castrum
2917 4341 2969 4391 in
3012 4339 3201 4405 rumpis
3224 4338 3378 4389 situm

1799 4408 2009 4464 Canini:
2046 4411 2335 4478 importune
2370 4410 2647 4479 accedens,
2676 4412 2857 4483 jacqu
2894 4408 3152 4462 sauciatus
3198 4410 3378 4461 cecidit

1797 4494 1843 4533 et
1870 4492 2097 4533 mortuus
2127 4492 2221 4532 εδι.

1871 4547 1897 4587 ἀ
1937 4550 2117 4604 Altera
2151 4550 2427 4620 Maioriani
2462 4551 2636 4618 palma
2666 4551 2731 4604 de
2762 4547 3012 4603 Vandalis
3050 4548 3373 4620 Maurisque,

1798 4635 1932 4686 quos
1980 4637 2047 4675 ex
2076 4620 2253 4674 Africa
2292 4620 2346 4674 in
2391 4620 2734 4687 Campaniam
2777 4620 3026 4671 advectos
3058 4619 3378 4687 Maiorianus

1792 4690 1903 4760 iam
1946 4690 2254 4757 imperator,
2302 4706 2406 4744 non
2439 4691 2609 4743 solum
2643 4690 2819 4756 praeda
2851 4703 3020 4760 quam
3053 4692 3378 4756 collegerant

1794 4760 2174 4828 spoliavit,sed
2196 4762 2343 4829 gravi
2366 4762 2575 4814 attritos
2598 4760 2747 4813 clade
2769 4759 3013 4828 inrogant
3037 4761 3163 4827 egit.
3181 4761 3380 4828 Pugnae

1794 4830 1972 4885 locum
2004 4832 2074 4886 ita
2102 4832 2366 4902 designat,
2410 4840 2465 4883 ut
2495 4832 2773 4898 perspicue
2808 4832 3125 4902 Sinuessam
3177 4840 3381 4884 tractus

1799 4903 2044 4970 planities
2071 4900 2291 4956 iudicari
2320 4902 2583 4963 videatur,
2605 4916 2722 4966 qua:
2743 4916 2772 4953 a
2806 4900 2956 4970 Lyris
2980 4902 3133 4955 ostiis
3160 4902 3224 4953 ad
3256 4902 3373 4955 Vul-

1797 4980 2008 5025 turnum
2027 4983 2293 5041 porrecta,
2317 4974 2440 5025 hinc
2456 4972 2609 5031 mari.
2636 4972 2779 5024 illine
2800 4972 3005 5042 Massici
3031 4972 3228 5024 montis
3245 4974 3379 5042 iugo

1797 5042 2080 5097 clauditur.
2121 5043 2275 5113 123
2307 5043 2515 5095 Mauros
2562 5056 2710 5110 ergo,
2738 5042 2873 5113 quia
2900 5057 2930 5094 a
2966 5041 3213 5095 Vandalis
3248 5041 3379 5095 sub-

1791 5114 1900 5165 acti
1934 5112 2164 5178 fuerant,
2180 5112 2430 5179 captivos
2454 5120 2629 5174 vocat,
2660 5126 2710 5165 et
2734 5112 2968 5178 praedam
2992 5128 3109 5173 una:
3138 5128 3233 5180 per
3259 5113 3381 5165 illos

1794 5183 2071 5250 agebatur,
2101 5184 2313 5245 captivo
2340 5182 2585 5247 capiente
2614 5185 2728 5249 eapi
2751 5192 2939 5249 argute
2964 5181 3117 5245 dixit,
3135 5197 3197 5235 ac
3220 5184 3381 5249 paulo

1794 5261 1940 5317 post,
1974 5255 2169 5322 ptanda:
2199 5254 2430 5322 praedam
2461 5254 2644 5314 fuisse,
2678 5267 2799 5306 cunt
2832 5252 3001 5307 Mauri
3033 5267 3060 5305 a
3100 5250 3383 5321 Maioriani

1790 5323 1965 5390 copiis
2006 5324 2168 5393 fugati
2210 5332 2263 5377 et
2302 5323 2513 5385 navium
2551 5322 2697 5376 aditu
2740 5324 2967 5388 exclusi,
3011 5337 3041 5375 a
3086 5322 3379 5390 Campanis

1793 5393 1927 5462 ipsis
1954 5409 2091 5461 quos
2119 5401 2373 5462 ceperant
2393 5395 2530 5461 capti
2558 5402 2701 5448 sunt.

1869 5472 1893 5500 ε
1933 5462 2221 5533 Gregorius
2268 5464 2634 5518 Nazianzenus
2683 5476 2818 5519 orat.
2876 5465 2900 5517 1
2953 5465 3005 5517 in
3053 5462 3319 5517 lulianum
3358 5478 3369 5513 :

1790 5531 1985 5590 Ὀσατε
2009 5531 2605 5608 σῦηθήματαᾷδραριόντων
2629 5537 2859 5608 φοϐεροῖς
2876 5533 3375 5608 χάσμασινξμπνιό-

1787 5625 1912 5680 Esau
1958 5608 2037 5680 ἐπ’
2083 5601 2245 5680 ἅζρων
2298 5601 2528 5680 δόράτωγ
2576 5601 3100 5680 αἰὸιροὺμένόιξηάαὶ
3150 5601 3232 5680 die}
3276 5611 3377 5680 τῷ»

1791 5626 1912 5674 tum
1958 5627 2022 5660 επ
2083 5627 2245 5677 ακρων
2298 5626 2528 5728 defure-tv
2576 5626 2969 5680 αιωρυυμενοις,
3017 5626 3100 5655 και
3150 5626 3232 5657 om
3276 5626 3377 5657 των

1791 5676 1946 5748 ὁλκῷν
1975 5677 2271 5747 ριπιζὸμενα
2294 5698 2353 5746 φο
2387 5680 2483 5732 ίσιν
2504 5678 2745 5748 ὑφανταῖς
2772 5676 3143 5748 καταστὶκιῖῳν,
3170 5672 3380 5731 ἥδιστόν

1790 5768 1842 5802 τε
1872 5741 1994 5819 duo};
2023 5751 2104 5801 καὶ
2130 5741 2326 5819 φρικτὸλδ
2354 5749 2514 5819 οέαμα
2537 5741 2851 5823 ἆτροσπίπτει
2878 5752 2988 5803 ταῖς
3010 5741 3186 5815 ὅψισι.
