3946 6176
557 274 651 329 δτι

558 395 585 422 ι
619 385 749 442 lliuc
774 395 953 442 tamen
983 386 1033 440 in
1056 385 1292 457 jugulos.
1326 384 1475 440 llune
1508 394 1645 438 torta
1672 384 1883 438 falarica
1917 383 2054 451 iactu

559 476 822 539 Praeterit.
853 479 918 533 ad
954 489 1178 534 mortem
1210 478 1295 532 vix
1332 487 1606 532 cessatura
1639 476 1929 531 secundum
1960 494 1973 530 :

504 636 507 637 ν
562 570 711 624 llunc
736 572 880 624 conti
912 581 1052 625 rotat
1082 573 1241 634 ictus,
1274 587 1412 641 equo
1440 570 1546 624 ruit
1574 570 1747 622 aclidc
1778 568 1956 623 fossus

559 662 670 725 llle,
700 679 937 734 veruque
960 665 1127 728 alius;
1154 663 1297 733 jacet
1325 663 1411 717 hic
1440 662 1599 717 simul
1629 662 1756 716 alite
1784 662 1910 723 telo,

559 752 850 807 Absentem
879 769 1066 823 passus
1087 754 1364 816 dextram;
1400 767 1520 822 pars
1553 753 1750 822 poplite
1781 762 1931 806 secto

560 843 743 898 Mortis
770 831 835 899 ad
867 846 1119 900 invidiam
1144 846 1311 910 vivit;
1346 853 1658 916 partemque
1687 846 1895 899 cerebri

562 935 657 990 Hie
688 936 855 1006 galea:
880 953 999 991 cum
1030 949 1180 1007 parte
1211 939 1373 1004 rapit,
1406 937 1637 1007 fortique
1662 940 1862 994 lacerto

560 1027 777 1083 Dissicit
807 1030 1022 1098 ancipiti
1051 1030 1353 1085 miserabile
1380 1030 1612 1101 sinciput
1633 1047 1783 1085 ense.

560 1117 628 1172 ιιι
660 1121 890 1186 primttm
921 1121 1089 1175 versis
1114 1121 1207 1176 dat
1230 1131 1437 1192 tergum
1462 1122 1728 1177 Vandalus
1757 1122 1940 1190 armis,

556 1210 806 1265 Succedit
826 1213 1002 1267 cmdes
1036 1229 1227 1281 pugnae
1253 1214 1565 1269 discrimine
1592 1216 1758 1269 nullo.

555 1301 878 1356 Sternuntur
906 1305 1100 1371 passim
1126 1305 1353 1372 campis,
1382 1314 1436 1360 et
1462 1304 1617 1361 fortia
1648 1321 1875 1377 qumque

557 1392 702 1449 Fecit
731 1396 874 1449 inch
904 1397 1203 1464 trepidante
1232 1397 1388 1467 fuga;
1422 1412 1568 1452 mare
1599 1398 1827 1466 pallidus
1853 1400 2037 1463 intrat.

556 1485 621 1538 Et
651 1500 815 1540 naves
844 1488 1129 1555 pertransit
1156 1503 1343 1558 eques,
1377 1489 1624 1558 turpique
1651 1497 1835 1543 natatu

558 1577 633 1632 Ite
659 1578 847 1649 pelago
872 1579 936 1632 ad
970 1581 1216 1650 cymbam
1249 1581 1428 1637 rediit.
1458 1580 1550 1636 Sic
1581 1582 1733 1635 tertia
1762 1581 1952 1652 Pyrrhi

551 1673 835 1735 Quondam
864 1689 1033 1743 pugna
1061 1674 1179 1739 fuit,
1217 1674 1372 1729 cmsis
1400 1690 1521 1729 cum
1552 1674 1786 1728 millibus
1814 1675 1963 1729 illum

557 1762 813 1817 Dentatus
842 1774 1140 1829 premeret;
1170 1764 1363 1820 lacera:
1389 1766 1477 1819 vix
1505 1765 1761 1834 fragmina
1793 1763 1981 1819 classis

554 1853 741 1908 Traxit
772 1856 822 1909 in
855 1855 1096 1925 Epirum,
1128 1858 1218 1927 qui
1244 1856 1492 1912 Chaonas
1520 1870 1679 1926 atque
1703 1858 1981 1923 Molossos,

552 1946 656 2010 Qui
682 1945 972 2011 Thracum,
1009 1948 1376 2016 Macetumque
1405 1962 1596 2002 manus
1635 1965 1729 2017 per
1758 1949 1935 2004 littora
1961 1960 2140 2004 nostra

554 2037 859 2104 Sparserat,
890 2047 943 2091 et
963 2038 1116 2106 cujus
1142 2038 1284 2092 vires
1307 2037 1561 2093 OEnotria
1593 2040 1816 2108 pallens,

555 2126 800 2194 Ipsaque,
832 2143 952 2196 quze
982 2128 1153 2197 petiit,
1186 2129 1544 2196 trepidaverat
1570 2141 1730 2185 uncta
1762 2133 2049 2188 Tarentus.

554 2216 715 2287 323
742 2217 992 2273 llostibus
1014 2220 1270 2288 expulsis,
1283 2234 1535 2290 campum
1566 2223 1653 2287 qui
1683 2224 1947 2278 maximus
1970 2234 2143 2279 exStat

554 2306 671 2362 lam
695 2313 922 2380 lustrare
950 2319 1104 2365 vacat
1133 2327 1147 2363 :
1175 2310 1359 2367 videas
1389 2311 1473 2364 luc
1496 2322 1674 2382 strage
1694 2312 1794 2367 sub
1824 2314 1933 2379 illa,

556 2396 916 2468 C‘trorumque
938 2401 1180 2464 animos;
1209 2401 1387 2455 nullus
1413 2419 1521 2456 non
1546 2417 1763 2472 pectore
1791 2419 1983 2472 caesus,

554 2492 804 2561 Quisquis
833 2503 1014 2548 vester
1033 2503 1183 2558 erat;
1215 2495 1391 2549 nullus
1422 2512 1526 2549 non
1560 2507 1708 2563 terga
1738 2495 1964 2565 foratus,

555 2582 768 2637 illorum
800 2584 1073 2655 quisquis;
1104 2586 1339 2640 clamant
1368 2587 1467 2642 hoc
1493 2588 1712 2642 vulnera
1746 2591 1899 2657 primi

552 2672 576 2709 θ’
608 2672 922 2728 Praedonum
956 2685 1066 2730 tum
1090 2676 1228 2732 forte
1255 2677 1425 2743 ducis,
1459 2679 1544 2733 cui
1577 2681 1717 2748 regis
1746 2683 1891 2737 avari

554 2765 810 2822 Narratur
838 2771 1084 2837 nupsisse
1110 2785 1285 2839 soror,
1319 2772 1410 2840 qui
1442 2773 1661 2840 pulvere
1681 2789 1826 2830 ca‘co

556 2858 800 2924 Clausus,
830 2871 885 2915 et
904 2864 1070 2917 elisus
1102 2863 1241 2933 pilis,
1276 2866 1502 2934 vestigia
1532 2868 1702 2934 turpis

556 2951 732 3008 Gestat
763 2954 937 3009 adhuc
969 2955 1225 3022 probrosa
1258 2956 1429 3022 fugae;
1458 2956 1536 3012 sic
1562 2962 1772 3027 agmina
1805 2970 1980 3015 vestra

552 3042 680 3097 Cum
711 3045 899 3110 spoliis
923 3059 1172 3112 campum
1206 3047 1459 3112 retinent,
1486 3056 1541 3102 et
1570 3049 1740 3104 Marte
1773 3050 2042 3108 fruuntur.

620 3144 645 3173 ε
677 3135 881 3189 Interea
910 3135 1106 3202 duplici
1138 3138 1275 3191 texis
1301 3138 1430 3192 dum
1462 3141 1636 3195 littore
1662 3143 1889 3198 classem

552 3225 763 3282 interno
791 3242 1092 3297 superoque
1116 3230 1270 3294 mari,
1296 3230 1441 3285 cadit
1470 3232 1645 3286 omnis
1676 3233 1730 3288 in
1759 3251 1943 3303 a'quor

556 3319 691 3376 Silva
723 3321 837 3385 tibi,
872 3322 1205 3393 nimiumque
1230 3324 1320 3379 diu
1350 3340 1447 3394 per
1474 3334 1760 3396 utrumque
1790 3331 1995 3386 recisus

555 3415 828 3481 Apennine
858 3415 1015 3479 latus,
1051 3416 1332 3488 navalique
1363 3419 1553 3474 arbore
1579 3419 1752 3488 dives,

556 3504 662 3561 Non
696 3506 871 3562 minus
904 3507 957 3560 itt
989 3506 1208 3578 peltgus
1238 3524 1542 3577 nemorum,
1574 3526 1732 3581 quam
1772 3512 1938 3568 mittis
1967 3529 2133 3583 aqua-

1995 3622 2133 3670 runt,

555 3687 719 3746 Gallia
746 3691 1017 3747 continuis
1044 3707 1346 3761 quanquam
1376 3694 1446 3748 sit
1475 3693 1611 3749 lassa
1645 3694 1878 3761 tributis,
1971 3605 1989 3677 [

555 3782 660 3836 lloc
690 3797 854 3836 censu
883 3784 1143 3851 placuisse
1166 3784 1334 3852 cupit,
1365 3800 1463 3839 nec
1489 3785 1722 3855 pondera
1750 3772 1945 3854 sentit,

620 3970 646 4000 ⁸
686 3962 730 4019 Δ
757 3973 906 4029 parte
937 3964 1233 4034 Majoriani.
1265 3966 1543 4034 Utrinque,
1576 3967 1671 4028 ait,
1712 3967 1815 4021 tela
1860 3966 2137 4034 jaciehan-

554 4041 673 4106 tur,
691 4034 783 4087 sed
809 4050 931 4106 qua:
953 4038 1022 4088 ab
1046 4036 1144 4090 hac
1168 4045 1341 4104 parte.
1357 4037 1569 4106 jugulos
1593 4038 1863 4102 petebant,
1886 4048 1941 4092 et
1968 4038 2138 4093 letlta-

555 4102 632 4158 les
664 4102 799 4158 ictus
827 4104 1152 4174 infligebaut,
1171 4102 1293 4160 non
1326 4102 1449 4161 item
1478 4123 1596 4173 quae
1625 4123 1655 4160 a
1689 4108 1959 4161 Vandalis.

623 4174 650 4248 ξ’
673 4175 975 4248 Sersaonis,
1007 4185 1065 4229 ut
1088 4178 1314 4246 conjecit
1340 4178 1561 4239 Savaro,
1585 4192 1648 4231 ex
1676 4177 1894 4233 Victore
1914 4177 2141 4248 Vitensi,

553 4246 636 4316 qui
669 4262 791 4299 eum
820 4244 1093 4300 Genserici
1128 4244 1266 4314 regis
1287 4258 1571 4314 cOgnatum
1604 4260 1777 4301 vocat.

625 4327 647 4355 ο
692 4316 767 4370 De
786 4316 1013 4371 classico
1036 4320 1085 4370 in
1113 4319 1343 4371 Africam
1376 4317 1649 4384 illajoriani
1675 4328 1952 4386 apparatu.
1977 4335 2134 4388 quem

554 4386 802 4441 Sidonius
834 4389 910 4440 sic
940 4387 1171 4451 extollit,
1214 4400 1269 4442 ut
1295 4402 1414 4440 cum
1450 4390 1882 4457 Agamemnonis.
1916 4386 2128 4454 Xerxis,

555 4458 769 4528 Antonii
801 4468 856 4512 et
880 4459 1182 4524 Cleopatrae
1226 4459 1500 4513 navalibus
1542 4459 1709 4528 copiis
1738 4459 1984 4513 conferre
2026 4477 2133 4517 non

556 4527 781 4598 dubitet,
814 4530 1057 4583 scribunt
1098 4528 1408 4598 Procopius,
1444 4527 1639 4582 ldatius
1668 4539 1721 4582 et
1758 4530 2131 4585 Cassiodorus.

558 4594 849 4666 Procopius
872 4615 1001 4653 sane
1032 4594 1321 4655 maximuin
1348 4601 1643 4653 exercitum
1687 4599 1850 4655 fuisse
1883 4610 2131 4655 testatur.

560 4670 627 4739 ᾼι
656 4670 785 4721 tanti
820 4681 1043 4723 conatus
1074 4674 1254 4725 irritus
1299 4670 1395 4723 fuit
1422 4680 1676 4734 eventus;
1708 4671 1828 4739 quia
1872 4687 1965 4739 per
2011 4687 2134 4738 pro-

559 4736 758 4811 ditores
782 4742 1093 4811 commoniti
1125 4741 1364 4805 Vandali,
1392 4756 1554 4811 naves
1584 4742 1635 4795 in
1666 4736 2134 4811 po'rtubusllispa-

560 4808 681 4880 nim,
707 4807 1021 4880 priusquam
1054 4810 1345 4873 solve-rent,
1371 4807 1725 4880 diripuerunt.
1749 4812 1823 4865 lta
1850 4807 2134 4867 frustratus

558 4877 977 4934 belliVaudalici
1011 4896 1103 4949 spe
1154 4877 1491 4950 Majoriauus.
1536 4882 1643 4936 Nec
1687 4892 1867 4937 tamen
1913 4886 2133 4939 omnino

552 4951 845 5005 fruSIratus
874 4969 888 5004 :
920 4952 1040 5021 quia
1092 4951 1433 5010 Gensericus.
1468 4963 1525 5006 ut
1567 4964 1751 5007 auctor
1792 4963 1874 5008 est
1916 4955 2131 5020 ldatius,

559 5035 740 5090 pacein
766 5021 832 5073 ab
853 5037 917 5076 eo
947 5032 1125 5090 postea
1154 5024 1301 5089 petiit
1329 5032 1383 5075 et
1407 5024 1729 5090 impetravit.

546 5107 549 5110 ‘
628 5087 654 5126 ἀ
688 5089 931 5145 Romano
949 5087 1004 5146 et
1033 5087 1301 5147 Africano.
1332 5087 1588 5162 Sperabat
1620 5097 1851 5148 futurum
1880 5095 2134 5150 Sidonius

555 5169 614 5210 ut
636 5162 730 5235 qui
746 5164 922 5235 exitus
947 5167 1345 5235 postActtacatn
1373 5180 1600 5235 pugnam
1619 5166 1919 5232 Cleopatra:
1939 5183 2129 5235 regno-

558 5247 657 5295 que.
685 5232 802 5303 ejus
832 5232 1023 5297 fuerat,
1056 5233 1195 5287 idem
1220 5250 1359 5288 nunc
1388 5232 1532 5289 esset
1558 5233 1870 5300 Geuserico,
1898 5232 2129 5303 ltoc'est,

546 5311 613 5353 ut
641 5318 707 5375 e_n
739 5302 877 5356 victo
903 5318 1167 5369 caesoque,
1198 5306 1370 5359 Africa
1413 5305 1465 5359 in
1510 5307 1783 5375 Majoriani
1819 5302 2132 5373 po.estatem

559 5371 780 5425 veniret.
813 5374 953 5428 lnter
981 5375 1165 5428 eadem
1197 5376 1337 5445 enim
1388 5371 1602 5445 reguaf
1630 5371 1882 5430 Cottianis
1929 5378 2134 5431 scilicet

557 5444 804 5509 Alrisque
829 5455 1101 5517 certamen
1139 5462 1150 5497 :
1185 5459 1277 5513 par
1298 5444 1580 5517 Censet-lci
1618 5448 1775 5501 luxus
1802 5459 1855 5501 et
1903 5448 2132 5517 CleOpa-

553 5524 673 5574 tt'm,
707 5531 804 5568 nec
837 5518 1011 5570 minor
1037 5515 1309 5583 Majot'iani
1338 5518 1505 5570 virtus
1535 5533 1691 5585 quam
1724 5518 1966 5587 Augusti.

627 5594 650 5619 °
675 5586 825 5649 Quod
857 5601 1014 5654 supra
1041 5588 1269 5641 obscure
1301 5592 1494 5654 posuit,
1526 5591 1650 5641 vires
1678 5605 1740 5642 ex
1761 5586 1991 5655 gentibus
2034 5588 2129 5638 ad-

550 5655 698 5727 ficit}.
728 5658 854 5723 quid
886 5658 955 5710 sit
983 5658 1215 5727 explicat
1242 5657 1587 5711 barbararum
1618 5660 1852 5727 gentium
1884 5675 2001 5725 qua:
2030 5658 2131 5711 sub

554 5722 602 5778 ΙΙ
633 5722 657 5792 j
695 5722 829 5780 riani
852 5727 1019 5797 signis
1055 5722 1212 5785 erant
1238 5730 1593 5786 euutueratio.
1621 5722 1702 5785 'lu
1748 5731 1830 5784 bis
1862 5722 1933 5785 Ba
1964 5740 2131 5785 tanta:

1805 271 2055 328 SIDONH
2099 270 2549 327 APOLLINARIS

2180 388 2219 442 Α
2253 384 2382 447 Quae
2414 382 2668 451 prodesse
2700 381 2930 450 probat:
2965 395 3068 436 non
3102 381 3265 436 tantis
3291 383 3462 451 major
3484 383 3683 442 Atrides

2162 4431 2213 4490 D

3711 277 3802 332 ετξ

2250 480 2594 549 Carpathium
2626 479 2759 532 texit
2783 477 3004 546 ratibus,
3038 492 3160 532 cum
3195 478 3418 533 Doricus
3447 478 3610 536 lioszis

2251 570 2450 639 Sigeas
2481 577 2733 636 rapturus
2760 581 2914 635 opes,
2946 566 3187 622 Rliu'teia
3219 569 3409 623 clausit

2252 663 2505 732 Pergama
2532 676 2548 725 ;
2580 675 2680 714 nec
2710 669 2866 714 tanta:
2897 658 3090 715 Seston
3116 659 3400 729 juncturus
3428 661 3613 730 Abydo

2251 753 2456 809 Xerxes
2483 752 2674 807 classis
2703 761 2840 815 erat,
2876 750 3108 806 tumidas
3128 766 3251 805 cum
3280 761 3545 807 sterneret
3570 754 3747 820 undas,

2250 844 2317 898 Et
2349 851 2567 912 pontum
2599 842 2699 897 sub
2727 852 2890 911 pante
2916 840 3093 905 daret,
3126 855 3248 896 cum
3280 850 3465 911 stagna
3497 846 3720 911 superbo

2248 933 2443 1002 irrupit
2468 942 2723 987 temerata
2752 932 2940 1003 gradu,
2978 941 3273 1001 turmaeque
3301 930 3605 1002 frequentes

2249 1025 2683 1096 Hellespontiaco
2710 1025 3073 1092 persultavere
3101 1023 3383 1093 profundo.

2247 1118 2355 1172 Nec
2381 1119 2459 1173 sic
2484 1116 2751 1171 Leucadio
2776 1116 2963 1171 classis
2992 1117 3277 1172 Mareotica
3306 1129 3459 1187 portu

2247 1210 2489 1264 Actiacas
2514 1207 2791 1262 abscondit
2817 1222 3005 1278 aquas,
3032 1208 3083 1261 in
3118 1207 3253 1262 bella
3284 1208 3461 1262 mariti

2252 1302 2384 1356 Dum
2414 1300 2555 1355 venit
2584 1315 2615 1354 a
2646 1299 2841 1355 Phario
2866 1301 3060 1355 dotalis
3088 1301 3240 1355 turba
3266 1297 3485 1369 Canopo
3516 1320 3532 1360 ;

2245 1393 2378 1448 Cum
2411 1394 2584 1462 patrio
2610 1392 2889 1462 Cleopatra
2917 1392 3065 1449 ferox
3093 1394 3421 1448 circumdata
3452 1396 3635 1460 sistro,

2249 1485 2412 1539 Milite
2437 1485 2518 1538 vel
2548 1485 2698 1553 piceo
2728 1484 2896 1539 fulvas
2925 1495 3144 1539 onerata
3173 1487 3406 1551 carinas,

2245 1573 2409 1646 324
2436 1575 2627 1629 Dorida
2659 1574 2904 1628 diffusam
2939 1586 3207 1643 premeret
3235 1576 3563 1632 Ptolemeide
3585 1593 3728 1646 gaza.

2250 1669 2360 1721 Hoc
2391 1680 2445 1722 tu
2478 1684 2583 1723 non
2610 1668 2757 1723 cultu
2787 1682 3010 1737 pugnas,
3041 1670 3133 1722 sed
3167 1685 3316 1723 more
3347 1669 3603 1738 priorum,

2177 1752 2219 1810 Β
2251 1760 2368 1814 Dite
2399 1760 2568 1827 magis
2593 1757 2758 1823 ferro,
2790 1759 2981 1812 merito
3010 1758 3095 1812 cui
3124 1759 3367 1829 subjacet
3394 1776 3581 1814 aurum

2248 1853 2435 1908 Divitis
2462 1853 2632 1921 ignavi
2660 1870 2672 1905 :
2708 1852 2837 1907 tales
2866 1866 2933 1906 ne
2962 1867 3159 1919 sperne
3186 1853 3437 1917 rebelles,

2246 1945 2310 1998 Et
2339 1945 2384 2000 si
2417 1961 2522 1998 non
2552 1944 2716 2009 acies,
2747 1944 3002 1998 decorant
3037 1954 3210 1998 tamen
3243 1945 3340 1998 ista
3367 1943 3689 2013 triumphos.

2244 2035 2352 2090 Nec
2380 2051 2465 2090 me
2497 2034 2739 2105 Lagaaam
2764 2036 2986 2103 stirpem
3015 2049 3341 2089 memorasse
3371 2035 3567 2105 pigebit

2247 2127 2425 2183 llostis
2444 2128 2510 2183 ad
2532 2128 2833 2196 exemplum
2860 2128 3021 2182 vestri
3048 2145 3059 2180 :
3086 2143 3313 2198 namque
3333 2143 3564 2198 auguror
3584 2126 3613 2166 ⁸
3644 2130 3796 2185 isdem

2246 2222 2442 2289 liegnis
2468 2221 2732 2276 fortunam
2764 2219 3013 2288 similem,
3045 2235 3165 2274 eum
3197 2221 3350 2275 luxus
3381 2223 3431 2276 in
3460 2224 3548 2277 illa

2246 2315 2402 2370 Parte
2424 2314 2495 2368 sit
2524 2312 2765 2384 aequalis,
2798 2327 2893 2367 nec
2922 2313 3073 2382 pejor
3096 2312 3277 2368 Cresar
3306 2313 3359 2367 in
3392 2316 3514 2369 ista.

2248 2414 2271 2441 ο
2304 2404 2452 2459 Ilicet
2484 2403 2809 2473 aggrederis,
2843 2404 2984 2472 quod
3013 2403 3190 2457 nullus
3221 2413 3463 2473 tempore
3493 2420 3526 2458 n
3550 2416 3686 2460 ιειτο

2246 2497 2515 2565 Augustus
2539 2494 2713 2565 potuit
2743 2512 2755 2547 :
2790 2494 3017 2564 rigidum
3040 2495 3404 2564 septemplicis
3436 2495 3553 2551 lstri

2246 2590 2446 2650 Agmen
2475 2588 2526 2641 in
2554 2601 2699 2641 arma
2743 2587 2916 2653 rapis;
2947 2600 3067 2640 nam
3099 2584 3354 2656 quidquid
3405 2587 3692 2656 languidus
3719 2589 3817 2642 axis

2244 2678 2473 2735 Cardine
2510 2678 2756 2735 Sithonio
2781 2678 2883 2732 sub
2915 2677 3176 2733 Parrhase
3206 2679 3431 2748 parturit
3461 2694 3604 2747 ursa,

2247 2773 2357 2827 lloc
2382 2780 2551 2827 totum
2581 2784 2665 2827 tua
2688 2772 2837 2841 signa
2863 2784 3015 2841 pavet
3041 2790 3054 2824 :
3088 2773 3361 2840 BaStarna,
3388 2772 3615 2835 Suevos,

2246 2864 2573 2930 Pannonius,
2606 2863 2832 2928 Neurus,
2863 2862 3103 2926 Chunus,
3137 2862 3289 2931 Gita,
3324 2864 3517 2928 Dacus,
3552 2864 3771 2930 Alanus,

2246 2955 2610 3020 Bellonothus,
2641 2954 2841 3025 Rugus,
2874 2956 3203 3023 Burgundio,
3235 2955 3426 3021 Vesus,
3460 2956 3653 3021 Altes,

2248 3048 2462 3113 Bisalta,
2486 3046 2866 3117 Ostrogothus,
2901 3048 3206 3113 Procustes,
3251 3045 3523 3111 Sarmata,
3560 3046 3812 3111 Moschus,

2164 3113 2209 3175 Ο
2247 3140 2375 3193 Post
2402 3142 2612 3209 aquilas
2646 3156 2845 3195 venere
2874 3150 3024 3204 tuas;
3057 3140 3148 3195 tibi
3180 3140 3374 3195 militat
3398 3140 3575 3195 omnis

2244 3235 2533 3297 Caucasus,
2564 3244 2617 3287 et
2642 3234 2908 3304 Scythica:
2938 3243 3092 3300 putor
3124 3232 3433 3288 Tanaiticus
3461 3234 3640 3287 undae.

2242 3327 2379 3396 Quid
2411 3327 2570 3381 faciat
2592 3327 2801 3382 fortuna
2825 3329 2959 3382 viri?
2985 3342 3327 3398 quascunque
3358 3331 3613 3391 minatur,

2245 3419 2350 3473 llas
2380 3404 2596 3472 tremuit
2621 3419 2729 3488 jam
2759 3418 2924 3471 lloma
2948 3433 3137 3472 manus
3163 3433 3178 3470 :
3208 3419 3367 3472 modo
3386 3418 3626 3488 principe
3656 3418 3748 3474 sub
3770 3426 3813 3471 te

2241 3510 2319 3565 Ne
2349 3519 2567 3575 metuat,
2606 3524 2769 3577 prope
2801 3524 2960 3577 parva
2986 3517 3156 3578 putat,
3190 3509 3290 3563 nisi
3312 3511 3512 3564 serviat
3536 3509 3635 3575 illi,

2242 3602 2393 3666 Quod
2427 3601 2600 3653 timuit
2624 3608 2877 3669 regnante
2906 3599 3032 3654 alio.
3063 3599 3179 3654 .lam
3202 3611 3376 3654 castra
3407 3600 3682 3666 movebas,

2244 3693 2309 3747 Et
2338 3702 2387 3747 te
2416 3692 2643 3747 diversis
2670 3692 2938 3760 stipabant
2965 3691 3130 3746 millia
3154 3691 3320 3761 signis
3351 3709 3363 3744 :

2244 3786 2262 3827 τ
2295 3788 2621 3858 Obsequium
2659 3802 2794 3856 gens
2820 3802 2923 3841 una
2952 3794 3129 3855 negat,
3161 3801 3281 3856 qua:
3310 3802 3479 3856 nuper
3505 3786 3573 3841 ab
3605 3787 3735 3840 Istro

2244 3981 2406 4035 supra
2432 3967 2644 4022 Daciam
2672 3965 2829 4020 sedes
2863 3964 3188 4035 habuerunt,
3219 3980 3323 4018 non
3360 3963 3541 4029 procul
3585 3980 3614 4019 a
3648 3962 3813 4018 Roxo-

2244 4034 2399 4103 lanis,
2425 4038 2617 4108 quibus
2645 4038 2696 4108 in
2733 4037 3012 4091 Tiburtina
3045 4034 3242 4108 (ﬁliani
3279 4034 3635 4108 inseriptione
3660 4050 3815 4103 copu-

2243 4109 2421 4163 lantur
2444 4104 2461 4161 Ξ
2492 4110 2628 4178 apud
2657 4107 3017 4175 Capitolinum
3044 4106 3172 4178 igem
3199 4105 3251 4159 in
3276 4104 3473 4178 Marco.
3507 4106 3709 4159 Horum
3731 4122 3815 4159 eo-

2242 4179 2444 4233 loniam
2474 4176 2688 4234 centum
2722 4178 2942 4231 milliqu
2970 4178 3021 4230 in
3047 4176 3331 4230 Thraciam
3362 4178 3412 4229 iu
3444 4176 3684 4230 Romano
3706 4178 3813 4230 solo

2243 4251 2555 4304 translatam
2583 4265 2613 4304 a
2640 4248 2814 4304 Probo
2846 4255 3149 4301 memorant
3179 4245 3462 4313 Vopiscus.
3491 4256 3547 4301 et
3576 4247 3817 4301 Zosimus

2242 4320 2333 4374 lib.
2362 4336 2400 4375 ι.
2424 4321 2595 4389 Supra
2620 4320 2716 4373 hos
2746 4320 2929 4383 Neuri,
2958 4318 3301 4389 Borystltegnis
3330 4317 3477 4372 fonte
3498 4327 3555 4370 et
3583 4317 3811 4372 fabulosa

2238 4392 2291 4444 in
2324 4392 2476 4458 lupos
2504 4387 2920 4458 inetarnorpbosi
2953 4387 3177 4444 nobiles.
3207 4387 3476 4443 Licentius
3503 4389 3559 4442 in
3584 4389 3814 4443 carmine

2238 4462 2303 4517 ad
2335 4463 2688 4528 Augustinum
2718 4477 2732 4513 :

2359 4552 2576 4604 Solstitio
2601 4520 2807 4613 Neuros,
2828 4552 2995 4601 bruma
3020 4551 3295 4601 sectaberis
3319 4549 3506 4599 lstrum

2235 4667 2393 4723 Alitse
2426 4668 2697 4733 videntur,
2725 4680 2858 4734 quos
2885 4665 3087 4719 Plinius
3114 4665 3301 4718 Alutas
3333 4666 3387 4717 in
3421 4664 3630 4736 Illyrico
3652 4666 3815 4718 nomio

2238 4751 2349 4793 nat.
2398 4737 2711 4791 Bellonotus
2753 4737 2912 4791 etiam
2959 4737 3010 4788 in
3055 4737 3248 4789 castris
3289 4735 3814 4789 Attilze’nnmeratiu

2240 4810 2558 4880 panegyrico
2604 4808 2768 4880 Aviti.
2813 4806 3025 4880 Valerio
3055 4805 3266 4880 Flacco
3311 4806 3575 4880 Barllonoti
3620 4807 3709 4861 lib.
3740 4821 3814 4880 vi,

2236 4876 2561 4947 apud'quetn
2589 4886 2645 4932 et
2686 4878 2893 4931 Bisaltae
2919 4876 3154 4946 Scythia:
3208 4878 3388 4944 populi
3436 4892 3595 4944 supra
3627 4877 3817 4932 llenio-

2235 4952 2387 5005 chos.
2421 4950 2700 5004 Procustes
2726 4948 2885 5002 Attici
2917 4948 3140 5001 latronis
3172 4962 3368 5002 nomen
3398 4948 3499 5003 fuit
3518 4964 3610 5002 seu
3642 4949 3815 5015 potius

2234 5036 2554 5089 cognomen,
2601 5018 2759 5090 124
2794 5033 2830 5090 γε
2871 5033 2931 5072 re
2975 5018 3214 5090 ductum,
3249 5028 3307 5071 ut
3339 5030 3520 5073 narrat
3564 5019 3817 5074 Diodorus

2236 5088 2332 5145 lib.
2360 5107 2392 5144 v
2434 5088 3055 5158 l’ieruttT'Ainiquarum.
3106 5088 3363 5145 Sidonius
3407 5090 3582 5160 gentis
3623 5104 3815 5143 nomen

2236 5165 2381 5217 facit.

2311 5232 2329 5272 τ
2374 5233 2709 5293 Hunnorum.
2738 5232 2949 5298 opinor,
2978 5244 3111 5301 quos
3139 5230 3337 5293 triplici
3368 5240 3492 5284 nota
3537 5229 3777 5299 designat
3802 5246 3816 5301 ς

2233 5305 2374 5372 quod
2406 5304 2472 5357 ab
2502 5304 2637 5357 Istro
2664 5302 2906 5369 profecti,
2931 5299 3071 5370 quod
3096 5303 3147 5355 in
3179 5301 3383 5353 Italiam
3408 5302 3644 5365 redeant,
3666 5299 3813 5369 quod

2234 5375 2466 5428 dominis
2497 5389 2587 5442 per
2613 5373 2747 5427 bella
2776 5382 3035 5427 careant:
3067 5387 3186 5441 qum.
3221 5373 3405 5425 omnia
3455 5372 3651 5426 Hunnis
3674 5385 3816 5442 cou-

2234 5448 2455 5500 veniunt
2483 5440 2507 5498 ἐ
2529 5446 2616 5513 qui
2648 5442 2698 5496 in
2726 5443 2923 5496 Italiam
2953 5445 3135 5511 paucis
3163 5452 3289 5496 ante
3329 5443 3487 5497 annis
3512 5458 3626 5497 cum
3652 5440 3817 5513 Attila

2236 5524 2510 5580 venerant,
2543 5510 2598 5569 et
2644 5522 2763 5583 post
2808 5510 2990 5568 Attila:
3032 5521 3279 5579 mortem,
3310 5523 3367 5566 ut
3414 5512 3705 5569 .lornandes
3758 5510 3815 5564 in

2233 5585 2433 5640 Geticis
2464 5585 2650 5647 refert,
2699 5593 2814 5637 orta
2865 5584 3006 5637 inter
3036 5584 3212 5637 Attilae
3264 5583 3405 5637 tilios
3450 5584 3815 5641 cententione,

2234 5658 2359 5709 dum
2392 5656 2656 5725 imperare
2681 5654 2901 5722 cupiunt
2925 5669 3134 5725 omnes,
3178 5654 3339 5708 simul
3388 5654 3818 5725 itnperium__per-

2236 5729 2440 5796 didere,
2470 5721 2738 5797 'pulsique
2761 5721 2796 5781 ε
2840 5724 2973 5797 Cepi
2997 5724 3057 5780 tis
3089 5740 3118 5781 e
3152 5725 3448 5796 Pannonia,
3470 5721 3618 5797 juxta
3659 5721 3813 5776 littus
