3946 6176
149 318 236 375 6ῗῖ
1603 312 1932 368 ΟᾹΙὶΜΙΝμὶ.
2000 319 2013 325 ’

150 429 346 486 Ιιειειιιίι
377 425 692 482 indomitum
725 424 885 478 solito
916 424 1263 479 truculentior
1293 438 1506 492 agmen,

151 524 276 593 ρηιιά
306 519 531 574 dominis
559 534 654 587 per
681 519 814 572 bella
847 528 1016 582 caret,
1052 531 1135 583 po,
1160 518 1352 586 uloque
1380 517 1614 586 superbo

150 617 331 674 Tuldila
357 613 662 680 plectendas
687 612 739 665 in
774 611 954 678 prmlia
982 611 1219 680 suggerit
1248 612 1372 666 iras.

155 710 235 764 llic
259 719 306 761 tu
335 705 417 759 vix
450 704 616 758 armis
646 706 854 772 positis,
886 704 1076 759 iterum
1112 719 1257 759 arma
1290 716 1576 760 retractas.

155 796 425 854 Bistonides
454 795 615 849 veluti
647 795 904 848 Ciconum
934 810 1054 847 cum
1090 796 1225 848 forte
1251 796 1465 865 pruinas

155 888 290 959 325
316 886 529 956 Ogygiis
558 884 831 961 complent
855 885 1079 954 thyasis,
1103 901 1199 940 seu
1223 886 1523 942 Strimonos
1547 887 1710 950 arvis,

158 984 245 1033 Seu
271 993 321 1031 se
351 992 445 1043 per
472 976 791 1045 Rhodopen,
819 991 913 1029 seu
937 992 1039 1045 qua
1069 977 1348 1032 nimbosus
1382 979 1431 1031 itt
1461 994 1644 1047 arquor

160 1072 309 1124 Volvit
338 1069 700 1138 Hyperboreis
732 1069 782 1122 in
811 1068 1058 1123 cautibus
1085 1068 1316 1124 Ismarus
1348 1070 1580 1124 lit-brum
1609 1088 1622 1124 :

163 1164 241 1215 Dat
267 1176 449 1216 somno
478 1176 607 1228 vaga
638 1161 815 1224 turba,
846 1160 1006 1214 simul
1037 1160 1228 1214 lassata
1258 1163 1540 1231 quiescunt

161 1253 314 1323 Orgia,
344 1262 397 1307 et
423 1253 487 1306 ad
525 1252 745 1306 biforem
780 1253 963 1307 reboat
995 1266 1094 1306 nec
1121 1253 1244 1307 tibia
1277 1253 1481 1307 ﬂatum.

164 1346 244 1399 Vix
273 1344 477 1413 requies
510 1362 521 1397 :
550 1344 662 1412 jam
694 1354 851 1411 ponte
879 1344 1063 1413 ligant,
1089 1353 1228 1398 rotat
1252 1344 1447 1397 enthea
1475 1343 1714 1414 thyrsum

165 1438 395 1501 Bassaris,
425 1447 477 1491 et
504 1438 726 1491 maculis
756 1437 1045 1507 Erythraea:
1070 1437 1323 1492 nebridos
1346 1437 1593 1505 horrens,

166 1531 343 1586 Excitat
374 1531 627 1600 Odrysios
654 1530 717 1584 ad
752 1531 983 1583 marcida
1013 1538 1257 1602 tympana
1282 1540 1501 1601 mystas.

163 1624 227 1676 Tu
257 1631 422 1676 tamen
456 1621 593 1675 hanc
620 1621 801 1675 dill‘rrs
830 1636 1064 1692 pmuam,
1097 1621 1191 1675 sed
1230 1622 1503 1690 sanguinis
1533 1632 1717 1675 auctor

164 1714 371 1782 Majoris,
402 1714 526 1767 dum
558 1714 756 1783 parcis,
785 1729 903 1767 eras
929 1730 941 1765 :
976 1730 1079 1767 non
1107 1713 1323 1782 pertulit
1353 1714 1490 1768 ultra

3288 332 3391 391 671

1736 429 1785 487 Α
1816 431 1917 479 Aut
1949 442 2063 494 rex,
2088 436 2176 481 aut
2210 429 2456 498 populus,
2486 433 2672 489 castri~
2706 436 2863 490 modo
2889 438 3121 500 clausus,
3147 455 3175 493 a
3217 450 3324 496 rie-o

1820 517 1911 572 Vel
1941 519 2041 573 sub
2071 522 2205 588 pelle
2227 521 2368 589 jacet
2402 541 2415 577 :
2449 539 2546 577 nos
2576 526 2697 580 anni
2730 531 2983 585 Vertimus
3012 547 3182 587 usum.

1813 609 1963 677 Quod
1987 610 2140 679 jubet
2170 612 2273 680 hic,
2305 615 2385 669 lex
2419 616 2580 671 rebus
2610 620 2741 685 erit;
2769 637 2873 674 nou
2909 621 3138 679 ﬂectitur
3164 645 3397 698 unquam

1813 700 1841 740 ι’
1869 705 2136 771 Acceptis,
2169 706 2530 778 damnumque
2562 720 2729 779 putat,
2764 712 2809 766 si
2838 717 3091 784 temporis
3119 724 3223 773 iras

1814 793 1909 849 Vel
1940 811 2035 865 per
2063 796 2254 852 damna
2281 800 2461 865 timet;
2490 818 2590 870 qua
2636 803 2807 857 dicam
2839 816 2996 874 gente
3028 819 3290 872 erratum,

1812 888 1979 953 Quem
2007 888 2202 960 Scytha
2234 907 2338 945 non
2368 895 2577 960 patior?
2606 894 2756 963 cujus
2786 895 2865 950 lac
2891 899 3096 967 tigridis
3127 902 3302 956 infans

1815 979 2041 1034 Hircana
2073 982 2173 1035 sub
2199 998 2332 1051 rupe
2359 984 2535 1038 bibit?
2563 1002 2681 1054 quae
2709 989 2929 1043 sustulit
2956 991 3113 1045 istum

1814 1073 1930 1129 Axe
1958 1090 2078 1129 meo
2106 1077 2322 1146 gravior
2348 1079 2542 1133 tellus?
2573 1094 2639 1133 en
2669 1076 2865 1136 \fertice
2895 1101 3109 1139 summo

1815 1165 2070 1233 Algentes
2098 1169 2233 1235 cegit
2270 1176 2495 1234 turmas,
2529 1185 2592 1225 ac
2621 1171 2815 1241 frigora
2848 1175 3004 1242 ridet,

1819 1258 1950 1312 Dum
1980 1260 2127 1314 solus
2155 1260 2271 1328 plus
2297 1270 2473 1316 mente
2498 1263 2670 1328 calet;
2702 1279 2821 1319 cum
2848 1268 3069 1321 classica
3104 1272 3242 1339 regis

1816 1353 1997 1408 Arctoi
2026 1369 2301 1422 sequerer,
2334 1356 2557 1410 Romani
2590 1359 2846 1427 principis
2875 1377 3045 1425 arma,

1816 1444 2226 1515 Ctesareumque
2256 1448 2421 1502 larem
2452 1449 2575 1502 luxu
2606 1459 2820 1518 torpere
2850 1455 3075 1519 perenni

1819 1536 2107 1590 Audieram
2134 1556 2147 1591 :
2180 1538 2427 1594 dominos
2454 1542 2525 1594 nil
2557 1543 2772 1609 prodest
2803 1544 2906 1597 isse
2939 1547 3165 1613 priores,

1820 1628 1876 1683 Si
1906 1645 1996 1682 rex
2026 1628 2111 1685 hic
2137 1645 2350 1700 quoque
2380 1633 2528 1686 fortis
2556 1644 2689 1688 erat.
2726 1634 2923 1704 Majora
2954 1650 3230 1707 parantem

1821 1719 2030 1788 Dicere,
2062 1724 2129 1776 de
2152 1724 2371 1789 scapulo
2398 1724 2579 1778 verbis
2606 1726 2856 1781 accendis
2882 1730 3098 1783 amaris.

167 1806 257 1860 Hoc
283 1820 376 1871 pro
403 1816 453 1859 te
483 1807 602 1874 plus
645 1814 795 1859 cauta
826 1820 1033 1870 manus,
1067 1817 1413 1875 vestrumque
1456 1805 1710 1874 pudorem
1748 1790 1792 1848 Β
1864 1811 2137 1881 Quisquis
2162 1826 2243 1879 es,
2273 1814 2504 1881 oppositi
2534 1817 2729 1869 metuis
2755 1818 2844 1885 qui
2874 1817 2964 1872 lub
2998 1820 3075 1872 ica
3102 1819 3253 1886 t-livi,

164 1899 355 1966 Sprevit
384 1915 481 1969 pro
509 1901 659 1954 vobis
684 1918 698 1964 ;
730 1898 885 1969 primi
913 1900 1051 1955 cadit
1086 1899 1257 1954 hostia
1284 1900 1430 1963 belli,

164 1989 373 2059 Quisque
402 1990 616 2044 rebellis
643 2000 786 2053 erat;
819 1989 1049 2055 prmdam
1076 2005 1286 2058 quoque
1314 1989 1505 2044 dividis
1534 1990 1660 2054 illis,

163 2083 285 2138 ilens
313 2082 498 2137 devota
535 2083 731 2152 quibus
764 2083 950 2151 fuerat,
984 2097 1103 2151 qua:
1126 2083 1308 2135 territa
1342 2083 1508 2137 servit

165 2174 414 2242 Exemplo,
444 2174 639 2242 gaudet
667 2182 857 2241 pretio.
895 2172 1194 2227 Phar~alica
1219 2173 1401 2227 Caesar

165 2267 279 2320 Arva
307 2275 512 2334 petens,
544 2263 750 2318 subitas
782 2263 922 2319 ferro
950 2267 1280 2334 compescuit
1313 2265 1419 2319 iras
1446 2282 1461 2317 :

165 2358 250 2415 Sed
273 2374 361 2413 sua
393 2359 632 2413 membra
663 2374 874 2423 secans,
906 2368 959 2413 et
984 2374 1139 2413 causa
1167 2361 1306 2414 mole
1336 2369 1574 2424 eoactns,

167 2450 311 2505 Flevit
331 2465 467 2519 quos
501 2450 740 2519 perimit;
772 2453 965 2505 vestris
996 2450 1109 2505 hmc
1142 2452 1349 2521 prolicit
1378 2452 1543 2507 armis

166 2541 370 2608 Seditio;
404 2542 758 2613 quodcunque
781 2541 961 2613 jubes,
991 2544 1087 2597 nisi
1121 2544 1376 2597 barbarus
1404 2545 1572 2608 audit,

166 2636 243 2692 ilic
264 2637 421 2706 cadit,
450 2645 510 2691 ut
538 2636 696 2692 miles
722 2636 926 2692 timeat.
959 2646 984 2674 ἰ
1015 2637 1130 2691 Jam
1161 2648 1400 2704 tempore
1430 2640 1631 2693 bruma:

167 2729 301 2798 Alpes
328 2744 678 2795 marmoreas,
705 2743 864 2799 atque
890 2731 1226 2785 occurrentia
1255 2731 1439 2799 jnncto

165 2821 277 2875 Saxa
306 2824 449 2892 polo,
483 2836 749 2890 rupesque
776 2821 917 2886 vitri,
951 2821 1254 2890 siccamque
1278 2824 1545 2875 minantes

168 2912 248 2966 l‘er
266 2912 510 2980 scopulos
535 2911 789 2982 pluviam,
821 2912 1023 2982 primus
1056 2914 1192 2982 pede
1213 2914 1407 2981 carpis,
1441 2922 1492 2966 ct
1523 2912 1661 2966 idem

78 3060 87 3069 ,
168 3004 361 3058 Lubrica
392 3007 670 3074 praemisSo
698 3004 879 3059 firmas
908 3006 1126 3075 vestigia
1152 3017 1331 3059 conto.

167 3098 386 3165 (Imperat
420 3098 485 3151 ad
514 3097 661 3163 rupis
689 3098 944 3161 medium,
969 3114 1086 3166 qua:
1109 3099 1335 3152 maxima
1368 3098 1517 3153 turba
1542 3109 1646 3165 est,

169 3188 349 3244 lnteruo
381 3190 632 3258 squalere
654 3190 795 3259 gc-Iu,
824 3190 964 3261 quod
988 3190 1125 3246 colle
1147 3192 1341 3259 supino

169 3279 371 3336 Aretatis
402 3282 653 3337 conclusa
681 3282 795 3345 viis,
830 3292 1039 3352 reptare
1070 3282 1261 3353 rigenti

169 3371 260 3426 Non
285 3383 492 3442 prterat
516 3374 751 3429 revoluta
775 3374 890 3429 solo
916 3394 926 3427 :
960 3376 1067 3429 fors
1098 3390 1232 3429 unus
1257 3374 1325 3428 ab
1349 3376 1441 3429 illo

170 3466 385 3532 Agmine,
415 3476 697 3519 canentem
726 3465 882 3535 cujus
914 3475 1028 3520 rota
1058 3466 1283 3521 triverat
1314 3469 1525 3532 Istrum,

171 3558 422 3612 Exclamat
454 3576 466 3610 :
499 3558 718 3612 Gladios
746 3561 909 3627 malo,
940 3567 994 3613 et
1020 3559 1260 3613 Solemne
1287 3561 1464 3629 quieta

171 3648 304 3720 326
326 3648 481 3718 Quod
508 3649 673 3719 frigus
705 3649 769 3703 de
801 3658 975 3705 morte
1004 3649 1179 3715 venit;
1212 3667 1327 3705 mea
1360 3661 1543 3721 torpor
1569 3653 1725 3710 inerti

173 3741 372 3796 Membra
408 3744 586 3813 rigore
628 3742 790 3811 ligat;
820 3743 1051 3811 quodam
1092 3745 1220 3799 mihi
1253 3760 1447 3814 corpus
1477 3746 1723 3803 adustum

174 3832 376 3904 Frigoris
412 3836 535 3904 igne
559 3835 731 3905 perit;
763 3836 1039 3904 sequimur
1066 3837 1183 3891 sine
1214 3838 1320 3892 fine
1347 3839 1511 3893 labori

175 3924 430 3982 lnstantcm
455 3925 742 3996 juvenem;
771 3926 1012 3997 quisquis
1037 3924 1360 3983 fortissimus
1390 3929 1477 3985 ille
1506 3939 1608 3995 est,

174 4089 347 4145 Pontici
378 4091 547 4146 maris
572 4090 638 4144 ad
662 4090 778 4145 lstri
803 4089 937 4143 ostia
962 4090 1342 4145 consederunt.
1375 4091 1574 4145 liorum
1599 4105 1729 4160 ergo

176 4162 466 4217 seditionem
501 4163 775 4217 rebellium
805 4162 951 4216 ca'de
990 4176 1377 4229 compressam,
1408 4161 1728 4217 dissimilem

176 4230 267 4297 ejus
288 4233 359 4286 ait
383 4233 552 4285 fuisse
593 4248 713 4301 quae
746 4233 796 4286 iu
825 4233 1018 4285 castris
1043 4232 1271 4286 Caesaris
1295 4232 1490 4286 accidit
1528 4231 1734 4287 descri-

177 4304 393 4367 biturque
423 4322 453 4355 ιι
488 4303 702 4356 Lucano
748 4303 840 4356 lib.
868 4317 899 4354 v
928 4302 1242 4365 Pharsalici,
1270 4303 1391 4370 quia
1427 4303 1728 4357 Caesariana

176 4373 373 4426 militum
404 4381 526 4427 erat
553 4372 600 4427 Β
624 4388 936 4434 manorum,
961 4389 1185 4440 quorum
1214 4373 1427 4427 interitu
1450 4373 1566 4439 ejus
1587 4372 1730 4427 vires

176 4445 531 4497 minuebantur
558 4462 572 4496 ;
605 4445 718 4498 haec
741 4445 1113 4507 barbarorum,
1143 4456 1276 4511 quos
1294 4442 1610 4512 obsequium
1636 4445 1728 4495 de-

178 4520 441 4567 trectantes
485 4513 553 4567 ad
600 4516 825 4567 militum
878 4527 1137 4568 terrorem
1185 4514 1340 4579 plecti
1368 4514 1609 4578 juvahat.
1658 4514 1730 4567 Ita

179 4580 392 4650 Hututns,
443 4588 655 4638 tametsi
718 4587 771 4638 in
823 4583 1094 4654 Majoriani
1144 4583 1385 4638 exerritu
1432 4584 1734 4646 merebant,

178 4654 350 4708 milites
379 4671 492 4710 non
511 4664 699 4719 vocat;
729 4656 848 4724 quia
880 4655 1077 4709 milites
1097 4659 1314 4723 proprie
1341 4665 1463 4707 sunt
1484 4654 1732 4721 Romani,

180 4735 221 4775 et
248 4739 275 4777 a
313 4725 558 4780 barbaris
596 4726 944 4779 auxiliaribus
988 4724 1366 4793 fmderatistpre
1404 4725 1739 4795 distinguun-

179 4799 251 4848 tur
276 4814 291 4852 :
315 4807 369 4849 ut
396 4798 611 4851 novella
645 4797 997 4851 Valentiniani
1039 4797 1107 4851 de
1145 4796 1356 4851 reddito
1399 4795 1522 4863 jure
1560 4812 1737 4850 armo-

180 4878 280 4937 rum
312 4883 324 4917 :
358 4865 606 4937 Magister
624 4868 844 4920 militum
872 4868 1180 4933 Sigisrultus
1201 4877 1307 4919 tam
1332 4867 1553 4920 militum
1579 4883 1736 4936 quam

180 4932 515 5001 {arietatorum
544 4938 810 4991 tuitionem
831 4932 1036 4991 urbibus
1058 4955 1116 4991 ac
1138 4937 1393 4991 littoribus
1416 4954 1519 4991 non
1538 4932 1737 4992 desinat

180 5007 418 5072 ordinare,
441 5018 498 5062 et
525 5007 778 5063 Sidonius
802 5008 914 5077 ipse
945 5008 1142 5078 passim
1174 5009 1225 5062 in
1254 5008 1516 5076 epistolis.

239 5086 263 5148 ἢ
301 5080 430 5133 Hinc
452 5080 703 5148 cognosci
736 5090 926 5146 potesL
952 5080 1093 5148 quod
1117 5079 1269 5133 initio
1294 5078 1499 5147 praelati
1528 5092 1736 5142 sumus,

182 5142 808 5215 Majorianumvconsulem
839 5142 985 5204 anno
1016 5149 1125 5217 jam
1163 5142 1404 5203 vertente
1430 5149 1481 5202 iu
1510 5148 1737 5203 Galliam

182 5218 393 5273 venisse.
438 5221 503 5273 Et
531 5236 659 5275 vero
684 5236 749 5273 ex
778 5219 894 5288 ejus
938 5220 1161 5273 novellis
1199 5229 1406 5273 constat
1451 5220 1601 5274 illum
1637 5219 1739 5271 Ra-

184 5298 339 5342 veona
370 5306 478 5344 non
522 5300 647 5345 ante
692 5290 811 5343 idus
849 5290 1183 5345 Novembres
1231 5290 1565 5343 discessisse.
1610 5288 1740 5354 Qua:

184 5368 338 5430 autem
369 5362 609 5429 sequitur
635 5360 851 5430 Scythae
882 5360 1065 5415 militis
1094 5363 1165 5413 ob
1191 5360 1377 5413 Cinisii
1424 5361 1620 5414 montis
1650 5360 1739 5430 (de

184 5427 272 5501 hoc
294 5431 435 5484 enim
453 5427 668 5501 sermo)
699 5427 946 5496 aSpeium
994 5432 1113 5501 gelu
1155 5431 1531 5495 cottqnereutis
1568 5427 1742 5501 inere-

184 5499 331 5573 patio,
362 5516 456 5555 seu
484 5498 750 5573 ges‘a'res
778 5512 877 5566 est,
904 5498 1143 5573 seu'ticta
1173 5503 1223 5573 iu
1248 5502 1467 5567 gratiam
1496 5498 1741 5573 Majoria-

184 5569 247 5639 Ili,
272 5590 334 5625 eo
361 5569 586 5639 speciat,
620 5585 676 5627 ut
695 5574 944 5627 eximiam
986 5573 1039 5625 in
1067 5572 1156 5625 illo
1196 5572 1549 5637 imperatori-.e
1579 5571 1742 5623 virtu-

185 5638 243 5689 b‘s
283 5638 515 5698 indolem
564 5646 913 5699 demonstret.
960 5646 1136 5710 Quare
1189 5658 1310 5695 cum
1360 5641 1542 5701 Attila,
1584 5655 1741 5705 quem

184 5710 425 5783 _Arctoum
460 5731 637 5783 regem
683 5724 867 5779 vocat,
896 5714 1119 5782 aliisque
1144 5712 1410 5783 Scythicis
1440 5729 1472 5783 o
1495 5714 1563 5765 im
1590 5710 1739 5783 duri-

188 5778 274 5834 bus
301 5785 431 5851 suis,
464 5778 716 5841 adversus
744 5778 933 5856 frigora
963 5794 1019 5840 et
1037 5778 1268 5839 ‘labores'
1296 5782 1522 5850 duratis,
1547 5797 1576 5836 a
1604 5781 1737 5851 δι’]-

1820 1904 2025 1973 Frange
2051 1916 2225 1959 cutem
2261 1906 2541 1972 pendentis
2567 1923 2743 1975 aquae,
2772 1919 2795 1946 ο
2819 1910 3133 1980 soalproquc
3162 1915 3330 1966 levata

1816 1997 1897 2050 Sit
1926 1996 2019 2050 tibi
2050 1996 2262 2065 lympha
2292 1997 2509 2065 gradus,
2540 2007 2724 2067 turpes
2749 1998 2961 2066 depone
2989 2003 3266 2069 querelas;

1817 2088 1937 2142 Otia
1967 2088 2129 2158 frigus
2156 2086 2390 2143 habent:
2425 2090 2658 2158 nunquid
2689 2091 2819 2144 milii
2853 2094 3092 2147 membra
3120 2094 3374 2150 biformis

1821 2179 1988 2250 llylmi
2022 2191 2204 2236 natura
2234 2182 2419 2235 dedit?
2450 2199 2574 2236 num
2605 2183 2837 2253 Pegasus
2862 2185 2963 2240 alis

1821 2271 2037 2339 Adjuvit
2066 2272 2321 2341 quidquid
2354 2272 2610 2342 gradior?
2642 2289 2949 2342 pennasque
2972 2276 3169 2330 volanti

1821 2363 1922 2417 Dat
1946 2363 2123 2417 Calais
2151 2364 2420 2433 Zetusque
2448 2366 2602 2427 milti,
2629 2381 2787 2435 quem
2819 2367 2977 2436 uingu
3002 2367 3066 2419 da
3096 2369 3273 2422 cenis

1820 2455 2125 2510 Calcantem
2154 2456 2262 2524 jam
2293 2457 2449 2510 dorsa
2476 2457 2626 2526 jugi?
2658 2474 2755 2512 vos
2783 2458 2978 2525 frigora
3010 2461 3291 2530 frangunt,

1826 2545 1931 2599 Vos
1958 2549 2147 2613 Alpes;
2175 2544 2393 2614 jatnjam
2424 2548 2664 2601 studeam
2694 2564 2920 2617 pensare
2949 2552 3190 2618 pruinas,

1822 2636 2081 2690 (Estatem
2109 2636 2207 2689 sub
2237 2638 2390 2705 Syrte
2417 2636 2572 2691 dabo.
2606 2637 2698 2692 Sic
2726 2639 2935 2708 agmina
2966 2655 3100 2693 voce

1824 2729 2015 2798 Erigis,
2047 2730 2398 2799 exemploque
2429 2730 2591 2793 levas,
2624 2732 2935 2799 primusque
2962 2730 3175 2785 labores

1822 2824 1982 2894 327
2000 2821 2319 2890 Aggrederis
2340 2837 2683 2892 quoscunque
2700 2822 2886 2892 juhes;
2912 2833 3022 2877 tum
3041 2833 3235 2879 cmtera
3257 2840 3407 2892 paret

1823 2914 1998 2970 Turba
2030 2916 2218 2978 libens,
2246 2914 2408 2968 servit
2438 2914 2666 2982 propriis
2696 2931 2817 2969 cum
2846 2916 3050 2984 legibus
3076 2926 3281 2972 auctor.

1897 3003 1922 3042 J
1952 3005 2052 3072 Qtii
2085 3005 2174 3061 tibi
2209 3017 2463 3075 prieterea
2495 3007 2750 3073 comites,
2791 3017 3126 3077 quantusque
3156 3010 3412 3079 magister

1833 3098 2058 3163 Militim,
2085 3106 2317 3152 vestrum
2349 3106 2467 3165 post
2493 3112 2586 3151 vos
2615 3098 2704 3167 qui
2736 3099 2991 3167 compulit
3018 3115 3229 3170 agmen,

1751 3159 1798 3223 Ο
1829 3193 1935 3249 Sed
1968 3159 2073 3247 non
2107 3159 2369 3246 invituut’i
2398 3191 2591 3260 dignus
2616 3159 2705 3260 qui
2735 3159 2952 3246 cede-ret
2979 3159 3069 3247 uni

1828 3286 1975 3359 Sylla
2004 3285 2139 3349 acie,
2171 3286 2328 3354 gen’o
2360 3282 2575 3347 Fabius,
2610 3284 2805 3351 pietate
2836 3282 3101 3347 Metellus,

1827 3378 2031 3449 Appius
2059 3377 2294 3445 eloquio,
2328 3376 2376 3429 vi
2409 3376 2648 3440 Fulvius,
2680 3385 2798 3430 arte
2823 3375 3100 3430 Camillus.

1830 3480 1855 3507 ε
1878 3470 1933 3525 Si
1962 3467 2289 3538 prmfectura:
2318 3474 2548 3535 quantus
2576 3466 2889 3520 moderetur
2921 3467 3180 3519 honorem

1832 3560 1923 3615 Vir
1946 3574 2176 3629 quaeras,
2208 3557 2382 3612 tendit
2413 3556 2624 3625 patulos
2651 3572 2751 3624 qua
2780 3555 2948 3611 Gallia
2978 3558 3133 3611 fines.

1828 3653 1932 3708 Vix
1968 3652 2153 3706 habuit
2181 3663 2361 3704 mores
2391 3649 2615 3713 similes,
2649 3648 2733 3703 cui
2770 3657 2905 3702 teste
2933 3662 3144 3714 senatu,

1832 3746 1889 3801 In
1917 3760 1978 3801 se
2005 3744 2166 3799 etiam
2197 3752 2422 3797 tractum
2453 3742 2797 3797 commiserat
2822 3741 3010 3811 Ulpins
3039 3758 3247 3799 ensem.

1830 3838 1931 3905 Qui
1956 3835 2121 3889 dictat
2149 3832 2310 3887 modo
2329 3830 2450 3902 jura
2480 3830 2651 3897 Getis,
2681 3831 2781 3885 sub
2809 3831 2989 3902 judice
3019 3842 3199 3888 vestro

1752 3938 1759 3945 ’
1834 3928 2058 3987 Pellitos
2087 3941 2272 3983 ravum
2308 3939 2608 3995 praeconem
2639 3924 2862 3996 suscipit
2892 3926 3082 3980 hostis.

1839 4090 1927 4144 tlta
1959 4094 2319 4146 comparatur.
2358 4084 2423 4136 At
2444 4081 2998 4148 Majorianusdeliciti
3024 4082 3233 4139 l-arbari
3266 4083 3410 4145 igna-

1834 4163 1975 4214 viam
2005 4158 2204 4221 ridens,
2239 4161 2361 4222 post
2388 4153 2636 4207 hibernas
2667 4153 2877 4221 Alpium
2926 4153 3163 4221 pruinas,
3197 4154 3412 4209 ιιιςιίνοος

1832 4230 2092 4301 Syrtium,
2124 4244 2225 4285 ι.ιιο
2254 4224 2505 4301 tendebat
2532 4224 2771 4301 ardores,
2803 4226 2902 4278 hoc
2933 4233 3017 4279 est
3058 4234 3172 4293 pOSt
3201 4237 3411 4278 summa

1832 4292 2027 4366 frigora
2058 4292 2297 4352 Summus
2323 4297 2539 4351 calores
2558 4292 2817 4366 praedicit,

1905 4365 1932 4410 δ
1976 4370 2028 4423 ltt
2056 4367 2319 4439 aliquibus
2342 4366 2690 4439 editionibus,
2713 4365 2758 4417 Α
2778 4365 2972 4439 emptis.

1910 4452 1933 4481 ο
1959 4436 2162 4495 Savaro
2189 4447 2245 4493 et
2270 4436 2531 4500 Labbeus,
2560 4438 2854 4503 scalptoque
2880 4438 3095 4505 ﬂuento.

1910 4510 1933 4549 ἀ
1965 4509 2227 4578 Principis
2275 4508 2525 4578 laudibus
2566 4507 2727 4560 trium
2766 4502 2889 4578 ejus
2924 4505 3176 4578 comitum
3205 4502 3416 4578 _lau_des

1838 4583 2109 4646 adjuugit,
2149 4575 2390 4646 magistri
2421 4577 2647 4630 militum
2672 4618 2684 4635 ,
2735 4575 2967 4639 prtefecti
3000 4575 3255 4642 prtetorio
3286 4575 3417 4628 Gal-

1838 4654 2052 4715 liarum,
2097 4659 2150 4704 et
2180 4648 2324 4703 Petri
2353 4646 2589 4715 magistri
2615 4646 2960 4715 epistolarum
2997 4661 3012 4698 :
3055 4661 3213 4715 quem
3243 4646 3418 4701 solum

1840 4724 2120 4787 nominat,
2164 4720 2231 4773 de
2270 4719 2387 4772 aliis
2428 4717 2644 4785 quinant
2690 4716 2886 4770 fuerint
2922 4716 3289 4787 div‘nanvlum.
3340 4717 3418 4772 De

1840 4786 2265 4861 magistroenim
2298 4787 2521 4861 militum
2551 4790 2716 4855 quaeri
2747 4794 2941 4861 petest,
2971 4786 3418 4861 Διιιῃῑιξρίιιιεειτειιι

1840 4855 2132 4931 iutéltigat,
2163 4875 2323 4931 quem
2355 4856 2667 4931 magistrum
2698 4859 2923 4931 militum
2970 4857 3023 4910 in
3065 4855 3210 4911 Italia
3255 4856 3421 4931 fuisse

1839 4927 2036 4991 docent
2065 4927 2291 4987 novella:
2325 4928 2639 4994 Maioriani;
2674 4944 2739 4979 an
2772 4927 3148 4992 Nepot'anum,
3181 4927 3271 4996 qui
3301 4942 3419 4978 rm-

1838 5007 2004 5074 gistcr
2047 5002 2272 5057 militum
2324 5001 2427 5055 hoc
2480 5000 2604 5053 item
2638 5014 2778 5053 anno
2826 5000 2877 5052 iu
2909 4997 3076 5052 Gallia
3117 4998 3311 5051 dicitur
3350 4996 3423 5050 ab

1840 5075 2010 5130 ldatio
2036 5081 2240 5127 nostro.

1916 5156 1939 5183 υ
1963 5145 2061 5212 Qui
2093 5142 2347 5197 Basilium
2379 5139 2689 5212 prwfectum
2731 5136 3295 5212 prmtorio_signilictri
3326 5152 3422 5198 pu-

1842 5210 2003 5279 ιειιιι,⁷
2031 5232 2132 5266 non
2166 5212 2593 5266 animadvertunt
2625 5210 3069 5279 Basiliumiltalite
3110 5211 3419 5279 praefectum

1842 5277 2035 5349 fuisse;
2084 5282 2171 5337 hic
2199 5298 2327 5337 vero
2356 5282 2440 5352 agi
2469 5281 2536 5333 de
2571 5282 2826 5352 p'mfecto
2857 5277 3169 5352 Galliarum.
3212 5277 3422 5352 Gertint'

1842 5347 2069 5411 fortasse
2116 5347 2425 5423 conjectura
2461 5351 2615 5423 125
2668 5351 2820 5403 fuerit
2868 5350 2936 5403 de
2988 5351 3183 5423 Magno
3217 5347 3423 5423 Narbo-

1843 5426 2019 5491 nensi,
2051 5416 2711 5493 cujus'pratfectiTriTavjam
2738 5430 2940 5493 etaeta:
2969 5436 3019 5473 ιιι
3044 5416 3337 5493 «ιιιίιιίῌίΙι.
3370 5430 3423 5478 t,

1842 5486 2132 5565 epistlll,‘
2156 5496 2206 5549 itt
2236 5486 2396 5563 epulo
2427 5486 2740 5565 Maioriani,
2788 5492 2885 5541 hoc
2924 5500 3005 5541 est
3042 5486 3272 5565 triennio
3304 5496 3425 5554 post

1844 5557 1985 5622 bime
2019 5557 2433 5637 panegyri'ctun.‘
2471 5557 2934 5637 G‘otlulruuuvero
2976 5573 3117 5637 rex,_
3148 5557 3263 5637 qui‘
3288 5572 3426 5624 pra-.-

1842 5624 2039 5693 fectuu'i
2068 5624 2209 5691 Ιιιιιῖἑ
2231 5633 2596 5700 reverebatur,
2620 5627 2987 5687 Theodericus
3005 5624 3207 5697 junior,
3231 5624 3299 5682 de
3321 5642 3429 5698 quo

1844 5707 2069 5778 epistola
2097 5706 2155 5761 2.
