3946 6176
525 270 629 326 679
1780 260 2024 318 SIDONII
2064 256 2519 319 APOLLINAHIS
3628 265 3709 321 683

526 387 701 441 Prime
726 381 896 445 venis,
928 378 1083 433 viridi
1105 380 1192 448 qui
1226 376 1416 431 Dorida
1458 376 1658 432 findere
1685 390 1848 430 curru

525 477 740 538 Suetus,
776 474 826 525 in
857 470 1079 525 attonita
1101 470 1427 537 spargiscito
1452 479 1596 537 terga
1616 482 1887 520 seri-num.

524 568 813 622 Humentes
844 564 1113 633 Nymphas
1146 562 1380 615 Phorcus
1405 563 1717 623 comitatur;
1748 560 1925 629 ibique

524 659 755 712 Glaucus
783 656 982 709 Glauce
1014 654 1162 709 venis
1196 670 1208 707 :
1238 665 1414 706 vatum
1437 661 1491 706 ct
1517 654 1834 707 certissime.
1855 649 2076 722 Proteu,

522 748 710 802 Certus
740 761 886 807 cras;
924 745 1079 813 longo
1099 744 1313 797 veniunt
1346 753 1457 810 post
1482 740 1668 795 ordine
1689 740 1817 802 divi,

524 841 845 908 l‘atupineus
881 837 1057 899 Liber,
1093 837 1228 889 M:ir~
1258 844 1399 899 trux,
1423 834 1732 903 Tirynthius
1766 833 1953 896 hirtus,

522 933 669 986 Nuda
704 931 903 992 Venus,
940 926 1161 982 fecunda
1186 926 1368 991 Ceres,
1392 928 1695 995 pharetrata
1730 925 1922 987 Diana,

522 1026 661 1077 .luuo
687 1023 883 1090 gravis,
916 1021 1151 1090 prudens
1200 1021 1388 1086 Pallas,
1431 1022 1618 1073 turrita
1652 1019 1850 1088 Cybele

524 1116 789 1168 Saturnus
822 1114 1093 1179 profugus,
1140 1126 1267 1179 vaga
1294 1112 1537 1181 Cynthia,
1578 1110 1810 1164 thbus
1835 1107 2097 1176 ephebus,

524 1206 632 1259 Pan
664 1203 908 1272 pavidus,
952 1202 1115 1256 Fauni
1150 1204 1322 1271 rigidi.
1356 1201 1537 1271 Satyri
1569 1202 1887 1269 petulantes.

522 1295 836 1350 Convenere
862 1296 1020 1348 etiam
1049 1292 1243 1346 coelum
1271 1293 1465 1345 virtute
1483 1300 1748 1354 tenentes,

522 1388 710 1439 Castor
732 1401 888 1450 equo,
918 1384 1103 1437 Pollux
1128 1396 1317 1443 cresm,
1350 1381 1593 1435 Perseius
1617 1380 1804 1447 harpe,

526 1479 768 1532 Fultuine
799 1477 1084 1537 Vulcanus,
1112 1474 1315 1543 Typhis
1341 1482 1475 1530 rate,
1506 1480 1662 1539 gente
1684 1467 1957 1536 Quirinus.

523 1569 651 1634 Q:.is
681 1576 834 1620 canat
869 1566 954 1619 hic
974 1565 1147 1617 aulam
1175 1564 1319 1627 cmli,
1348 1561 1615 1616 rutilantia
1648 1560 1803 1627 cujus

521 1659 638 1727 Ipsa
672 1658 1035 1727 pavimentum
1068 1664 1193 1709 sunt
1218 1653 1428 1707 sidera?
1458 1652 1577 1706 .lam
1609 1663 1760 1720 pater
1790 1663 1956 1703 aureo

521 1751 865 1818 Tranquillus
910 1764 1029 1803 sese
1059 1749 1193 1801 solio
1223 1748 1390 1810 locat;
1422 1746 1545 1799 inde
1578 1744 1787 1812 priores

520 1841 827 1895 Consedere
855 1840 971 1905 dei;
996 1838 1169 1891 ﬂuviis
1191 1852 1403 1907 quoque
1430 1834 1651 1902 contigit
1686 1834 1777 1887 illo

520 1934 623 1989 Sed
651 1934 865 1988 senibus
892 1933 1127 1986 residere
1153 1931 1270 1984 loco
1298 1946 1312 1983 :
1342 1928 1434 1980 tibi
1460 1927 1688 1980 maxime
1718 1928 1878 1979 llucnu

522 2026 774 2086 Eridane,
797 2032 852 2076 et
871 2021 1019 2075 ﬂavis
1050 2023 1100 2073 in
1122 2020 1309 2088 pocula
1341 2018 1506 2071 fracte
1528 2016 1817 2071 Sicambris

522 2113 704 2165 Rhene
736 2122 965 2175 tumens,
992 2110 1331 2180 Scythiteque
1370 2107 1517 2177 vagis
1540 2107 1773 2176 equitate
1802 2104 2029 2159 catervis

521 2204 673 2267 Ister,
703 2210 757 2255 et
785 2202 1020 2272 ignotum
1046 2201 1163 2270 plus
1185 2209 1341 2253 notus
1368 2198 1484 2253 Nile
1514 2213 1608 2267 per
1635 2207 1832 2250 orttnn.

516 2292 649 2346 Cum
681 2293 862 2361 procul
897 2301 1075 2347 erecta
1097 2291 1220 2347 (οωιί
1249 2290 1317 2344 de
1340 2298 1489 2358 parte
1514 2288 1760 2343 trahebat

520 2386 558 2438 P
579 2400 702 2453 gms
732 2384 896 2438 Roma
918 2384 1131 2454 gradus.
1164 2392 1385 2439 curvato
1412 2397 1607 2438 cernua
1632 2383 1771 2436 collo

515 2476 618 2529 Ora
651 2477 857 2541 ferens;
881 2475 1112 2545 pendent
1131 2476 1308 2530 crines
1332 2474 1398 2528 de
1428 2475 1627 2528 vertice
1655 2473 1779 2529 tecti

520 2566 762 2633 Pulvere,
796 2582 900 2621 non
921 2567 1102 2636 galea;
1130 2566 1455 2636 clypeusque
1481 2565 1787 2634 impingitur
1814 2568 1974 2635 mgr's

516 2659 815 2722 Cressibns,
848 2667 905 2713 et
931 2659 1160 2726 pondus,
1193 2673 1296 2712 non
1320 2666 1492 2712 terror
1511 2660 1676 2713 fertur
1698 2660 1747 2711 in
1778 2658 1949 2712 basta.

518 2751 690 2820 thue
714 2752 785 2821 pii
815 2750 1040 2819 genibus
1064 2753 1293 2819 primum
1324 2760 1405 2805 est
1439 2750 1605 2804 affusa
1636 2751 1865 2804 tenantis
1898 2765 1914 2805 :

585 2841 749 2912 333
780 2839 989 2906 Teator,
1034 2849 1219 2895 sancte
1245 2854 1458 2910 parens,
1490 2841 1680 2908 inquit,
1713 2853 1785 2906 te,
1813 2856 2008 2895 numen
2038 2850 2095 2895 et

1867 2932 2018 3006 [uiui

514 3020 778 3088 Quidquid
802 3020 970 3073 Roma
993 3018 1091 3087 fui,
1122 3034 1331 3075 summo
1358 3021 1487 3075 satis
1517 3023 1705 3076 obruta
1740 3021 1871 3087 fato,

517 3109 732 3164 Invideo
763 3109 987 3179 abiectis
1021 3111 1267 3180 :pondus
1293 3128 1396 3165 non
1428 3112 1658 3166 sustinet
1691 3112 1853 3180 ampli

514 3200 774 3254 Culminis
802 3211 947 3255 arcta
974 3201 1182 3267 domus,
1210 3210 1235 3240 ⁸
1267 3216 1365 3257 nec
1395 3202 1590 3257 fulmen
1620 3204 1845 3260 vallibus
1878 3205 2059 3260 instat.

515 3292 671 3359 Quid,
703 3309 853 3363 rogo,
884 3294 965 3348 bis
989 3309 1120 3348 seno
1153 3294 1281 3348 mibi
1313 3296 1522 3349 vulture
1550 3296 1794 3352 Tltuscus
1818 3312 2049 3369 aruspex

514 3381 789 3438 Portendit
806 3386 829 3437 ?
848 3384 1053 3452 jaciens
1073 3386 1258 3454 prima:
1287 3399 1382 3439 cur
1403 3389 1597 3440 moenia
1623 3390 1767 3455 genti

511 3475 767 3530 Umnihus
784 3476 892 3546 jam
922 3478 1065 3532 celsa
1095 3478 1189 3543 fui,
1213 3477 1338 3532 dum
1365 3479 1520 3533 eoll‘s
1561 3480 1766 3537 Etrusci

580 3650 604 3676 ε
633 3639 861 3709 Vu‘gati,
893 3641 1103 3709 ﬂumen,
1138 3640 1276 3693 male
1309 3655 1322 3692 :
1353 3640 1479 3708 quid
1510 3642 1652 3695 enim
1686 3639 1891 3694 flumini
1916 3641 2084 3711 magis

512 3711 725 3767 insitum
766 3726 921 3777 quam
946 3720 1003 3763 ut
1028 3711 1079 3762 in
1105 3711 1270 3764 valfes
1296 3711 1582 3764 decurrat?
1614 3715 1679 3763 At
1706 3712 1904 3765 fulmen
1927 3729 2083 3765 tuon-

510 3794 592 3834 tes
617 3780 771 3852 ferit,
790 3795 894 3833 non
920 3779 1332 3852 valles.»Seneca
1358 3779 1525 3852 choro
1554 3782 1587 3834 4
1618 3781 1885 3852 llippolyd
1912 3800 1924 3834 :
1962 3782 2081 3835 llu-

508 3853 647 3904 mida
670 3848 817 3901 vallis
846 3865 991 3902 raros
1013 3850 1204 3914 patitur
1234 3850 1417 3918 [ωηιξη
1438 3866 1461 3902 ε
1488 3852 1637 3903 ictus.

583 3918 609 3957 δ
634 3921 705 3971 lta
734 3919 863 3971 olim
892 3918 1239 3990 restituintus,
1271 3935 1367 3990 ms.
1386 3921 1775 3990 uniusvestigia
1803 3921 1990 3987 secuti,
2021 3931 2077 3977 et

510 3989 859 4043 Claudianum
895 3988 948 4042 in
991 3987 1302 4042 Stiliconem
1336 3987 1385 4041 l.
1414 3988 1476 4042 Et
1508 3988 1623 4054 Cir,
1655 3987 1843 4057 inquit,
1875 3998 2077 4046 notissi-

510 4076 621 4131 nms
647 4059 813 4112 amnis
842 4058 1170 4131 ZEtltioBum,
1200 4059 1353 4131 simili
1384 4062 1622 4114 mentitus
1650 4063 1845 4131 gurgite
1874 4060 2074 4131 quam.

508 4129 613 4183 Alii
630 4145 750 4183 cum
776 4128 1212 4198 vulgatisTagum
1237 4128 1449 4191 habent,
1469 4132 1551 4183 cui
1579 4128 1840 4184 nihilc'um
1866 4130 2079 4185 Ailthio-

509 4200 591 4274 pia
619 4214 922 4274 commune.
946 4198 1041 4252 Gir
1082 4214 1229 4274 vero,
1259 4202 1363 4274 I‘_a‘zp
1394 4198 1700 4274 Ptolemfo,
1727 4201 1904 4268 Libyae
1938 4204 1998 4274 in
2016 4220 2073 4255 e-

508 4271 668 4323 rioris
716 4269 1134 4337 Ethiopumque
1177 4268 1390 4322 ﬂuvius.
1439 4268 1567 4322 Item
1596 4269 1714 4323 Gira
1742 4272 2071 4337 metropolis,

506 4339 851 4462 aqRaIGirtei
894 4354 989 4393 seu
1018 4338 1206 4393 αἰτνωί
1258 4337 1433 4406 populi
1478 4339 1767 4395 Claudiano
1805 4341 1857 4395 in
1893 4343 2075 4413 idyllio

548 4428 573 4462 υ
649 4424 763 4462 to:

548 4418 804 4464 olViloz‘

628 4508 768 4571 Hunc
784 4509 906 4558 bibit
923 4508 1123 4557 etfren's
1145 4506 1394 4571 Garamas,
1416 4506 1721 4571 domitorque
1738 4510 1953 4562 ferarum)

628 4570 861 4631 Cit-rasus,
886 4574 966 4631 qui
995 4580 1126 4618 vasta
1151 4569 1265 4617 colit
1290 4570 1384 4617 sub
1410 4571 1608 4630 rupibus
1625 4569 1697 4619 aut
1711 4585 1759 4620 ra
1786 4585 1799 4620 :

628 4630 722 4687 Qui
745 4630 1089 4690 ramos'ebeni,
1115 4632 1197 4692 qui
1220 4631 1399 4679 dentes
1422 4631 1557 4681 vellit
1576 4634 1805 4684 eburnos.

506 4752 642 4826 llale
656 4752 794 4806 enim
823 4753 978 4826 vulgo
1004 4752 1215 4807 Cirtwus
1241 4769 1258 4807 :
1284 4770 1381 4809 nec
1410 4756 1598 4810 melius
1624 4757 1763 4826 quod
1789 4760 2071 4815 substitue-

507 4829 594 4876 ttat
615 4824 838 4895 Scopas,
868 4822 1138 4888 Caudinus,
1173 4839 1295 4878 cum
1322 4836 1542 4895 utraque
1571 4822 1701 4895 gens
1732 4829 1798 4882 ab
1828 4830 1910 4883 ltis
1940 4832 2072 4886 locis

506 4893 690 4963 procul
710 4897 870 4949 absit.

573 4973 595 5001 ο
631 4964 754 5017 Haec
791 4973 1043 5036 constans
1063 4968 1301 5015 veterum
1343 4964 1597 5019 librorum
1639 4966 1817 5020 lectio.
1858 4969 1925 5023 Et
1952 4972 2070 5036 qui-

497 5031 619 5105 dem
651 5035 965 5105 Asiagenes,
989 5033 1303 5105 'Aatw/swit',
1336 5049 1437 5088 vox
1464 5036 1646 5089 Cra-ca
1673 5045 1729 5089 et
1751 5041 1934 5105 proba.
1965 5031 2068 5095 Sed

497 5102 621 5177 quid
662 5118 837 5156 causae
882 5102 1066 5156 habuit
1117 5102 1307 5177 curui...
1339 5102 1761 5177 scipionem‘sic
1800 5111 2069 5177 appellare

498 5174 699 5245 mallet,
732 5188 850 5225 cunt
885 5186 1070 5245 versus
1112 5174 1281 5245 nihilo
1321 5175 1497 5228 minus
1523 5174 1809 5243 claudicet,
1835 5174 1991 5245 quam
2021 5182 2065 5235 si

495 5241 787 5313 Asiaticum
815 5243 1149 5313 scripsisset?
1176 5244 1440 5298 Antonius
1472 5241 1802 5313 Augustinus
1820 5241 1885 5301 de
1914 5248 2068 5304 fanti-

491 5310 578 5363 ltis
610 5312 965 5383 Hotttanorutn
1005 5312 1055 5383 in
1083 5314 1351 5379 Cornelia,
1388 5331 1451 5368 ex
1499 5310 1706 5369 indiciis
1739 5316 1922 5383 prima:
1953 5322 2067 5373 edi-

492 5383 651 5434 tionis
679 5381 1001 5455 Sidonianae,
1035 5382 1085 5435 in
1114 5397 1214 5451 qua
1247 5384 1381 5439 Asia:
1410 5395 1577 5455 gentes
1607 5381 1900 5452 legebatur,
1924 5391 2062 5443 seri-

490 5462 634 5517 ptum
659 5453 886 5522 conjecit
915 5454 1223 5521 Asiagetes:
1257 5460 1396 5521 quod
1412 5453 1493 5508 ita
1524 5458 1749 5523 primum
1775 5459 1824 5509 in
1854 5458 2061 5516 Graecia

484 5523 686 5574 dictum
711 5524 986 5577 exiStimet
1017 5523 1076 5576 L.
1118 5524 1455 5591 Scipionem;
1478 5528 1699 5595 ejusque
1725 5531 2059 5596 cognominis

484 5603 699 5647 exstare
728 5597 886 5649 etiam
924 5596 997 5649 ait
1026 5597 1261 5667 vestigia,
1283 5599 1331 5667 in
1376 5598 1625 5667 numinis,
1661 5605 1716 5650 et
1745 5597 1795 5649 in
1823 5600 2057 5667 antiquis

2108 4385 2157 4445 D

2131 379 2181 435 Α
2211 370 2571 423 Fundamenta
2596 368 2737 437 jugis
2764 368 2941 438 aperis
2963 367 3120 433 mibi,
3152 366 3369 425 Romule
3385 381 3599 443 pauper?

2209 463 2336 517 Plus
2358 463 2538 531 gladio
2568 476 2757 516 secura
2783 462 2874 523 lui,
2905 476 3026 516 cum
3057 461 3269 515 turbine
3291 462 3459 530 juncto

2210 556 2293 610 Me
2317 555 2565 617 Hululus,
2586 555 2796 621 Veiens,
2825 554 3129 623 pariterque
3153 555 3438 621 Auruncus,
3460 567 3508 611 et
3528 559 3710 630 Equus,

2207 648 2463 701 lleruicus
2481 654 2537 700 et
2563 645 2783 699 Volscus
2807 652 3148 713 premerent;
3180 655 3261 698 sat
3282 662 3453 717 magna
3479 650 3660 706 videbar

2207 737 2274 790 Et
2295 737 2409 806 tibi,
2436 736 2561 790 dum
2579 737 2775 804 rumpit
2801 736 3041 788 vitiatum
3072 735 3265 789 femina
3295 739 3357 790 fet
3371 746 3435 791 ro‘

2206 829 2432 897 Corpus,
2464 837 2519 883 et
2543 827 2608 881 ad
2631 836 2834 881 castum
2862 840 3072 881 remeas
3100 825 3269 894 pudor
3291 836 3429 882 erute
3455 833 3644 894 vu'nus;

2204 918 2320 972 Jatn
2349 932 2469 971 cum
2504 918 2750 971 vallatam
2784 916 2932 970 socio
2963 932 3049 970 me
3075 917 3267 970 clausit
3289 917 3493 972 Etrusco

2205 1009 2566 1079 Tarquinius:
2602 1009 2733 1077 proh
2766 1008 2893 1061 Moti
2929 1008 3107 1077 ignes!
3144 1009 3274 1077 proh
3302 1008 3503 1063 Coclitis
3530 1013 3685 1065 undae!

2208 1100 2346 1154 Proh
2377 1101 2561 1155 dolor!
2595 1100 2681 1154 ltie
2703 1115 2929 1166 quonam
2949 1110 3054 1165 est,
3080 1101 3168 1168 qui
3191 1100 3290 1153 sub
3305 1115 3411 1155 mea
3429 1101 3533 1168 jura
3552 1105 3716 1173 redegi

2205 1192 2499 1247 Samnitem
2530 1193 2760 1263 gurges?
2782 1191 2958 1246 Volsci
2990 1192 3081 1260 qui
3108 1205 3255 1259 terga
3285 1191 3462 1247 cecidit

2206 1285 2447 1353 Martius,
2479 1295 2531 1338 et
2561 1270 3061 1340 Senones'l'undens
3093 1282 3317 1337 dictator
3341 1294 3391 1338 et
3410 1284 3575 1339 exsul?

2189 1351 2435 1429 ‘Fabricii
2461 1374 2620 1428 vitatu
2646 1375 2861 1441 vellem,
2892 1386 3093 1427 mortes
3121 1373 3418 1427 Deciorum.

2206 1465 2304 1520 Vel
2334 1465 2411 1519 sic
2442 1464 2761 1527 vincentem,
2794 1464 2877 1518 vel
2906 1463 2985 1518 sic
3010 1465 3210 1527 victos;
3243 1478 3356 1517 mea
3386 1464 3532 1518 redde

2207 1558 2471 1627 Principia
2496 1575 2508 1609 :
2534 1557 2634 1611 heu
2654 1571 2758 1625 quo
2781 1570 2924 1610 nunc
2951 1571 3178 1624 pompae,
3202 1556 3438 1625 ditesque
3457 1556 3691 1626 llittmpiti,

2208 1650 2273 1703 Et
2303 1663 2503 1719 pauper
2532 1648 2755 1703 consul?
2784 1647 3037 1718 Libycum
3066 1662 3182 1700 mea
3214 1648 3399 1701 terruit
3417 1662 3554 1703 axi-tn

2130 1750 2173 1808 Β
2201 1742 2416 1810 Cnsp's,
2441 1741 2676 1795 etinlido
2708 1742 2854 1809 posui
2881 1739 3007 1809 jnga
3051 1740 3203 1793 tertia
3238 1740 3417 1796 Pmno.

2205 1836 2450 1887 Indorum
2478 1832 2708 1901 Ganges,
2737 1832 3058 1886 Colchorum
3090 1831 3300 1896 Phasis,
3325 1834 3517 1886 Araxes

2202 1923 2491 1989 Armenizr,
2523 1921 2551 1960 ιι
2583 1921 2678 1976 Gir
2703 1921 3039 1990 Ethiopum,
3068 1922 3370 1990 Tanaisque
3394 1921 3637 1986 Getarum,

2201 2016 2494 2069 Tribunum
2527 2024 2793 2070 tremuere
2822 2030 3023 2069 meum.
3054 2015 3133 2069 Me
3161 2015 3401 2069 Teutone
3423 2015 3591 2084 jnncto

2200 2106 2478 2173 Quondam
2511 2106 2675 2160 fracte
2701 2106 2848 2159 subis
2867 2104 3103 2168 Cimber.
3134 2105 3430 2173 gladiisque
3454 2117 3668 2175 gravatas

2199 2200 2339 2252 Ante
2366 2212 2554 2251 manus
2585 2198 2726 2252 solas
2742 2196 2874 2266 jussi
2903 2208 3116 2265 portare
3140 2206 3381 2251 catenas.

2198 2288 2292 2343 Vae
2322 2289 2449 2343 mihi
2482 2290 2655 2357 qualis
2674 2305 2842 2356 eram,
2873 2305 2994 2343 cum
3042 2303 3137 2357 per
3167 2304 3291 2343 mea
3324 2288 3466 2359 jussa
3498 2288 3708 2357 juberent

2199 2380 2365 2452 Sylla,
2395 2394 2416 2420 ο
2452 2383 2766 2453 Asiagenes,
2790 2383 3001 2447 Curius,
3037 2382 3258 2446 Paulus,
3299 2382 3576 2449 Pompeius,

2198 2480 2359 2550 333
2386 2480 2622 2549 Tigrani,
2650 2480 2935 2543 Antiocho,
2962 2478 3186 2549 Pyrrho,
3224 2478 3421 2541 Persa}.
3460 2477 3706 2535 Mithridati

2198 2571 2411 2637 Pacem,
2442 2587 2624 2641 regna,
2652 2571 2847 2641 fugam,
2879 2572 3125 2639 vect'gal,
3158 2571 3357 2636 vincla,
3389 2570 3653 2625 venenum?

2196 2661 2566 2717 Sauromatem
2597 2672 2748 2716 taceo
2774 2676 2836 2715 ac
2858 2662 3153 2737 Moschum,
3178 2662 3469 2731 solitosque
3486 2668 3722 2716 cruentum

2197 2752 2301 2806 Lac
2324 2763 2508 2821 potare
2537 2752 2718 2819 Getas,
2747 2750 2809 2806 a'c
2838 2753 3023 2821 pocula
3053 2753 3301 2822 tinguere
3325 2753 3486 2815 vcnis,

2196 2843 2292 2897 Vel
2323 2858 2444 2897 cum
2469 2842 2747 2912 dilTugiunt
2780 2842 3058 2913 fugiendos
3082 2851 3191 2897 tum
3227 2857 3382 2911 mage
3403 2843 3593 2897 Persas.

2192 2933 2302 2988 Nec
2328 2946 2497 2988 terras
2526 2934 2727 2988 dixisse
2748 2943 2831 2988 sat
2855 2943 2969 2989 est:
3001 2935 3327 3004 fulgentibus
3350 2936 3505 2989 armis

2192 3023 2291 3077 Tot
2334 3027 2500 3078 maria
2528 3025 2741 3089 intravi,
2770 3026 2905 3080 duce
2935 3035 3004 3089 te,
3039 3026 3312 3112 longeque
3333 3034 3550 3079 remotas

2117 3112 2163 3174 C
2195 3114 2318 3169 Sole
2338 3115 2436 3169 sub
2455 3116 2678 3170 occiduo
2700 3125 2917 3186 gentes;
2947 3116 3187 3171 victricia“
3207 3117 3395 3172 Caesar

2193 3206 2356 3276 Signa
2385 3206 2702 3261 Caledonios
2734 3210 3022 3262 transvexit
3050 3207 3299 3277 adusque
3330 3208 3609 3261 Britannos.

2193 3298 2414 3355 Fuderit
2442 3308 2498 3355 et
2526 3314 2828 3369 quanquam
2864 3301 3105 3369 Scotum,
3134 3297 3161 3338 δ
3188 3312 3253 3356 et
3277 3317 3395 3356 cum
3436 3300 3626 3355 Saxone
3658 3295 3722 3349 [δίς

3505 3390 3666 3466 [etnon

2193 3484 2386 3542 Hostes
2414 3484 2680 3556 quasivtt,
2703 3500 2859 3555 quem
2883 3500 2993 3556 iam
3018 3495 3206 3541 natura
3242 3486 3453 3541 vetabat

2190 3644 2448 3699 hactenus
2476 3644 2657 3699 videre
2699 3660 2805 3699 non
2839 3643 3063 3714 contigit
3090 3660 3258 3713 quam
3288 3646 3570 3707 Asiaticus;
3599 3658 3724 3695 num-

2183 3730 2392 3769 morum
2421 3730 2548 3769 vero
2570 3715 2670 3768 hac
2696 3714 2747 3769 in
2778 3730 2835 3768 re
2867 3716 3131 3769 levissima
3159 3730 3382 3783 semper
3402 3716 3507 3769 visa
3533 3722 3603 3766 est
3620 3727 3724 3764 con-

2174 3785 2404 3853 jectura.
2437 3784 2588 3840 Unde
2616 3788 2756 3838 enim
2782 3784 2833 3837 in
2859 3801 3075 3837 nummo
3096 3785 3346 3840 Romano
3371 3794 3422 3841 et
3444 3785 3725 3853 Graacutnet

2183 3852 2418 3909 insidens
2444 3856 2794 3910 vocabulum?
2821 3854 3013 3909 deinde
3046 3870 3168 3908 ρυλιι
3199 3856 3259 3909 in
3306 3856 3408 3923 his,
3456 3854 3623 3909 Fulvio
3648 3852 3726 3903 Ur-

2183 3928 2302 3978 sino
2327 3935 2485 3989 teste,
2518 3940 2602 3978 aut
2654 3926 2713 3978 L.
2746 3925 2914 3980 SCIP.
2962 3925 3138 3980 ASlA.
3169 3925 3240 3981 G.
3276 3942 3523 3981 excusnut
3549 3935 3625 3981 su,
3650 3929 3725 3973 aut

2186 3995 2302 4049 sine
2329 3998 2751 4064 :nterpunctione
2781 3996 3025 4061 ASIAG.,
3057 3997 3202 4064 prius
3239 3998 3368 4051 illud
3404 3995 3465 4049 ad
3493 4010 3591 4048 rem
3616 3991 3726 4045 nihil

2186 4065 2332 4130 facit,
2364 4067 2629 4133 posterius
2656 4066 2784 4119 nihil
2818 4066 2997 4130 habet,
3021 4070 3162 4120 unde
3182 4068 3464 4134 Asiagetes
3492 4065 3725 4132 pntiusle-

2182 4152 2275 4203 gas
2294 4152 2450 4203 quam
2475 4136 2783 4203 Asiagenes.
2806 4134 2985 4190 Potuit
3011 4150 3212 4202 tamen,
3241 4148 3299 4191 ut
3326 4141 3436 4190 viro
3455 4134 3725 4189 doctissimo

2186 4221 2354 4258 VISllllt
2379 4216 2481 4271 est,
2513 4221 2543 4259 a
2571 4206 2793 4261 Sidonio
2821 4209 2980 4260 scribi
3007 4209 3105 4261 hoc
3133 4208 3259 4261 loco
3278 4209 3564 4276 Asiagetes,
3586 4203 3727 4276 politi}

2183 4286 2237 4329 ct
2270 4277 2613 4344 Asiagenetes
2642 4293 2656 4329 :
2688 4276 2829 4345 quod
2861 4294 2920 4330 ea
2954 4276 3121 4331 forma
3151 4293 3251 4346 pro
3281 4273 3563 4345 Asiagenes
3598 4273 3725 4343 129

2183 4348 2472 4417 diceretur,
2499 4362 2605 4414 quo
2650 4347 2948 4416 Eugenetes
2989 4364 3084 4415 pro
3129 4347 3369 4417 Engene,
3405 4348 3537 4416 apud
3577 4346 3728 4397 bunu-

2181 4416 2324 4491 diutu
2372 4426 2428 4491 et
2452 4417 2794 4491 Senatorem;
2844 4431 2899 4473 et
2942 4416 3282 4490 Ἐρισθενέτὴς
3329 4435 3426 4488 pro
3467 4417 3725 4491 Ἐρισθενής,

2181 4487 2319 4554 apud
2363 4487 2765 4554 Apollinarium.

2248 4555 2275 4593 ά
2313 4551 2586 4610 Manifesta
2628 4556 2891 4626 prolepsis
2938 4559 3038 4612 hoc
3066 4558 3205 4611 loco.
3241 4558 3335 4614 Sic
3360 4559 3497 4613 enim
3526 4551 3728 4621 loquitur

2177 4629 2324 4700 quasi
2367 4627 2806 4700 Picti,_Saxones
2835 4640 2900 4700 et
2942 4629 3108 4690 Scoti,
3138 4629 3604 4700 Britanniamhjatn
3636 4633 3725 4700 tum

2179 4698 2493 4761 incolerent,
2528 4697 2737 4764 fusique
2762 4715 2789 4749 a
2821 4698 3033 4753 Czesare
3074 4700 3272 4763 forent,
3306 4715 3426 4752 eum
3471 4697 3727 4750 Britannic

2177 4767 2371 4820 bellum
2393 4767 2585 4819 intulit.
2611 4770 2678 4822 At
2698 4778 2903 4821 eertum
2925 4778 3009 4823 est
3032 4769 3304 4823 Britannis
3328 4770 3525 4823 vicinas
3542 4766 3727 4833 quitlrin

2176 4836 2271 4913 bas
2296 4847 2483 4904 gentes
2509 4845 2619 4891 tum
2644 4837 2826 4901 luisse,
2851 4845 2943 4913 sed
2976 4840 3078 4913 izlis
3105 4854 3325 4913 semper
3347 4832 3580 4913 infestas.
3598 4832 3728 4913 Quod

2174 4906 2402 4982 innuens
2430 4917 2582 4982 vetus
2622 4910 2988 4979 panegyristes
3022 4909 3343 4971 Constantii,
3381 4910 3645 4982 Britannos
3668 4906 3729 4982 all

2170 4985 2294 5029 ante
2325 4976 2553 5030 Ca-saris
2579 4974 2885 5044 adventum,
2924 4981 3084 5034 Pictis
3124 4984 3287 5033 modo
3317 4990 3375 5034 et
3406 4978 3656 5040 Hibernis,
3685 4974 3729 5025 id

2171 5055 2252 5098 e-t
2290 5045 2465 5100 Scotts
2513 5047 2755 5101 hostibus
2781 5043 3045 5103 assuetus.
3100 5048 3415 5104 Hiberniam
3454 5050 3589 5103 enim
3617 5043 3726 5095 olim

2172 5114 2479 5168 habitabant
2510 5117 2677 5182 Scoti,
2708 5129 2763 5171 ttt
2799 5118 2931 5172 Pieti
2957 5119 3186 5182 Thulen,
3219 5119 3469 5173 Saxones
3495 5114 3727 5172 Orcadas.

2173 5184 2321 5240 Unde
2347 5186 2437 5241 illa
2467 5186 2744 5242 Claudiani
2767 5188 2835 5243 de
2862 5200 3055 5258 quarto
3078 5192 3364 5244 consulatu
3392 5187 3633 5243 Honorii:

2622 5306 2916 5357 Maduerunt
2937 5308 3131 5359 Saxone
3151 5310 3257 5358 fuso

2288 5365 2525 5427 Oreades,
2546 5368 2744 5417 incaluit
2768 5370 3012 5419 Pii-torum
3036 5373 3275 5420 sanguine
3299 5369 3462 5420 Thule
3487 5382 3500 5418 :

2286 5428 2538 5477 Swtorum
2559 5430 2775 5479 cumulos
2800 5434 2937 5481 flevit
2960 5434 3174 5494 glacialis
3198 5433 3447 5481 Hiberue.

2162 5532 2295 5586 Sero
2322 5533 2555 5597 tandem,
2582 5551 2678 5589 nec
2709 5551 2813 5588 uno
2846 5545 3107 5606 tempore,
3135 5538 3295 5591 sedes
3323 5540 3375 5592 in
3420 5534 3723 5592 Britanniam

2162 5611 2567 5679 transtulerunt,
2595 5607 2821 5676 primum
2852 5608 3005 5676 Picti,
3040 5618 3147 5664 tum
3174 5607 3444 5676 Saxones,
3475 5613 3720 5679 postrewc

482 5666 880 5731 exemplaribus
904 5666 1150 5722 Livianis.
1177 5665 1306 5721 Milli
1331 5677 1459 5720 vero
1490 5667 1545 5721 in
1575 5666 1707 5724 Livii
1736 5667 1886 5723 libris
1906 5665 2053 5727 aliud
2157 5673 2322 5727 Secti.
