3946 6176
183 275 281 327 68!

180 383 434 453 Quasrere
465 385 582 456 plus
614 387 886 452 homines;
925 387 1051 443 tidit
1081 395 1130 444 te
1153 381 1400 458 frangere
1428 389 1650 454 Leucas,

181 479 324 535 Trux
354 481 610 548 AuguSte,
636 479 879 545 Pharon;
909 481 1033 534 dum
1065 481 1322 536 classicus
1346 482 1491 536 Actia
1517 483 1669 537 milcs

180 569 378 639 Stagna
400 570 591 636 quatit,
622 570 962 640 profugisque
991 571 1152 624 bibax
1182 571 1442 626 Antonius
1462 574 1626 626 armis

183 664 446 717 lncestam
477 673 668 717 vacuat
698 664 871 731 patrio
901 663 1244 718 Ptiilcmteida
1273 680 1458 733 regno.

178 755 423 824 Cumque
455 754 601 822 prius
624 769 878 823 quererer
903 756 1092 809 stricto
1117 755 1182 810 de
1210 755 1428 810 cardine
1455 756 1656 823 mundi,

181 846 310 899 Sum
344 845 500 900 limes
531 861 673 900 nunc
702 845 813 914 ipsa
840 845 992 900 mihi.
1019 845 1146 901 Pius
1177 862 1385 902 summe
1411 848 1656 913 deorum,

183 939 310 993 Sum
333 937 478 1007 justo
511 937 604 991 tibi
632 939 744 991 visa
775 949 984 1006 potens,
1013 938 1155 1008 quod
1189 938 1466 994 Parthicus
1497 941 1636 994 ultro

181 1039 204 1066 ³
239 1031 491 1084 Restituit
518 1045 635 1084 mea
658 1028 806 1099 signa
837 1045 1020 1098 pavor,
1055 1032 1329 1100 positaque
1353 1031 1484 1085 tiara

183 1121 392 1176 Funera
423 1121 737 1176 Crassorum
763 1121 926 1186 flevit,
955 1121 1078 1176 dum
1108 1133 1316 1192 purgat,
1349 1132 1402 1178 et
1423 1124 1691 1193 hincjam,

184 1212 320 1266 Proh
349 1211 540 1267 dolor!
561 1217 786 1267 emisso
809 1213 986 1282 populi
1005 1212 1126 1281 jure
1154 1221 1313 1282 atque
1345 1223 1586 1276 senatus,

180 1303 328 1369 Quod
362 1304 534 1367 timui,
579 1303 776 1358 incurri
810 1319 823 1356 :
856 1317 974 1358 sum
1007 1311 1112 1357 tota
1140 1306 1190 1358 in
1230 1305 1492 1374 principe,
1527 1315 1635 1360 tota

182 1395 464 1463 Principis,
498 1404 551 1448 et
581 1396 650 1449 fto
672 1395 906 1449 lacerum
939 1397 1006 1450 de
1032 1394 1244 1450 Caesare
1274 1412 1520 1466 regnum,

179 1486 301 1552 Quae
331 1485 599 1555 quondam
627 1487 808 1555 regina
831 1485 924 1540 fui.
950 1485 1288 1557 Capreasque
1311 1487 1515 1552 Tiberi,

182 1581 243 1632 Et
267 1579 468 1648 caligas
490 1577 622 1643 Caii,
647 1578 833 1634 Claudi
857 1594 1083 1634 censura
1105 1591 1283 1635 secuta
1311 1589 1410 1645 est,

181 1669 244 1723 Et
274 1671 352 1724 vir
381 1677 554 1724 morte
584 1669 724 1725 Nero
753 1672 910 1725 tristi.
948 1670 1140 1726 Pisone
1164 1671 1455 1726 verendum

179 1761 396 1816 Galbam
421 1761 620 1815 sternis
645 1761 806 1827 Otho,
839 1762 1059 1829 speculo
1092 1762 1182 1831 qui
1221 1761 1443 1830 pulcher
1471 1761 1653 1816 haberi

179 1853 310 1907 Dum
341 1865 546 1923 captas,
577 1869 677 1926 ego
707 1857 876 1925 turpis
903 1871 1048 1911 eram
1077 1874 1090 1909 :
1121 1856 1254 1910 mihi
1287 1855 1430 1910 fo2da
1454 1855 1634 1910 Vitelli

179 1947 356 2001 Intulit
385 1948 645 2017 ingluvies
670 1958 934 2013 ventrem,
971 1951 1060 2019 qui
1085 1959 1324 2018 tempore
1352 1965 1516 2019 parvo

180 2038 426 2106 Iiegnans
444 2053 568 2093 sero
597 2039 760 2108 perit;
790 2039 983 2093 lassam
1015 2053 1134 2109 post
1166 2041 1398 2111 inclytus
1418 2040 1583 2094 armis

176 2128 335 2198 335.
364 2127 724 2198 Vespasianus
747 2130 928 2186 habet.
952 2131 1103 2185 Titus
1131 2130 1286 2186 hinc:
1313 2143 1431 2202 post
1462 2132 1600 2186 hunc
1630 2145 1761 2200 quo-

1347 2221 1472 2292 [que
1502 2223 1685 2276 frater.

175 2307 298 2362 Post
323 2323 480 2377 quem
517 2309 834 2380 tranquillus
856 2311 939 2365 vix
965 2325 1050 2367 me
1077 2311 1206 2366 mihi
1235 2311 1458 2367 reddere
1483 2311 1654 2366 Nerva

176 2401 368 2470 Cmpit,
396 2401 648 2472 adoptivo
679 2403 848 2457 factus
867 2402 934 2458 de
963 2405 1174 2458 Caesare
1193 2404 1380 2473 major.

173 2493 359 2563 Ulpius
390 2495 516 2550 inde
538 2495 701 2559 venit,
731 2511 836 2565 quo
862 2495 1145 2551 formidata
1177 2495 1468 2552 Sicambris

172 2583 611 2652 Agrippina'fuit,
642 2584 818 2651 furtis,
843 2586 982 2655 pius,
1014 2587 1238 2657 integer,
1267 2602 1410 2642 acer.

171 2672 356 2728 Talem
379 2685 534 2745 capta
562 2690 771 2745 precor.
807 2675 1093 2744 Trajanum
1124 2677 1306 2731 nescio
1335 2678 1380 2731 si
1411 2677 1531 2745 quis

170 2763 507 2834 Aiquiparet,
538 2765 592 2819 ni
619 2766 728 2820 fors
752 2766 946 2820 iterum
980 2775 1057 2832 tu,
1085 2763 1279 2832 Gallia,
1314 2767 1514 2830 mittas,

169 2859 266 2924 Qui
298 2861 499 2913 vincat.
526 2859 799 2930 Lacrymaa
829 2874 1015 2914 vocem
1047 2860 1293 2914 clausere
1319 2859 1611 2927 precantis,

170 2951 231 3005 Et
255 2951 514 3021 quidquid
547 2963 794 3022 superest
825 2953 998 3007 luctus
1030 2963 1201 3020 rogat.
1236 2952 1482 3020 Undique
1511 2951 1632 3005 coeli

169 3042 467 3113 Assurgnnt
506 3058 778 3114 proceres,
823 3043 984 3108 Mars,
1023 3042 1235 3115 Cypris,
1270 3041 1550 3106 Romulus,
1580 3048 1634 3096 et
1665 3040 1753 3111 qui

169 3137 431 3190 Auctores
454 3134 546 3189 tibi
577 3134 747 3190 Roma
775 3135 888 3188 dei:
916 3134 1026 3203 jam
1063 3135 1242 3189 mitior
1272 3134 1386 3201 ipsa

170 3227 443 3294 Flectitur,
475 3237 632 3298 atque
661 3227 768 3282 iras
799 3236 1006 3282 veteres
1033 3227 1284 3283 Saturnia
1313 3225 1499 3280 donat.

172 3321 194 3358 δ
220 3322 471 3392 Iuppiter
503 3322 602 3375 ista
634 3321 836 3375 refert:
869 3321 1058 3375 Fatum
1088 3335 1193 3389 quo
1222 3330 1408 3374 cuncta
1437 3325 1711 3387 reguntur,

172 3412 391 3481 Quoque
421 3427 544 3482 ego,
578 3427 685 3466 non
709 3411 857 3466 licuit
881 3411 1085 3480 frangi;
1111 3421 1193 3465 sat
1215 3409 1356 3465 celsa
1383 3407 1630 3462 laborant

171 3505 407 3572 Semper,
432 3513 487 3558 et
509 3503 676 3557 elatas
705 3511 892 3556 nostro
922 3501 990 3556 de
1019 3515 1240 3555 munere
1265 3501 1407 3555 vires

174 3605 193 3632 ε
223 3595 412 3649 Invidit
437 3594 648 3648 fortuna
677 3593 812 3658 sibi;
845 3592 939 3648 sed
971 3593 1194 3661 concipe
1226 3603 1445 3662 magnos

174 3685 474 3756 Quanquam
505 3684 669 3739 fracta
697 3685 922 3738 animos.
951 3683 1004 3737 Si
1048 3693 1098 3738 te
1130 3683 1399 3738 Porsenna
1431 3683 1608 3737 soluto

174 3776 287 3831 Plus
320 3776 576 3830 timuitde
606 3784 764 3844 ponte
791 3784 1046 3839 tremens,
1075 3775 1121 3829 si
1157 3774 1350 3828 moenia
1382 3783 1536 3842 capta

173 3866 280 3921 lio:
307 3868 500 3922 Brenni
533 3868 717 3923 videre
747 3866 954 3936 fugam;
987 3868 1029 3920 si
1055 3868 1284 3937 denique
1313 3867 1484 3921 dirttm

174 3959 505 4028 Annibalem,
534 3959 720 4028 juncto
750 3969 907 4012 teme
935 3959 1164 4027 coelique
1197 3959 1449 4024 tumultu,

181 4048 535 4119 Reppulimus,
562 4067 681 4105 cum
713 4059 883 4105 castra
917 4051 1019 4105 tuis
1041 4051 1149 4120 jam
1176 4051 1420 4120 proxima
1453 4051 1619 4106 muris

178 4143 400 4207 Starent,
429 4144 636 4198 Collina
666 4144 861 4199 fulmen
891 4159 987 4213 pro
1019 4153 1163 4199 turre
1192 4146 1447 4210 cucurrit,

176 4237 335 4303 Atque
365 4237 470 4289 illic
501 4237 692 4290 iterum
719 4235 896 4291 timuit
923 4246 1109 4291 natura
1144 4245 1425 4307 paventem

177 4329 293 4383 f'ost
321 4328 598 4398 Phlegram
631 4345 866 4399 pugnare
895 4329 1117 4395 Jovem;
1146 4330 1412 4399 torpentia
1445 4329 1570 4384 tolle

1611 269 1935 337 CARMINA.

3331 284 3435 338 682

1787 395 1834 455 Α
1868 389 2114 460 Lumina,
2149 390 2414 446 detersam
2438 402 2671 448 mentem
2701 394 2871 464 caligo
2903 395 3183 467 re'inquat.

1868 483 1944 536 Te
1974 482 2167 537 mirum
2197 493 2280 538 est
2308 483 2481 538 vinci:
2514 484 2734 553 incipies
2761 501 2880 541 cum
2911 486 3144 552 vincere,
3174 488 3370 546 mirum

1868 572 1981 628 Non
2011 575 2132 638 erit,
2155 584 2320 645 utque
2345 575 2435 630 tibi
2457 585 2633 645 pateat
2661 591 2766 646 quo
2788 585 3004 647 surgere
3029 578 3245 635 tandem

1871 660 2030 718 Fessa
2063 665 2222 718 modo
2251 667 2442 735 possis,
2479 666 2661 734 paucis
2682 681 2966 737 cognosce,
2995 669 3220 725 docebo.

1940 755 1966 793 ά
1999 759 2090 811 Est
2115 755 2265 826 mihi,
2292 774 2408 828 qua:
2439 757 2590 813 Latio
2612 774 2670 814 se
2697 761 2955 829 sanguine
2989 763 3121 816 tollit
3146 762 3440 830 alumnam,

1869 845 2050 901 Tellus
2071 849 2211 902 clara
2239 850 2387 912 viris,
2420 849 2504 905 cui
2535 865 2639 904 non
2670 851 2819 905 dedit
2845 853 3039 920 optima
3072 853 3333 922 quondam

1867 938 2025 1009 335
2057 940 2252 994 Rerum
2279 940 2454 1010 Opifex
2482 948 2669 997 natura
2697 958 2910 1012 parem;
2944 943 3200 999 fecundus
3226 945 3293 999 ab
3315 945 3446 1002 urbe

1870 1028 2038 1082 Pullet
2067 1044 2211 1098 ager,
2249 1032 2417 1098 primo
2446 1032 2533 1100 qui
2560 1033 2641 1085 vix
2673 1034 2969 1101 proscissus
2992 1045 3191 1100 aratro,

1871 1117 2086 1174 Semina
2112 1119 2258 1174 tarda
2287 1120 2415 1184 sitit,
2447 1121 2528 1176 vel
2562 1122 3107 1193 luxuriantejuvenco

1868 1209 2075 1265 Arcana
2107 1211 2328 1279 exponit
2359 1213 2561 1280 piceam
2585 1213 2903 1283 pinguedine
2928 1217 3161 1286 glebam.

1867 1301 2177 1358 Assurrexit
2204 1304 2344 1369 huic,
2377 1307 2522 1359 coxit
2544 1306 2684 1376 quod
2719 1308 2950 1362 torridus
2978 1309 3192 1376 Auster,

1867 1393 2126 1447 Niliacum
2155 1393 2518 1465 Libycumque
2545 1396 2752 1461 solum;
2783 1398 3080 1468 collataque
3109 1414 3320 1470 semper

1867 1483 2027 1536 Arida
2058 1483 2352 1553 Mygdonia:
2371 1485 2689 1540 damnarunt
2711 1487 2941 1558 Gargara
2974 1487 3156 1543 falces.

1866 1572 2072 1640 Apulus
2100 1583 2152 1627 et
2181 1573 2406 1629 Calaber
2432 1577 2593 1631 cessit
2617 1593 2630 1630 :
2665 1592 2788 1646 spes
2821 1579 2972 1632 unica
3003 1594 3201 1647 rerum,

1869 1663 2038 1728 llanc,
2063 1667 2324 1731 Arverne,
2347 1667 2552 1734 colens,
2586 1669 2712 1725 nulli
2738 1670 2870 1739 pede
2899 1671 3041 1727 cedit
3063 1673 3113 1726 in
3144 1673 3334 1739 armis,

1792 1755 1838 1816 B
1867 1754 2093 1820 Quosvis
2116 1757 2282 1812 vincis
2309 1773 2446 1827 equo
2475 1777 2485 1810 :
2519 1762 2668 1814 testis
2693 1761 2822 1815 mihi
2849 1762 3075 1817 Caesaris
3096 1773 3214 1818 esto

1867 1847 1964 1903 llic
1994 1850 2213 1902 nimium
2241 1850 2470 1905 Fortuna
2504 1867 2722 1921 pavens,
2755 1869 2873 1909 cum
2899 1857 3032 1912 colle
3058 1857 3304 1927 repulsus

1867 1938 2162 2010 Gergovize,
2195 1944 2386 1997 castris
2409 1945 2558 1998 miles
2586 1947 2671 1999 vix
2703 1949 2897 2001 restitit
2928 1949 3076 2016 ipsis.

1864 2029 1974 2085 llos
2003 2047 2100 2100 ego
2125 2041 2231 2086 tam
2266 2033 2428 2088 fortes
2460 2036 2624 2099 volui,
2654 2037 2748 2091 sed
2779 2038 2970 2093 cedere
2992 2039 3205 2094 Avitum

1867 2121 1998 2176 Dum
2033 2123 2126 2178 tibi
2158 2123 2324 2177 Roma
2354 2139 2510 2194 paro;
2537 2127 2721 2181 rutilat
2745 2128 2828 2182 cui
2853 2131 3081 2184 maxima
3105 2131 3304 2185 dudum

1862 2212 2156 2269 Stemmata
2183 2217 2520 2285 complexum
2545 2232 2794 2288 germen;
2827 2222 3058 2290 palmata
3083 2225 3318 2278 cucurrit

1862 2304 1965 2359 Per
1997 2321 2247 2374 proavos,
2271 2309 2547 2378 gentisque
2586 2325 2718 2376 suze,
2744 2321 2794 2366 te
2827 2322 2981 2380 teste,
3023 2313 3279 2386 Philagri,

1865 2395 2120 2451 Patricius
2152 2401 2456 2466 resplendet
2482 2416 2639 2470 apex.
2672 2404 2774 2457 Sed
2806 2407 2977 2472 portio
2998 2416 3192 2476 quanta
3219 2418 3301 2462 est

1863 2486 1987 2541 Haec
2017 2487 2232 2542 laudum
2267 2491 2481 2546 laudare
2509 2496 2727 2561 patres?
2749 2511 2882 2564 quos
2906 2497 3102 2567 quippe
3128 2499 3337 2554 curules

1863 2579 1927 2632 Et
1961 2581 2300 2648 praefccmras
2321 2593 2531 2638 constat
2556 2585 2750 2641 debere
2777 2589 2975 2657 nepoti.

1861 2670 1998 2723 Sunt
2026 2671 2166 2736 aliis,
2195 2685 2288 2740 per
2309 2686 2440 2741 quos
2467 2685 2526 2727 se
2553 2675 2835 2744 posthuma
2867 2676 3033 2745 jactet
3057 2678 3229 2748 origo,

1862 2761 1927 2815 Et
1956 2761 2188 2829 priscum
2223 2762 2387 2818 titulis
2413 2774 2664 2820 numeret
2697 2775 2720 2804 ο
2751 2782 2918 2836 genus
2945 2769 3099 2837 alter,
3123 2769 3295 2834 Avite,

1860 2849 2118 2907 Nobilitas
2143 2861 2195 2908 tu
2226 2854 2375 2909 solus
2402 2869 2550 2911 avos.
2583 2856 2737 2912 Libet
2767 2857 2927 2913 edere
2954 2861 3085 2914 tanti

1861 2944 2021 2999 Gesta
2051 2945 2171 3010 viri,
2194 2955 2248 3002 et
2278 2946 2502 3016 primam
2528 2950 2709 3019 paucis
2741 2965 3056 3019 percurrere
3085 2954 3270 3008 vitam.

1932 3035 2177 3091 Solverat
2207 3038 2259 3091 in
2293 3048 2501 3107 partum
2531 3054 2788 3109 generosa
2820 3049 3082 3111 puerpera
3106 3043 3241 3100 casti

1781 3118 1826 3180 C
1861 3128 2076 3184 Ventris
2106 3144 2276 3185 onus:
2311 3130 2592 3186 manifesta
2621 3131 2771 3187 dedit
2804 3147 2925 3188 mox
2958 3135 3105 3205 signa
3140 3135 3302 3192 futuri

1860 3220 2142 3290 Principis,
2175 3235 2236 3276 ac
2263 3231 2425 3276 totam
2457 3222 2629 3286 fausto
2655 3223 2845 3293 trepidi
2871 3226 3033 3294 patris
3054 3227 3228 3282 aulam

1860 3311 2079 3380 Implevi
2111 3316 2366 3382 augurio;
2399 3313 2526 3368 licet
2557 3313 2696 3368 idem
2730 3316 2950 3384 grandia
2982 3319 3091 3371 nati

1859 3404 2113 3470 Culparet
2143 3403 2270 3465 lata,
2297 3410 2352 3456 et
2382 3405 2530 3471 pueri
2553 3403 2661 3472 jam
2694 3420 2858 3471 regna
2890 3405 3116 3462 videret.

1861 3494 1966 3548 Sed
1996 3494 2098 3548 sibi
2129 3494 2476 3548 commissum
2507 3504 2656 3548 tanto
2678 3496 2777 3574 sub
2807 3498 3027 3567 pignore
3054 3513 3282 3555 cernens

1857 3585 2035 3638 Mundi
2065 3584 2388 3653 depositum,
2415 3599 2482 3639 ne
2504 3585 2630 3654 quid
2663 3585 2755 3639 tibi
2785 3586 2951 3640 Itonia
2977 3599 3192 3656 periret,

1856 3676 2020 3746 336
2046 3675 2188 3729 Juvit
2209 3675 2478 3729 fortunam
2507 3675 2688 3730 studio
2714 3695 2725 3729 :
2753 3677 3001 3733 lactentia
3034 3681 3264 3750 primum

1857 3768 2093 3821 Membra
2121 3767 2270 3822 dedit
2304 3767 2539 3832 nivibus,
2563 3766 2896 3837 glaciemque
2933 3769 2950 3805 ί
2980 3770 3219 3840 irrepere
3246 3771 3440 3842 plantis

1856 3862 2041 3925 Iussit,
2068 3870 2121 3915 et
2145 3861 2352 3915 attritas
2377 3874 2598 3929 parvum
2629 3857 2805 3916 ridere
2836 3861 3074 3930 pruinas.

1859 3957 2147 4023 Surgentes
2169 3953 2293 4006 anni
2325 3952 2485 4007 Musis
2515 3951 2833 4018 formantur,
2861 3963 2914 4008 et
2944 3953 3036 4007 illo

1857 4049 1972 4114 Quo
2003 4047 2263 4102 Cicerone
2292 4054 2446 4100 tonas
2473 4062 2487 4099 :
2516 4045 2702 4100 didicit
2730 4061 2941 4116 quoquc
2967 4048 3104 4101 facta
3133 4058 3342 4104 tuorum

1859 4145 1995 4196 Ante
2026 4144 2218 4196 ducum
2243 4158 2257 4205 ;
2284 4140 2467 4194 didicit
2490 4153 2714 4209 pugnas,
2748 4138 2989 4206 libroque
3020 4141 3208 4210 relegit

1858 4234 1986 4302 Qua:
2010 4244 2224 4304 gereret
2253 4249 2476 4302 campo;
2503 4232 2706 4302 primus
2729 4232 2816 4286 vix
2854 4241 3094 4301 coeperat
3123 4249 3244 4287 csse

1860 4327 1934 4381 Ex
1968 4327 2168 4381 infante
2191 4342 2345 4396 puer,
2380 4326 2620 4380 rabidam
2650 4340 2769 4379 cum
2799 4324 2937 4380 forte
2962 4326 3198 4381 cruentis

241 4501 267 4528 ι
294 4492 532 4559 Quidam,
573 4503 632 4548 ttt
670 4503 794 4549 ante
837 4494 1041 4556 monui,
1080 4494 1274 4561 Sapor,
1316 4502 1371 4545 ut
1416 4507 1523 4564 pro
1561 4491 1750 4560 quovis
1780 4488 1831 4552 D
1858 4490 2072 4564 aeribus
2105 4488 2346 4564 infestam
2370 4499 2490 4564 esse
2515 4491 2612 4564 ait.
2634 4489 2855 4564 Invidia:
2875 4505 3004 4558 ergo
3031 4495 3276 4562 imputat,
3299 4495 3443 4564 quod

179 4561 480 4616 Parthorum
528 4579 654 4632 rege
693 4575 940 4632 ponatur.
988 4564 1240 4618 Restituit
1275 4561 1427 4616 enim
1473 4563 1743 4616 Phraates.

181 4633 368 4687 liorem
396 4649 522 4689 vero
552 4637 811 4702 ponendre
843 4637 993 4690 tiara:
1020 4635 1072 4693 iu
1113 4634 1352 4702 supplice
1382 4635 1528 4687 cultu
1566 4649 1746 4703 regum

182 4705 479 4758 tiaratorum
537 4708 808 4769 expressit
853 4707 1011 4760 etiam
1058 4705 1247 4759 Cicero
1294 4721 1390 4773 pro
1433 4705 1649 4765 Sextio,
1696 4712 1748 4756 et

181 4773 480 4848 Plutarchus
509 4775 562 4829 in
591 4775 843 4843 Pompeio
871 4776 938 4829 de
963 4776 1192 4843 'I‘igrane
1219 4781 1344 4848 :rtai
1367 4776 1504 4836 τέλος
1531 4779 1597 4834 ὡς
1619 4776 1747 4848 πρὸς

183 4847 321 4899 αὐτὸν
338 4843 444 4922 ἦλθε
475 4852 747 4917 Πομπήϊον,
772 4849 1066 4918 ἀφελόμενος
1092 4854 1179 4905 τήν
1203 4846 1394 4921 κίδαριν
1417 4850 1623 4922 ὥρμησε
1651 4843 1750 4920 ἑτρὸ

181 4922 270 4968 τῶν
297 4916 453 4970 πεδῶν
480 4916 657 4972 θεῖναι.

247 4984 272 5022 δ
298 4985 573 5056 Reliquum
625 5003 812 5056 poema
846 4988 897 5040 in
931 4987 1077 5041 Jovis
1113 4988 1356 5042 oratione
1385 4986 1747 5052 consumitur,

182 5070 276 5122 qua
305 5056 504 5126 Jupiter
525 5059 638 5126 ipse
667 5061 928 5124 designati
959 5075 986 5110 a
1017 5074 1074 5111 se
1108 5059 1359 5125 principis
1389 5059 1574 5113 laudes
1597 5074 1751 5112 exse-

183 5126 370 5192 quitur,
417 5131 638 5198 cjusque
683 5131 929 5198 patriam,
967 5144 1152 5196 genus,
1201 5129 1615 5189 institutionem.
1662 5145 1747 5181 res

186 5211 303 5269 race
325 5198 570 5268 belloque
600 5213 800 5267 gestas,
841 5202 1046 5269 imperii
1079 5201 1308 5268 denique
1337 5216 1365 5254 a
1397 5200 1562 5254 Gallis
1589 5199 1747 5253 delati

185 5267 424 5321 solemnia
457 5267 732 5324 describit.

252 5348 271 5374 ε
302 5340 397 5392 Alii
428 5351 613 5392 natura
633 5381 648 5404 ,
692 5340 784 5394 sed
835 5339 963 5394 illud
993 5340 1190 5395 rectius
1228 5349 1376 5409 puto.
1411 5339 1640 5410 Elegans
1669 5341 1750 5394 di-

184 5415 334 5484 ctum.
366 5412 670 5484 magnarum
699 5427 857 5478 opum
891 5413 1100 5484 eversio
1127 5411 1318 5464 aliena:
1349 5415 1507 5484 vulgo
1538 5412 1748 5466 Invidiae

186 5479 326 5531 tribui
356 5482 511 5534 solet.
538 5483 894 5548 Apollodorus
915 5483 1181 5536 comicus:

280 5565 406 5636 Πρὸξ
435 5565 532 5634 γὰρ
559 5567 615 5616 τὸ
650 5562 879 5636 λαμπρᾷν
908 5562 938 5636 ὁΔ
962 5565 1129 5636 φθόνος
1159 5563 1410 5634 βιάζεται,

279 5632 471 5705 Σφάὶλεὶ
500 5632 774 5692 δ’ἐκείνοῡς
795 5632 887 5694 ὀὖς
916 5632 976 5688 ἄν’
995 5632 1193 5704 ὐκιὼσέι
1221 5637 1386 5703 τύχη.

183 5704 418 5766 Sidonius
446 5711 711 5764 fortunam
755 5713 922 5780 ipsam
955 5713 1056 5768 sibi
1095 5713 1353 5783 invidere,
1387 5713 1600 5782 suisque
1630 5725 1742 5765 ιηιιο

448 5804 716 5864 Ρλτκοι.
766 5802 960 5864 LVIII

1860 4561 1919 4614 P.
1944 4560 2112 4630 Syrus
2136 4561 2331 4632 levitati
2357 4577 2367 4610 :
2408 4560 2576 4626 Levis,
2602 4562 2802 4627 inquit,
2837 4573 2910 4613 est
2937 4560 3143 4632 fortuna
3172 4577 3192 4615 :
3224 4560 3331 4616 cito'
3362 4581 3442 4620 re-

1857 4633 2016 4701 poscit
2035 4633 2172 4700 quod
2195 4631 2354 4682 dedit.

1927 4719 1953 4758 ά
1986 4720 2126 4775 Aviti
2161 4719 2349 4788 patria,
2401 4719 2647 4773 Arverni.
2695 4718 2984 4788 Gregorius
3017 4723 3216 4777 Turon.
3250 4725 3342 4779 lib.
3380 4742 3439 4788 tt,

1856 4793 1914 4846 II
1942 4807 1956 4844 :
1989 4793 2163 4843 Avitus
2189 4806 2317 4842 unus
2348 4806 2410 4843 ea:
2437 4789 2770 4862 senatoribus,
2795 4801 2915 4844 etut
2943 4794 3089 4847 valde
3118 4797 3442 4862 manifestum

1855 4872 1947 4926 est,
1975 4863 2097 4914 civis
2126 4862 2402 4913 Arvernus.
2439 4861 2490 4913 In
2511 4860 2769 4914 Arvernia
2798 4863 2902 4915 duo
2933 4865 3103 4917 laudat
3134 4884 3145 4918 :
3172 4860 3270 4919 soli
3297 4866 3442 4920 fcrti~

1853 4935 2076 4997 Iitatetn,
2106 4931 2173 4984 de
2204 4947 2302 4996 qua
2335 4932 2531 4984 dictum
2561 4929 2650 4983 lih.
2686 4947 2757 4994 tv,
2789 4934 2945 5001 epist.
2977 4937 3065 4996 21,
3099 4947 3150 4990 et
3191 4937 3436 4990 hcltit-am

1853 5006 2123 5081 virtutem,
2158 5003 2309 5081 cujus
2343 5012 2504 5081 testes
2533 5001 2695 5081 etiam
2720 5002 2921 5081 Graeci,
2944 5007 3133 5081 quibus
3158 5008 3442 5081 ’Λρορερνοι

1852 5074 1985 5134 ἔθνος
1997 5078 2388 5145 μαχιμώτατον,
2408 5071 2629 5126 Arverni
2647 5087 2776 5138 gens
2801 5071 3228 5143 bellicosissima,
3254 5071 3444 5131 dicun-

1856 5155 1957 5198 tur.
2010 5148 2260 5200 Sidonius
2297 5153 2670 5212 argumentum
2697 5214 2704 5216 ξ
2730 5145 2876 5198 ducit
2925 5163 2954 5196 a
2995 5149 3273 5216 Gergovia:
3304 5149 3443 5203 obsi-

1853 5217 2032 5276 dione,
2067 5232 2093 5266 a
2127 5231 2227 5288 qua
2257 5216 2664 5288 Caesari-mcum
2696 5214 2895 5284 ingenti
2920 5217 3069 5271 clade
3099 5214 3439 5288 repulerunt,

1857 5295 1913 5339 ut
1948 5297 2129 5339 narrat
2159 5285 2340 5338 Caesar
2365 5284 2475 5352 ipse
2502 5285 2595 5337 lib.
2627 5300 2720 5337 vn.

1929 5358 2085 5426 130
2129 5365 2152 5393 θ
2191 5357 2362 5409 Locus
2397 5363 2551 5408 antea
2599 5355 2941 5425 depravatus,
2997 5367 3048 5414 et
3089 5359 3204 5414 sine
3239 5373 3435 5422 sensu;

1855 5443 2017 5489 nunc,
2052 5437 2107 5482 ut
2133 5429 2408 5480 restitutus
2439 5436 2540 5490 est,
2577 5431 2856 5495 perspicua
2889 5439 3013 5484 sunt
3049 5432 3245 5481 munia.
3283 5431 3342 5480 Al
3371 5430 3435 5491 is,

1853 5500 2043 5568 inquit,
2085 5499 2264 5552 decori
2301 5507 2356 5551 et
2389 5497 2576 5568 glorim
2607 5499 2714 5551 siut.
2743 5499 3014 5566 majores:
3050 5510 3100 5551 ttt
3141 5498 3436 5562 tttajOrilttls

1853 5567 1978 5629 tuis,
2011 5572 2252 5633 quamvis
2276 5567 2610 5631 clariSsimis,
2643 5570 2901 5636 prmluces
2941 5587 2950 5620 :
2991 5584 3086 5638 per
3112 5579 3162 5624 te
3185 5571 3260 5624 illi
3286 5571 3437 5624 nobto

1859 5639 2093 5692 titautur.

1925 5709 1942 5747 ί
1976 5711 2207 5766 Savarus
2237 5717 2292 5764 et
2322 5707 2584 5774 Labbeus,
2616 5709 2916 5776 irrumpere.

3153 5815 3232 5877 2?.
