3946 6176
481 327 589 383 683

483 438 742 504 Rictibus,
766 444 923 507 atque
953 449 1105 491 escas
1121 434 1303 505 jejuna
1328 432 1477 487 fauce
1501 440 1799 501 parantem,

482 533 610 588 Plus
634 529 846 594 catulis,
877 527 1064 582 stravit
1091 526 1327 601 (fuerant
1369 540 1490 578 nam
1521 522 1780 592 fragmina
1819 522 2064 592 pr0pter)

483 642 510 662 ι·
531 626 818 692 Arreptaut
840 619 906 675 de
927 627 1082 675 caute
1106 618 1310 689 lupam,
1340 616 1643 684 fractusque
1665 614 1852 669 molari

487 715 725 771 Dissiluit
753 723 960 781 vertex,
987 719 1044 768 et
1062 725 1249 765 saxum
1272 708 1489 763 vulnere
1518 707 1676 761 sedit.

484 810 578 867 Sic
601 823 753 863 meus
793 805 1031 871 Alcides,
1064 803 1279 859 Nemem
1301 802 1425 856 dum
1450 799 1674 855 saltibus
1696 806 1862 865 errat,

484 902 734 960 Occurrit
754 909 997 955 monstro
1026 913 1246 963 vacuus,
1279 910 1386 950 non
1413 893 1604 948 robora
1636 903 1883 962 portans,

485 994 602 1051 Non
631 992 911 1063 pharetras
939 1005 953 1047 :
993 989 1145 1044 stetit
1170 987 1248 1042 ira
1280 997 1539 1051 tremens,
1569 994 1730 1055 atque
1757 982 1910 1038 hoste
1942 997 2067 1052 pro-

1778 1076 2001 1148 [pit’tquo

486 1178 765 1237 Consuluit
793 1175 938 1231 solos
964 1175 1135 1229 virtus
1162 1173 1387 1243 decepta
1415 1171 1671 1227 lacertos.

486 1271 657 1326 Parva
688 1267 923 1338 quidem,
955 1263 1181 1320 dicenda
1214 1273 1392 1318 tamen
1426 1280 1439 1316 :
1474 1263 1594 1333 quis
1628 1259 1927 1331 promptior
1967 1257 2072 1313 isto

487 1365 660 1420 Tensa
687 1361 917 1418 catenati
941 1358 1256 1414 submittere
1285 1356 1423 1411 colla
1449 1354 1703 1411 molossi?

488 1456 557 1510 Et
586 1453 769 1509 lustris
798 1450 1058 1507 recubare
1084 1450 1226 1504 feras
1257 1448 1551 1517 interprete
1573 1460 1703 1501 nare

489 1545 709 1601 Discere
730 1526 834 1598 non
862 1544 1027 1607 visas,
1062 1551 1116 1595 et
1146 1540 1197 1595 in
1226 1554 1351 1594 aere
1372 1554 1615 1609 quierere
1648 1537 1907 1608 plantas?

488 1638 605 1693 Jam
634 1636 679 1690 si
711 1636 848 1691 forte
877 1648 1029 1688 suem
1056 1632 1335 1687 latratibus
1371 1631 1648 1701 improbus
1681 1631 1883 1687 Umber

489 1728 723 1794 Terruit,
754 1726 997 1782 albentes
1027 1724 1180 1795 nigro
1210 1723 1309 1778 sub
1328 1733 1543 1794 gutture
1574 1723 1729 1778 lunas

488 1823 763 1891 Frangere
791 1817 948 1874 ludus
974 1827 1109 1885 erat,
1140 1816 1555 1886 colluctantique
1588 1816 1789 1872 lacerto

488 1914 651 1968 Vas:a
680 1927 773 1981 per
801 1910 1055 1966 adversas
1082 1908 1342 1964 venabula
1368 1923 1561 1979 cogere
1592 1907 1820 1978 praedas.

488 2005 659 2072 Quam
681 2002 981 2074 pulchrum,
1011 2015 1134 2057 cum
1182 1998 1323 2055 forte
1362 1998 1580 2055 domum
1624 2008 1748 2069 post
1790 1998 1955 2052 lustra
1989 2012 2076 2053 re-

1760 2088 2006 2163 [vertens

492 2188 733 2243 llorrore
762 2185 1070 2257 splenderet
1090 2184 1227 2255 apri,
1256 2183 1535 2253 virtusque
1561 2196 1865 2253 repugnans

489 2278 751 2335 Proderet
776 2279 1002 2333 invitum
1032 2292 1129 2348 per
1150 2276 1308 2331 fortia
1338 2275 1476 2331 facta
1507 2275 1788 2345 pudorem.

489 2370 580 2427 Sic
607 2369 915 2426 Pandioniis
937 2376 1103 2423 casta:
1130 2366 1439 2422 Tritonidos
1460 2366 1631 2433 arvis,

487 2463 811 2534 llippolytus
837 2475 996 2517 roseo
1025 2458 1053 2498 δ
1085 2459 1284 2515 sudans
1313 2459 1555 2514 radiabat
1582 2458 1650 2512 ab
1672 2470 1787 2524 ore,

487 2554 593 2611 Sed
622 2554 782 2610 simul
806 2569 836 2608 a
855 2554 1079 2623 gemino
1110 2550 1343 2621 ﬂagrans
1368 2566 1490 2606 cum
1518 2551 1711 2606 Cressa
1750 2548 1933 2603 furore

488 2646 645 2718 337
678 2643 913 2699 Transiit
932 2641 1129 2698 affectu
1159 2651 1381 2708 matres,
1414 2652 1467 2696 et
1495 2640 1680 2695 fraude
1725 2652 2002 2695 noverca.

488 2740 626 2807 Quid
652 2739 926 2793 volucrum
957 2735 1219 2802 studium,
1247 2734 1340 2790 dat
1365 2749 1501 2805 quas
1530 2743 1719 2789 natura
1745 2747 1999 2803 rapaces,

493 2830 552 2885 In
582 2830 773 2898 vulgus
805 2842 971 2899 prope
1001 2825 1325 2897 cognatum?
1347 2827 1466 2895 quis
1497 2825 1703 2879 doctior
1726 2825 1830 2879 isto

486 2922 720 2979 inStituit
752 2922 924 2976 varias
952 2936 1046 2990 per
1077 2919 1256 2973 nubila
1276 2919 1501 2988 iungere
1533 2917 1697 2973 lites?

488 3016 629 3070 Alite
649 3014 815 3068 vincit
842 3025 989 3077 aves,
1018 3010 1288 3079 celerique
1320 3025 1414 3078 per
1444 3011 1644 3063 a3.hera
1677 3008 1863 3077 plausu

489 3105 601 3159 [Ioc
629 3104 762 3159 nulli
793 3101 984 3157 melius
1010 3111 1273 3170 pugnator
1302 3098 1494 3153 militat
1526 3114 1666 3168 ungu
1691 3114 1739 3153 s.

490 3195 596 3251 Nec
624 3195 801 3250 minus
829 3192 944 3249 haec
967 3192 1106 3247 inter
1131 3189 1307 3246 civilia
1331 3188 1454 3259 jura
1471 3201 1710 3256 secutus,

561 3434 587 3463 α
614 3422 921 3495 Legendum
944 3406 1164 3493 arrepta.
1193 3424 1395 3495 Sensus
1414 3417 1558 3495 enim
1584 3417 1916 3495 est_lupam,‘
1936 3416 2067 3495 dum

491 3496 591 3551 sibi
618 3505 673 3551 et
692 3488 902 3550 7eatnlis
936 3488 1115 3550 escam
1154 3493 1365 3558 quaerit,
1397 3490 1609 3545 obviam
1655 3488 1851 3543 factam
1890 3491 2069 3554 Avito,

491 3568 559 3622 ab
585 3580 775 3635 eoque,
806 3579 925 3635 cum
965 3577 1115 3617 arma
1147 3562 1252 3635 alia
1290 3560 1560 3635 deessent,
1600 3559 1714 3614 saxi
1741 3558 1881 3635 quod
1934 3561 2075 3615 inter

487 3630 686 3692 vicinae'
708 3630 856 3704 rupis
882 3633 1180 3704 fragmenta
1219 3632 1356 3704 forte
1394 3632 1634 3704 oblatum
1667 3630 1916 3704 cstLii-tu
1949 3645 2075 3700 pro-

491 3715 735 3764 stratam.
767 3699 948 3776 ltaque
965 3699 1035 3760 ἶτὸ
1066 3714 1269 3771 promer
1302 3703 1402 3776 hoc
1422 3702 1541 3755 loco
1566 3699 1804 3755 adverbii
1836 3699 1960 3776 vice
1979 3716 2075 3769 po-

491 3782 675 3841 situm,
693 3785 750 3830 ut
776 3777 856 3831 inf
857 3773 934 3838 ra,
957 3791 1045 3828 rea;
1060 3786 1210 3843 atque
1230 3773 1470 3842 magister
1497 3780 1703 3842 propter
1725 3773 2073 3827 constiIerant.

563 3846 592 3885 ι)
620 3850 823 3901 Savaro
852 3846 1072 3913 aliique,
1095 3845 1301 3899 sudum.
1581 3911 1593 3913 4
1672 3910 1679 3913 _
1868 3856 1873 3859 '

568 3927 590 3954 ο
624 3916 797 3970 Prima
822 3915 937 3969 lucc
966 3910 1103 3968 Aviti
1132 3914 1355 3981 legatio,
1390 3928 1512 3967 cum
1548 3911 1615 3966 ab
1657 3910 1911 3967 Arvernis
1958 3913 2073 3967 suis

489 3983 699 4042 levandi
729 3985 909 4039 tributi
940 3999 1097 4038 causa
1125 3986 1320 4038 missus
1349 3995 1429 4037 est
1473 3983 1539 4037 ad
1593 3981 1887 4036 llouorium
1927 3984 2064 4052 Aug.

493 4058 551 4113 lu
575 4057 732 4125 hujus
763 4057 904 4111 enim
933 4054 1050 4108 aula
1083 4055 1423 4108 Constantius
1455 4068 1658 4115 comes,
1704 4054 1788 4106 cui
1816 4060 2069 4125 nupserat

494 4121 726 4184 Placidia
758 4128 873 4196 ejus
912 4124 1243 4196 soror._Qno
1276 4139 1418 4196 anno
1464 4132 1709 4196 peracta,
1750 4121 1832 4176 vel
1864 4122 2070 4196 _qn_ihus

494 4212 606 4254 tum
634 4192 876 4253 cladibus
907 4197 1068 4250 fracta
1093 4194 1256 4249 fuerit
1285 4194 1479 4263 patria,
1512 4192 1828 4263 nouliquet.
1859 4192 1964 4263 Sed
1995 4192 2071 4245 le-

493 4268 938 4341 gatttmLoporluit
962 4275 1086 4341 ante
1112 4261 1310 4317 annum
1342 4263 1455 4341 ﬁﬂl
1482 4304 1495 4341 ε
1549 4261 1688 4341 quia.
1716 4262 2068 4341 hoc_demutu

494 4330 634 4393 anno
664 4330 1007 4393 Constantius
1032 4335 1086 4387 in
1117 4332 1449 4387 consortium
1482 4330 1691 4400 imperii
1724 4331 1793 4385 ab
1832 4330 2073 4386 Honorio

493 4411 692 4464 ascitus
717 4416 819 4462 est.

511 4490 516 4496 ‘
566 4476 592 4515 ά
619 4475 953 4532 Theoderico
980 4472 1200 4536 seniori,
1228 4472 1316 4542 qui
1341 4470 1637 4542 Gothorum
1667 4471 1719 4527 in
1753 4471 1921 4527 Gallia
1951 4482 2069 4541 post

496 4547 719 4601 Valliam
750 4563 845 4601 rex
870 4545 985 4602 fuit.
1020 4541 1308 4613 Gregorius
1337 4541 1538 4597 Turon.
1584 4543 1933 4599 Theudonem
1976 4559 2069 4598 vo-

493 4628 602 4683 cat,
628 4615 879 4672 Sidonius
900 4616 1219 4672 Theuderim
1251 4623 1305 4669 et
1332 4614 1752 4668 Thcudoridam.
1782 4613 2066 4669 Gothicum

496 4695 673 4742 autem
698 4686 801 4741 hoc
830 4688 1022 4753 [tr-dus,
1056 4686 1110 4741 in
1135 4701 1240 4756 quo
1261 4685 1371 4740 dati
1398 4691 1527 4739 sunt
1556 4684 1771 4739 obsides
1802 4701 1829 4739 a
1860 4686 2064 4751 Gallis;

492 4764 653 4828 atque
680 4757 733 4812 in
761 4759 844 4811 his
870 4755 1196 4828 Theodorus
1218 4758 1361 4828 Aviti
1395 4755 1749 4828 propinquus,
1774 4766 1895 4828 post
1934 4759 2068 4812 Are-

490 4825 774 4894 latensem,
801 4828 854 4882 ni
876 4827 1050 4893 fallor,
1081 4827 1420 4881 obsidionem
1450 4825 1673 4895 intelligi
1718 4827 1911 4894 debet,
1941 4842 2064 4881 cum

492 4899 535 4953 Τ
542 4898 879 4962 heodoricus,
919 4904 978 4951 ut
1000 4896 1232 4952 Isidorus
1264 4897 1316 4950 in
1342 4895 1612 4966 Chronico
1633 4896 1857 4961 scribit,
1897 4912 2067 4966 regno

490 4969 811 5039 Aquitanico
842 4982 945 5022 non
968 4975 1290 5039 contentus,
1313 4980 1431 5020 eam
1463 4965 1649 5021 urbem
1684 4966 1926 5039 obsedit,
1969 4965 2068 5021 do-

490 5036 587 5093 nec
608 5038 923 5095 imminente
951 5036 1105 5092 Actio
1131 5037 1350 5093 liberata
1379 5044 1484 5102 est,
1510 5051 1682 5107 anno,
1737 5045 1793 5091 ut
1833 5037 2068 5107 Prosper

490 5118 661 5175 notat,
692 5109 822 5163 425.
852 5107 1050 5177 Dignus
1079 5107 1221 5161 enim
1244 5107 1394 5162 venia
1419 5106 1699 5177 Sigonius,
1723 5108 1812 5175 qui
1844 5106 2068 5163 mendo—

488 5195 609 5234 sum
638 5191 825 5234 nactus
848 5175 1085 5232 codicem
1112 5178 1164 5232 in
1195 5192 1300 5247 quo
1329 5175 1469 5247 regis
1491 5175 1689 5231 nomen
1712 5177 2066 5232 deformatum

490 5259 628 5312 erat,
655 5250 720 5304 ad
753 5248 974 5302 Valliam
1006 5262 1185 5315 regem
1216 5249 1304 5318 qui
1332 5248 1442 5318 jam
1473 5248 1679 5317 pridem
1711 5248 1940 5316 obierat,
1975 5266 2062 5304 re-

490 5321 621 5377 ferri
650 5321 763 5375 haec
794 5333 952 5387 posse
979 5320 1211 5373 censuit.

565 5403 587 5431 α
621 5392 776 5461 Regis
797 5389 1112 5445 Gothorum.
1138 5390 1341 5461 Auctor
1366 5388 1619 5443 carminis
1659 5389 1727 5446 de
1775 5388 2067 5446 Providen-

492 5464 583 5531 tia,
615 5459 755 5533 (ιιιόά
780 5463 1027 5530 Prosperi
1048 5459 1298 5529 operibus
1330 5459 1592 5515 insertum
1622 5477 1634 5513 :

580 5577 730 5649 Quod
743 5578 781 5625 si
801 5574 931 5649 forte
942 5574 1104 5649 lupo-5,
1129 5572 1407 5636 lyncasque,
1434 5585 1672 5635 ursosque
1696 5586 1885 5649 creatos

578 5638 838 5700 D.3p1icet,
859 5640 915 5685 ad
941 5636 1190 5700 Scythicos
1210 5647 1455 5698 proceres,
1480 5648 1730 5700 regesque
1756 5636 1987 5685 Getarum

578 5696 809 5760 Respice,
827 5701 967 5760 queis
984 5696 1115 5749 ostro
1139 5696 1414 5759 contempto
1431 5702 1484 5746 et
1505 5696 1696 5747 vellere
1712 5700 1904 5758 Serum,

579 5760 797 5809 Exians
815 5760 962 5810 decor
988 5770 1062 5812 est
1085 5763 1239 5821 tergis
1269 5763 1473 5815 horrere
1498 5764 1721 5812 t'ez-aruu.

1758 315 2002 374 SIDONII
2043 316 2495 373 APOLLINARIS

2092 440 2143 492 A

3633 322 3730 377 685

2176 441 2198 469 α
2223 429 2447 499 Eligitur
2478 428 2700 498 primus,
2728 426 2961 497 juvenis,
2988 428 3156 495 solus,
3187 428 3327 484 mala
3356 427 3536 486 fractae

2170 520 2363 590 Alliget
2393 530 2451 574 ut
2476 521 2679 590 patrita,
2717 530 3008 589 poscatque
3035 520 3262 576 informe
3283 522 3471 577 recidit

2173 611 2415 683 Vectigal
2439 628 2453 677 ;
2485 627 2768 682 procerum
2794 622 2904 667 tum
2933 612 3071 666 forte
3092 615 3365 683 potentior
3389 614 3508 680 iltic,
3751 645 3773 681 μ

2173 704 2303 760 Post
2330 705 2490 758 etiam
2520 704 2793 774 princeps,
2820 703 3170 759 Constantius
3196 705 3378 760 omnia
3409 718 3645 779 praestat,

2171 797 2352 853 Indole
2381 797 2588 852 deﬁxus
2612 807 2780 863 tanta,
2807 809 2861 851 et
2886 798 3113 851 miratus
3140 798 3192 851 in
3214 797 3368 852 annis

2174 888 2359 943 Parvis
2382 887 2584 955 grande
2614 890 2833 953 heuum,
2866 888 2953 944 vel
2984 889 3037 942 in
3066 904 3162 944 ore
3196 889 3461 957 precantis
3491 888 3683 958 ephebi

2173 980 2347 1035 Verba
2378 980 2544 1036 senis.
2576 980 2734 1036 Ducis
2758 981 2880 1035 hinc
2909 997 3110 1051 pugnas
3137 989 3193 1036 et
3218 983 3413 1037 foedera
3442 998 3626 1051 regum

2173 1072 2439 1137 Pandere,
2470 1071 2660 1137 Roma,
2688 1071 2839 1127 libet.
2865 1072 3039 1128 Variis
3061 1073 3273 1128 incussa
3307 1074 3552 1143 procellis

2176 1165 2467 1231 Bellorum,
2500 1162 2525 1202 ἀ
2560 1165 2671 1235 regi
2700 1165 2887 1221 Getico
2920 1178 3009 1220 tua
3040 1164 3212 1221 Gallia
3244 1167 3390 1236 pacis

2176 1256 2406 1327 Pignora
2431 1255 2577 1324 jnssa
2609 1255 2740 1311 dare
2761 1266 2846 1310 est
2876 1272 2890 1309 :
2921 1255 3064 1311 inter
3087 1273 3207 1327 qum
3238 1257 3434 1311 nobilis
3462 1258 3623 1312 obses

2177 1347 2278 1413 Tu,
2311 1346 2616 1412 Theodore,
2639 1347 2811 1413 venis,
2844 1362 3005 1415 quem
3026 1363 3125 1417 pro
3152 1349 3351 1416 pietate
3383 1347 3664 1419 propinqui

2179 1440 2399 1509 Expetis
2423 1440 2477 1495 in
2508 1438 2683 1494 media
2711 1449 2733 1510 ξ
2764 1440 2928 1510 pelliti
2955 1440 3212 1511 principis
3240 1442 3362 1495 aula

2179 1534 2370 1600 Tutus,
2396 1534 2573 1599 Avite,
2609 1532 2754 1599 fide;
2786 1532 2977 1602 probat
3004 1533 3107 1588 hoc
3131 1533 3241 1602 jam
3273 1532 3574 1587 Theudoris
3595 1532 3755 1587 altum

2181 1624 2502 1695 Exemplum
2533 1624 2697 1680 officii
2725 1641 2740 1679 :
2773 1640 2860 1680 res
2892 1627 3028 1679 mira
3054 1635 3109 1680 et
3137 1626 3294 1693 digna
3324 1626 3519 1693 relatu,

2180 1718 2333 1785 Quod
2362 1718 2528 1773 fueris
2556 1717 2805 1787 blandus,
2831 1717 2943 1789 regi
2979 1718 3239 1786 placuisse
3268 1717 3456 1773 feroci.

2106 1804 2155 1864 B
2187 1810 2319 1865 lliue
2342 1819 2391 1866 te
2418 1809 2671 1880 paulatim
2701 1810 3207 1879 prtelibatseusibus
3233 1810 3373 1879 imis,

2183 1904 2358 1972 Atque
2381 1901 2576 1956 animis
2610 1902 2723 1955 vult
2751 1916 2870 1957 esse
2891 1918 3079 1967 suum;
3112 1902 3205 1957 sed
3235 1901 3447 1971 spernis
3476 1900 3703 1954 amicum

2180 1993 2306 2049 Plus
2332 2009 2491 2062 quam
2522 1993 2821 2047 Romanum
2844 2009 3034 2063 gerere
3064 2010 3079 2048 :
3112 2004 3196 2048 stu
3210 2003 3298 2061 pct
3342 1994 3429 2048 ille
3465 1994 3758 2063 repulsam,

2180 2085 2247 2140 Et
2277 2085 2393 2154 plus
2415 2084 2537 2138 inde
2557 2085 2776 2153 places:
2811 2084 3038 2153 rigidum
3066 2085 3165 2150 sic,
3200 2084 3423 2155 Pyrrhe,
3456 2083 3678 2139 videbas

2179 2175 2510 2241 Fabricium,
2547 2175 2784 2244 ingestas
2812 2176 2993 2230 animo
3011 2191 3132 2231 cum
3157 2176 3318 2230 divite
3350 2175 3488 2245 fugit

2180 2265 2388 2335 Pauper
2414 2280 2563 2335 opes,
2596 2281 2776 2336 regem
2809 2275 3077 2333 temnens,
3104 2266 3229 2320 dum
3260 2267 3507 2337 supplice
3543 2280 3700 2321 censu

2183 2361 2379 2431 Pignus
2399 2360 2651 2414 amicitize
2673 2361 2763 2415 vili
2790 2361 3055 2415 mendicat
3085 2360 3153 2414 ab
3181 2375 3336 2415 auro.

2185 2450 2205 2490 τ
2234 2452 2446 2507 Aetium
2479 2452 2707 2519 interea,
2734 2452 2985 2523 Scythico
3012 2450 3135 2520 quia
3165 2466 3311 2519 smpe
3341 2449 3529 2505 duelio

2178 2544 2343 2616 338
2368 2543 2624 2609 Edoctus,
2654 2544 2925 2614 sequeris;
2958 2543 3049 2614 qui
3079 2557 3382 2613 quanquam
3405 2542 3591 2597 celsus
3612 2540 3762 2595 inar—

3576 2630 3699 2707 [mis

2180 2728 2265 2785 Nil
2294 2730 2412 2785 sine
2440 2736 2492 2785 te
2515 2728 2702 2799 gessit,
2732 2743 2855 2784 cum
2887 2727 3115 2798 plurima
3140 2735 3195 2781 tu
3221 2726 3339 2782 sine
3362 2726 3483 2781 illo.

2188 2833 2214 2872 8
2243 2823 2375 2879 Nam
2404 2835 2525 2894 post
2554 2824 2858 2895 Jmhungos
2879 2834 2935 2879 et
2955 2824 3151 2878 Norica
3178 2823 3341 2891 bella,
3367 2823 3599 2878 subacto

2181 2918 2366 2973 Victor
2397 2919 2693 2985 Vindelico,
2718 2916 2743 2954 ιι
2779 2918 3015 2987 Belgam,
3049 2917 3356 2986 Burgundio
3386 2932 3558 2987 quem
3584 2926 3696 2971 trux

2180 3006 2479 3075 Presserat,
2507 3011 2737 3067 absolvit
2761 3011 2979 3081 junctus
3012 3010 3143 3076 tibi;
3174 3026 3206 3064 v
3231 3011 3405 3065 ncitnr
3427 3010 3493 3065 ill
3517 3025 3548 3066 c

2180 3100 2352 3158 Cursu
2384 3104 2636 3170 llerulus,
2666 3105 2885 3159 Chunus
2926 3102 3142 3172 jaculis,
3185 3102 3541 3174 Francusque
3569 3114 3758 3171 natatu,

2104 3181 2151 3245 C
2182 3194 2499 3252 Sauromata
2528 3198 2740 3269 clypeo,
2772 3197 2951 3254 Salius
2982 3194 3139 3267 pede,
3170 3197 3303 3253 falce
3330 3196 3599 3266 Gelonus,

2254 3419 2275 3459 ί
2314 3421 2516 3489 Duplex
2546 3421 2821 3488 expeditio
2846 3422 3058 3488 bellica,
3099 3424 3153 3479 in
3198 3437 3301 3491 qua
3349 3430 3586 3490 utraque
3620 3418 3759 3476 Aetio

2180 3490 2302 3547 duci
2353 3508 2536 3548 comes
2576 3494 2673 3547 fuit
2722 3495 2929 3549 Avitus.
2980 3494 3096 3549 Una
3132 3490 3390 3549 adversus
3429 3493 3759 3560 JutbungOS.

2182 3562 2350 3617 altera
2398 3565 2659 3618 adversus
2695 3564 3117 3629 Burgundiones.
3167 3565 3301 3618 Cum
3340 3564 3637 3631 Jttthungis
3680 3573 3759 3631 res

2181 3644 2328 3701 gesta
2356 3634 2457 3687 sub
2479 3649 2679 3688 annum
2712 3632 2910 3689 Christi
2936 3634 3062 3700 430,
3086 3635 3152 3690 ad
3185 3650 3343 3704 quem
3385 3630 3641 3703 Prosperi
3678 3630 3759 3704 Pi-

2184 3704 2385 3775 thmani
2411 3704 2569 3758 verba
2597 3714 2749 3758 sunt:
2776 3705 2948 3758 Aetius
2961 3702 3343 3775 Iuthungorum
3374 3702 3580 3775 gentem
3606 3702 3759 3757 delere

2181 3774 2572 3829 intendit.Cum
2601 3776 2684 3829 his
2709 3786 2888 3829 autem
2920 3774 3224 3831 Vindelicos
3241 3776 3409 3845 jungit
3439 3787 3498 3830 et
3519 3775 3750 3835 Noricos,

2222 3848 2271 3897 ui
2316 3854 2442 3900 tunc
2476 3861 2580 3899 una
2625 3848 2849 3899 fortasse
2879 3846 3222 3902 rebellarant.
3285 3846 3490 3901 Idatius
3535 3854 3757 3900 noSter:

2217 3916 2433 3986 u’hungi
2451 3934 2538 3979 per
2560 3916 2757 3969 Aelium
2773 3916 3101 3986 idebellantur
3128 3929 3173 3971 et
3198 3915 3361 3971 Nori:
3380 3925 3435 3970 et
3455 3926 3583 3985 post
3600 3928 3756 3986 pauca

2178 3987 2245 4057 de
2275 3985 2405 4040 nece
2430 3986 2625 4057 Felicis
2649 3985 2853 4054 patricii
2879 4004 2892 4040 :
2931 3989 3106 4043 Aetius
3134 3988 3243 4043 dua:
3266 3988 3535 4057 utriusque
3570 3985 3757 4038 mititiat

2177 4056 2352 4110 Noras
2373 4056 2576 4111 edomat
2604 4058 2926 4112 rebellantes.

2251 4136 2276 4199 β
2310 4129 2383 4181 lta
2410 4143 2472 4180 ex
2492 4129 2734 4199 antiquis
2761 4129 3124 4199 correximus,
3159 4144 3259 4199 pro
3294 4124 3755 4199 Vithungos.9u0

2185 4197 2541 4270 etiatumodo
2579 4194 2921 4270 castigandus
2967 4194 3178 4270 videtur
3224 4194 3581 4270 panegyricus
3628 4194 3760 4270 Con—

2180 4267 2364 4321 stantii
2411 4270 2563 4339 131
2614 4266 2753 4323 Caes.
2818 4269 2951 4323 Nam
2988 4266 3566 4337 Vitltungorum'alibi
3613 4266 3753 4320 nulla

2180 4348 2263 4410 est
2293 4342 2513 4393 mentio.
2545 4339 2799 4410 Juthungi
2833 4350 3040 4405 autem,
3083 4352 3139 4394 ut
3182 4341 3529 4396 Marcellinus
3573 4339 3752 4410 docet,

2100 4436 2152 4496 Β
2183 4409 2596 4496 Alamannorum
2630 4406 2783 4496 pars;
2808 4410 3001 4496 Raetiis.
3014 4410 3354 4496 contermini,
3374 4425 3514 4493 quae
3538 4406 3761 4496 proinde

2178 4479 2369 4533 crebro
2410 4476 2699 4535 vexabant.
2754 4476 3071 4536 Ambrosius
3118 4482 3185 4537 de
3230 4476 3503 4548 legatione
3540 4476 3645 4533 sua
3695 4476 3757 4548 ad

2171 4549 2464 4623 Maximum
2501 4550 2607 4623 :Ir_t
2638 4552 2803 4605 medio
2830 4551 3063 4623 ’Πανιαηί
3103 4546 3307 4623 imperii
3348 4552 3466 4606 sinu
3506 4546 3759 4623 Jutltnngi

2173 4620 2549 4689 pOpulabantur
2566 4621 2758 4676 Raatias
2781 4637 2798 4676 :
2821 4632 2866 4676 et
2888 4622 2998 4675 ideo
3015 4617 3598 4688 adversatur/iungam
3617 4617 3761 4671 Hun-

2172 4705 2272 4743 nus
2317 4694 2509 4745 accitus
2539 4702 2634 4746 est.
2672 4694 2811 4746 Olim
2839 4693 2998 4747 etiam
3027 4693 3150 4749 inde
3180 4693 3316 4759 pulsi
3345 4707 3373 4745 a
3404 4690 3624 4746 Juliano
3654 4689 3762 4742 lue-

2172 4770 2296 4816 rant
2319 4777 2412 4830 per
2436 4763 2809 4817 Barbationem
2841 4764 3118 4827 comitem,
3150 4758 3209 4818 ut
3235 4763 3376 4818 idem
3414 4769 3605 4815 narrat
3627 4758 3762 4830 Mar-

2173 4828 2399 4887 cellinus
2423 4833 2517 4891 lib.
2547 4848 2673 4888 xvtt.
2694 4834 2846 4889 Nunc
2869 4835 2923 4887 in
2947 4831 3134 4889 iisdem
3162 4833 3273 4888 oris
3301 4848 3397 4901 per
3419 4832 3639 4886 Aetium
3670 4828 3761 4901 de.

2173 4901 2374 4959 bellati.
2407 4903 2579 4959 Fuere
2610 4913 2786 4959 tamen
2809 4905 2972 4960 etiam
3000 4904 3138 4960 inter
3166 4898 3457 4959 foederatos
3475 4898 3757 4967 Jutbungi,

2171 4972 2274 5028 sub
2302 4973 2437 5028 duce
2462 4972 2651 5044 Syrias,
2675 4985 2729 5029 et
2750 4976 2851 5030 sub
2877 4975 3071 5030 comite
3094 4977 3169 5031 rei
3198 4974 3446 5031 militaris
3466 4987 3569 5043 per
3594 4969 3757 5041 Egy-

2172 5052 2345 5113 ptum.
2374 5054 2429 5099 ut
2454 5054 2539 5099 est
2564 5045 2617 5099 in
2647 5045 2866 5100 Notitia.

2242 5111 2273 5151 h
2301 5115 2424 5169 “me
2452 5117 2818 5171 memorabilis
2845 5116 2935 5171 illa
2963 5115 3147 5172 clades
3175 5129 3277 5184 qua
3310 5111 3751 5185 Burgundionum

2172 5187 2419 5257 universa
2459 5202 2598 5255 pene
2627 5202 2759 5256 gens
2791 5202 2885 5257 per
2922 5186 3134 5242 Aetium
3175 5185 3345 5257 deleta
3374 5225 3388 5246 ,
3417 5194 3663 5257 quarto,
3705 5188 3762 5235 ut

2172 5255 2403 5325 PrOSpet‘
2423 5254 2475 5310 et
2495 5254 2847 5312 Cassiodorus
2897 5266 3118 5323 notant,
3163 5254 3520 5311 Valentiniani
3557 5266 3757 5325 consuf

2174 5320 2482 5390 latu,anuo
2511 5326 2710 5382 Christi
2734 5327 2862 5382 455.
2894 5320 3145 5382 Idatius}
3197 5324 3634 5396 Burgundiones,
3653 5320 3758 5396 _qui

2172 5398 2535 5451 rebellaverant
2562 5416 2592 5451 α
2618 5398 2882 5463 Romanis,
2916 5398 3046 5452 duce
3074 5398 3219 5450 Aetio
3241 5392 3581 5451 debellantur.
3612 5392 3754 5463 Idem

2172 5476 2361 5535 auctor
2386 5477 2468 5523 est
2488 5484 2625 5524 caesa
2666 5470 2717 5523 in
2744 5470 2845 5524 hoc
2873 5469 3059 5537 prmio
3100 5468 3266 5522 fuisse
3302 5466 3395 5537 207
3422 5463 3594 5518 millia
3626 5462 3758 5514 Bur-

2173 5537 2530 5612 sultdionmn;
2560 5536 2892 5612 Gothorum,
2936 5540 3027 5607 qui
3069 5540 3147 5612 eis
3184 5536 3602 5612 auxiliabautur,
3637 5540 3759 5612 octo

2174 5601 2360 5663 millia.
2390 5601 2640 5665 Sidonius
2665 5625 2813 5674 vero,
2837 5601 2965 5665 cum'
2987 5609 3181 5663 multas
3198 5617 3388 5677 gentes
3413 5619 3534 5677 qua:
3562 5601 3760 5677 in_ilto-

2176 5694 2290 5804 τωιῖ
2322 5681 2510 5738 castris
2537 5690 2689 5737 erant
2719 5670 3021 5750 enunieret,
3047 5679 3115 5737 de
3154 5670 3345 5736 Gothis
3381 5670 3563 5735 studio
3601 5670 3756 5728 dissi-

2178 5766 2265 5804 mu
2291 5763 2363 5804 a'.

2178 5763 2363 5806 muta'.
