3946 6176
199 279 301 338 635

205 397 432 452 \‘ulnerc
463 395 545 450 vel
575 396 622 451 si
643 397 765 466 quis
793 396 1014 465 plangit,
1043 397 1125 450 cui
1150 397 1303 451 ﬂesse
1328 398 1531 466 perisse
1559 406 1662 460 est,

200 493 271 545 Ac
301 490 443 544 ferro
467 504 746 557 perarasse
771 504 960 558 genas,
994 490 1247 558 vultuque
1276 489 1469 544 minaci

199 581 373 635 Rubra
401 581 714 635 cicatricum
733 580 957 650 vestigia
988 579 1283 635 defodisse.

201 672 388 726 lllustri
413 670 523 740 jam
553 681 663 726 tum
694 671 927 725 donatur
950 671 1129 726 celsus
1160 671 1386 736 honore,

199 765 488 832 Squameus
512 771 566 817 et
594 762 768 816 rutilis
797 760 1090 816 etiamnum
1115 760 1275 815 livida
1297 760 1476 817 cristis

199 856 295 910 Ora
323 868 539 923 gerens.
573 862 600 891 ι
628 852 731 907 Vix
760 868 909 907 arma
936 852 1156 907 domum
1184 851 1455 907 sordentia
1478 852 1672 908 castris

202 946 526 1010 llettulerat;
560 959 695 998 nova
727 943 867 999 bella
896 943 1111 1010 iterum,
1140 958 1480 1012 pugnamque
1506 944 1608 998 sub
1647 943 1777 1013 ipsis

200 1039 308 1092 .lam
336 1038 523 1106 patria:
554 1036 728 1091 muris
750 1035 1023 1105 periturus
1048 1044 1351 1090 commovet
1373 1034 1565 1090 hostis.

202 1129 427 1185 Litorius
457 1128 742 1197 Scythicos
771 1129 981 1197 equites
1011 1136 1122 1181 tum
1154 1126 1311 1193 forte,
1334 1126 1362 1165 δ
1394 1127 1616 1182 subacto

202 1222 383 1277 Celsus
410 1220 747 1286 Aremorico,
780 1219 1026 1275 Geticum
1055 1218 1298 1287 rapiebat
1325 1218 1379 1273 in
1401 1233 1591 1287 agmen

204 1315 299 1368 Per
319 1322 514 1377 terras,
545 1314 806 1374 Arverne,
842 1319 993 1374 tuas;
1026 1308 1116 1379 qui
1142 1308 1386 1378 proxima
1410 1323 1634 1378 qumque

206 1406 470 1466 Discursu,
502 1401 753 1466 ﬂammis,
787 1399 952 1463 ferro,
978 1400 1211 1465 feritate,
1234 1399 1436 1467 rapinis

205 1496 480 1560 Delebant,
513 1504 535 1532 ο
566 1494 709 1562 pacis
735 1492 981 1546 fallentes
1011 1506 1207 1545 nomen
1239 1493 1419 1555 inane,

206 1585 363 1654 Hujus
392 1593 501 1638 tum
531 1582 788 1637 famulum
819 1582 1035 1651 quidam
1065 1581 1418 1635 truculentior
1446 1579 1634 1636 herum

206 1676 314 1731 Mox
342 1674 578 1730 feriende
600 1673 756 1738 feris;
788 1674 894 1727 ruit
922 1671 1032 1736 ille,
1058 1681 1112 1726 et
1141 1672 1310 1726 tristia
1340 1672 1447 1727 fata

207 1770 548 1825 Commendat
572 1768 789 1825 domino
813 1768 1043 1836 absenti,
1080 1774 1391 1838 partemque
1415 1766 1646 1823 futuram

209 1860 463 1914 Vindicta:
495 1860 729 1914 moriens
759 1858 1000 1928 Stygium
1022 1873 1116 1927 spe
1146 1868 1326 1927 portat
1354 1859 1423 1915 ad
1446 1874 1686 1916 amnem.

207 1953 391 2023 Etjam
424 1952 559 2006 fama
589 1954 703 2006 viro
728 1962 900 2006 turres
930 1962 1218 2022 portasque
1244 1956 1436 2020 luenti,

209 2042 391 2098 lntoitu
427 2042 630 2113 pavidae
659 2043 828 2112 plebis
850 2044 1051 2112 perfert
1079 2046 1256 2099 scelus
1290 2054 1490 2101 actum.

210 2136 499 2198 Excutitur,
536 2142 723 2200 restat,
752 2134 937 2204 pallet,
969 2135 1146 2201 rubet,
1180 2137 1325 2205 alget
1352 2145 1406 2191 et
1425 2136 1598 2206 ardet,

209 2232 278 2284 Ac
305 2227 525 2283 sibimet
554 2227 750 2281 multas
775 2226 981 2281 vultum
1012 2230 1215 2281 variata
1246 2243 1341 2298 per
1363 2244 1527 2285 unum

209 2322 283 2376 ira
309 2320 440 2375 facit
461 2319 659 2385 facies;
687 2320 772 2375 vel
802 2321 890 2391 qui
916 2335 1034 2374 mes
1063 2335 1206 2390 saepe
1232 2322 1455 2388 dolenti,

210 2415 327 2471 Plus
356 2426 502 2469 amat
530 2414 885 2481 exstinctum;
920 2414 1136 2469 tandem
1166 2417 1493 2485 prorumpit,
1525 2425 1581 2472 et
1609 2431 1778 2483 arma,

210 2505 360 2578 339
389 2509 550 2561 Arma
587 2505 797 2573 fremit,
834 2506 1153 2575 pinguisque
1192 2506 1483 2562 etiamnum
1523 2511 1782 2575 sanguine

1514 2598 1710 2671 [fertur

211 2692 415 2760 Lorica,
447 2692 671 2747 obtusus
705 2708 798 2761 per
817 2692 1049 2747 barbara
1078 2693 1299 2747 volnera
1329 2699 1539 2759 contus,

211 2791 378 2853 Atque
408 2786 506 2839 sub
532 2784 766 2839 assiduis
793 2785 1044 2839 dentatus
1070 2784 1309 2839 caedibus
1330 2784 1499 2838 ensis.

214 2875 429 2930 Includit
448 2888 603 2929 suras
622 2876 814 2940 ocreis,
842 2876 1109 2944 capitique
1135 2876 1420 2930 micantem

212 2965 433 3035 lmponit
461 2966 690 3035 galeam,
723 2965 897 3019 fulvus
925 2966 1009 3020 cui
1039 2966 1233 3020 crescit
1260 2963 1311 3018 in
1336 2966 1500 3019 altum

214 3057 405 3123 Conus,
436 3066 491 3110 et
520 3056 709 3110 iratam
733 3055 999 3125 iaculatur
1030 3055 1232 3110 vertice
1262 3055 1458 3109 lucem.

213 3144 275 3200 Et
299 3147 408 3213 jam
431 3145 639 3201 scandit
666 3161 886 3216 equum,
911 3145 1184 3216 vulsisque
1209 3162 1239 3199 a
1267 3146 1488 3201 cardine
1513 3146 1679 3217 portis

217 3236 447 3303 Emicat;
474 3237 729 3292 assistunt
755 3235 903 3292 socio
932 3237 1204 3306 virtusque
1223 3236 1501 3304 dolorque,

217 3329 278 3384 Et
302 3330 512 3398 pudor;
540 3338 771 3384 armatas
798 3329 906 3400 pilo
937 3330 1071 3399 petit
1097 3329 1322 3399 impiger
1348 3328 1481 3393 aias,

218 3418 501 3490 Pugnande
528 3434 755 3489 pugnam
785 3434 1054 3489 quxrens,
1081 3419 1434 3489 pavidumque
1462 3433 1560 3487 per
1594 3433 1783 3488 agmen

219 3511 495 3566 Multorum
518 3512 735 3567 interitu
763 3518 1099 3580 compensat,
1131 3509 1275 3581 quod
1298 3509 1425 3565 latet
1450 3525 1607 3564 unus.

220 3603 301 3657 Sic
329 3602 619 3674 Phrygium
646 3601 916 3659 Emathia
943 3602 1201 3658 victorem
1233 3600 1452 3670 cuspide
1488 3615 1717 3671 poscens

221 3693 485 3758 Eacides,
508 3706 650 3749 casse
671 3692 871 3747 luctum
899 3692 1123 3746 frenavit
1149 3692 1342 3755 amico,

224 3785 315 3840 Per
340 3794 539 3839 mortes
561 3792 657 3849 tet,
686 3783 870 3852 Troja,
904 3792 1045 3847 tuas,
1067 3782 1175 3850 jam
1207 3782 1328 3835 vilia
1353 3796 1446 3851 per
1466 3794 1525 3835 se

224 3877 439 3947 Agmina
464 3885 749 3932 contentus
776 3890 954 3940 ruere,
977 3874 1325 3945 stricmmque
1355 3890 1450 3943 per
1480 3873 1688 3943 amplos

228 3968 483 4023 Exserere
508 3966 742 4037 gladium
771 3966 991 4036 populos
1018 3950 1043 4017 ε’
1064 3975 1211 4020 natat
1236 3967 1426 4021 obruta
1453 3966 1609 4020 tellus

223 4061 508 4131 Sanguine,
538 4058 772 4130 denique
802 4056 1017 4115 hebetat
1044 4058 1200 4113 turba
1218 4072 1380 4128 grave
1399 4056 1583 4113 caedua
1603 4056 1791 4117 telum.

290 4226 315 4254 ι
337 4214 769 4286 Burgundionico
788 4213 932 4268 bello
957 4213 1217 4286 successit
1240 4212 1519 4269 Gothicum
1540 4213 1784 4286 alterum,

226 4304 338 4341 rum
366 4284 552 4343 eodem
591 4285 926 4340 Theoderico
965 4302 978 4338 :
1016 4285 1159 4354 quod
1200 4288 1364 4353 erepit
1407 4286 1475 4339 ab
1516 4284 1793 4339 obsidione

227 4358 550 4413 Narbonensi
572 4372 714 4411 anno
735 4355 841 4409 436
862 4396 877 4419 ,
918 4354 1128 4409 Tolosae

229 4428 446 4492 Litorio,
476 4435 531 4480 et
552 4443 683 4495 pace
710 4425 1003 4493 composita
1034 4426 1159 4480 459.
1194 4426 1248 4478 ln
1279 4427 1380 4479 hoc
1403 4424 1543 4480 bello
1571 4425 1790 4495 Hunno-

230 4514 340 4551 rum
368 4494 567 4552 auxilte
606 4510 732 4551 usos
767 4496 1037 4550 llemanos
1086 4505 1346 4550 testantur
1370 4495 1617 4563 Prosper.
1657 4494 1788 4549 Cas-

230 4568 503 4629 siodorus.
536 4566 837 4622 Jornandes
863 4579 919 4621 et
945 4567 1225 4621 Salvianus
1259 4566 1350 4620 lib.
1382 4582 1453 4619 νη
1494 4571 1561 4619 de
1610 4565 1793 4619 Provi-

231 4639 424 4692 dentia.
461 4639 662 4692 Herum
707 4652 837 4701 ergo
882 4648 1082 4691 turmas
1118 4653 1236 4691 cum
1269 4638 1336 4689 ab
1362 4635 1656 4689 Arniericis
1694 4650 1792 4703 per

232 4713 496 4763 Arvernos
521 4708 742 4763 duceret
766 4707 1199 4777 Litorius,atque
1225 4707 1301 4761 illi
1330 4706 1552 4760 barbara
1585 4705 1794 4761 feritate

231 4778 535 4833 Arverniam
561 4776 1197 4842 vastarent,exortus'est
1220 4777 1360 4833 Aviti
1392 4778 1443 4830 in
1475 4776 1595 4830 illos
1625 4777 1795 4844 impe-

233 4860 335 4913 tus,
358 4860 411 4903 et
434 4849 705 4919 singulare
725 4863 845 4902 cum
878 4848 1073 4919 ilunno
1092 4848 1271 4917 equite
1296 4857 1564 4919 certamen
1594 4888 1608 4909 ,
1650 4846 1794 4919 quod

232 4934 259 4970 a
280 4920 495 4975 Sidonio
516 4915 662 4973 tanta
692 4934 884 4987 pompa
907 4915 1247 4972 describitur.
1281 4916 1411 4983 Qum
1454 4918 1667 4986 quidem
1709 4915 1796 4987 Sie

234 4991 419 5058 genius
438 4991 491 5045 in
522 4990 671 5044 libris
693 4986 761 5043 de
789 4989 1092 5044 Occidentis
1131 4990 1356 5057 imperio
1377 5031 1391 5055 ,
1423 5004 1527 5041 non
1563 4989 1703 5041 male
1728 4986 1795 5039 ad

235 5077 426 5114 annum
458 5062 558 5117 457
590 5059 794 5114 refert:
827 5060 1058 5126 pessime
1086 5069 1263 5113 autem
1302 5060 1655 5126 direptionem
1695 5059 1797 5111 Ar-

236 5132 519 5197 vernicam,
554 5146 673 5199 qua:
702 5130 907 5183 llunnis
930 5128 1204 5182 tribuenda
1233 5139 1370 5195 erat,
1404 5128 1593 5182 Gethis
1621 5128 1797 5199 impuf

237 5211 341 5262 tat;
372 5214 421 5255 et
449 5197 637 5256 versus
669 5204 849 5265 hosce,
879 5201 971 5268 qui
1017 5202 1084 5253 de
1122 5200 1282 5253 Avite
1320 5198 1503 5267 scripti
1553 5197 1711 5264 sunt,
1730 5197 1798 5252 ad

239 5270 624 5327 Theodericum
649 5269 952 5338 detorquet.

224 5354 231 5371 ³
310 5340 338 5378 ιδ
362 5342 471 5395 Jam
512 5336 900 5395 monuimusiin
939 5337 1259 5409 panegyrico
1289 5338 1564 5407 Maioriani
1608 5336 1800 5409 Armo-

242 5410 379 5465 riros
404 5411 710 5468 rebellionis
738 5425 897 5465 causa
927 5408 1121 5464 crebre
1152 5424 1180 5462 a
1220 5409 1472 5463 Romanis
1510 5408 1797 5477 appetitos.

240 5479 386 5537 Nunc
409 5499 532 5552 ergo
563 5499 593 5536 a
622 5482 825 5536 Litorio
854 5480 1087 5545 subacti;
1122 5490 1237 5549 post
1252 5481 1435 5552 decem
1466 5479 1681 5533 circiter
1708 5494 1803 5532 an-

242 5567 341 5605 nos
361 5554 423 5605 ab
446 5551 620 5619 Aetio,
641 5568 735 5621 per
756 5552 1102 5606 Eecharicom
1118 5566 1291 5620 regem
1312 5551 1625 5621 Alanorum.
1646 5567 1802 5617 quem

244 5624 309 5674 ad
334 5639 419 5678 eos
445 5620 772 5679 edomandos
801 5622 1039 5687 inmisit,
1082 5632 1216 5675 teste
1252 5620 1566 5675 Constantio
1605 5622 1656 5673 in
1689 5622 1801 5672 \‘ita

243 5694 301 5745 S.
336 5694 574 5751 Germani
605 5695 695 5749 lib.
728 5711 794 5758 ll,
828 5710 945 5760 cap.
994 5692 1057 5760 5,
1109 5693 1208 5750 etsi
1266 5707 1331 5749 ce
1376 5693 1493 5748 ioco
1547 5690 1803 5747 tuendusc

1626 282 1955 336 CABMI'NA.

1170 4351 1442 4424 peractum
1482 4365 1595 4417 est,
1637 4364 1795 4422 capto
1824 4351 1874 4409 ι)

3356 288 3457 342 686

1804 401 1855 458 Α
1884 394 2094 449 Absens
2119 395 2173 449 in
2202 405 2395 449 cuncto
2415 396 2517 451 sibi
2540 397 2885 469 vulnerejam
2915 399 3058 455 cadt
3078 401 3293 456 llector.

1952 486 2199 541 Proditus
2228 499 2285 543 ut
2313 489 2547 555 tandem,
2576 491 2709 544 tanti
2739 493 2825 560 qui
2845 508 3005 547 causa
3035 496 3313 560 tumultus,

1880 575 2058 656 Inquit
2081 578 2288 645 Avitus,
2314 576 2447 649 Age',
2481 579 2729 649 Scythica
2752 584 2947 638 nutrite
2977 584 3076 640 sub
3104 595 3278 654 arcto,

1882 670 1980 736 Qui
2011 670 2163 736 furis,
2188 680 2243 727 et
2270 686 2412 727 crese
2441 683 2646 728 tantum
2674 673 2766 743 qui
2792 674 2912 729 fidis
2932 678 3124 731 inermi
3146 719 3163 743 ,

1880 760 2222 831 Congredere
2246 771 2456 818 armato
2487 778 2502 817 :
2534 765 2758 819 multum
2792 765 2886 820 tibi
2921 769 3167 835 praistitit
3196 770 3275 825 ira

1879 850 1995 905 Jam
2027 867 2165 918 mea,
2193 854 2434 909 concessi
2464 870 2715 924 pugnam,
2739 856 3011 928 jubeeque
3039 860 3255 916 resistas
3293 878 3311 915 :

1879 941 2185 998 (Iertantem
2211 944 2669 1015 mactassejuvat.
2702 946 2793 1003 Sic
2819 947 2980 1016 fatur,
3011 960 3065 1006 et
3095 966 3281 1021 mquer

1879 1032 2096 1090 Prosilit
2120 1035 2174 1089 in
2205 1036 2440 1091 medium
2468 1055 2480 1089 :
2514 1052 2612 1092 nec
2634 1053 2739 1093 non
2769 1039 2915 1095 ferus
2944 1042 3160 1099 advenit
3187 1043 3380 1101 hostis.

1880 1124 1950 1180 Ut
1976 1126 2201 1192 primum
2235 1138 2418 1196 pectus
2441 1129 2525 1183 vel
2549 1128 2793 1185 cominus
2816 1146 2907 1185 ora
2934 1134 3102 1189 tulere
3118 1176 3133 1199 ,

1882 1214 1976 1269 llic
2001 1215 2077 1269 ira
2107 1218 2304 1279 tremit,
2337 1218 2424 1271 ille
2454 1228 2617 1273 metu.
2651 1221 2766 1274 Jam
2794 1233 2985 1276 cauere
3020 1226 3172 1280 turba

1881 1306 2114 1361 Diversis
2138 1308 2369 1377 trepidat
2391 1309 2552 1375 votis,
2584 1311 2867 1380 variosque
2895 1329 2989 1382 per
3016 1315 3153 1370 ictus

1877 1398 2080 1454 Pendet
2099 1401 2166 1455 ab
2192 1411 2417 1468 eventu;
2446 1402 2541 1457 sed
2569 1414 2847 1473 postquam
2881 1408 3047 1475 prima
3067 1452 3080 1474 ,
3110 1411 3375 1476 secunda,

1878 1491 2164 1562 Tertiaque
2184 1501 2299 1547 acta
2321 1504 2433 1548 rota
2456 1504 2556 1559 est,
2592 1497 2737 1550 venit
2756 1511 2902 1563 ecce,
2930 1508 2984 1553 et
3008 1500 3149 1554 celsa
3170 1512 3450 1558 cruentum

1877 1583 2039 1653 3&0
2066 1583 2308 1654 Perforat
2339 1588 2485 1640 hasta
2516 1587 2718 1655 virum,
2750 1599 2868 1656 post
2894 1598 2949 1644 et
2976 1592 3202 1646 confinia
3232 1593 3381 1649 dorsi

1878 1678 2032 1732 Cedit
2060 1679 2351 1734 transfosso
2379 1689 2562 1749 ruptus
2592 1681 2673 1735 bis
2704 1694 2921 1749 pectore
2951 1683 3137 1740 thorax
3163 1703 3177 1739 :

1804 1767 1850 1826 B
1880 1767 1943 1821 Et
1969 1766 2094 1821 dum
2128 1783 2222 1837 per
2249 1769 2513 1838 duplicem
2544 1770 2760 1839 sanguis
2788 1772 3045 1841 singultat
3075 1774 3308 1844 hiatum,

1881 1858 2102 1913 Dividua
2128 1860 2416 1928 ancipitem
2442 1872 2760 1929 carpserunt
2791 1863 3009 1919 vulnera
3041 1868 3222 1921 vitam.

1952 1949 2074 2003 Haec
2107 1958 2225 2016 post
2249 1963 2398 2018 geSta
2428 1951 2561 2017 viri,
2592 1960 2757 2006 temet
2788 1953 2919 2025 Styx
2946 1954 3105 2011 livida
3135 1967 3324 2027 testor,

1880 2040 2199 2095 lntemerata
2231 2040 2363 2094 mihi
2392 2036 2419 2077 ά
2450 2040 2735 2109 prmfectus
2758 2041 2879 2111 jura
2908 2046 3125 2114 regebat
3152 2064 3167 2100 :

1881 2128 1948 2184 Et
1973 2139 2135 2199 caput
2166 2130 2267 2185 hoc
2297 2130 2513 2185 sibimet
2538 2131 2711 2187 solitis
2740 2133 2949 2188 defessa
2979 2135 3150 2192 ruinis

1880 2222 2053 2277 Gallia
2078 2222 2397 2292 suscipiens,
2430 2223 2615 2279 Getica
2643 2225 2875 2293 pallebat
2900 2227 2968 2281 ab
2995 2228 3093 2283 ira.

1880 2313 1964 2369 Nil
1997 2329 2177 2383 prece,
2208 2315 2280 2369 nil
2313 2316 2505 2383 pretio,
2535 2316 2611 2370 nil
2644 2316 2811 2372 milite
2841 2317 3038 2375 fractus
3067 2323 3259 2392 agebat

1881 2403 2098 2471 Aetius;
2126 2415 2284 2474 capto
2317 2414 2577 2460 terrarum
2608 2406 2800 2461 damna
2834 2411 3085 2477 patebant

1883 2495 2087 2551 Litorio
2106 2537 2121 2562 ,
2152 2496 2206 2550 in
2239 2496 2588 2564 Rhodanum,
2623 2501 2869 2568 proprios
2899 2500 3194 2569 producere
3223 2504 3355 2559 fines

1883 2584 2235 2641 Theudoridae
2266 2586 2457 2652 fixum,
2492 2601 2590 2641 nec
2618 2598 2734 2641 erat
2763 2603 2996 2657 pugnare
3025 2606 3262 2655 necesse,

1884 2678 1989 2735 Sed
2024 2680 2253 2750 migrare
2279 2678 2459 2744 Getis;
2498 2679 2738 2733 rabidam
2771 2688 2895 2734 trux
2928 2691 3142 2749 asperat
3178 2685 3310 2738 iram

1887 2768 2087 2836 Victor,
2118 2770 2259 2839 quod
2283 2770 2453 2824 sensit
2478 2770 2783 2841 Scythicum
2815 2786 2910 2841 pro
2942 2775 3207 2831 moenibus
3229 2776 3454 2851 hostem,

1887 2859 2149 2928 Imputat,
2179 2868 2235 2914 et
2263 2859 2395 2913 nihil
2427 2871 2511 2915 est
2540 2862 2771 2928 gravius,
2802 2862 2847 2916 si
2878 2862 3097 2918 forsitan
3131 2881 3362 2934 unquam

1889 2939 2118 3005 Vincere
2145 2950 2448 3020 contingat,
2482 2949 2711 3021 trepido.
2750 2950 3036 3022 Postquam
3074 2955 3305 3027 undique
3343 2960 3451 3013 nul-

3247 3050 3377 3122 [lum

1809 3134 1856 3195 C
1891 3133 2231 3198 Praesidium,
2261 3135 2590 3205 ducibusque
2616 3137 2719 3191 tuis
2746 3137 2843 3205 nil,
2869 3138 3060 3205 Roma,
3087 3143 3330 3199 relictum
3356 3157 3455 3214 est,

1892 3225 2108 3293 Foedus,
2140 3224 2315 3295 Avite,
2348 3242 2542 3292 novas;
2574 3243 2774 3283 saevum
2806 3240 2893 3284 tua
2926 3230 3113 3301 pagina
3143 3249 3322 3305 regem

1892 3319 2053 3375 Lecta
2081 3319 2295 3385 demat;
2324 3319 2552 3388 jussisse
2578 3329 2662 3374 sat
2689 3331 2772 3376 est
2802 3331 2874 3387 te,
2903 3325 3043 3393 quod
3075 3337 3224 3395 rogat
3250 3329 3419 3386 orbis.

1892 3412 2125 3468 Credent
2154 3411 2255 3465 hoc
2286 3427 2515 3481 unquam
2545 3421 2754 3480 gentes,
2788 3413 3079 3484 pepulique
3107 3417 3301 3473 futuri?
3398 3474 3399 3477 η

1895 3503 2094 3558 Littera
2123 3501 2348 3556 Romani
2379 3512 2586 3566 cassat,
2614 3501 2755 3571 quod
2784 3502 3011 3559 barbare
3038 3505 3223 3561 vincis.

1894 3597 2021 3652 Jura
2060 3595 2222 3665 igitur
2252 3594 2685 3663 rcxit;‘natnque
2725 3593 2828 3650 hoc
2865 3611 3076 3667 quoque
3113 3614 3209 3667 par
3246 3600 3377 3667 fuit,
3410 3614 3461 3664 ut

3286 3702 3396 3749 tum

1895 3785 2147 3840 Assertor
2177 3784 2329 3837 fieret
2360 3782 2574 3851 legum,
2602 3783 2689 3853 qui
2723 3798 2861 3839 nunc
2886 3783 2990 3839 e.it
3014 3794 3230 3850 auctor;
3263 3691 3282 3765 [

1896 3876 1974 3930 Ne
1999 3874 2206 3928 dandus
2235 3875 2447 3944 pepulis
2475 3874 2744 3943 princeps,
2773 3885 2961 3945 caput,
2995 3876 3360 3947 induperator,

1893 3964 2073 4021 Cmsar
2101 3972 2156 4019 et
2185 3967 2476 4033 Augustus,
2508 3964 2679 4019 solum
2713 3967 2821 4020 fera
2855 3966 3037 4035 praelia
3069 3978 3274 4025 nosset.

1967 4058 2086 4112 Jam
2118 4057 2446 4125 praefecturae
2477 4055 2788 4123 perfunctus
2814 4056 3050 4111 culmine
3083 4058 3294 4112 tandem

1897 4208 2318 4287 Alamannorum
2345 4223 2436 4263 rex
2467 4209 2723 4287 scriptum
2753 4220 2837 4265 est
2861 4226 2958 4281 pro
2984 4208 3297 4282 Alanorum,
3329 4219 3469 4287 quod

1902 4279 2047 4333 Erici
2077 4279 2319 4335 monachi
2348 4296 2537 4333 versus
2560 4283 2773 4334 docent.

1975 4359 1997 4387 ο
2035 4349 2111 4403 De
2136 4354 2233 4403 hac
2261 4350 2593 4403 auxilianmn
2626 4350 2934 4404 llunnernm
2971 4352 3223 4419 perfidia,
3277 4365 3329 4409 et
3370 4357 3471 4409 ho-

1900 4419 2008 4472 stili
2050 4419 2416 4489 erassatione,
2456 4420 2699 4489 queritur
2740 4423 2864 4476 item
2914 4423 3167 4479 Paulinus
3198 4425 3288 4477 lib.
3325 4442 3375 4480 vi
3404 4429 3473 4481 de

1894 4489 2015 4544 Vita
2044 4488 2101 4545 S.
2130 4489 2341 4545 Martini
2364 4506 2377 4540 :

2120 4623 2423 4689 Qnmrsubito
2444 4623 2689 4685 pavefacta
2709 4633 2863 4689 metu,
2888 4628 3117 4689 graviore
3147 4627 3351 4689 periclo,

2124 4684 2457 4734 Auxiliatores
2480 4694 2733 4747 pateretur
2754 4684 2912 4735 Gallia
2927 4688 3139 4738 Chunos.

1937 4748 2090 4819 132
2124 4756 2241 4819 Nam
2264 4757 2446 4804 set-ium
2471 4759 2581 4817 quis
2605 4757 2736 4805 ferre
2759 4765 2927 4818 queat,
2956 4760 3036 4819 qui
3058 4759 3223 4809 durior
3244 4761 3395 4814 hostis
3412 4762 3438 4813 ‘i

2127 4816 2317 4877 Exstet,
2344 4826 2394 4867 et
2415 4816 2661 4867 annexum
2685 4816 2840 4869 foedus
2856 4816 3052 4870 feritate
3075 4824 3327 4884 repellat?

1972 4985 1998 5025 σι
2025 4987 2310 5043 Renovatre
2337 5002 2457 5043 cum
2486 4988 2825 5044 Theoderico
2854 4990 2996 5058 pacis
3040 4991 3254 5046 laudem
3299 4994 3479 5051 tribuit

1900 5057 2083 5125 Avite,
2116 5070 2225 5132 tum
2251 5058 2501 5132 prarfeete
2530 5062 2780 5128 prmtorie
2800 5057 3116 5116 Galliarum.
3147 5063 3312 5132 Hujus
3336 5066 3480 5120 enim

1902 5132 2135 5185 maxime
2176 5130 2369 5183 litteris
2412 5131 2663 5184 inflexum
2706 5132 2772 5184 ad
2814 5146 3001 5200 pacem
3046 5144 3169 5201 post
3205 5130 3480 5189 victoriam

1901 5214 2053 5274 suam
2083 5200 2191 5274 ait,
2223 5201 2593 5274 tumscilicet,
2625 5216 2757 5274 cum
2778 5202 3011 5257 Litorius
3045 5200 3227 5258 eomes
3263 5206 3354 5274 qui
3390 5221 3479 5260 se-

1901 5271 2075 5325 cunda
2130 5272 2198 5325 ab
2234 5272 2391 5325 Aetio
2418 5280 2686 5342 potestate
2720 5272 2927 5327 llunnis
2965 5271 3319 5328 auxiliaribus
3349 5290 3482 5342 pra:-

1903 5350 2039 5406 erat,
2072 5357 2243 5410 pugna
2269 5357 2388 5395 cum
2417 5341 2605 5397 Gothis
2627 5342 2693 5395 ad
2709 5343 2956 5397 Tolosam
2988 5354 3189 5399 temere
3214 5355 3480 5406 conserta,

1904 5412 2079 5465 victus
2105 5422 2397 5479 captusque
2428 5412 2669 5466 eamdem
2702 5415 2890 5468 urbem
2924 5412 3182 5479 hostium,
3218 5424 3273 5465 ut
3298 5414 3478 5466 scribit

1906 5482 2204 5544 Salvianus,
2233 5498 2389 5550 quam
2426 5498 2491 5536 ee
2518 5484 2605 5535 die
2636 5486 2894 5538 victorem
2918 5499 2974 5536 se
3004 5483 3318 5536 intraturum
3350 5498 3478 5551 pra:-

1907 5552 2162 5620 sumpsit,
2201 5554 2440 5618 captivus
2488 5553 2731 5616 intravit,
2765 5568 2934 5613 anno,
2969 5561 3022 5604 ut
3068 5556 3175 5621 jam
3224 5553 3478 5607 indicavi-

1909 5638 2055 5686 mus,
2100 5623 2225 5680 459.
2264 5625 2438 5691 Quare
2483 5624 2539 5678 in
2588 5624 2834 5680 eumdem
2880 5622 3063 5678 incidit
3102 5623 3241 5679 Aviti
3291 5626 3479 5695 punie-

1910 5704 2081 5749 ςιυτίι.
