3946 6176
356 281 455 336 687

352 393 421 448 Se
451 390 671 447 dederat
699 390 839 457 ruri;
876 405 1148 459 nunquam
1177 398 1353 443 tamen
1381 388 1487 442 otia
1506 432 1520 455 ,
1552 399 1818 454 nunquam

352 482 559 538 Desidia
590 481 846 549 imbellis,
876 480 1221 550 studiumque
1254 488 1309 534 et
1337 494 1463 533 cura
1496 478 1678 548 quieto

352 576 633 629 Armorum
665 587 919 641 semper;
950 580 976 609 ⁸
1003 572 1183 626 subito
1207 586 1328 624 cum
1357 580 1509 638 rupta
1539 566 1764 622 tumultu

350 664 631 719 Barbaries
660 670 799 718 totas
831 664 883 717 in
917 671 967 718 te
994 662 1391 716 transfunderat
1419 668 1614 725 arctos,

350 757 506 828 341
538 757 743 821 Gallia;
772 770 1063 825 pugnacem
1100 755 1303 822 Rugum
1334 754 1625 806 comitante
1654 750 1883 817 Gelono,

349 848 552 916 Gepida
581 857 699 901 trux
728 847 993 915 sequitur,
1022 844 1051 884 ιι
1083 844 1308 914 Scyrum
1340 842 1644 913 Burgundio
1673 842 1849 911 cogit;

348 938 593 1003 Chunus,
626 936 964 1004 Bellonotus,
996 935 1226 1000 Neurus,
1262 935 1545 999 Basterna,
1579 933 1864 1002 Toringus,

352 1033 660 1095 Bructerus,
693 1030 876 1085 ulvosa
908 1044 1067 1098 quem
1097 1029 1178 1082 vel
1210 1030 1226 1059 ¹
1255 1027 1410 1082 Nicer
1438 1026 1609 1080 abluit
1639 1025 1808 1091 unda,

351 1123 658 1192 Prorumpit
690 1122 962 1185 Francus;
988 1118 1184 1176 cecidit
1212 1118 1319 1173 cito
1346 1128 1489 1173 secta
1521 1115 1733 1186 bipenni

353 1215 601 1270 llercinia
632 1213 685 1267 in
717 1213 926 1278 lintres,
957 1221 1011 1267 et
1038 1211 1282 1265 Rhenum
1313 1211 1483 1265 texuit
1520 1208 1664 1262 alno.

365 1309 430 1363 Et
455 1309 564 1377 jam
598 1307 844 1362 terriﬁcis
874 1305 1156 1361 diffuderat
1186 1305 1347 1361 Attila
1380 1304 1570 1358 turmis

352 1399 409 1454 in
440 1413 659 1469 campos
689 1413 770 1464 se,
803 1399 959 1467 Belga
981 1439 997 1465 ,
1031 1406 1181 1462 tuos;
1210 1397 1298 1450 vix
1333 1397 1564 1467 liquerat
1589 1394 1753 1464 Alpes

352 1492 562 1557 Aetius,
595 1500 755 1546 tenue
784 1501 838 1545 et
865 1506 1047 1545 rarum
1072 1490 1190 1546 sine
1222 1490 1393 1545 milite
1422 1488 1625 1543 ducens

357 1580 537 1637 Robur
568 1582 621 1636 in
653 1581 865 1635 auxiliis
895 1581 1136 1636 Geticum
1167 1581 1306 1635 male
1334 1579 1587 1634 credulus
1618 1593 1807 1648 agmen

356 1671 630 1727 Incassum
665 1672 896 1743 prOpriis
925 1686 1257 1742 prcesumens
1282 1672 1467 1727 adfore
1498 1672 1711 1725 castris.

355 1765 584 1820 Nuntius
612 1775 666 1819 at
693 1777 973 1836 poStquam
1007 1766 1282 1821 ductorem
1321 1766 1585 1837 perculit,
1620 1765 1839 1818 Hunnus

353 1854 469 1909 Jam
511 1869 676 1925 prope
706 1863 1073 1924 contemptum
1110 1856 1345 1926 propriis
1382 1857 1435 1909 in
1478 1856 1693 1910 sedibus
1734 1854 1941 1909 hostem

356 1948 679 2017 Exspectare
705 1948 890 2013 Getas,
922 1957 1104 2002 versat
1137 1962 1295 2017 vagus
1327 1947 1506 2001 omnia
1535 1960 1716 2000 secum

355 2038 618 2105 Consilia,
652 2049 707 2094 et
737 2049 969 2094 mentem
998 2054 1245 2093 curarum
1280 2039 1529 2092 ﬂuctibus
1555 2048 1729 2108 urget.

355 2132 596 2187 Tandem
627 2135 897 2185 cunctanti
926 2131 1067 2186 sedit
1097 2132 1359 2186 sententia
1380 2174 1393 2197 ,
1424 2131 1624 2187 celsum

356 2224 601 2278 Exorare
631 2225 803 2277 virum
826 2264 840 2287 ,
871 2223 1116 2277 collectis
1139 2238 1223 2289 iue
1250 2222 1499 2276 omnibus
1530 2236 1632 2276 una

357 2316 712 2385 Principibus,
743 2330 924 2370 coram
956 2317 1178 2384 supplex
1211 2314 1289 2369 sic
1320 2315 1514 2369 talibus
1545 2314 1679 2367 inlit.

430 2409 611 2473 Oriris,
642 2408 817 2471 Avite,
847 2407 1015 2473 salus,
1044 2406 1131 2461 cui
1159 2422 1265 2461 non
1297 2421 1435 2461 nova
1466 2406 1635 2476 gloria
1664 2419 1805 2460 nunc
1830 2413 1941 2472 est,

357 2498 512 2565 Quod
543 2508 694 2569 rogat
723 2499 943 2564 Aetius;
972 2498 1223 2562 voluisti,
1256 2507 1306 2552 et
1337 2514 1444 2552 non
1476 2505 1631 2553 nocet
1660 2496 1829 2551 hostis
1856 2513 1869 2549 :

359 2600 382 2628 ο
416 2589 541 2643 Vis?
572 2589 820 2659 prodest;
855 2589 1059 2643 inclusa
1090 2597 1239 2643 tenes
1267 2598 1345 2642 tot
1374 2590 1535 2643 millia
1568 2597 1729 2653 nutu,

354 2680 423 2734 Et
454 2679 665 2750 populis
693 2678 893 2734 Geticis
919 2679 1033 2734 sola
1062 2688 1145 2734 est
1175 2688 1261 2734 tua
1294 2680 1463 2750 gratia
1493 2679 1667 2735 limes.

357 2766 553 2826 Iulensi
584 2785 800 2840 semper
830 2770 1005 2837 nobis,
1034 2785 1223 2841 pacem
1257 2771 1352 2825 tibi
1382 2779 1659 2840 prmstant.

358 2860 616 2917 Victrices
647 2862 664 2917 i
696 2876 881 2931 prome
918 2862 1123 2931 aquilas
1151 2879 1165 2915 :
1199 2861 1302 2925 fac,
1332 2863 1555 2931 optime,
1588 2863 1808 2917 Chunos-

356 2952 589 3020 Quorum
620 2953 757 3008 forte
786 2955 929 3023 prior
956 2956 1076 3023 fuga
1108 2968 1205 3007 nos
1230 2962 1577 3008 concusserat
1601 2954 1731 3007 olim
1751 2993 1768 3021 ,

358 3044 444 3097 Bis
473 3046 642 3100 victor
669 3043 928 3115 prodesse
956 3044 1106 3097 mihi.
1142 3043 1231 3099 Sic
1259 3045 1418 3109 latus,
1452 3051 1507 3097 et
1537 3042 1629 3099 ille

358 3138 629 3195 Pollicitus
656 3147 837 3192 votum
856 3178 871 3204 ,
903 3138 1028 3193 fecit
1052 3152 1224 3207 spem.
1259 3136 1508 3191 Pretinus
1538 3135 1663 3191 inde

360 3230 627 3296 Advolat,
656 3238 711 3286 et
738 3229 968 3284 famulas
998 3229 1049 3283 in
1083 3229 1264 3299 praelia
1292 3228 1524 3282 concitat
1552 3228 1678 3283 iras.

359 3326 512 3383 Ibant
541 3324 740 3395 pellite:
772 3332 894 3393 post
918 3322 1145 3378 classica
1176 3321 1400 3376 Romula
1432 3330 1642 3388 turmas,

360 3416 441 3474 Ad
469 3430 666 3473 nomen
694 3423 948 3472 currente
973 3415 1141 3481 Geta;
1172 3413 1324 3469 timet
1350 3427 1459 3469 tere
1484 3411 1669 3468 vocari

431 3655 458 3685 ι
487 3646 690 3716 Duplex
718 3645 819 3701 alia
852 3644 1045 3717 legatio
1074 3644 1251 3717 Aviti.
1270 3643 1427 3717 Prior
1449 3644 1518 3699 ad
1549 3642 1949 3717 Theodericum

360 3714 638 3784 eumdem,
676 3731 797 3771 cum
842 3714 1078 3772 irruente
1120 3716 1175 3769 in
1222 3714 1450 3770 Galliam
1492 3714 1656 3769 Attila
1698 3714 1945 3768 Tolosam

361 3789 498 3842 Aetii
530 3795 714 3855 rogatu
746 3788 1013 3855 profectus
1038 3794 1150 3851 est,
1184 3793 1246 3839 ut
1286 3785 1492 3841 Gothos
1538 3786 1593 3839 in
1624 3784 1753 3840 belli
1797 3785 1945 3838 llun-

362 3858 468 3911 nici
496 3859 808 3911 societatem
838 3858 1189 3922 pertraheret.

438 3926 466 3965 ι)
500 3928 705 3993 Vulgati
749 3927 914 3985 olim.
955 3925 1211 3980 Scotum:
1259 3925 1441 3994 scripti
1475 3924 1689 3981 Scerum
1731 3925 1941 3995 legunt,

363 4006 456 4050 aut
472 3996 760 4063 .Scoerum,
789 3995 933 4066 quod
977 4010 1077 4064 pro
1119 3995 1291 4065 Scyro
1329 3999 1396 4050 ab
1431 3996 1748 4066 antiquariis
1783 3997 1945 4049 scribi

363 4068 612 4132 solitum,
643 4076 699 4120 ut
728 4082 937 4135 goerum
964 4081 1061 4136 pro
1091 4080 1271 4135 gyrum
1303 4065 1440 4135 apud
1472 4068 1789 4120 Ausonium.
1813 4066 1947 4135 Scy-

364 4150 458 4193 ros
508 4148 687 4193 autem
737 4137 1042 4206 Scythicam
1093 4146 1340 4205 gentem,
1392 4136 1682 4206 Alanorum
1738 4145 1939 4201 partem

364 4207 529 4264 fuisse
556 4208 713 4263 docet
740 4204 1064 4272 Jornandes,
1099 4204 1301 4273 eosque
1330 4213 1450 4272 post
1489 4204 1668 4257 Attila:
1713 4214 1939 4258 mortem

365 4280 417 4332 in
444 4279 626 4334 Mmsia
647 4277 974 4343 consedisse,
999 4286 1109 4347 tum
1133 4287 1315 4344 postea
1341 4275 1639 4328 Odoacrem
1662 4276 1713 4327 in
1740 4275 1941 4328 Italiam

366 4360 600 4403 SOCIHOS.

441 4429 464 4458 ο
496 4419 668 4487 Olim,
703 4418 901 4488 inquit,
937 4430 1064 4488 cum
1106 4414 1200 4488 tibi
1242 4414 1498 4488 victorem
1541 4413 1936 4488 Theudoricum

368 4488 434 4541 ad
474 4485 661 4557 pacem
689 4485 887 4543 hortari
934 4487 1116 4555 libuit,
1162 4485 1318 4557 desiit
1348 4498 1577 4557 nocere:
1611 4486 1835 4557 nunesi
1866 4487 1943 4539 vis

370 4556 561 4629 iterum
591 4575 800 4627 rogare,
835 4560 1072 4629 proderit
1098 4556 1208 4629 suis
1238 4556 1467 4629 auxiliis.
1494 4556 1583 4611 Sic
1611 4570 1739 4623 ergo
1767 4556 1947 4629 legen-

367 4627 491 4698 dus,
520 4636 576 4682 et
616 4626 1017 4698 distinguendus
1062 4628 1149 4683 hic
1196 4627 1362 4682 locus.
1404 4626 1534 4680 Nam
1580 4627 1841 4681 sententia
1889 4626 1943 4681 in

369 4696 595 4763 vulgatis
629 4698 771 4750 nulla
787 4696 933 4751 erat.
966 4699 1074 4753 Nec
1106 4699 1282 4753 minus
1309 4698 1523 4764 elegans
1551 4698 1785 4752 clausula
1817 4711 1942 4751 ora-

366 4766 549 4831 tionis,
594 4782 696 4835 qua
742 4775 891 4834 optat
935 4768 1152 4823 liunnos
1192 4769 1279 4838 qui
1329 4767 1468 4822 bello
1514 4766 1939 4838 Gothicokcum

365 4837 656 4891 auxiliares
696 4846 911 4901 essent,
948 4839 1071 4891 victi
1118 4836 1440 4903 nocuerant,
1474 4838 1746 4906 cladisque
1793 4836 1942 4891 Lito-

366 4907 528 4961 rianm
559 4914 804 4961 auctores
840 4906 961 4976 fuga
1005 4921 1099 4961 sua
1142 4906 1382 4974 fuerant,
1416 4924 1557 4962 nunc
1598 4924 1719 4961 cum
1761 4909 1942 4962 hostes

363 4985 517 5047 Sunt,
547 4978 735 5031 iterum
763 4976 1090 5047 vinci‘atque
1120 4977 1191 5030 ita
1218 4978 1297 5031 bis
1319 4980 1488 5031 victos
1520 4978 1791 5047 prodesse.

440 5044 465 5081 ά
504 5048 671 5101 Varro
712 5047 850 5114 apud
892 5044 1243 5101 Censorinum
1279 5049 1344 5101 de
1385 5048 1472 5102 die
1511 5044 1670 5103 natali
1712 5061 1830 5117 cap.
1877 5049 1942 5102 l7

365 5126 579 5182 narrat,
611 5118 825 5170 audisse
851 5131 909 5171 se
946 5132 1009 5170 ex
1045 5118 1222 5172 Vettio
1258 5132 1489 5186 augure,
1516 5122 1558 5171 si
1586 5121 1659 5172 ita
1689 5130 1844 5183 esset,
1887 5126 1943 5171 ut

369 5191 625 5241 traderent
667 5188 893 5239 historici
936 5188 998 5241 de
1034 5187 1237 5241 Romuli
1280 5189 1434 5243 Urbis
1462 5191 1739 5242 condenda:
1768 5190 1944 5255 auspi-

367 5259 489 5322 ciis,
521 5274 580 5311 ac
622 5258 686 5311 12
722 5256 1004 5309 vulturibus
1042 5260 1281 5326 quoniam
1318 5262 1419 5313 1‘20
1464 5276 1624 5312 annos
1670 5261 1941 5313 incommis

367 5332 668 5455 gadet-isset
705 5326 925 5409 papulas
967 5326 1246 5391 (fontanas,
1287 5332 1355 5383 ad
1392 5329 1522 5384 l‘200
1559 5341 1937 5399 perventurum.

421 5414 537 5455 mus
564 5399 792 5454 vaticmii
824 5412 1087 5451 memores
1124 5399 1377 5455 Romani.
1410 5400 1621 5453 Alarico
1652 5401 1703 5453 in
1739 5400 1937 5454 Italiam

421 5398 537 5468 ujus
564 5398 792 5454 vaticinii
824 5412 1087 5451 memores
1124 5399 1377 5464 Romani,
1410 5400 1621 5453 Alarico
1652 5401 1703 5453 in
1739 5400 1940 5454 Italiam

380 5472 627 5538 irruente,
661 5480 717 5525 ut
745 5468 1063 5524 Claudianus
1089 5468 1156 5522 de
1195 5468 1336 5522 bello
1377 5469 1559 5524 Getico
1596 5472 1810 5536 scribit,
1841 5470 1940 5525 Ur-

442 5630 460 5661 ¹
485 5629 777 5682 Hadrianus
800 5626 1040 5680 Valesius
1065 5625 1183 5679 Rer.
1212 5622 1449 5677 Francia.
1476 5625 1567 5677 lih.
1588 5641 1639 5691 v,
1669 5641 1785 5692 pag.
1810 5624 1936 5689 221,

369 5702 525 5755 scribi
556 5700 663 5752 vult
698 5698 866 5752 Vicer.
907 5696 1062 5766 (Vide
1094 5695 1225 5751 inira
1254 5704 1437 5750 notam
1464 5696 1530 5747 ad
1567 5711 1731 5751 carm.
1762 5695 1862 5761 ‘23,
1896 5710 1944 5750 v.

1637 269 1880 326 SIDONII
1921 265 2375 323 APOLLINARIS

1966 387 2016 441 A
2049 377 2209 448 352
2248 378 2493 440 DirulUS,
2537 374 2886 444 opprobrium
2928 386 3036 426 non
3079 370 3333 425 damnum
3376 370 3636 427 barbarus

3530 260 3636 321 688

3281 461 3422 533 [hort
3437 477 3555 519 ens.

2042 559 2150 614 ilus
2175 558 2239 612 ad
2272 557 2407 612 bella
2441 554 2606 610 trahit
2632 562 2745 608 tum
2774 552 2884 621 jam
2912 567 3037 623 spes
3062 553 3209 607 orbis
3238 555 3452 614 Avitus.

2041 651 2135 705 Vel
2166 651 2278 720 jam
2311 650 2575 718 privatus,
2614 648 2701 701 vel
2733 647 2927 701 adhuc.
2959 645 3047 700 Sic
3072 647 3319 701 cinnama
3349 647 3525 715 busta,

2041 742 2206 797 Collis
2242 738 2507 811 Erythraei
2547 748 2768 806 portans
2806 737 3093 792 thbeius
3124 738 3257 805 ales,

2037 834 2284 889 Concitat
2309 847 2470 887 omne
2507 832 2685 885 avium
2726 831 2955 900 vulgus:
2990 830 3299 885 famulantia
3329 839 3558 886 currunt

2039 925 2299 993 Agmina,
2338 935 2393 976 et
2432 931 2694 991 angustus
2730 935 2935 991 pennas
2969 937 3074 975 non
3108 920 3343 990 explicat
3377 938 3493 977 aer.

2116 1015 2144 1052 ά
2180 1015 2295 1070 Jam
2328 1030 2496 1084 prope
2532 1014 2634 1067 fata
2673 1015 2745 1068 tui
2782 1014 3025 1068 bissenas
3051 1014 3284 1069 vulturis
3317 1014 3432 1068 alas

2039 1111 2391 1182 Complebant
2425 1112 2556 1178 (scis
2582 1125 2814 1180 namque
2838 1119 2955 1165 tuos
2977 1149 2993 1175 ,
3016 1111 3145 1177 scis,
3176 1111 3365 1179 Roma,
3400 1110 3654 1179 labores)

2046 1213 2069 1241 ε
2106 1205 2314 1260 Aetium
2348 1204 2596 1258 Placidus
2624 1202 2888 1256 mactavit
2927 1202 3149 1256 semivir
3185 1217 3371 1257 amens

2046 1296 2251 1365 Vixque
2278 1304 2370 1349 tuo
2401 1294 2712 1364 impositum
2742 1293 2900 1362 capiti
2926 1293 3173 1348 diadenta
3193 1337 3208 1362 ,
3242 1295 3465 1354 Petroni
3495 1318 3508 1352 :

2044 1389 2191 1443 lllico
2225 1388 2519 1453 barbaries,
2552 1402 2653 1442 nec
2684 1402 2793 1441 non
2820 1386 2922 1440 sibi
2957 1396 3111 1455 capta
3149 1389 3320 1442 videri

2044 1482 2213 1536 Bonna
2256 1480 2424 1544 Getis,
2463 1480 2728 1547 tellusque
2767 1493 2865 1532 suo
2903 1492 3122 1532 cessura
3158 1478 3358 1548 furori,

2045 1571 2308 1638 Raptores
2346 1583 2441 1623 ceu
2479 1571 2616 1623 forte
2652 1568 2794 1637 lupi,
2829 1568 2945 1637 quis
2984 1583 3114 1623 nare
3152 1572 3327 1640 sagaci

2051 1662 2311 1716 Monstrat
2350 1662 2485 1715 odor
2517 1660 2765 1730 pinguem
2806 1660 3005 1714 clausis
3042 1661 3109 1713 ab
3149 1662 3374 1716 ovilibus
3416 1677 3654 1726 auram,

1973 1752 2020 1812 B
2050 1755 2296 1824 lrritant,
2333 1764 2635 1822 acuuntque
2671 1752 2889 1819 famem,
2934 1761 3253 1823 portantque
3281 1756 3482 1824 rapina:

2044 1846 2102 1902 ln
2142 1849 2289 1902 vultu
2323 1847 2585 1916 speciem,
2624 1845 2803 1913 patulo
2829 1844 3028 1914 jejunia
3062 1847 3198 1900 rictu

2048 1939 2351 2003 Falleutes;
2385 1939 2492 2008 jam
2526 1937 2745 2006 jamque
2782 1945 2934 1990 tener
2972 1951 3067 2006 spe
3109 1938 3369 2007 frangitur
3405 1952 3626 2009 agnus,

2047 2035 2219 2100 Atque
2251 2032 2445 2085 absens
2478 2031 2635 2085 aviilo
2671 2031 2897 2099 crepitat
2930 2031 3038 2101 jam
3077 2033 3254 2101 praeda
3290 2034 3491 2103 palato.

2119 2127 2258 2193 Quin
2297 2136 2351 2180 et
2383 2126 2730 2180 Aremoricus
2765 2126 2989 2196 piratam
3023 2127 3234 2182 Saxona
3273 2138 3471 2183 tractus

2046 2220 2341 2290 Sperabat,
2370 2220 2454 2276 cui
2494 2221 2633 2289 pelle
2662 2221 2832 2275 salum
2868 2222 3082 2276 sulcare
3124 2224 3433 2277 Britannum

2046 2313 2249 2378 Ludus,
2278 2323 2331 2368 ct
2362 2323 2546 2367 assuto
2584 2313 2830 2380 glaucum
2865 2329 3011 2367 mare
3052 2314 3255 2369 findere
3295 2315 3490 2369 lembo.

2047 2404 2285 2459 Francus
2319 2405 2645 2459 Germanum
2680 2404 2910 2473 primum
2931 2444 2946 2469 ,
2987 2405 3307 2475 Belgamque
3334 2406 3655 2462 secundum

2047 2498 2365 2564 Sternebat,
2395 2498 2747 2568 Rhenumque
2782 2499 2935 2554 ferox
2971 2501 3269 2556 Alamanne
3306 2502 3527 2558 bibebas

2047 2589 2304 2644 Romanis
2334 2589 2490 2659 ripis,
2523 2600 2577 2643 et
2610 2600 2837 2660 utroque
2870 2592 3133 2656 superbus
3166 2592 3217 2645 in
3258 2608 3386 2662 agro

2051 2679 2073 2719 τ
2113 2682 2208 2737 Vel
2239 2681 2394 2747 civis,
2423 2680 2507 2736 vel
2537 2682 2706 2736 victor
2735 2696 2876 2737 eras.
2904 2681 3009 2736 Sed
3044 2683 3249 2750 perdita
3279 2699 3504 2739 cernens

2046 2771 2332 2827 Terrarum
2369 2771 2575 2841 spatia,
2615 2772 2868 2842 princeps
2902 2772 3013 2841 jam
3052 2774 3334 2841 Maximus,
3364 2790 3525 2829 unum

2045 2868 2199 2935 Quod
2239 2868 2339 2923 fuit
2370 2867 2424 2923 in
2466 2867 2661 2935 rebus,
2701 2868 3050 2940 peditumque
3083 2873 3425 2941 equitumque
3460 2874 3651 2943 magi-

3393 2974 3569 3020 atrum

2047 3051 2125 3105 Te
2157 3051 2290 3111 sibi.
2322 3050 2499 3116 Avite,
2533 3051 2705 3121 legit:
2746 3053 2924 3107 collati
2956 3069 3142 3109 rumor
3176 2964 3393 3110 honorisE

1974 3128 2021 3190 C
2055 3142 2259 3197 Invenit
2286 3143 2604 3210 agricolam,
2638 3142 2761 3198 ﬂexi
2795 3144 2919 3198 dum
2956 3145 3092 3199 forte
3122 3146 3316 3215 ligonis

2053 3233 2281 3289 Exercet
2321 3232 2541 3298 dentes,
2580 3233 2663 3287 vel
2702 3233 2879 3303 pando
2912 3250 3112 3303 pronus
3140 3248 3318 3290 aratro

2052 3322 2210 3394 3&3
2235 3323 2405 3378 Vertit
2438 3324 2771 3379 inexcoctam
2800 3342 2898 3397 per
2926 3328 3139 3397 pinguia
3172 3329 3356 3398 jugera
3391 3328 3609 3399 glebam
3627 3374 3659 3402 ,

2060 3414 2154 3472 Sic
2187 3415 2456 3486 quondam
2490 3414 2557 3469 ad
2594 3418 2785 3487 patriai
2827 3433 2915 3474 res
2949 3417 3148 3474 fractas
3181 3434 3381 3490 pauper
3413 3430 3602 3475 arator

2053 3644 2136 3699 bis
2164 3645 2374 3699 ruinam
2404 3644 2745 3711 metuebant,
2771 3644 2870 3698 etsi
2898 3659 3161 3699 annorum
3194 3659 3473 3699 numerum
3504 3661 3662 3700 non-

2049 3714 2175 3769 dum
2206 3716 2503 3783 explerant.
2544 3715 2752 3781 Jupiter
2780 3714 3103 3769 Sidonianus
3131 3716 3338 3783 augurii
3378 3726 3651 3771 eventum

2051 3788 2151 3839 sub
2180 3786 2318 3840 Aetii
2358 3797 2411 3840 et
2443 3785 2798 3840 Valentiniani
2839 3786 3042 3840 cmdem
3084 3786 3394 3853 impendere
3432 3789 3655 3840 denun-

2052 3858 2179 3938 tiat,
2203 3871 2310 3927 quo
2339 3866 2577 3922 tempore
2602 3856 2733 3911 urbs
2772 3858 2938 3910 Roma
2968 3856 3116 3911 mille
3145 3858 3407 3912 ducentos
3443 3859 3645 3927 paucis

2055 3937 2211 3980 annis
2242 3937 2570 3981 excesserat.

2130 4005 2152 4033 ε
2180 3997 2415 4066 Tempus
2450 4006 2627 4062 notat,
2663 4011 2987 4067 causamque
3026 3996 3190 4051 delati
3222 3997 3377 4051 Avito
3413 4011 3509 4065 per
3536 3996 3662 4052 Pc~

2057 4068 2291 4121 tronium
2341 4067 2645 4138 Maximum
2674 4066 3240 4138 militiae’magistcrii.
3286 4066 3438 4122 Cmso
3483 4069 3644 4122 enim

2054 4145 2174 4203 post
2212 4137 2350 4191 Aetii
2388 4152 2572 4193 necem
2603 4137 3177 4203 Valentiniano,’cum
3220 4139 3479 4192 Maximus
3512 4153 3657 4205 pur.

2055 4221 2239 4274 puram
2269 4207 2559 4274 induisset,
2590 4209 2845 4262 continuo
2874 4209 3047 4263 exorti
3077 4215 3201 4261 sunt
3227 4210 3278 4260 in
3302 4208 3470 4263 Gallia
3498 4209 3646 4264 varii

2051 4284 2228 4350 motus
2277 4274 2611 4350 Gothorum,
2654 4279 2954 4350 Saxonum,
3010 4279 3163 4350 133
3196 4279 3520 4333 Francorum
3573 4292 3644 4333 et

2051 4348 2488 4401 Alamannorum.
2536 4349 2617 4404 Ad
2657 4364 2791 4419 quos
2840 4348 3286 4403 sedandos’nihil
3335 4350 3643 4403 consultius

2046 4418 2220 4491 visum
2251 4419 2501 4486 Maximo,
2525 4418 2687 4487 quam
2708 4428 2765 4473 ut
2788 4420 3001 4473 Avitum
3026 4419 3261 4489 peditum
3282 4419 3642 4491 equitumque

2046 4503 2143 4559 per
2169 4488 2371 4542 Gallias
2400 4491 2709 4559 magistrum
2737 4498 2965 4544 crearet.

2126 4555 2145 4596 ί
2179 4555 2596 4614 Alamannorum
2625 4561 2768 4614 enim
2809 4560 2966 4615 sedes
3006 4561 3056 4614 in
3087 4560 3278 4614 Suevia
3313 4568 3455 4614 trans
3490 4559 3647 4613 Rhe-

2048 4642 2196 4681 num.
2232 4629 2381 4683 Nunc
2412 4630 2598 4685 Rheno
2646 4631 2866 4698 trajecta
2911 4632 3216 4685 citeriorem
3261 4646 3470 4699 quoque
3515 4630 3638 4683 Ro-

2051 4714 2327 4770 manorum
2369 4702 2537 4770 ripam
2580 4700 2923 4755 infestabant.
2966 4701 3145 4769 Itaque
3193 4701 3243 4754 in
3278 4700 3397 4767 hac,
3437 4700 3483 4753 id
3518 4708 3641 4765 est,

2048 4768 2101 4840 in
2143 4768 2431 4824 Gallicana
2457 4771 2707 4835 victores,
2762 4771 2815 4825 in
2861 4768 3177 4826 Germanica
3226 4786 3385 4840 quam
3432 4770 3649 4825 dudum

2049 4838 2371 4902 incolebant.
2397 4841 2542 4895 cives
2564 4850 2739 4895 erant.
2767 4842 2873 4896 Sed
2906 4857 3009 4895 non
3042 4842 3207 4895 multo
3239 4838 3359 4906 post
3384 4841 3436 4894 in
3467 4841 3647 4895 Galli-

2044 4923 2232 4981 canam
2260 4913 2885 4980 quoque’immigrarunt,
2918 4921 3188 4981 totamque
3213 4913 3355 4965 illam
3389 4912 3644 4966 Maxima

2048 4978 2414 5051 SequariOrum
2462 4978 2668 5050 partem
2717 4993 3046 5050 occuparunt
3084 4978 3205 5051 qua:
3251 4996 3282 5035 a
3331 4981 3516 5035 Rheno
3562 4985 3641 5036 ad

2048 5048 2229 5103 Juram
2263 5066 2427 5119 usque
2464 5048 2702 5107 montem
2737 5048 3062 5121 porrigitur:
3102 5048 3188 5105 cui
3226 5061 3281 5106 et
3313 5067 3464 5106 nova:
3507 5051 3649 5105 Aia-

2048 5121 2503 5192 mauniaagnomen
2535 5123 2797 5177 fecerunt.
2831 5124 2902 5176 De
2924 5138 3026 5192 qua
3057 5123 3272 5192 quidem
3300 5122 3639 5176 Cisrhenana

2045 5203 2138 5244 seu
2168 5190 2367 5244 Gallica
2402 5192 2744 5254 Alamannia,
2791 5204 2899 5246 tum
2941 5190 3027 5247 alii
3076 5190 3271 5261 passim
3295 5234 3308 5256 ,
3344 5204 3449 5246 tum
3493 5194 3639 5246 Grc-

2045 5261 2227 5331 gorius
2258 5262 2585 5317 'l‘uroaensis
2625 5266 2677 5316 in
2711 5263 2825 5317 Vita
2865 5263 2959 5318 SS.
3003 5263 3240 5331 Lupicini
3274 5275 3328 5317 et
3356 5263 3579 5317 Romani
3624 5281 3638 5315 :

2047 5331 2155 5404 [illa
2188 5329 2420 5386 Jureusix
2461 5334 2646 5387 deserti
2684 5344 2903 5396 secreta,
2945 5349 3059 5404 qua:
3085 5329 3236 5386 inter
3275 5332 3641 5404 Burgundium

2046 5403 2501 5474 Alamanniamque
2529 5404 2647 5470 sita,
2672 5405 2927 5458 Aventicae
2949 5403 3187 5474 adjacent
3210 5403 3419 5459 civitati.

2047 5626 2201 5695 2H.)
2243 5628 2470 5686 Biumus
2510 5629 2782 5687 Sirmond.
2825 5630 3018 5699 editor,
3066 5628 3273 5700 prmfat.
3323 5629 3387 5685 ad
3433 5638 3564 5685 tum.
3593 5628 3644 5697 1,

2058 5700 2201 5769 §n.
