3946 6176
280 334 389 391 689

270 449 598 515 Cincinnate
626 447 796 513 venis,
825 457 1059 503 veterem
1090 464 1210 504 cum
1243 460 1294 505 te
1322 450 1493 505 induit
1519 468 1652 507 uxor

279 542 422 603 Ante
453 540 615 593 boves
645 537 914 604 trabeam,
942 539 1365 607 dictatoremque
1394 543 1610 609 saligna:

280 632 558 699 Excepere
586 629 750 695 fores,
778 638 941 700 atque
970 630 1034 683 ad
1063 646 1155 685 sua
1184 640 1320 686 tecta
1355 634 1610 689 ferentem

276 721 435 790 Quod
468 737 572 775 non
604 721 861 790 persevit,
890 722 1134 792 turpique
1159 737 1189 777 e
1219 721 1361 776 fascc
1390 736 1606 793 gravata

276 812 399 869 Vile
430 811 765 880 triumphalis
793 812 1023 880 portavit
1049 827 1279 881 purpura
1309 828 1515 868 semen.

348 902 421 957 Ut
456 902 683 971 primum
720 903 909 971 ingesti
943 902 1149 970 pondus
1180 905 1417 972 suscepit
1459 904 1700 969 honoris,

275 994 452 1064 Legas
485 994 576 1063 qui
630 995 839 1047 veniam
880 1003 1135 1063 poscant,
1176 995 1496 1062 Alamanne,
1533 993 1749 1049 furoris.

274 1087 515 1142 Saxonis
550 1087 793 1141 incursus
822 1096 1029 1151 cessat,
1063 1095 1089 1123 ⁸
1118 1087 1475 1158 Gatthumque
1506 1088 1727 1156 palustri

275 1180 475 1249 Alligat
504 1178 654 1233 Albis
683 1192 818 1247 aqua
843 1195 857 1232 :
891 1179 1084 1247 vixque
1114 1179 1213 1232 hoc
1245 1188 1326 1233 ter
1347 1188 1620 1234 menstrua
1653 1188 1819 1233 totum

274 1272 426 1326 Luna
463 1271 625 1335 videt.
658 1270 681 1307 δ
708 1270 936 1338 Jamque
963 1270 1028 1324 ad
1065 1271 1289 1340 populos
1322 1280 1375 1326 et
1404 1287 1526 1327 rura
1555 1272 1715 1329 feroci

274 1365 447 1418 Tcnta
484 1363 633 1418 Gette
662 1362 935 1431 protendit
962 1361 1084 1429 iter,
1121 1378 1222 1431 qua
1255 1363 1441 1429 pulsus
1473 1363 1541 1417 ab
1576 1373 1712 1421 :estu

275 1455 544 1516 Oceanus,
577 1454 802 1507 refluum
834 1452 1035 1521 spargit
1065 1466 1159 1521 per
1190 1452 1331 1506 culta
1364 1453 1687 1508 Garumnam
1707 1494 1722 1520 ,

276 1543 335 1597 ιη
371 1544 568 1596 flumen
607 1550 859 1596 currente
888 1542 1058 1595 mari:
1093 1542 1423 1597 transcendit
1454 1559 1668 1598 amarus

276 1636 479 1691 Blanda
502 1636 697 1689 fluenta
732 1635 894 1700 latex,
919 1634 1169 1703 fluviique
1199 1635 1422 1705 impacta
1457 1653 1553 1706 per
1577 1639 1785 1693 alveum

279 1728 435 1782 Salsa
463 1725 802 1795 peregrinum
833 1726 931 1780 sibi
961 1728 1171 1795 navigat
1199 1726 1337 1781 unda
1372 1728 1712 1796 profundum.

276 1816 376 1871 llic
393 1818 503 1884 jam
525 1816 783 1885 di5posito
810 1816 1047 1870 laxantes
1079 1816 1227 1871 frena
1257 1818 1435 1873 duello

278 1919 302 1947 ε
336 1907 598 1963 Vesorum
632 1922 882 1976 proceres
906 1908 1099 1976 raptim
1130 1908 1494 1977 suspenditab
1518 1910 1593 1964 ira

278 2002 505 2067 Rumor,
536 2001 563 2036 ⁴¹
592 1999 863 2055 succincte
896 2001 1135 2056 referens
1164 2000 1454 2071 diplomate
1486 2001 1697 2056 Avitum

274 2094 394 2146 Jam
425 2092 639 2148 Geticas
665 2093 869 2146 intrare
892 2091 1101 2156 domos,
1135 2093 1414 2163 positaque
1442 2108 1732 2163 parumper

274 2183 419 2238 Mole
444 2181 759 2252 magisterii,
787 2181 945 2250 legati
970 2181 1090 2250 jura
1118 2183 1345 2238 subisse.

273 2277 613 2344 Obstupuere
639 2274 801 2329 duces
831 2268 1035 2344 pariter
1065 2274 1454 2345 Scythicusque
1482 2285 1718 2345 senatus,

275 2367 347 2420 Et
384 2367 611 2420 timuere
637 2380 786 2419 suam
816 2379 1000 2435 pacem
1025 2379 1092 2418 ne
1115 2364 1252 2419 forte
1283 2374 1524 2432 negaret.

270 2459 365 2513 Sic
393 2459 582 2513 rutilus
615 2457 940 2513 Phaethonta
972 2456 1145 2512 levem
1167 2473 1287 2512 cum
1312 2467 1557 2527 carperet
1575 2459 1711 2525 axis,

270 2552 395 2613 iam
422 2551 648 2619 pallente
670 2549 775 2614 die,
807 2548 1156 2619 flagrantique
1185 2551 1354 2605 excita
1386 2551 1585 2607 mundo

274 2647 385 2698 Pax
412 2644 801 2698 elementorum
830 2642 1053 2711 fureret,
1087 2642 1169 2696 vel
1196 2642 1336 2697 sicca
1370 2645 1700 2715 propinquus

268 2737 501 2795 Saiviret
527 2750 620 2805 per
648 2743 832 2804 stagna
866 2749 1051 2803 vapor,
1082 2733 1346 2800 limusque
1367 2735 1540 2791 sitiret

270 2827 538 2881 Pnlrereo
566 2824 715 2894 ponti
746 2823 943 2886 fundo;
979 2832 1103 2878 tunc
1130 2826 1284 2879 unica
1316 2825 1502 2881 Phoebi

271 2918 550 2979 Insuetum
572 2916 810 2971 clemens
835 2917 1090 2979 exstinxit
1110 2916 1321 2971 flamma
1349 2919 1604 2974 calorem.

346 3007 510 3079 344
529 3007 621 3062 llic
642 3007 833 3076 aliquis
856 3018 964 3067 tum
989 3008 1124 3067 forte
1145 3008 1465 3073 Getes,dum
1490 3009 1623 3066 falce
1646 3019 1853 3066 recocta

269 3099 475 3155 Ictibus
499 3098 773 3165 informat,
800 3112 1039 3167 saxoque
1065 3099 1366 3154 cacuminat
1395 3114 1604 3168 ensem,

270 3191 388 3251 Jam
424 3198 706 3260 promptus
752 3166 979 3244 caluisse
1010 3189 1179 3254 tubis,
1207 3190 1314 3260 jam
1342 3190 1557 3261 jamque
1588 3166 1851 3264 frequenti
1879 3166 1924 3229 Ο

268 3284 435 3339 Ga-de
465 3284 771 3352 sepulturus
803 3293 1022 3349 terram,
1050 3297 1153 3336 non
1189 3283 1341 3338 hoste
1369 3284 1599 3353 sepulto,

270 3373 479 3430 Claruit
511 3383 564 3427 ut
592 3374 818 3442 primum
852 3388 1048 3427 nomen
1076 3372 1340 3428 venientis
1364 3376 1527 3442 Aviti,

270 3465 553 3520 Exclamat
579 3481 593 3517 :
624 3464 786 3519 Periit
810 3463 1034 3529 bellum,
1066 3463 1187 3520 date
1214 3480 1401 3519 rursus
1426 3475 1629 3524 aratra.

270 3556 394 3610 Otia
416 3556 459 3609 si
493 3555 696 3623 replico
725 3554 915 3624 prisca:
939 3554 1075 3609 bene
1105 3564 1228 3609 uota
1259 3558 1476 3626 quietis,

271 3646 394 3703 Non
424 3647 593 3701 semel
624 3646 721 3699 iste
745 3644 873 3699 mihi
903 3645 1102 3700 ferrum
1128 3647 1286 3700 tulit:
1317 3663 1349 3701 ο
1378 3650 1578 3717 pudor!
1612 3666 1642 3706 ο
1667 3652 1739 3707 dii
1766 3655 1779 3708 Ξ

270 3737 505 3795 Tantum
535 3751 694 3806 posse
711 3736 900 3791 ﬁdem!
928 3737 1054 3807 quid
1079 3736 1284 3794 fmdcra
1305 3739 1447 3794 lenta
1468 3742 1729 3817 minaris,_

347 3879 374 3908 ιι
406 3870 458 3923 ld
491 3878 574 3925 est
617 3868 918 3940 Francuan
942 3868 1122 3940 Catthi
1149 3871 1292 3925 enim
1339 3874 1516 3940 populi
1554 3875 1861 3937 Germania:

272 3940 341 3995 ad
383 3941 626 3995 Rhenum
646 3980 679 4016 ,_
703 3940 842 3993 inter
881 3937 1309 4016 Francicas_seu
1340 3937 1599 4016 :lj‘rauciei
1640 3950 1854 4016 imperii

270 4022 462 4080 gentes
504 4011 892 4073 censebantur;
930 4024 1078 4080 quos
1127 4011 1285 4064 etiam
1344 4012 1669 4072 Mareomere
1714 4011 1856 4075 duce

272 4079 604 4136 Francorum
629 4080 885 4135 adversus
913 4079 1260 4147 Arbogastem
1286 4082 1413 4135 olim
1444 4086 1700 4143 militasse
1726 4091 1857 4143 seri-

272 4162 494 4219 pserat,
535 4151 794 4219 Gregorio
846 4159 1015 4215 teste,
1056 4152 1322 4220 Sulpicius
1368 4153 1672 4212 Alexander
1719 4161 1856 4216 libro

273 4232 454 4276 tertio.

347 4289 620 4366 b_S_edatis
663 4289 882 4343 aliarum
910 4290 1147 4366 gentium
1180 4292 1441 4366 motibus,
1475 4298 1662 4366 reliqui
1703 4310 1855 4355 erant

274 4361 471 4428 Gothi,
500 4360 565 4414 ad
597 4375 727 4425 quos
758 4360 1023 4432 pacandos
1054 4362 1240 4415 Avitus
1284 4364 1397 4429 ipse
1428 4360 1707 4432 protei-ius
1747 4378 1851 4425 est,

1755 332 2079 389 CARMINA.

1893 464 1933 520 Δ
1966 466 2020 520 In
2047 462 2297 519 damnum
2326 456 2454 511 mihi
2484 456 2588 512 [ide
2619 472 2793 511 meum
2820 457 3184 527 lcompendia
3217 459 3364 529 pacis

3434 345 3537 399 6'30

1967 558 2031 612 Et
2066 560 2322 623 praestare
2341 550 2497 619 jubes
2526 564 2646 613 nos,
2671 549 2733 603 et
2762 549 2955 605 debere
2981 570 2994 603 :
3028 552 3146 621 quis
3177 568 3407 622 unquam

1960 640 2252 693 Crederet?
2281 657 2345 693 en
2373 640 2540 695 Getici
2561 655 2712 710 reges
2741 656 2931 709 parere
2972 643 3234 711 volentes,
3312 675 3332 699 κ

1963 730 2185 786 Inferius
2211 747 2463 801 regnasse
2486 742 2700 799 putant;
2732 747 2831 787 nec
2858 732 3035 788 dicere
3061 735 3234 789 saltim

1958 824 2149 878 Pacem
2180 825 2332 878 fortis
2355 840 2539 891 amas;
2568 828 2676 893 jam
2707 825 2906 894 parteis
2928 827 3117 880 sternit
3146 828 3331 882 Avitus
3355 845 3369 894 ;

1959 915 2181 984 Insuper
2210 925 2262 970 et
2292 915 2504 971 Geticas
2531 916 2841 986 prtemissus
2867 917 3101 972 continet
3125 918 3232 972 iras

1958 1007 2252 1062 Messianus
2276 1025 2288 1059 :
2317 1007 2490 1061 adhuc
2511 1008 2795 1073 mandasti,
2832 1017 2887 1062 et
2915 1008 3160 1078 ponimus
3183 1024 3350 1062 arma.

1958 1099 2094 1166 Quid
2112 1102 2453 1169 restat,quod
2475 1115 2632 1170 posse
2646 1100 2809 1156 velis?
2832 1101 2973 1170 quod
2999 1118 3103 1156 non
3128 1117 3312 1156 sumus
3334 1103 3533 1170 hostes,

1960 1195 2126 1249 Parva
2159 1212 2282 1251 reor
2308 1213 2324 1263 ;
2359 1198 2533 1265 prisco
2560 1205 2617 1251 tu
2646 1198 2690 1252 si
2719 1197 2850 1252 mihi
2880 1207 3037 1252 notus
3059 1199 3113 1252 in
3143 1207 3267 1254 actu
3296 1213 3376 1265 es,

1960 1289 2247 1347 Auxiliaris
2276 1304 2392 1354 ero,
2422 1290 2505 1344 vel
2536 1290 2615 1343 sic
2642 1306 2877 1359 pugnare
2902 1291 3103 1346 licebit.

2029 1381 2154 1434 Hrec
2181 1396 2359 1435 secum
2391 1381 2560 1450 rigido
2589 1382 2758 1435 Vesus
2786 1381 2911 1436 dum
2939 1381 3101 1435 corde
3129 1382 3349 1447 volutat,

1963 1469 2188 1525 Ventum
2219 1470 2270 1524 in
2300 1481 2647 1540 consliectum
2686 1470 2875 1525 fuerat.
2919 1472 3029 1525 Rex
3063 1484 3221 1541 atque
3259 1473 3531 1542 magister,

1957 1559 2184 1628 Propter
2204 1562 2590 1627 constiterant;
2621 1561 2705 1614 hic
2730 1562 2875 1615 vultu
2906 1571 3138 1627 erectus,
3158 1572 3211 1615 at
3234 1562 3324 1616 ille

1957 1651 2163 1706 Lzetitia
2191 1653 2424 1717 erubuit,
2450 1655 2769 1722 veniamque
2800 1655 2994 1709 rubore
3023 1655 3284 1723 poposcit.

1961 1753 1985 1781 θ
2012 1743 2145 1798 Post
2170 1744 2293 1799 hinc
2318 1760 2573 1814 germano
2604 1746 2765 1818 regis,
2799 1745 2922 1799 binc
2954 1761 3078 1814 rege
3102 1753 3333 1809 retento,

1882 1811 1930 1871 Β
1962 1834 2253 1889 Palladiam
2280 1811 2553 1903 implicitis
2585 1811 2829 1890 manibus
2858 1811 3069 1890 subiere
3093 1836 3361 1891 Tolosam.

1964 1926 2113 1980 llaud
2142 1941 2296 1981 secus
2318 1928 2532 1981 insertis
2562 1928 2627 1980 ad
2660 1928 2958 1995 pulvinaria
2989 1928 3182 1996 palmis

1962 2015 2221 2070 Romulus
2246 2023 2301 2070 et
2329 2016 2512 2070 Tatius
2540 2016 2710 2071 foedus
2743 2014 2762 2052 ί
2791 2017 2992 2086 jecere.
3027 2027 3052 2065 ις
3078 2027 3356 2085 parentum

1959 2106 2091 2160 Cum
2117 2107 2283 2172 ferro,
2314 2114 2366 2160 et
2395 2107 2594 2162 rabidis
2623 2117 2849 2177 cognato
2882 2110 2933 2161 in
2963 2107 3129 2164 Marte
3157 2108 3362 2163 maritis

1960 2198 2184 2253 Hersilia
2218 2199 2441 2253 inseruit
2466 2199 2721 2254 Pallantis
2745 2201 2883 2255 colle
2915 2201 3162 2256 Sabinas.

2028 2288 2188 2363 345
2227 2286 2255 2327 ιι
2278 2290 2483 2344 interea
2515 2290 2779 2345 incautam
2804 2292 3010 2346 furtivis
3038 2292 3310 2346 Vandalus
3340 2293 3501 2348 armis

1957 2378 2034 2433 Te
2061 2382 2224 2449 capit,
2254 2379 2525 2449 infidoque
2558 2381 2651 2435 tibi
2674 2382 2979 2451 Burgundio
3008 2384 3171 2437 ductu

1958 2470 2262 2538 Extorquet
2292 2471 2524 2540 trepidas
2555 2472 2820 2525 mactandi
2850 2472 3106 2542 principis
3136 2474 3267 2535 iras.

1957 2560 2073 2615 lleu
2098 2560 2345 2615 facinus!
2380 2562 2430 2615 in
2454 2561 2591 2615 bella
2622 2563 2835 2626 iterum,
2864 2572 3191 2633 quartosque
3222 2565 3433 2620 labores

1958 2653 2163 2709 Perfida
2192 2655 2408 2708 Elissece
2438 2654 2760 2708 crudescunt
2786 2656 3007 2709 classica
3042 2657 3241 2726 Byrsm.

1961 2743 1979 2781 ί
2014 2743 2235 2798 Nutritis
2264 2743 2403 2810 quod
2432 2743 2532 2796 fata
2567 2745 2804 2797 malum?
2831 2744 3229 2799 Conscendcrat
3258 2760 3408 2801 arces

1958 2833 2192 2889 Evandri
2217 2833 2445 2904 Massyla
2471 2833 2724 2901 phalanx,
2766 2844 3088 2904 montesque
3116 2836 3324 2902 Quirini

1957 2926 2255 2981 Marmarici
2291 2940 2536 2993 pressere
2566 2924 2749 2994 pedes,
2774 2941 3066 2994 rursusque
3094 2928 3304 2981 revexi

1955 3018 2082 3086 Quae
2106 3017 2312 3086 captiva
2337 3016 2484 3070 dedit
2510 3017 2777 3085 quondam
2802 3016 3065 3085 stipendia
3098 3016 3323 3071 Barehe.

1959 3110 2217 3165 Exsilium
2251 3121 2484 3179 patrum,
2512 3109 2681 3178 plebis
2705 3109 2863 3175 mala,
2899 3110 3137 3179 principe
3166 3126 3308 3164 czeso

1956 3201 2234 3270 Captivum
2266 3200 2547 3265 imperium
2575 3199 2639 3253 ad
2668 3198 2885 3253 Getieas
2907 3215 3090 3253 rumor
3119 3200 3244 3252 tulit
3269 3215 3449 3259 aures.

1957 3292 2101 3347 Luce
2126 3305 2261 3345 nova
2284 3300 2523 3345 veterum
2553 3298 2723 3344 castus
2753 3289 2820 3344 de
2840 3304 2987 3343 more
3017 3291 3268 3344 Getarum

1957 3382 2303 3439 Contrahitur
2330 3398 2345 3447 ;
2371 3392 2476 3435 stat
2503 3382 2676 3450 prisca
2704 3382 2880 3448 annis,
2903 3380 3194 3451 viridisque
3217 3391 3464 3437 senectus

1960 3475 2254 3539 Consiliis;
2285 3474 2532 3543 squalent
2559 3482 2757 3537 vestes,
2788 3488 2852 3527 ac
2876 3472 3092 3526 sordida
3122 3488 3303 3525 macro

1959 3565 2145 3621 Lintea
2173 3566 2523 3633 pinguescunt
2543 3570 2715 3630 tergo,
2744 3575 2843 3614 nec
2866 3570 3080 3630 tangere
3110 3569 3332 3628 possunt

1954 3657 2145 3711 Allata:
2165 3669 2343 3709 suram
2376 3652 2564 3721 pelles,
2593 3667 2656 3705 ac
2686 3651 2888 3719 p0p|ite
2916 3650 3060 3704 nudo

1956 3746 2221 3802 Peronem
2251 3758 2455 3814 pauper
2483 3741 2654 3797 nodus
2674 3740 2953 3810 suspendit
2977 3740 3252 3809 equinum.

1957 3883 2109 3950 tegit.
2138 3894 2258 3934 cum
2293 3878 2567 3950 proximus
2607 3877 2944 3950 Theodorico
2974 3886 3147 3950 aetate,
3174 3878 3365 3950 fuerit,
3400 3886 3533 3936 teste

1955 3947 2245 4011 Jurnande,
2279 3947 2307 4002 a
2339 3963 2442 4007 uno
2469 3947 2789 4003 Theudorici
2821 3949 3049 4002 senioris
3079 3949 3170 4002 lilii
3210 3948 3398 4004 ordine
3430 3967 3531 4005 nu-

1955 4031 2249 4077 merantur.
2282 4019 2322 4073 Τ
2330 4017 2710 4072 horismundus
2732 4058 2746 4078 ,
2778 4018 3168 4083 Theudoricus,
3202 4020 3529 4083 Fridericus,

1961 4092 2216 4153 Euricus,
2244 4088 2566 4161 [tutemet-is
2591 4100 2643 4141 et
2684 4088 3056 4161 llimmericus.
3107 4088 3533 4161 'l‘ltorisuiuudus

1958 4164 2095 4231 patri
2127 4163 2178 4214 in
2221 4157 2569 4231 Mauriacensi
2610 4172 2781 4231 pugna
2810 4157 3020 4231 mortuo
3046 4159 3323 4231 successit,
3351 4161 3533 4231 tertio-

1957 4227 2062 4301 que
2112 4239 2230 4297 post
2266 4245 2407 4282 anno
2450 4244 2479 4281 a
2509 4228 2551 4282 Τ
2558 4229 2843 4301 he_odorico
2878 4236 2932 4282 et
2971 4227 3248 4301 Fridetjco
3278 4228 3530 4301 fratribus

1958 4297 2177 4356 necatus
2225 4308 2327 4354 est.
2368 4301 2444 4353 lta
2495 4298 2651 4369 134
2696 4313 2913 4367 regnum
2970 4298 3086 4352 iniit
3140 4297 3528 4362 Theodericus,

1955 4372 2022 4425 ad
2061 4387 2218 4440 quem
2271 4371 2383 4422 huc
2403 4370 2636 4440 legatio.
2672 4370 2799 4423 Post
2843 4369 3244 4440 Theodericum
3291 4369 3533 4440 regnavit

274 4433 403 4511 llmc
435 4433 713 4511 posterior,
746 4445 902 4498 quam
926 4431 1068 4511 dixi,
1108 4432 1223 4511 ejus
1255 4431 1568 4511 legatio,_ad
1607 4439 1849 4494 Theodo-
1882 4445 1934 4506 D
1961 4431 2213 4505 Euri'cus;
2248 4441 2368 4507 quia
2400 4431 2701 4511 Fridericus
2729 4440 2795 4511 ad
2838 4454 2993 4511 quem
3020 4431 3375 4511 successionis
3396 4437 3529 4511 ordo

277 4502 755 4578 rieum_juniorcm
805 4502 1095 4567 superioris
1146 4502 1359 4578 filiuni:
1401 4507 1565 4578 cujus
1606 4511 1850 4578 hortatu,

277 4588 399 4649 eum
431 4572 638 4649 elusa:
681 4586 798 4649 una_
828 4579 1036 4640 essent,
1068 4572 1245 4625 audita
1278 4571 1489 4628 Maximi
1519 4577 1657 4646 Aug.
1689 4571 1852 4649 nece,

275 4642 562 4711 imperium
593 4641 846 4706 suscepit.

354 4723 377 4752 ο
423 4714 589 4765 Vesus
635 4711 907 4784 dimidiata
956 4712 1263 4784 vogceidicit
1299 4712 1657 4784 Wisigolltos,
1710 4719 1850 4783 sive,

279 4793 338 4836 ut
380 4784 521 4847 apud
567 4791 801 4836 veterem
851 4781 1052 4835 lloratii
1101 4781 1479 4851 interpretem,
1528 4781 1853 4843 .lornarntcin

280 4863 335 4907 et
375 4854 512 4906 alios
546 4852 763 4918 legitur,
806 4851 1171 4920 Vesogotltos,
1216 4855 1365 4917 quasi
1412 4855 1531 4909 Vesi
1574 4874 1697 4915 pars
1744 4866 1855 4914 lue-

280 4924 388 4976 rint
423 4921 741 5045 gilitlhorum.
771 4920 826 4975 In
859 4925 1181 4992 panegyrico
1211 4924 1527 4993 Majoriani:
1561 4925 1711 4997 Geta,
1756 4929 1854 4985 γε·

280 5009 397 5045 σιω.
497 5008 512 5044 ι
538 5007 609 5044 es.

307 5009 365 5045 ιω
380 5033 397 5045 .
432 5002 609 5045 Alites.

279 5010 365 5047 σιω
432 5010 609 5045 ames.

351 5033 666 5117 d’Brevibus
692 5061 886 5133 litteris
908 5061 1049 5116 Aviti
1079 5078 1210 5133 quas
1245 5064 1503 5120 adventus
1534 5068 1613 5121 sui
1646 5072 1857 5124 nuntias

281 5134 623 5210 praemiserat
672 5148 764 5198 per
790 5131 1156 5210 _Iilessia_uum.
1211 5134 1603 5210 Tertullianus”
1626 5141 1854 5210 Apolog.

280 5201 403 5272 Cap.
435 5203 543 5259 εκ
654 5203 859 5255 nuntios
888 5203 1105 5279 tardos!
1134 5220 1163 5257 ο
1192 5206 1529 5279 somniculosa
1552 5201 1855 5279 diplomata,

281 5290 500 5349 quorum
539 5273 657 5349 uitio
706 5287 964 5349 caecarum
1006 5274 1324 5342 imperatoris
1370 5292 1472 5328 non
1516 5273 1633 5330 ante
1677 5273 1858 5349 Cybele

284 5346 514 5417 cognovit
539 5343 560 5398 !
590 5344 892 5417 Messianus
908 5358 1043 5417 vero
1063 5349 1106 5396 is
1133 5354 1215 5399 est
1237 5360 1393 5417 quem
1420 5361 1599 5417 postea
1633 5348 1685 5400 in
1713 5343 1859 5417 prin-

284 5412 462 5480 cipatu
503 5413 931 5483 patriciumisibi
976 5414 1175 5483 allegit.
1238 5412 1400 5469 Vetus
1420 5412 1730 5471 'ehronicon
1778 5421 1859 5475 in-

286 5486 418 5538 certi
457 5482 688 5537 auctoris
722 5500 735 5535 :
784 5482 971 5551 Captus
1017 5482 1103 5537 est,
1130 5486 1306 5539 Avitus
1354 5483 1635 5540 Placentia:
1686 5506 1716 5542 a
1748 5509 1854 5544 ma-

291 5557 446 5630 gistro
473 5555 691 5630 militum
720 5552 998 5623 Ricimere,
1037 5568 1084 5608 et
1119 5556 1309 5608 occisus
1344 5567 1415 5610 est
1453 5556 1738 5613 Messianus
1765 5579 1860 5630 pu-

290 5626 470 5696 tricius
495 5628 626 5696 ejus.

366 5705 388 5730 ο
433 5693 724 5748 ἳτῐάρτίοο.
780 5694 935 5766 Hune
974 5694 1283 5766 enimgesse
1326 5698 1557 5751 arbitror
1604 5701 1691 5766 qui
1737 5715 1855 5755 cuin

292 5762 623 5834 Theoderico
645 5780 771 5835 rege
793 5765 1024 5823 medium
1050 5764 1283 5831 Avitum.
1309 5767 1529 5825 honoris
1557 5762 1712 5833 causa
1738 5787 1855 5842 pro-

1959 4513 2277 4582 pertinebat,
2300 4509 2620 4582 paitloaiite,
2644 4518 2698 4562 ut
2727 4508 2925 4582 ldatius
2949 4508 3138 4582 refert.
3157 4509 3206 4560 in
3239 4508 3529 4582 Armoricis

1957 4578 2300 4637 occubuerat.
2352 4578 2427 4631 De
2472 4578 2569 4632 hoc
2610 4579 2724 4645 ipso
2755 4578 3028 4631 Friderico
3060 4578 3271 4632 llilarus
3312 4592 3443 4647 papa
3472 4578 3527 4631 in

1959 4651 2182 4721 epistola
2215 4649 2279 4701 ad
2297 4648 2591 4721 Leontium
2619 4648 3013 4703 Arelatensem.

2033 4720 2052 4757 ί
2088 4720 2261 4787 Aliqui
2294 4717 2434 4782 libri,
2472 4718 2626 4772 icere.

2030 4799 2055 4837 ε
2086 4786 2371 4843 Parentum
2402 4802 2594 4841 nomen
2635 4786 2699 4838 ad
2729 4786 2954 4840 Sabinas
2983 4786 3170 4841 referri
3202 4787 3379 4848 debet.
3412 4804 3530 4854 qua:

1958 4860 2100 4916 betlo
2126 4860 2343 4914 Sabino.
2368 4858 2574 4911 llomuli
2606 4857 2828 4910 Hersilia
2858 4857 2992 4911 duce
3019 4873 3183 4922 ausae,
3214 4868 3270 4910 ut
3297 4858 3530 4926 loquitur
3569 4871 3590 4889 ·

1958 4931 2173 4997 Livius,
2216 4945 2273 4982 se
2312 4930 2448 4982 inter
2494 4927 2598 4982 tela
2633 4928 2860 4981 volantia
2911 4928 3144 4991 inferre,
3188 4929 3308 4979 hinc
3354 4938 3531 4993 patres

1961 5002 2088 5055 hinc
2125 5002 2267 5053 viros
2293 4998 2525 5060 orando,
2557 4998 2820 5052 diretnere
2851 4997 3070 5052 infestas
3098 4998 3240 5052 acies
3263 4997 3532 5067 dueeSque

1959 5072 2024 5125 ad
2056 5071 2227 5124 fmdus
2256 5069 2551 5123 faciendum
2576 5083 2908 5136 permovere.

2029 5139 2059 5179 Ιι
2086 5143 2440 5196 Consentium
2467 5154 2674 5203 omnes,
2706 5138 3012 5192 Petronium
3044 5137 3356 5200 Maximum,
3389 5151 3529 5189 nun-

1963 5210 2092 5267 tiato
2131 5210 2403 5267 Genserici
2444 5208 2707 5272 adventu,
2752 5209 2806 5262 in
2849 5208 2960 5275 ipsa
3003 5209 3139 5275 fuga:
3180 5207 3529 5275 trepidatione

1960 5285 2193 5337 occisum
2223 5299 2234 5333 :
2267 5281 2330 5333 de
2361 5288 2575 5333 auctore
2599 5278 2744 5332 necis
2766 5280 2897 5331 mira
2929 5280 3251 5346 scripturum
3278 5276 3526 5329 varietas.

1963 5354 2191 5419 Prosper
2214 5352 2281 5406 ab
2309 5350 2561 5404 Eudoxia:
2592 5351 2788 5417 reginae
2815 5349 3026 5402 famulis
3053 5348 3378 5419 dilaniatum,
3396 5346 3528 5419 llas-

1960 5414 2206 5478 siodorus
2234 5439 2261 5475 a
2295 5422 2548 5475 militibus
2590 5414 2907 5474 exstinctum
2928 5461 2942 5485 ,
2975 5418 3270 5473 Jornandcs
3296 5417 3362 5467 ab
3396 5414 3529 5467 Ursu

1962 5495 2126 5547 milite
2168 5494 2407 5545 llomano
2453 5492 2829 5559 interemptum
2870 5490 3061 5550 tradit,
3113 5485 3467 5559 Theophanes
3498 5504 3527 5539 υ

1962 5565 2091 5617 suis.
2118 5566 2371 5635 Μάξιμος,
2411 5554 2771 5635 ἰῐιςιυίιΣ-ἳνῦγῇ
2804 5557 3165 5635 ἐχρήσατω-εή
3296 5556 3528 5635 ausaausa;

1967 5636 2103 5703 αὐτῷ
2145 5616 2334 5688 adeo;
2358 5616 2533 5687 ἀύτὸἷδ.
2583 5616 3259 5703 Sidoniushllurgnndionis
3310 5625 3529 5703 alicujus

1963 5698 2185 5758 fortasse
2215 5704 2282 5756 de
2323 5703 2502 5755 schola
2546 5710 2902 5765 protectorum
2933 5698 3093 5751 ductu
3125 5711 3318 5751 caesum
3349 5698 3525 5752 docet.

2040 5772 2055 5811 ί
2090 5775 2147 5829 lu
2179 5774 2408 5829 editione
2438 5772 2780 5828 Wouweren.
2812 5768 3062 5823 nutristis.
