3946 6176
494 313 592 370 691

564 434 851 505 Postquam
880 435 931 490 in
960 434 1245 492 concilium
1275 432 1544 489 seniorum
1577 431 1722 487 venit
1744 432 1951 486 honora

492 526 803 595 l’auperies,
837 528 1092 598 pacisque
1121 525 1281 581 simul
1304 540 1403 579 rex
1432 523 1590 579 verba
1621 525 1864 593 poposcit
1893 542 1905 577 :

491 621 605 675 Dux
635 622 742 675 ait:
768 629 795 657 ι
825 621 1108 690 Optassem
1137 619 1324 689 patriis
1351 631 1575 673 securus
1602 617 1654 671 in
1684 616 1829 673 arvis

489 712 786 766 Emeritam
818 711 991 766 fateor
1015 726 1229 781 semper
1261 710 1454 765 fovisse
1485 708 1741 779 quietem,

489 805 569 859 Ex
591 820 697 875 quo
723 804 753 844 δ
782 805 988 859 militia:
1016 814 1141 874 post
1169 804 1349 858 munia
1379 802 1533 866 trina,
1566 802 1855 870 superbum

486 896 829 950 l'raafcctura:
855 896 1062 964 apicem
1085 905 1275 964 quarto
1300 893 1409 962 jam
1445 893 1675 947 culmine
1707 890 1841 945 rexi.

486 988 591 1043 Sed
620 988 745 1042 dum
782 1003 869 1043 me
898 987 1067 1042 nostri
1097 986 1350 1056 princeps
1380 984 1538 1038 modo
1568 983 1828 1037 Maximus
1854 981 2001 1038 orbis

485 1077 758 1146 Ignarum,
792 1079 1092 1143 absentem,
1126 1089 1407 1145 procerum
1440 1082 1558 1143 post
1590 1072 1736 1127 mille
1766 1071 2031 1142 repulsas,

488 1168 573 1222 Ad
605 1169 761 1225 lituos
790 1177 909 1238 post
930 1168 1051 1238 jura
1075 1176 1252 1235 vocat,
1278 1168 1551 1237 voluitque
1577 1165 1785 1221 sonoris

484 1258 797 1316 Pra‘conem
831 1270 1043 1313 mutare
1071 1258 1233 1325 tubis,
1263 1257 1694 1328 promptissimus
1719 1255 1857 1311 istud

483 1350 703 1419 Arripui
733 1350 990 1415 officium,
1015 1365 1109 1403 vos
1131 1366 1236 1419 quo
1258 1350 1463 1417 legatus
1493 1348 1718 1402 adirem.

486 1441 712 1497 Foedera
746 1443 916 1510 prisca
948 1457 1159 1511 precor,
1190 1456 1310 1512 qum
1337 1454 1478 1493 nunc
1504 1454 1657 1493 meus
1686 1439 1774 1493 ille
1802 1448 2028 1501 teneret,

483 1534 769 1588 Jussissem
802 1535 846 1588 si
871 1535 1028 1597 forte,
1054 1548 1244 1596 senex,
1285 1532 1370 1587 cui
1402 1546 1614 1599 semper
1639 1531 1852 1585 Avitum

483 1626 646 1697 3&6
668 1627 876 1683 Sectari
896 1627 1138 1681 crevisse
1169 1625 1297 1691 fuit;
1324 1633 1552 1679 tractare
1580 1624 1819 1679 solebam

481 1719 591 1774 Res
616 1719 828 1775 Geticas
858 1720 984 1781 olim
1007 1737 1020 1772 :
1049 1719 1154 1775 scis
1176 1728 1228 1774 te
1251 1719 1489 1774 nescisse
1515 1717 1824 1785 frequenter

480 1813 613 1877 Quae
638 1813 806 1877 suasi,
837 1814 935 1868 nisi
964 1813 1121 1866 facta.
1144 1811 1342 1866 Tamen
1375 1811 1587 1865 fortuna
1616 1810 1850 1880 priorem

479 1904 729 1973 Abripuit
758 1905 1011 1972 genium;
1044 1903 1201 1972 periit
1235 1902 1588 1972 quodcunque
1620 1901 1886 1967 merebar,

480 1995 612 2050 Cum
635 1996 879 2065 genitore
908 2004 999 2048 tuo
1032 2004 1054 2032 ο
1083 1993 1384 2049 Narbonem
1411 1993 1531 2046 tabe
1562 1992 1794 2048 solutum

478 2087 756 2143 Ambierat
782 2086 860 2155 (tu
887 2099 1078 2152 parvus
1103 2084 1270 2155 eras),
1296 2083 1613 2153 trepidantia
1635 2083 1856 2154 cingens

479 2177 666 2241 Millia,
699 2178 748 2230 iu
773 2177 999 2239 infames
1017 2176 1124 2245 jam
1152 2176 1371 2246 jamque
1398 2183 1649 2244 coegerat
1674 2189 1858 2239 escas;

478 2270 595 2323 .lam
629 2270 800 2324 tristis
825 2270 1055 2343 propriae
1083 2268 1335 2323 credebat
1364 2267 1550 2323 defore
1580 2267 1797 2338 pra‘dte,

479 2360 533 2414 Si
565 2361 780 2417 clmsus
811 2361 1040 2419 fortasse
1070 2363 1241 2432 perit;
1270 2376 1390 2415 cum
1422 2369 1603 2415 nostra
1630 2360 1879 2430 probavit

479 2452 731 2515 tlonsilia,
761 2463 814 2511 et
844 2452 1031 2522 refugo
1052 2453 1247 2506 laxavit
1278 2453 1475 2506 moenia
1500 2452 1657 2507 bello.

480 2543 665 2612 Teque
695 2543 868 2612 ipsum
895 2543 1040 2614 (sunt
1065 2557 1191 2597 ecce
1218 2542 1396 2612 senes)
1430 2542 1530 2596 hoc
1559 2551 1778 2612 pectore
1806 2541 1971 2596 fotum

478 2634 576 2689 lim
604 2635 818 2690 ﬂentem
844 2645 1063 2691 tenuere
1087 2650 1299 2703 manus,
1328 2635 1373 2690 si
1404 2635 1625 2690 forsitan
1648 2637 1807 2691 altrix

478 2725 556 2780 Te
587 2726 740 2791 mihi,
771 2742 889 2781 cum
916 2727 1109 2793 nolles,
1146 2727 1449 2782 lactandum
1480 2727 1712 2783 tolleret.
1751 2727 1888 2782 Ecce

477 2819 740 2885 Advenio,
765 2829 818 2876 et
842 2822 999 2889 prisci
1028 2830 1215 2890 repeto
1238 2821 1399 2875 modo
1427 2824 1620 2892 pignus
1647 2823 1866 2877 amoris.

478 2911 535 2964 Si
564 2911 656 2965 tibi
688 2912 830 2965 nulla
867 2912 1021 2977 fides,
1051 2913 1195 2966 nulla
1217 2923 1300 2966 est
1320 2912 1618 2966 reverentia
1643 2913 1834 2980 patris,

478 3004 500 3055 Ι
524 3002 711 3069 durus,
741 3018 1036 3072 pacemque
1063 3019 1213 3069 nega.
1242 3003 1545 3074 Prorumpit
1572 3005 1639 3058 ab
1666 3006 1811 3058 omni

476 3093 719 3153 Murmur
746 3095 1008 3149 concilio:
1037 3095 1385 3166 fremitusque
1410 3105 1464 3151 et
1493 3096 1673 3167 prmlia
1702 3097 1983 3158 damnans.

478 3182 740 3237 Seditiosa
764 3189 874 3243 ciet
900 3186 1216 3241 concordem
1247 3187 1397 3242 turba
1431 3189 1732 3245 tumultum.

550 3276 684 3333 Tum
717 3293 809 3332 rex
830 3276 1061 3356 effatur:
1094 3277 1121 3314 τί
1153 3277 1382 3344 Dudum,
1414 3279 1518 3335 dux
1547 3280 1763 3353 inclyte,
1793 3282 1950 3350 culpo

477 3366 708 3423 Poscere
730 3378 782 3424 te
812 3384 994 3437 pacem
1022 3377 1282 3435 nostram,
1306 3385 1424 3425 cum
1448 3387 1641 3439 cogere
1672 3374 1843 3441 possis

477 3461 790 3525 Servitium,
818 3461 1032 3518 trahere
1059 3477 1121 3517 ac
1153 3464 1375 3532 populos
1405 3463 1456 3516 in
1481 3464 1615 3519 bella
1643 3479 1901 3533 sequaces

474 3551 555 3608 Ne
585 3568 765 3621 quteso
796 3553 1047 3608 invidiam
1071 3555 1243 3624 patrio
1274 3555 1403 3609 mihi
1435 3556 1651 3610 nomine
1679 3557 1892 3610 inuras:

475 3644 612 3713 Quid
642 3660 872 3709 mereor,
906 3646 947 3697 si
972 3646 1111 3699 nulla
1140 3646 1340 3714 jubes?
1371 3647 1600 3703 suadere
1631 3647 1730 3703 sub
1750 3649 1841 3703 ilz'o

476 3735 629 3803 Quod
655 3747 892 3805 poteras,
912 3736 1071 3789 modo
1097 3739 1231 3791 velle
1259 3746 1341 3791 sat
1361 3746 1464 3801 est,
1490 3740 1769 3805 solumque
1790 3752 2047 3809 moratur,

475 3827 625 3894 Quod
658 3826 866 3893 cupias,
890 3828 1123 3881 nescisse
1153 3827 1342 3882 Getas:
1374 3828 1502 3882 mihi
1530 3829 1752 3884 Romula
1781 3832 1979 3888 dudum

473 3919 579 3977 Per
606 3925 657 3971 te
685 3916 804 3985 jura
834 3918 1042 3985 placent
1068 3935 1080 3970 :
1116 3932 1448 3988 parvumque
1479 3923 1720 3977 ediscere
1746 3922 1908 3990 jussit

476 4008 555 4064 Ad
586 4019 671 4061 tua
699 4008 856 4063 verba
891 4017 1057 4076 pater,
1088 4009 1245 4064 docili
1277 4026 1383 4080 quo
1412 4014 1582 4080 prisca
1613 4014 1847 4068 Maronis

476 4099 730 4154 Carmine
764 4095 997 4154 molliret
1026 4100 1302 4172 Scythicos
1332 4102 1459 4157 mihi
1488 4103 1675 4172 pagina
1705 4119 1902 4158 mores.

471 4191 587 4246 lam
618 4207 801 4261 pacem
843 4201 951 4246 tum
981 4195 1119 4248 velle
1144 4196 1341 4260 doces;
1374 4196 1465 4248 sed
1500 4197 1731 4264 percipe,
1763 4213 1880 4266 qua:
1910 4199 1979 4253 sit

469 4281 716 4337 Conditio
746 4276 1010 4352 obsequii,
1039 4283 1218 4337 forsan
1250 4294 1364 4338 rata
1395 4297 1549 4353 pacta
1573 4286 1843 4356 probabis.

1780 311 2023 367 SlDONIl
2068 311 2515 371 APOLLINARIS

2106 437 2153 494 Α
2184 429 2341 506 3ᾰ7
2374 434 2595 499 Testor,
2630 433 2798 488 Roma
2818 475 2831 495 ,
2857 442 3006 488 tuum
3037 433 3191 490 nobis
3214 434 3516 491 venerabile
3539 451 3738 510 numen,

3643 323 3738 380 (ὖῦῖ

2184 525 2249 578 Et
2270 528 2473 581 socium
2499 526 2567 581 de
2596 525 2761 581 Marte
2790 539 2981 595 genus,
3018 525 3100 580 vel
3123 524 3380 595 quidquid
3408 525 3476 580 ab
3504 543 3631 595 ωηο,

2178 613 2285 686 (Nil
2314 625 2364 671 te
2392 615 2622 669 mundus
2652 615 2811 669 habet
2834 614 3046 680 melius,
3082 616 3153 669 nil
3178 615 3292 685 ipsa
3321 616 3532 688 senatu)

2176 707 2258 763 Me
2282 722 2465 777 pacem
2497 723 2718 764 servare
2746 709 2863 774 tibi,
2894 707 2978 762 vel
3007 708 3143 763 velle
3166 708 3385 764 abolere

2176 799 2307 868 Quae
2336 808 2519 856 noster
2546 800 2787 871 peccavit
2808 814 2960 863 avus,
2994 815 3154 869 quem
3186 799 3360 855 fuscat
3387 800 3438 856 id
3464 816 3645 867 unum,

2174 891 2327 958 Quod
2360 900 2432 957 te,
2462 892 2649 957 Roma,
2681 894 2859 963 capit:
2888 892 2983 946 sed
3012 892 3089 946 dii
3119 892 3164 946 si
3194 900 3317 947 vota
3345 894 3661 963 secundant,

2174 986 2378 1041 Excidii
2408 986 2606 1041 veteris
2626 987 2827 1041 crimen
2850 1000 3083 1056 purgare
3113 984 3312 1042 valebit

2178 1077 2319 1134 Ultio
2345 1078 2647 1148 prresentis,
2676 1078 2720 1132 si
2749 1085 2829 1142 tu,
2861 1077 2967 1132 dux
2999 1078 3216 1149 inclyte,
3244 1079 3416 1133 solum

2173 1169 2398 1238 Augusti
2420 1168 2613 1223 subeas
2640 1184 2856 1223 nomen.
2885 1168 3020 1237 Quid
3044 1169 3245 1224 lumina
3270 1170 3488 1227 ﬂectis?

2175 1258 2400 1314 Invitum
2425 1260 2541 1329 plus
2571 1274 2691 1314 esse
2718 1259 2910 1325 decet;
2946 1275 3052 1314 non
3083 1260 3323 1329 cogimus
3345 1261 3508 1328 istud,

2172 1351 2274 1407 Sed
2305 1361 2687 1407 contestamur.
2714 1351 2894 1405 Romae
2922 1365 3038 1405 sum
3065 1360 3118 1407 te
3144 1353 3281 1407 duce
3305 1353 3527 1421 amicus,

2174 1442 2420 1510 Principe
2446 1452 2497 1498 te
2519 1442 2671 1496 miles
2695 1458 2709 1508 ;
2735 1456 2955 1511 regnum
2985 1456 3090 1496 noa
3117 1442 3358 1512 praeripis
3386 1442 3502 1511 ulli,

2171 1534 2280 1590 Nec
2306 1535 2584 1603 quisquam
2609 1533 2784 1588 Latias
2812 1536 3077 1603 Augustus
3100 1534 3334 1603 possidet
3353 1548 3533 1591 arces:

2170 1627 2285 1694 Qua
2310 1635 2460 1680 vacat
2482 1624 2626 1689 aula,
2661 1634 2749 1679 tua
2788 1632 2905 1679 est:
2940 1635 3128 1692 testor,
3162 1640 3267 1680 non
3294 1626 3488 1681 sufficit
3516 1629 3655 1685 istud

2170 1717 2248 1772 Ne
2277 1732 2517 1775 noceam.
2546 1726 2705 1785 atque
2733 1723 2823 1769 tuo
2852 1716 2952 1770 hoc
2972 1716 3173 1770 utinam
3197 1716 3499 1773 diademate
3523 1718 3616 1773 fiat

2095 1810 2142 1869 Β
2172 1810 2240 1865 Ut
2269 1808 2467 1879 prosim
2491 1810 2503 1863 !
2527 1806 2755 1862 suadere
2784 1821 2964 1861 meum
2994 1818 3076 1861 est
3098 1848 3112 1872 ,
3142 1822 3265 1861 nam
3294 1806 3461 1865 Gallia
3482 1809 3526 1864 si
3559 1819 3612 1866 te

2169 1896 2523 1967 Compulerit,
2555 1912 2675 1967 qum
2698 1896 2826 1965 jure
2856 1906 3051 1965 potest,
3085 1898 3175 1951 tibi
3201 1906 3383 1967 pareat
3409 1899 3584 1966 orbis,

2168 1991 2247 2046 Ne
2273 1999 2477 2061 pereat.
2501 1990 2672 2057 Dixit,
2704 1990 3010 2061 pariterque
3039 1991 3090 2045 in
3112 1991 3274 2047 verba
3304 1993 3469 2061 petita

2169 2084 2271 2141 Dat
2298 2092 2535 2139 sanctam
2564 2099 2684 2138 cum
2715 2084 2877 2138 fratre
2904 2083 3086 2138 fidem.
3114 2092 3138 2121 ο
3163 2084 3422 2150 Discedis,
3454 2086 3631 2144 Avite.

2167 2175 2409 2242 Mtestus,
2429 2178 2518 2245 qui
2548 2175 2728 2231 Gallos
2754 2175 2922 2231 scires
2952 2188 3057 2228 non
3069 2189 3242 2249 posse
3270 2174 3459 2241 latere,

2167 2267 2304 2336 Quid
2333 2267 2538 2337 possint
2566 2266 2772 2321 servire
2800 2265 2949 2321 Geta:
2975 2274 3025 2320 te
3050 2266 3289 2336 principe
3313 2281 3328 2330 ;
3360 2282 3588 2340 namque

2165 2359 2385 2415 Civibus
2409 2368 2467 2414 ut
2493 2360 2661 2427 patuit
2692 2359 2930 2429 trepidis,
2964 2366 3018 2413 te
3044 2358 3246 2414 fmdcra
3277 2360 3434 2425 ferre,

2165 2450 2469 2525 Occurrunt
2499 2451 2722 2514 alacres,
2752 2451 3045 2519 ignaroque
3075 2460 3199 2503 ante
3231 2450 3458 2505 tribunal

2164 2543 2455 2599 Sternunt:
2486 2550 2649 2611 utque
2675 2543 2807 2596 satis
2833 2541 3050 2595 sibimet
3080 2556 3362 2596 numerosa
3396 2542 3570 2599 coisse

2164 2631 2424 2687 Nobilitas
2456 2633 2569 2687 visa
2595 2641 2699 2698 est,
2730 2646 2887 2701 quam
2917 2628 2935 2668 τ
2969 2645 3096 2685 saxa
3130 2631 3323 2686 nivalia
3354 2630 3497 2687 Cotti

2166 2724 2508 2793 Despectam,
2535 2723 2697 2777 variis
2727 2736 2825 2777 nec
2851 2737 2955 2776 non
2984 2738 3144 2791 quam
3174 2723 3413 2792 partibus
3431 2722 3602 2777 ambit

2164 2817 2429 2888 Tyrrheni
2454 2816 2732 2884 Rhenique
2762 2816 2954 2885 liquor,
2986 2816 3070 2870 vel
3096 2814 3251 2884 longa
3282 2824 3307 2862 ε
3339 2815 3569 2885 Pyrenei

2162 2909 2333 2977 Quam
2359 2908 2482 2979 juga
2513 2910 2581 2962 ab
2614 2907 2849 2979 llispano
2879 2908 3141 2963 seclusam
3167 2906 3289 2975 jure
3313 2913 3587 2970 coercent,

2162 3001 2483 3071 Aggreditur
2512 3001 2677 3057 nimio
2698 3017 2947 3057 curarum
2977 2998 3216 3071 pondere
3246 2999 3450 3053 tristem

2163 3097 2416 3153 Gaudens
2448 3097 2601 3150 turba
2628 3097 2800 3148 virum
2822 3110 2837 3158 ;
2859 3108 3140 3162 procerum
3165 3102 3274 3145 tum
3304 3089 3564 3146 maximus
3579 3102 3728 3153 unus,

2086 3177 2131 3239 C
2162 3189 2324 3261 358
2354 3190 2553 3259 Dignus
2582 3188 2673 3258 qui
2702 3189 2885 3256 patria:
2911 3201 3193 3254 personam
3226 3194 3481 3247 sumeret,
3517 3183 3650 3238 infit.

2231 3282 2399 3348 Quam
2427 3293 2525 3333 nos
2553 3294 2647 3347 per
2669 3281 2845 3332 varios
2867 3278 3064 3332 dudum
3094 3280 3299 3331 fortuna
3329 3277 3561 3341 labores,

2164 3372 2415 3441 Principe
2445 3374 2543 3425 sub
2572 3386 2759 3439 puero,
2788 3370 2980 3425 laceris
3007 3378 3137 3424 terat
3168 3384 3354 3438 aspera
3395 3368 3555 3423 rebus
3575 3408 3591 3427 .

2160 3465 2292 3519 Fors
2315 3466 2552 3534 longum,
2567 3463 2671 3517 dux
2690 3477 2900 3532 magne,
2914 3463 3221 3531 queri,cum
3249 3462 3445 3529 quippe
3464 3459 3729 3513 dolentum

2160 3558 2391 3613 Maxima
2421 3572 2545 3627 pars
2573 3556 2754 3615 fueris,
2790 3556 2975 3624 patrim
3003 3556 3129 3609 dum
3159 3557 3381 3609 vulnera
3414 3555 3593 3623 lugens

2160 3648 2621 3704 Sollicitudinibus
2642 3647 3055 3701 vehementibus
3074 3647 3379 3716 exagitaris.

2159 3739 2265 3793 llas
2292 3740 2447 3794 nobis
2475 3740 2614 3793 inter
2642 3737 2823 3793 clades
2851 3751 2914 3792 ac
2944 3737 3126 3790 funera
3158 3735 3364 3796 mundi,

2158 3831 2297 3886 Mors
2325 3830 2522 3885 vixisse
2553 3829 2686 3895 fuit;
2730 3830 2825 3883 sed
2854 3829 2980 3881 dum
3005 3844 3099 3896 per
3124 3828 3284 3882 verba
3317 3836 3583 3896 parentum

2155 3924 2377 3993 lgnavas
2403 3921 2627 3977 colimus
2649 3920 2813 3989 leges,
2838 3927 3185 3988 sanctumque
3202 3926 3456 3988 putamus

2157 4016 2290 4071 Rem
2319 4022 2557 4069 veterem
2582 4027 2675 4080 per
2701 4012 2894 4065 damna
2923 4011 3102 4081 sequi:
3137 4010 3467 4079 portavimus
3494 4008 3718 4064 umbram

2156 4106 2391 4177 Imperii,
2422 4106 2637 4175 generis
2666 4103 2906 4159 contenti
2934 4103 3073 4159 ferre
3102 4104 3301 4159 vetusti

2157 4199 2222 4253 Et
2250 4197 2397 4260 vitia,
2426 4211 2488 4249 ae
2516 4194 2726 4250 solitam
2760 4195 2945 4249 vestiri
2980 4195 3183 4248 murice
3209 4204 3424 4263 gentem

2157 4291 2306 4345 More
2335 4288 2504 4361 magis
2533 4302 2692 4358 quam
2712 4287 2834 4357 jure
2862 4286 2966 4356 pati
2994 4303 3008 4353 ;
3039 4286 3435 4356 promptissima
3463 4297 3625 4352 nuper

541 4424 569 4454 ι
591 4418 746 4494 Aviti
793 4417 966 4494 oratio
1009 4416 1088 4494 sic
1140 4416 1311 4494 efﬂeta
1338 4458 1362 4494 ,ν
1391 4419 1565 4494 __q:_iasi
1614 4420 1788 4476 adhuc
1835 4422 2038 4481 viveret
2064 4424 2114 4484 D
2140 4426 2208 4479 ab
2232 4423 2444 4480 Alarico
2473 4423 2763 4477 admissum
2790 4463 2806 4489 ,
2835 4424 3128 4486 Genserici,
3163 4424 3252 4494 qui
3292 4423 3488 4479 Urbem
3519 4437 3610 4492 per
3631 4432 3713 4476 eos

466 4486 750 4561 maximus,
774 4489 842 4543 de
868 4491 1019 4561 cujus
1050 4489 1265 4543 interitu
1295 4486 1568 4543 nihildum
1597 4504 1872 4561 cognorat.

540 4556 567 4595 δ
589 4558 730 4611 Cave
755 4574 875 4611 cum
908 4556 970 4613 iis
1000 4561 1198 4614 sentias
1234 4561 1322 4628 qui
1354 4575 1417 4615 ex
1446 4562 1545 4614 hoc
1573 4556 1689 4618 loco
1719 4565 1929 4620 Avitum
1963 4574 2043 4620 ter

466 4628 780 4695 magistrum
808 4630 1054 4701 militum,
1072 4642 1262 4699 quater
1280 4630 1584 4699 prtefectum
1609 4636 1856 4701 praetorio
1881 4636 2043 4691 fuisse

466 4709 814 4778 augurantur.
839 4699 1036 4778 .Neque
1077 4705 1220 4778 enim
1254 4703 1354 4778 hoc
1389 4702 1516 4778 dicit
1544 4720 1557 4765 ;
1583 4699 1700 4778 _'sed
1753 4706 1889 4778 sibi,
1920 4721 2040 4759 cum

467 4767 658 4835 triplici
684 4766 795 4840 jam
839 4766 981 4840 bello
1011 4785 1115 4822 non
1152 4772 1268 4825 sine
1311 4773 1528 4826 honoris
1561 4773 1710 4829 titulo
1740 4766 2038 4840 militasset,

468 4847 657 4905 quarto
686 4837 803 4910 loco
829 4837 1195 4910 pra-fecturam
1223 4842 1496 4910 obtigis~e.
1519 4842 1631 4908 Qua
1662 4846 1863 4899 ratione
1892 4857 1945 4899 et
1974 4837 2041 4901 de

468 4907 1037 4983 magisteriamilitum
1084 4909 1263 4963 dicere
1302 4907 1440 4967 nunc
1484 4922 1716 4979 poterat,
1752 4916 1935 4983 quinto
1981 4934 2040 4972 se

468 4980 608 5031 illam
640 4977 872 5032 culmine
898 4977 1178 5046 adeptum;
1205 4995 1301 5035 nec
1325 4977 1499 5036 tamen
1521 4998 1711 5038 sensus
1741 4977 1883 5041 esset
1912 4990 2041 5043 Avi-

465 5060 575 5102 tum
608 5048 888 5116 quinquies
919 5050 1228 5117 magistrum
1262 5052 1445 5108 fuisse.

538 5128 560 5156 ο
593 5117 747 5173 Initio
774 5118 898 5171 belli
925 5118 1152 5183 Gotliici,
1188 5131 1244 5177 ut
1270 5124 1466 5178 dictum
1491 5131 1597 5187 est,
1622 5139 1761 5180 anno
1781 5126 1907 5181 456.
1932 5126 2037 5182 Ne-

465 5206 568 5267 que
615 5189 765 5267 enini
786 5189 1068 5267 obscurum
1107 5202 1190 5267 est
1226 5193 1299 5267 de
1331 5207 1390 5245 ea
1418 5196 1695 5249 obsidione
1728 5198 1811 5267 agi
1840 5199 1905 5252 de
1934 5213 2037 5265 qua

464 5262 714 5328 Prosper,
748 5258 1000 5328 Isidorus,
1028 5260 1221 5313 Paulus
1250 5262 1504 5320 diaconus
1531 5275 1583 5319 et
1611 5267 1723 5328 alii,
1748 5258 1867 5322 cum
1900 5283 1927 5321 a
1953 5258 2040 5321 Li-

464 5327 821 5386 torio’comite
842 5327 994 5382 famis
1019 5332 1253 5394 periculo
1278 5333 1556 5388 liberatum
1582 5336 1883 5392 Narbonem
1908 5341 2038 5392 scri-

464 5402 819 5454 bunt.Avitus
839 5398 1062 5453 Consilio
1091 5415 1188 5452 suo
1211 5402 1437 5456 solutam
1460 5421 1489 5459 a
1513 5407 1847 5463 'l‘lieodorico
1874 5409 2038 5464 fuisse

461 5470 797 5527 obsidionem
826 5482 1228 5527 commemorat.

533 5541 939 5597 dTheodericus
961 5546 1112 5596 Avito
1133 5558 1234 5596 non
1257 5543 1425 5596 solum
1446 5558 1851 5611 pacem,vcrum
1875 5548 2035 5602 etiam

461 5608 586 5671 belli
613 5613 867 5665 adversus
898 5614 1164 5668 Vaud..10s
1192 5608 1500 5668 societatem
1530 5608 1777 5683 Spondet,
1810 5620 1853 5670 si
1878 5619 2035 5673 modo

456 5696 515 5752 se.
541 5684 940 5749 imperatorem,
959 5695 1177 5738 vacante
1202 5701 1294 5752 per
1322 5685 1525 5737 Maximi
1551 5688 1750 5740 caulem
1774 5689 1914 5751 aula,
1935 5688 2031 5741 de-

462 5750 549 5816 ligi
583 5752 829 5813 patiatur.
866 5754 936 5807 Ita
966 5756 1104 5809 enim
1137 5750 1248 5810 fere
1286 5768 1339 5810 ut
1375 5756 1555 5810 lioma'
1588 5768 1736 5811 vetus
1770 5750 2028 5813 excidium

1604 5890 1714 5908 tW

2148 4497 2264 4550 dies
2292 4496 2483 4549 iterum
2510 4495 2790 4564 spoliarat,
2826 4496 3055 4547 vindicta
3083 4497 3345 4563 expietur.

2220 4570 2243 4596 °
2268 4562 2842 4634 Ambiisse'purpuram
2871 4564 3086 4619 Avitum
3128 4562 3231 4617 non
3263 4564 3566 4618 dissimulat
3589 4562 3709 4616 Gre-

2143 4636 2326 4703 gorius
2356 4636 2559 4689 Turon.
2591 4635 2683 4688 lib.
2714 4649 2774 4693 tt.
2806 4650 2922 4703 cap.
2956 4637 3041 4699 11,
3086 4648 3187 4689 nec
3238 4634 3388 4688 abest
3418 4634 3486 4687 ab
3517 4649 3574 4684 ea
3607 4647 3711 4685 sen-

2144 4706 2306 4761 tentia
2337 4706 2475 4775 quod
2505 4704 2953 4775 scribitlsidorus
2977 4746 2993 4768 ,
3016 4704 3411 4759 Theodericum
3440 4705 3604 4775 Avito
3630 4716 3710 4755 suo

2145 4777 2323 4831 mendi
2358 4773 2648 4841 imperialis
2698 4773 2890 4845 fastigii
2942 4790 3065 4830 cum
3096 4775 3263 4829 Gallis
3290 4773 3547 4827 auxilium
3583 4787 3704 4845 per:

2142 4847 2345 4901 buisse.
2396 4840 2544 4901 lianc
2588 4861 2718 4915 ergo
2748 4840 2920 4899 lab'em
2962 4856 3021 4900 ut
3068 4848 3211 4901 eluat
3250 4846 3534 4907 Sidonius,
3571 4840 3707 4913 135

2144 4918 2427 4984 imperium
2484 4927 2678 4971 mmsto
2724 4925 2777 4970 et
2826 4917 2993 4970 invito
3049 4916 3281 4970 de'atum
3355 4916 3706 4981 iugeslumque

2139 4988 2390 5041 affirmat.
2424 4986 2539 5041 Jatn
2570 4987 2770 5056 praefati
2800 5000 2985 5039 sumus
3003 5001 3069 5040 ex
3102 4987 3287 5048 ldatio,
3315 4988 3526 5039 Avitum
3553 4984 3701 5056 Tolo-

2138 5073 2212 5112 s:e
2243 5060 2495 5129 primum,
2517 5052 2710 5113 deinde
2730 5057 2935 5129 Arelati
2968 5058 3264 5129 Augustum
3294 5055 3461 5129 fuisse
3485 5052 3701 5121 appella-

2138 5127 2271 5183 iuni.
2303 5128 2456 5196 Quod
2486 5143 2606 5182 cum
2646 5128 2872 5183 Sidonio
2920 5128 3177 5181 coluerat.
3207 5127 3420 5181 Tolosae
3457 5132 3613 5185 enim,
3645 5132 3694 5173 ut

2140 5210 2307 5266 pitet,
2335 5210 2451 5253 acta
2481 5207 2606 5253 sunt
2631 5213 2747 5266 qua:
2785 5200 2855 5252 de
2890 5197 3029 5252 Aviti
3074 5212 3193 5251 cum
3226 5197 3556 5252 Theoderico
3580 5207 3698 5245 cou-

2136 5285 2349 5342 gressu,
2381 5268 2803 5338 capessendique
2838 5268 3047 5342 imperii
3074 5268 3313 5342 consiliis
3343 5268 3590 5342 hactenus
3617 5275 3696 5342 re-

2138 5341 2300 5405 cinit;
2340 5342 2651 5394 concionem
2698 5354 2830 5393 vero
2880 5338 3098 5393 Gallica:
3150 5338 3463 5403 nobilitatis,
3512 5347 3605 5403 qua
3648 5338 3696 5382 in

2137 5412 2307 5464 reditu
2339 5419 2594 5477 exceptus
2640 5412 3093 5479 inauguratusque
3124 5408 3467 5474 describitur,
3501 5406 3549 5457 in
3578 5406 3697 5456 Are-

2138 5480 2425 5535 latensium
2448 5490 2621 5534 castro
2645 5480 2843 5533 coiisse
2876 5495 3000 5531 mox
3032 5481 3265 5534 docebit.

2215 5549 2235 5588 ί
2261 5553 2422 5618 Alpes
2451 5550 2642 5605 Celtio:
2666 5568 2679 5603 :
2717 5551 2808 5604 sed
2843 5551 3027 5602 harum
3054 5552 3273 5604 nomine
3296 5549 3527 5618 reliquas
3549 5543 3694 5618 etiam

2138 5615 2360 5690 intelligi
2409 5622 2577 5675 voluit
2638 5636 2755 5689 qure
2802 5618 3023 5690 Galliam
3075 5620 3142 5690 ab
3208 5621 3357 5674 Italia
3412 5615 3693 5690 secludunt.

2138 5687 2531 5814 Cotti‘aiaufm
2562 5687 2751 5747 media:
2776 5701 2898 5747 sunt
2928 5688 3073 5746 inter
3099 5688 3285 5745 Graias
3316 5699 3371 5746 et
3402 5687 3693 5745 Maritituaso

2212 5772 2235 5807 κ
2331 5778 2383 5814 ιι.
2468 5778 2632 5814 urcne.

2212 5772 2235 5807 κ
2263 5764 2383 5823 Alii,
2422 5764 2636 5826 Pyrene.
