3946 6176
224 315 342 372 693

225 431 408 487 Fuisit
428 428 688 496 conditio,
713 426 956 497 proprias
976 440 1076 497 qua
1100 425 1267 480 Gallia
1296 428 1434 480 vires

226 521 550 586 Exsereret,
585 517 846 586 trepidam
880 516 1006 570 dum
1031 514 1290 569 Maximus
1322 520 1543 581 occupat
1570 514 1785 581 urbem;

230 610 350 667 lino
377 609 564 666 orbem
587 610 778 682 potuit,
795 609 837 662 si
864 616 915 662 te
941 606 1042 662 sibi
1075 617 1181 662 tota
1211 608 1464 676 magistro

231 703 426 773 Regna
457 701 823 757 reformasset.
855 700 988 767 Quis
1018 708 1258 754 nostrum
1292 701 1500 771 Belgica
1531 715 1676 766 rura,

231 795 417 851 Littus
439 792 765 862 Aremorici,
798 791 1012 848 Geticas
1040 790 1159 861 quis
1190 792 1416 846 moverit
1448 793 1572 859 iras,

232 885 359 942 Non
390 888 552 954 latet;
585 886 668 942 bis
700 885 860 942 tantis
888 885 982 940 tibi
1011 888 1292 951 cessimus,
1319 883 1537 954 inclyte,
1569 883 1739 937 bellis.

235 977 395 1034 Nunc
410 978 525 1049 jam
555 982 764 1033 summa
786 989 1009 1043 vocant;
1033 978 1197 1033 dubio
1216 978 1316 1032 sub
1346 986 1585 1046 tempore
1603 960 1841 1047 regnum

238 1072 358 1127 Non
384 1073 523 1142 regit
544 1071 766 1141 ignavus
783 1089 796 1123 :
815 1072 1150 1141 postponitur
1161 1070 1392 1126 ambitus
1413 1071 1610 1134 omnis,

239 1163 447 1219 Ultima
472 1178 596 1217 cum
625 1162 800 1217 claros
822 1173 1101 1231 quarunt:
1135 1172 1255 1233 post
1280 1162 1470 1216 damna
1498 1160 1666 1216 Ticini

248 1258 331 1313 Ac
357 1255 572 1310 Trebia:
603 1254 875 1324 trepidans
896 1256 1087 1323 raptim
1119 1254 1417 1324 respublica
1441 1254 1587 1308 venit

240 1349 324 1403 Ad
355 1348 603 1414 Fabium,
617 1346 828 1401 Cannas
848 1346 1091 1401 celebres
1113 1346 1355 1400 Varrone
1374 1345 1578 1413 fugato,

241 1439 663 1507 Scipiadumque
693 1438 852 1492 etiam
885 1445 1188 1508 turgentem
1221 1437 1405 1493 funere
1435 1436 1657 1492 Poenum

250 1527 437 1582 Livius
467 1527 674 1582 electus
704 1527 893 1597 fregit;
931 1526 1193 1596 captivus,
1224 1537 1281 1582 ut
1300 1527 1468 1592 aiunt,

244 1619 401 1674 Orbis
430 1619 482 1673 in
514 1617 656 1675 Urbe
677 1618 839 1687 jacet,
872 1618 1116 1687 princeps
1146 1618 1303 1689 perit,
1341 1619 1423 1673 hic
1452 1627 1615 1688 caput
1662 1635 1819 1675 omne

247 1710 402 1764 Nunc
426 1710 589 1764 habet
612 1708 924 1779 imperium;
960 1710 1208 1780 petimus,
1240 1710 1540 1767 conscende
1572 1710 1825 1777 tribunal,

248 1800 411 1870 Erige
438 1802 733 1869 coilapsos;
767 1815 872 1855 non
908 1799 1009 1856 hoc
1034 1801 1195 1856 modo
1225 1814 1463 1871 tempora
1495 1810 1739 1871 poscunt,

249 1894 320 1949 Ut
343 1894 567 1948 Romam
588 1893 705 1961 plus
724 1893 857 1948 alter
872 1903 1044 1948 amet:
1069 1909 1138 1949 ne
1165 1894 1301 1950 forte
1320 1911 1474 1950 reare

247 1984 413 2056 3&9
430 1984 685 2054 Teregno
712 1998 820 2038 non
852 1999 972 2040 esse
996 1999 1213 2053 parem;
1243 2000 1364 2040 cum
1394 1986 1652 2044 Brennica
1682 1990 1830 2060 signa

247 2077 541 2147 Tarpeium
565 2083 887 2145 premerent,
921 2076 1049 2141 scis,
1078 2084 1188 2130 tum
1231 2079 1535 2147 respublica
1562 2091 1742 2137 nostra

250 2171 387 2226 Tota
414 2168 665 2226 Camillus
684 2178 819 2235 crat,
845 2170 1030 2240 patriae
1052 2169 1141 2240 qui
1171 2170 1381 2226 debitus
1410 2174 1553 2228 ultor

249 2262 407 2317 Texit
434 2262 697 2316 fumantes
726 2261 905 2317 hostili
928 2271 1106 2332 strage
1136 2262 1365 2319 favillas.

249 2358 369 2414 Non
403 2359 494 2414 tibi
523 2359 794 2415 centurias
825 2373 1012 2414 aurum
1044 2360 1299 2430 populare
1328 2362 1558 2432 paravit,

252 2453 369 2508 Nec
397 2452 556 2508 modo
576 2452 793 2508 venales
815 2467 1213 2524 numerosoque
1232 2467 1353 2509 asse
1383 2455 1673 2519 redempta:

249 2544 595 2601 Concurrunt
619 2544 685 2599 ad
713 2555 905 2615 puncta
932 2546 1134 2601 tribus:
1162 2545 1411 2616 suffragia
1435 2548 1619 2603 mundi

250 2637 442 2692 Nullus
461 2637 619 2702 emit;
654 2652 856 2707 pauper
880 2636 1093 2707 legeris,
1121 2639 1261 2708 quod
1288 2638 1486 2693 sufficit
1513 2654 1701 2706 unum,

256 2730 334 2785 Es
362 2730 569 2784 meritis
596 2730 777 2784 dives:
811 2728 999 2798 patriae
1018 2743 1115 2784 cur
1147 2739 1269 2784 vota
1298 2730 1548 2795 moraris,

252 2816 385 2883 Qua:
408 2815 580 2886 jubet,
609 2823 666 2869 ut
677 2814 869 2885 jubeas
886 2814 909 2867 ?
929 2814 1044 2870 hare
1065 2823 1149 2870 est
1172 2817 1434 2871 sententia
1461 2818 1691 2885 cunctis,

254 2906 310 2962 Si
340 2905 589 2959 dominas
620 2904 682 2960 ﬁs
700 2944 717 2972 ,
749 2904 886 2959 liber
911 2918 1025 2959 ero.
1052 2903 1256 2975 Fragor
1277 2907 1410 2960 atria
1435 2908 1668 2977 complet

256 3008 283 3036 ι
318 2999 541 3070 Ugerui,
570 3013 674 3067 quo
703 2998 842 3053 forte
872 2997 990 3053 ioco
1014 2996 1098 3067 pia
1126 2998 1300 3065 turba,
1332 3008 1551 3055 senatus

254 3090 532 3146 Detulerat
558 3090 686 3157 vim,
704 3097 853 3158 vota,
876 3103 1085 3158 preces.
1118 3088 1313 3155 Locus,
1338 3091 1465 3145 hora
1494 3090 1717 3161 diesque

256 3181 461 3237 Dicitur
489 3182 714 3252 imperio
738 3180 896 3247 felix;
925 3195 987 3237 ac
1012 3181 1258 3251 protinus
1299 3183 1406 3237 illic

253 3267 518 3326 Nobilium
549 3271 799 3326 excubias
830 3271 1069 3342 gaudens
1086 3271 1323 3326 sollertia
1352 3273 1588 3328 mandat.

321 3363 503 3418 Tertia
533 3364 621 3418 lux
650 3362 853 3433 refugis
884 3362 1188 3434 Hyperiona
1220 3363 1430 3419 fuderat
1453 3366 1612 3420 astris
1639 3384 1651 3419 :

254 3455 593 3511 Comurrunt
623 3469 899 3524 proceres,
931 3469 995 3510 ac
1022 3454 1189 3510 milite
1215 3455 1540 3512 circumfuso

256 3545 283 3584 ιτ
313 3547 521 3615 Aggere
549 3546 845 3614 composito
873 3554 1137 3615 statuunt,
1168 3561 1231 3601 ac
1262 3557 1452 3617 torque
1468 3559 1739 3605 coronant.

256 3637 524 3692 Castrensi
552 3645 821 3703 moestum,
852 3636 1160 3707 donantque
1181 3637 1405 3706 insignia
1435 3643 1604 3710 regni.

256 3725 370 3781 iam
400 3728 549 3795 prius
572 3725 818 3781 induerat
846 3726 990 3781 solas
1011 3726 1078 3781 de
1106 3727 1348 3797 principe
1376 3743 1553 3784 curas.

256 3818 404 3872 Ilaud
431 3818 538 3872 alio
559 3819 826 3887 quondam
856 3818 1003 3873 vultu
1027 3817 1341 3888 Tirynthius
1364 3818 1524 3875 heros

259 3909 498 3963 l'ondera
523 3908 757 3977 suscepit
782 3906 930 3972 coeli,
959 3909 1118 3963 simul
1145 3917 1306 3979 atque
1332 3925 1599 3978 novercas,

258 4001 387 4056 Cum
410 4000 610 4071 Libyca
636 4015 695 4055 se
722 4015 853 4070 rupe
876 3999 1036 4069 Gigas
1063 4001 1404 4069 subduceret,
1438 4010 1492 4057 et
1528 4018 1650 4057 cum

259 4097 445 4152 Tutior
475 4096 736 4150 Herculeo
762 4095 991 4150 sedisset
1014 4094 1258 4150 machina
1276 4096 1460 4152 dorso.

328 4189 482 4243 ilunc
502 4188 621 4254 tibi,
646 4187 840 4252 Roma,
876 4186 1021 4254 dedi,
1052 4187 1248 4258 patulis
1272 4188 1395 4242 dum
1430 4189 1601 4245 Gallia
1631 4193 1833 4263 eampis

260 4278 469 4335 intonat
496 4275 789 4348 Augustum
817 4278 1029 4348 plausu,
1060 4278 1399 4351 faustumque
1428 4281 1689 4352 fragorem

328 4428 351 4454 ⁸·
385 4417 604 4472 Variani
652 4414 1004 4484 exemplaria.
1043 4414 1106 4484 γρ

262 4505 363 4566 quo
390 4490 605 4566 nomine
627 4483 898 4555 appellant
930 4483 1090 4566 hodie
1134 4483 1822 4566 vetns_castrum_et"0pp1L

265 4560 381 4611 dum
406 4562 768 4613 Arvernorum
810 4557 969 4626 quod,
996 4555 1254 4626 Gregorio
1292 4557 1587 4615 Turonensi
1627 4555 1822 4625 etaiiis

266 4638 344 4683 est
384 4625 1328 4698 'i'igernum._Sed"l‘bieruinomen
1357 4644 1457 4682 nec
1487 4642 1693 4696 metro,
1727 4654 1825 4694 nec

265 4698 378 4775 loco
407 4695 672 4768 congruit.
703 4696 759 4751 in
785 4695 905 4751 alLis
934 4704 1048 4775 θείη
1078 4695 1282 4765 Vierni,
1314 4714 1377 4753 ex
1407 4716 1514 4775 quo
1543 4704 1641 4758 feci
1672 4695 1835 4775 Uger.

265 4771 351 4822 ni:
394 4766 697 4839 quo'more
740 4774 921 4820 contra
965 4766 1285 4839 B_agoeasses
1339 4766 1478 4839 apud
1528 4766 1824 4834 Ausonium

265 4839 465 4920 Eum“,
494 4840 580 4920 μυί
612 4837 1107 4920 Β.ειὶροόεεοε.μιῖυιι
1152 4846 1243 4893 aut
1270 4837 1559 4920 Ugernum,
1589 4844 1833 4920 Qiiyspvoa

265 4911 509 4983 Straboni
551 4908 1042 4983 notissiinutnolim
1069 4919 1301 4963 castrum
1326 4908 1741 4983 Arelatensium,
1766 4921 1834 4976 de

264 4995 363 5049 quo
386 4980 674 5052 Gregorius
702 4977 840 5052 idem
868 4978 1093 5052 _lib._vm
1119 4988 1283 5052 et_tx,
1312 4991 1372 5052 et
1394 4983 1689 5052 Cyprianus
1718 4977 1834 5044 Cae-

263 5048 380 5104 sarii
411 5048 702 5117 disCipulus
741 5049 793 5101 in
831 5049 946 5116 ejus
979 5048 1115 5101 Vita.
1166 5049 1332 5102 Porro
1359 5048 1468 5118 jam
1499 5054 1680 5110 docuit
1731 5076 1827 5115 nos

263 5121 474 5195 idatius,
509 5122 723 5173 Auum
754 5119 973 5195 Augusti
1016 5133 1209 5195 nomen
1255 5120 1455 5195 Arelati
1501 5129 1819 5195 suscepisse.

264 5190 434 5256 Quare
460 5205 619 5244 nemo
640 5188 956 5259 repugnabit
978 5189 1103 5256 quin
1132 5196 1275 5242 certa
1312 5192 1381 5244 sit
1403 5188 1723 5252 emendatio.

329 5260 606 5338 PAggesta
640 5268 779 5338 terra
804 5260 1121 5338 inspeciem
1148 5260 1446 5338 tribu_naii_s,
1482 5266 1831 5338 quodiccspi-

265 5328 688 5409 titiumtribunal
720 5329 951 5409 appellat
980 5328 1236 5396 Vopiscus
1285 5330 1336 5409 in
1384 5328 1586 5409 Tacito.
1614 5328 1832 5409 Torque

261 5413 435 5456 autem
467 5402 783 5455 diadematis
828 5400 943 5453 vice
986 5410 1269 5453 coronatos
1298 5400 1522 5470 legimus
1551 5408 1709 5461 etiam
1739 5400 1832 5464 Ju-

263 5470 760 5547 ii_anumuPari__s_iis,
802 5480 854 5523 et
904 5470 1139 5547 Firmum
1163 5472 1246 5547 “in
1277 5470 1478 5547 _Afi-ica,
1522 5476 1589 5531 de
1636 5480 1830 5547 quibus

262 5540 594 5618 Iliareellinns
622 5542 717 5618 lib.
750 5556 821 5618 xx
846 5550 899 5594 et
923 5555 1069 5618 xx_t_x.
1112 5541 1258 5618 Alios
1284 5542 1432 5609 item,
1456 5553 1512 5597 ut
1544 5540 1829 5618 liyp'atium

262 5611 742 5687 Constantiimpoli,
767 5612 957 5687 dequo
981 5611 1314 5687 Marcellinus
1337 5628 1518 5687 comes
1542 5611 1830 5687 Lar'upadto

262 5692 314 5735 et
334 5683 519 5737 Oreste
542 5698 682 5737 c0ss.
708 5683 780 5735 De
801 5682 1014 5736 Jubano
1040 5681 1276 5736 Socratis
1300 5686 1458 5737 verba
1482 5696 1606 5740 sunt
1628 5706 1640 5740 :
1665 5681 1749 5750 Ὦς
1776 5690 1829 5746 δὲ

263 5756 496 5821 Στέφανος
516 5752 780 5826 ﬂaminio;
808 5754 865 5807 οὐ
895 5761 1076 5826 παρῆν,
1109 5750 1181 5814 εἷς
1202 5762 1298 5808 τῶν
1329 5753 1611 5830 δορνῖὸρων
1636 5757 1687 5815 ὃν
1713 5757 1825 5831 εἷλε

1727 308 2047 364 CARMINA.

1836 426 1889 480 Α
1920 422 2102 476 Portat
2134 422 2187 475 in
2211 434 2532 489 exsanguem
2559 420 2761 477 Boreas
2782 422 2891 493 jam
2922 420 3112 477 fortior
3140 420 3386 476 Austrum
3412 439 3427 486 ;

3387 309 3491 366 698

1924 513 2020 567 liic
2050 513 2141 566 tibi
2171 512 2415 566 restituet
2443 510 2642 582 Libyen
2666 527 2758 581 per
2781 512 2985 568 vincula
3005 522 3213 583 quarta.

1922 603 1985 656 Et
2011 600 2163 671 cujus
2191 599 2366 655 solum
2395 602 2618 653 amissas
2651 608 2770 669 post
2797 601 2993 655 sae0uia
3023 599 3187 654 multa

1927 704 1949 731 ε
1975 693 2275 747 Pannonias
2289 693 2555 747 revocavit
2574 691 2696 758 iter,
2717 692 2824 761 jam
2838 690 3057 745 credere
3076 698 3376 759 promptum
3391 696 3492 751 cst,

1922 784 2086 856 350
2105 784 2241 851 Quid
2275 782 2430 838 faciet
2461 783 2651 839 bellis:
2679 798 2711 836 ο
2739 796 2871 852 quas
2900 782 2994 836 tibi
3024 796 3166 848 saepe
3187 779 3394 850 jngabit

1926 875 2142 932 Infiiclis
2167 883 2355 946 gentes
2375 875 2597 944 aquilis!
2623 874 2715 945 qui
2744 873 2977 929 maxima
2998 872 3147 942 regni

1925 965 2113 1021 Omina
2144 966 2382 1037 privatus
2412 966 2566 1035 fugit,
2597 981 2717 1020 cum
2745 965 2882 1021 forte
2912 966 3078 1020 vianti

1932 1057 2229 1113 Excuteret
2252 1071 2463 1126 praepes
2490 1057 2752 1125 plebeium
2784 1065 2961 1112 motus
2988 1054 3259 1109 amictum.

1928 1148 2126 1203 La’tior
2154 1156 2209 1201 at
2240 1155 2387 1202 tanto
2415 1146 2576 1202 modo
2604 1146 2863 1216 principe,
2895 1146 3070 1216 prisca
3098 1146 3318 1201 deorum

1930 1240 2098 1296 Roma
2127 1253 2346 1309 parens,
2368 1239 2555 1293 attolle
2579 1253 2765 1309 genas,
2795 1254 2857 1292 ac
2885 1248 3039 1308 turpe
3066 1247 3344 1294 veternum

1929 1336 2184 1404 Depone:
2209 1350 2276 1390 en
2308 1335 2556 1405 princeps
2588 1334 2749 1389 faciet
2777 1335 3128 1404 juvenescere
3158 1335 3349 1404 major,

1930 1429 2098 1494 Quam
2126 1428 2275 1497 pueri
2304 1427 2482 1483 fecere
2509 1442 2720 1482 senem.
2747 1426 2931 1482 Finem
2956 1438 3106 1497 pater
3129 1442 3225 1483 ore

1938 1517 2032 1572 Vix
2062 1517 2301 1585 dederat,
2334 1518 2585 1588 plausere
2614 1517 2712 1583 dii,
2742 1517 3090 1588 fremitusque
3111 1518 3347 1574 cucurrit

1930 1607 2173 1663 Concilio
2204 1626 2217 1663 :
2252 1610 2373 1663 felix
2407 1620 2616 1679 tempus
2646 1624 2842 1665 nevere
2868 1609 3095 1665 Sorores

1933 1699 2195 1773 imperiis,
2226 1700 2481 1769 Auguste,
2520 1701 2644 1766 tuis,
2680 1707 2735 1754 et
2758 1702 2990 1756 consulis
3013 1716 3154 1756 anno

1858 1790 1906 1851 B
1935 1791 2099 1847 Fuiva
2128 1791 2453 1847 volubilibus
2482 1791 2750 1847 duxerunt
2778 1794 2969 1847 saecula
3000 1795 3198 1864 pensis.

2490 1900 2774 1958 CARMEN
2817 1904 2951 1959 VIII.

2076 2008 2256 2049 ευιτιο
2276 2008 2589 2051 PANEGVBICI
2614 1991 2641 2033 δ
2670 2012 2737 2050 AD
2766 2012 2983 2052 Ρωςευιιι
3028 2015 3364 2056 VALERIANO“

2504 2081 2948 2122 PBEFECTORIUM.

1933 2154 2138 2225 Prisce,
2170 2154 2334 2211 decus
2362 2171 2576 2226 semper
2606 2167 2874 2228 nostrum,
2901 2161 2985 2214 cui
3014 2161 3255 2233 principe
3285 2161 3442 2217 Avito

2004 2244 2302 2316 Cognatum
2331 2248 2501 2301 sociat
2531 2264 2767 2318 purpura
2795 2251 2938 2305 celsa
2966 2266 3156 2322 genus,

1936 2335 2016 2391 Ad
2046 2347 2134 2390 tua
2162 2352 2284 2391 cum
2312 2348 2507 2393 nostra:
2532 2346 2753 2392 currant
2781 2340 3025 2395 examina
3056 2357 3229 2412 nugre,

2006 2428 2153 2494 Dico,
2186 2436 2344 2495 state,
2368 2443 2534 2498 vagae,
2566 2445 2672 2499 quo
2704 2433 3035 2502 properatis?
3061 2445 3222 2489 amat.

1936 2522 2220 2577 Districlus
2243 2536 2461 2592 semper
2483 2538 2679 2579 censor
2714 2527 2804 2593 qui
2836 2526 3008 2595 diligit
3034 2536 3208 2581 exsxat
3234 2545 3244 2578 :

2009 2613 2150 2667 Dura
2176 2612 2353 2668 fronte
2380 2613 2507 2682 legit
2534 2614 2710 2670 mollis
2733 2617 2986 2683 amicitia,

1934 2703 2023 2761 Nil
2050 2713 2226 2759 vatum
2252 2708 2467 2774 prodeSt
2493 2707 2760 2777 adjectum
2787 2708 3031 2763 laudibus
3055 2709 3204 2775 illud,

2006 2793 2160 2865 Ulpia
2191 2794 2333 2865 quod
2363 2796 2542 2850 rutilat
2572 2797 2809 2864 porticus
2834 2813 2942 2853 aere
2973 2813 3091 2854 uteo

1940 2886 2036 2941 Vel
2063 2885 2205 2955 quod
2226 2885 2403 2942 adhuc
2431 2873 2629 2956 populo
2660 2888 2821 2941 simul
2847 2898 2900 2943 et
2928 2890 3208 2959 plaudente
3229 2901 3441 2959 senatu,

2007 2977 2089 3031 Ad
2117 2984 2360 3031 nostrum
2387 2976 2574 3031 reboat
2601 2993 2831 3033 concava
2863 2978 3034 3045 Roma
3064 2981 3283 3050 sophos.

1938 3066 2287 3136 Respondent
2313 3068 2419 3123 illae
2446 3085 2461 3123 :
2487 3068 2920 3139 Properabimns,
2953 3070 3167 3136 ibimus,
3195 3082 3247 3128 et
3273 3087 3372 3127 nos

2015 3160 2130 3215 Non
2155 3161 2388 3217 retines:
2420 3169 2567 3216 tanto
2586 3162 2766 3231 judice
2792 3163 2944 3233 culpa
2970 3165 3161 3233 placet.

1937 3252 2097 3323 351
2139 3252 2395 3323 Cognitor
2443 3254 2761 3308 hocnullus
2807 3256 3033 3323 melior,
3084 3256 3221 3311 bene
3273 3256 3509 3314 carmina

3217 3352 3447 3427 [pensat,

2011 3442 2335 3513 Contemptu
2360 3442 2538 3509 tardo,
2565 3444 2768 3513 judicio
2795 3446 2979 3512 celeri,

1935 3538 2003 3593 Et
2030 3537 2151 3607 quia
2185 3551 2288 3591 non
2318 3537 2466 3606 potui
2500 3538 2785 3593 temeraria
2828 3540 3019 3594 sistere
3049 3540 3231 3606 verba,

2012 3632 2136 3693 llaec
2164 3645 2295 3701 rogo
2317 3645 2383 3686 ne
2408 3630 2621 3686 dubites
2650 3632 2788 3688 lecta
2815 3632 2997 3688 dicare
3019 3647 3172 3702 rogo.

2519 3766 2800 3822 CARMEN
2848 3766 2939 3821 1X.

2246 3889 2269 3918 ε
2304 3894 2707 3936 εχςυελτοῐιιυιι
2739 3896 2806 3934 an
2830 3896 2880 3935 v.
2906 3894 2957 3934 c.
2991 3886 3239 3935 rurant“.

2011 4017 2234 4088 gargani
2259 4016 2457 4071 Sollius
2483 4016 2614 4068 hanc
2642 4015 2959 4085 Apollinaris

2012 4087 2178 4142 Felici
2204 4087 2429 4150 domino,
2459 4087 2638 4155 pioque
2667 4088 2837 4151 fratri,

2013 4158 2150 4211 Dicit
2174 4157 2421 4213 Sdonius
2446 4173 2567 4210 suus
2596 4158 2831 4209 salutem.

1942 4292 2062 4360 Dic,
2092 4291 2180 4348 dic
2204 4291 2343 4362 quod
2369 4301 2511 4362 peto,
2553 4289 2759 4361 Magne,
2789 4288 2873 4344 die
2892 4286 3103 4352 amabo,

1112 4416 1315 4507 umdam
1366 4417 1574 4507 Titierni
1604 4423 1785 4493 legunt

1942 4429 2341 4507 περιτραχήλιρν
2368 4428 2551 4482 ἑαυτοῦ
2587 4426 2839 4502 στρεπτὸν
2867 4425 3050 4490 λκϐὡν,
3084 4431 3147 4497 τῇ
3178 4422 3360 4497 κεφαλῇ
3395 4422 3516 4479 Ἴου,

1937 4501 2109 4555 λιάνοῦ
2132 4501 2416 4570 περιέθηκε..

2016 4581 2038 4608 ο
2076 4564 2303 4622 Evectus
2342 4568 2407 4620 ad
2434 4566 2718 4633 imperium
2752 4565 2959 4626 Avitus,
2984 4564 3336 4633 Romamque,
3370 4574 3425 4618 ut
3453 4578 3518 4619 ex

1940 4640 2111 4695 Idatio
2136 4639 2388 4700 diximus,
2415 4645 2693 4701 evocatus,
2722 4639 2837 4699 iter,
2862 4636 3073 4701 Opinor,
3096 4634 3240 4687 ﬂexit
3267 4649 3360 4702 per
3385 4635 3521 4689 Tre-

1935 4712 2082 4764 viros
2109 4709 2195 4761 ubi
2220 4723 2280 4759 ea
2307 4708 2651 4775 contigerunt
2673 4721 2794 4775 qua:
2818 4704 2886 4759 de
2919 4705 3061 4758 Lucii
3090 4704 3369 4759 Senatoris
3392 4719 3520 4759 con-

1934 4780 2061 4849 juge
2092 4778 2579 4849 narratiAimoinus
2610 4776 2699 4829 lib.
2736 4792 2772 4840 ι,
2818 4790 2935 4849 cap.
2967 4777 3018 4828 5.
3056 4776 3179 4849 Inde
3210 4775 3263 4849 in
3294 4775 3521 4849 Gcrnt_a-
3586 4792 3589 4793 '

1936 4845 2081 4903 niam
2103 4857 2156 4903 et
2181 4848 2429 4901 Noricum
2457 4858 2847 4915 transgressus,
2877 4846 3181 4899 Pannonias
3201 4861 3229 4897 a
3251 4845 3516 4909 barbaris,

1936 4932 1993 4975 ut
2023 4920 2247 4974 innuere
2270 4918 2520 4972 Sidonius
2549 4919 2779 4981 videtur,
2812 4931 2927 4970 sine
2965 4918 3129 4971 armis
3162 4915 3385 4983 recepit.
3415 4915 3522 4968 Ro-

1936 5006 2037 5044 mre
2070 4999 2350 5056 susceptus
2380 4990 2672 5056 imperator
2708 4988 3042 5041 consulatum
3071 4986 3258 5050 edidit,
3289 4988 3339 5038 in
3365 4986 3521 5053 cujus

1939 5060 2194 5127 auspiciis
2220 5062 2392 5113 dictus
2420 5071 2504 5113 est
2538 5058 2910 5128 panegyricus.
2945 5058 3093 5121 Quod
3142 5058 3211 5111 de
3251 5056 3520 5128 legatisad

1936 5131 2258 5184 Martianum
2293 5130 2469 5183 missis
2490 5126 2839 5196 Hartianique
2868 5128 3154 5181 concordia
3189 5142 3311 5181 cum
3359 5126 3518 5180 Avito

1936 5200 2116 5254 subdit
2140 5199 2357 5263 idatius,
2398 5201 2446 5252 id
2482 5208 2600 5267 post
2644 5198 2836 5267 initum
2878 5197 2945 5250 ab
2976 5200 3131 5250 Avito
3181 5197 3517 5251 consulatum

1937 5269 2116 5338 accipi
2146 5270 2333 5334 debet,
2364 5266 2491 5324 cum
2532 5269 2664 5322 alios
2713 5270 2765 5321 in
2796 5266 3016 5323 Oriente
3056 5269 3306 5323 consules
3349 5269 3518 5321 fuisse

1936 5340 2360 5410 probaverimus.

2007 5406 2034 5446 ἀ
2064 5410 2176 5463 Hoc
2205 5424 2422 5464 carmen
2452 5407 2617 5479 editio
2638 5415 2721 5462 est
2750 5408 3053 5479 panegyrici
3084 5406 3514 5479 superioris,cui

1937 5480 2163 5550 proinde
2204 5480 2254 5532 in
2284 5478 2523 5550 antiquis
2553 5479 2715 5550 libris
2741 5478 3104 5550 prmponitur,
3137 5490 3194 5531 ut
3240 5478 3423 5531 monui
3452 5480 3516 5530 ad

1936 5548 2153 5604 carmen
2186 5551 2239 5604 5.
2280 5549 2353 5603 De
2395 5549 2671 5603 Valeriano
2699 5559 2910 5612 autem,
2958 5558 3011 5602 et
3036 5548 3103 5601 dc
3149 5557 3321 5602 statua
3368 5563 3516 5601 aenea

1934 5620 2364 5744 ?idonliildictum
2387 5622 2579 5690 partim
2611 5620 2835 5689 epistola
2857 5620 2942 5685 lO,
2968 5618 3059 5671 lib.
3093 5633 3158 5687 v,
3205 5618 3397 5687 partim
3437 5620 3519 5672 ul-

1981 5707 2062 5744 IIII
2121 5708 2192 5744 ι).
2227 5706 2300 5744 ix.

1939 5700 2062 5745 tmi
2100 5695 2192 5744 lib.
2227 5706 2300 5744 tx.

2018 5763 2169 5832 133
2202 5772 2223 5798 θ
2263 5761 2491 5818 Carmen
2533 5760 2633 5816 hoc
2673 5758 2995 5829 reliquorum
3053 5774 3169 5833 qua:
3220 5768 3519 5829 sequuntur
