4002 6188
264 334 373 387 697

262 444 462 499 Forma
488 439 688 511 percita
717 455 838 497 cum
863 440 1013 496 ducis
1042 441 1248 512 Pelasgi

263 537 502 593 Molliret
530 535 748 590 rabidos
767 534 949 604 virago
972 541 1176 600 tauros,

262 629 374 684 Nec
404 639 512 682 tum
545 627 752 692 territa,
775 641 894 680 cum
925 640 1050 682 suus
1069 626 1312 693 colonus,

261 723 393 778 Post
413 721 602 790 anguis
628 719 817 774 domiti
839 729 985 772 satos
1011 717 1264 782 molares,

260 817 514 869 Armatas
544 809 924 866 tremebundus
953 810 1092 863 inter
1114 808 1328 874 herbas,

261 907 485 961 Florere
507 904 558 958 in
589 915 824 971 segetem
855 909 1097 969 stuperet
1126 900 1339 954 hostem

259 997 325 1051 Et
355 992 705 1065 pugnantibus
734 992 858 1046 hinc
886 1001 941 1048 et
971 992 1094 1046 hinc
1125 991 1304 1046 aristis
1325 1034 1340 1059 ,

259 1086 432 1153 Supra
464 1083 735 1139 belliferas
756 1082 974 1138 madere
1003 1082 1208 1150 glebas,

259 1176 541 1232 Culmosos
561 1172 721 1228 viridi
748 1187 940 1227 cruore
969 1170 1180 1226 fratres.

325 1266 446 1321 Non
473 1264 561 1319 hic
592 1265 910 1332 terrigenam
940 1262 1124 1330 loquar
1148 1260 1449 1328 cohortem,

256 1358 511 1413 Admixto
542 1371 696 1425 mage
719 1355 948 1409 vividam
975 1368 1206 1419 veneno,

257 1450 354 1505 Cui
380 1456 580 1519 praeter
607 1447 840 1516 speciem
873 1445 1033 1500 modo
1060 1455 1357 1513 carentem,

255 1540 473 1609 Angues
503 1540 816 1608 corporibus
847 1538 1195 1592 voluminosis

255 1630 417 1701 35hI
436 1632 558 1684 Alte
583 1643 834 1698 squamea
863 1643 1020 1683 crura
1053 1627 1406 1698 porrigentes,

255 1721 311 1774 ln
338 1721 561 1792 vestigia
590 1720 744 1774 fauce
766 1719 1104 1774 desinebant.

253 1812 341 1866 Sic
370 1821 397 1848 α
421 1811 610 1866 forma:
639 1810 861 1880 triplicis
887 1824 1083 1879 procax
1108 1809 1382 1879 juventus,

253 1904 525 1960 Tellurem
547 1903 680 1972 pede
711 1912 988 1971 proterens
1017 1903 1220 1969 voraci,

255 1994 520 2053 Currebat
545 1998 777 2066 capitum
803 1996 1062 2067 stupenda
1087 2011 1309 2066 gressu;

257 2085 467 2142 Etcum
497 2088 719 2143 classica
745 2089 1019 2142 numinum
1045 2087 1327 2156 sonabant,

249 2179 362 2234 Mox
384 2192 572 2237 contra
605 2182 830 2236 tonitrus
857 2181 1166 2236 resibilante

248 2272 497 2326 Audebat
525 2287 750 2342 superos
775 2257 926 2327 ciere.
943 2273 1144 2341 planta.

246 2360 352 2416 Nec
374 2362 618 2432 Phlegrae
643 2363 776 2433 legis
805 2362 1060 2431 ampliata
1082 2376 1229 2428 rura,

245 2452 390 2507 Missi
421 2453 546 2506 dum
579 2452 805 2508 volitant
831 2467 928 2522 per
954 2462 1098 2506 astra
1121 2460 1351 2520 montes,

247 2541 469 2608 Pindus,
500 2542 706 2609 Pelion,
734 2542 889 2610 Ossa,
924 2541 1203 2612 Olympus,
1235 2540 1441 2607 Othris,

243 2633 374 2687 Cum
408 2634 581 2698 silvis,
611 2633 876 2704 gregibus,
903 2631 1056 2699 leris,
1081 2633 1308 2702 pruinis,

246 2725 426 2792 Saxis,
451 2724 708 2792 fontibus,
734 2723 963 2793 oppidis,
993 2721 1154 2779 levati

243 2813 586 2869 Vibrantrum
617 2815 934 2884 spatiosiore
963 2814 1173 2870 dextra.

311 2905 338 2943 ι’
365 2906 487 2961 Νοη
518 2907 603 2960 hic
633 2907 874 2962 llerculis
895 2908 1134 2963 excolam
1168 2905 1400 2971 labores,

241 2995 333 3051 Cui
364 3013 484 3063 sus,
509 3012 684 3064 cerva,
718 2999 826 3064 leo,
858 2999 1026 3069 gigas,
1050 2998 1306 3064 Amazon,

241 3090 468 3159 Hospes,
503 3098 709 3159 taurus,
745 3091 907 3161 Eryx,
937 3106 1084 3155 aves,
1110 3089 1305 3160 Lycus,
1338 3087 1442 3155 l'ur,

241 3180 460 3248 Nessus,
485 3181 636 3252 Libs,
652 3182 796 3252 juga,
828 3197 1007 3252 poma,
1038 3183 1206 3251 virgo,
1236 3196 1477 3252 serpens,

241 3271 386 3338 Geta,
419 3273 655 3327 Thraces
677 3275 817 3344 equi,
854 3273 1021 3329 boves
1046 3275 1235 3343 lberm,

240 3365 494 3423 Luctator
522 3368 735 3436 ﬂuvius,
777 3370 924 3424 canis
948 3369 1228 3436 triformis,

244 3458 598 3528 Portatusque
627 3459 777 3528 polus
806 3461 986 3529 polum
1008 3459 1289 3516 dederunt.

302 3549 421 3604 Non
453 3550 541 3604 hic
569 3550 716 3604 Elida
745 3551 977 3606 nobilem
1008 3550 1277 3620 quadrigis
1299 3592 1314 3615 ,

247 3651 266 3678 ε
295 3639 402 3696 Nec
434 3649 617 3694 notam
637 3641 812 3695 minus
834 3642 1006 3694 amnis
1035 3657 1100 3696 ex
1132 3654 1317 3696 amore

243 3731 409 3787 Versu
441 3748 759 3803 prosequar,
792 3743 849 3788 ut
873 3749 966 3802 per
990 3734 1092 3787 ima
1126 3734 1270 3802 ponti

238 3821 474 3892 Alpheus
501 3824 646 3892 ﬂuat,
680 3833 836 3893 atque
866 3825 1219 3878 transmarina

238 3912 290 3972 in
314 3916 509 3970 ﬂuctus
539 3917 692 3971 cadat
720 3916 861 3971 unda
892 3916 1221 3986 conjugales.

298 4008 416 4062 Non
442 4008 530 4062 hic
559 4008 867 4064 Tantaleam
895 4009 1111 4063 domum
1142 4019 1401 4074 retexam,

238 4097 339 4164 Qua
366 4099 596 4153 mixtum
627 4099 853 4168 Pel0pea
884 4115 979 4166 per
1010 4108 1284 4168 parentem
1316 4107 1401 4154 est

241 4190 410 4244 Prolis
437 4189 575 4244 facta
603 4205 776 4254 soror,
815 4205 1060 4260 novoque
1082 4200 1322 4246 monstro

241 4279 496 4335 Infamem
526 4281 711 4350 genuit
741 4293 890 4350 pater
920 4291 1191 4352 nepotem.

296 4372 460 4444 355
489 4374 574 4427 Nil
610 4385 858 4427 rnmstum
891 4374 978 4427 hic
1002 4374 1242 4439 canitur;
1271 4387 1372 4428 nec
1402 4374 1729 4430 esculentam

237 4463 420 4518 Fletus
443 4467 722 4535 pangimus
749 4464 814 4519 ad
841 4464 1031 4532 dapem
1060 4464 1332 4534 Thyestaa,

238 4553 440 4610 Fratris
468 4557 693 4612 crimine
714 4557 805 4625 qui
835 4555 997 4610 miser
1023 4557 1225 4610 voratis

305 4730 328 4758 ι
352 4720 568 4779 Forma.
593 4720 636 4774 si
663 4736 773 4774 rem
803 4728 1035 4790 spectas,
1065 4718 1367 4789 gigantibus
1390 4717 1614 4787 duplex;
1647 4718 1692 4772 si
1714 4733 1811 4774 nu-

236 4808 463 4854 merum,
491 4792 687 4857 triplex
721 4809 734 4842 :
758 4793 878 4860 quia
906 4793 1042 4858 pube
1068 4800 1222 4845 tenus
1247 4791 1490 4843 homines
1511 4797 1686 4857 erant,
1711 4805 1813 4844 ca:-

237 4871 343 4916 tcra
397 4870 708 4928 serpentes;
757 4861 852 4915 sed
899 4860 1141 4928 geminus
1184 4863 1380 4930 cuique
1429 4874 1653 4930 serpens
1718 4877 1814 4928 plO

237 4946 458 4985 numero
486 4931 701 4998 pedum.
747 4932 878 4985 Hinc
909 4933 1091 4985 forma:
1135 4929 1357 4999 triplicis
1403 4932 1529 4984 dicti
1561 4929 1806 4998 Sidonio,

234 5013 283 5056 et
312 5013 478 5056 ternae
509 5002 680 5055 Pelori
707 5002 932 5072 gigantis
962 5018 990 5054 a
1021 5002 1183 5056 Marte
1228 5002 1412 5067 occisi,
1438 5002 1632 5056 animae
1651 4999 1811 5054 Clau-

235 5074 430 5126 diano:
467 5074 626 5140 Atque
654 5088 754 5124 uno
799 5081 969 5125 ternas
996 5075 1190 5125 animas
1224 5074 1466 5140 interﬁcit
1502 5075 1603 5124 ictu
1635 5091 1647 5124 :
1684 5074 1808 5141 quia

239 5143 376 5197 bina:
405 5143 454 5196 in
486 5143 710 5212 pedibth
736 5151 910 5204 erant,
941 5144 1096 5196 tertia
1130 5146 1180 5197 in
1207 5143 1413 5211 reliquo
1441 5159 1691 5210 corpore.

301 5213 328 5254 δ
365 5214 607 5267 llerculis
647 5214 853 5269 labores
884 5213 1104 5267 vicenos
1148 5225 1328 5268 ternos
1372 5222 1670 5276 enumerat,
1714 5227 1810 5267 nec

236 5286 508 5352 pauciores
529 5284 767 5339 carmine
796 5283 882 5336 15.
911 5283 1042 5338 Nam
1076 5285 1141 5338 l2
1170 5285 1259 5350 qui
1287 5284 1645 5344 celebrantur,
1673 5298 1810 5351 pra:-

236 5355 374 5424 cipui
417 5369 479 5407 ac
527 5354 744 5422 legitimi
778 5353 1011 5420 fuerunt,
1058 5356 1124 5408 ab
1168 5355 1470 5424 Eurystheo
1516 5355 1805 5420 imperati:

237 5423 428 5500 praeter
455 5426 573 5500 hos,
606 5441 724 5500 quae
761 5428 1009 5500 «eam;
1033 5433 1131 5480 τῶν
1156 5423 1327 5500 aram
1371 5424 1541 5478 (Ξτωεὶ
1589 5434 1804 5488 vocant,

237 5498 478 5565 plurima.
514 5497 618 5551 Sed
651 5494 959 5556 sexagenos
1001 5497 1116 5550 loco
1148 5498 1210 5550 ll
1248 5506 1452 5549 tantum
1483 5509 1813 5547 commemo-

237 5579 340 5632 rat,
368 5569 549 5637 Augiae
587 5567 802 5620 stabulo
831 5567 1222 5633 praetermisso,
1253 5565 1392 5634 quod
1438 5565 1609 5633 ipsum
1649 5566 1810 5618 etiam

237 5653 341 5711 non
368 5645 496 5711 satis
517 5639 782 5711 probasse
808 5637 1004 5711 dicitur
1025 5638 1390 5711 Eurystheus;
1420 5638 1654 5711 πάρεργα
1685 5650 1813 5711 vero

247 5706 331 5779 η,
365 5710 413 5760 in
441 5707 631 5776 quibus
658 5708 807 5776 gigas
835 5717 916 5779 est
947 5705 1276 5779 Halcyoneus
1295 5747 1310 5771 ,
1362 5705 1563 5773 hospes
1585 5705 1811 5779 Busiris,

242 5777 367 5835 Libs
391 5779 625 5846 Antaeus,
665 5780 791 5848 juga
824 5778 988 5848 Calpe
1029 5777 1090 5834 et
1128 5777 1318 5850 Abyta,
1360 5779 1510 5848 virgo
1555 5777 1811 5843 llesione,

1764 334 2093 392 CARMINA.

1875 449 1925 506 Α
1956 445 2143 500 Vivum
2176 447 2492 516 pignoribus
2520 448 2623 506 fuit
2649 451 2952 520 sepulcrum
2987 468 3002 508 :

3413 337 3520 397 698

1949 536 2085 591 Cum
2118 546 2237 606 post
2266 539 2363 592 has
2389 541 2573 610 epulas
2594 551 2816 612 repente
2837 543 2989 600 ﬂexis

1947 626 2102 680 Titan
2133 630 2375 684 curribus
2403 632 2652 687 occidens
2678 634 2744 687 ad
2774 641 2974 702 ortum,

1946 717 2236 772 Convivam
2264 719 2490 790 lugeret,
2522 722 2662 777 diem
2686 723 2911 793 fugaret.

2016 810 2124 865 Nec
2150 810 2327 881 Phryx
2353 823 2532 882 pastor
2557 816 2658 870 erit
2687 815 2780 871 tibi
2811 814 3086 886 legendus,

1952 900 2278 957 Decrescens
2309 905 2392 958 cui
2425 905 2720 976 Dindymon
2743 908 2917 962 reciso

1945 992 2138 1047 Fertur
2162 995 2361 1050 vertice
2395 999 2627 1052 texuisse
2650 999 2916 1065 classem;

1945 1084 2074 1137 Cum
2100 1085 2258 1153 jussu
2286 1087 2512 1142 Veneris
2544 1091 2922 1158 patrocinantis

1943 1176 2140 1231 Terras
2166 1178 2432 1247 Oebalias,
2468 1190 2522 1234 et
2557 1182 2846 1251 hospitales

1947 1265 2145 1332 ltaptor
2174 1267 2528 1338 depopulatus
2557 1281 2636 1325 est
2657 1273 2926 1342 Amyclas,

1944 1355 2182 1410 Praedam
2216 1368 2360 1413 trans
2389 1360 2606 1429 pelagus
2634 1371 2820 1430 petens
2847 1377 3148 1432 sequacem.

1943 1447 2045 1499 Sed
2074 1462 2173 1501 nec
2206 1449 2482 1519 Pergama,
2515 1466 2613 1506 nec
2641 1453 2880 1507 decenne
2909 1453 3132 1513 bellum.

1941 1535 2049 1591 Nec
2069 1552 2239 1594 sawas
2261 1541 2676 1609 Agamemnonis
2703 1541 2991 1613 phalangas
3024 1561 3036 1598 ;

1939 1627 2046 1682 Nec
2076 1630 2302 1699 perjuria
2337 1647 2630 1701 persequar
2658 1635 2894 1702 Sinonis,

1939 1721 2047 1774 Arx
2079 1739 2184 1791 quo
2212 1725 2448 1779 Palladio
2475 1727 2645 1780 dicata
2675 1728 2850 1798 signo,

1865 1807 1915 1868 B
1943 1811 2141 1868 Pellaei
2173 1827 2401 1869 reserata
2434 1819 2732 1887 proditore,

1939 1902 2246 1959 Portantem
2281 1906 2483 1972 pedites
2507 1923 2698 1976 equum
2729 1911 2951 1979 recepit.

2008 1996 2124 2049 Non
2155 1997 2238 2050 hic
2268 1997 2500 2053 Maeoniae
2531 2000 2671 2070 stylo
2697 2015 2955 2071 camenae,

1939 2085 1963 2124 δ
1990 2088 2133 2144 Civis
2163 2090 2494 2162 Dulichiique
2525 2092 2876 2164 Thessalique

1938 2180 2201 2237 Virtutem
2233 2184 2635 2254 sapentiamque
2658 2201 2837 2242 narro.

1936 2273 2173 2340 Quorum
2198 2275 2284 2329 hic
2315 2275 2525 2331 Peliaco
2555 2271 2770 2346 putatur
2794 2286 2971 2342 antro,

1935 2365 2161 2432 Venatu,
2191 2367 2407 2434 ﬁdibus,
2438 2369 2688 2438 palaestra
2719 2378 2773 2423 et
2803 2369 3006 2437 herbis,

1935 2454 2044 2511 Sub
2075 2457 2427 2528 Saturnigena
2460 2473 2589 2514 sene
2616 2460 2909 2515 institutus.

1936 2548 2070 2602 Dum
2102 2565 2243 2604 nunc
2273 2550 2441 2605 lustra
2473 2560 2652 2607 terens
2683 2568 2813 2622 puer
2842 2553 3097 2619 ferarum,

1933 2638 2141 2694 Passim
2171 2655 2265 2709 per
2295 2641 2532 2696 Pholoen
2552 2642 2697 2710 jacet
2719 2643 2982 2712 nivosam,

1930 2730 2080 2786 Nunc
2109 2734 2437 2802 praesepibus
2461 2735 2726 2789 accubans
2755 2734 2966 2799 amatis,

1930 2822 2136 2877 Dormit
2164 2824 2377 2878 mollius
2409 2824 2459 2878 in
2487 2824 2616 2892 juba
2646 2824 2905 2893 magistri.

1931 2913 2094 2984 356
2118 2913 2244 2968 Inde
2274 2912 2586 2985 Scyriadum
2611 2914 2766 2968 datus
2793 2913 3028 2982 parenti,

1930 3004 2103 3059 Falszn
2126 3004 2339 3058 nomina
2363 3005 2648 3072 pertulisse
2677 3004 2918 3071 Pyrrhae,

1930 3097 2104 3166 Atque
2143 3097 2284 3151 inter
2313 3097 2516 3151 tetricae
2545 3097 2740 3152 choros
2764 3097 3038 3154 Minervae.

1849 3167 1895 3232 ο
1936 3188 2187 3244 Occultos
2219 3189 2408 3244 Veneri
2439 3199 2644 3244 rotasse
2673 3189 2910 3260 thyrsos.

1929 3280 2212 3336 Postremo
2238 3280 2302 3334 ad
2327 3280 2578 3351 Phrygize
2605 3295 2800 3341 sonum
2827 3280 3027 3348 rapina:

1926 3371 2150 3427 Tractus
2178 3371 2423 3426 laudibus
2456 3372 2700 3426 Hectoris
2726 3370 2992 3426 trahendi.

1998 3463 2098 3518 Ast
2128 3464 2297 3528 illum,
2329 3464 2412 3516 cui
2439 3464 2661 3531 contigit
2688 3472 2964 3530 paternam

1925 3553 2185 3620 Quartum
2211 3561 2333 3622 post
2358 3552 2590 3608 Ithacam
2618 3552 2793 3607 redire
2816 3552 3070 3618 lustrum,

1929 3643 2042 3699 Nec
2065 3644 2309 3714 Smyrna:
2340 3643 2470 3697 satis
2491 3643 2722 3712 explicat
2749 3642 3021 3696 volumen.

1925 3737 2058 3792 Nam
2089 3738 2206 3806 quis
2234 3737 2548 3792 continuare
2577 3737 2746 3806 possit
2773 3735 2897 3790 illos

1923 3830 2067 3896 Quos
2089 3837 2230 3883 terra
2259 3837 2313 3883 et
2341 3829 2528 3899 pelago
2549 3828 2667 3882 tulit
2691 3827 2941 3882 labores?

1923 3919 2154 3988 Raptum
2183 3919 2499 3983 Palladium,
2533 3930 2808 3988 repertum
2838 3917 3124 3984 Achillem.

1921 4009 2148 4080 Captum
2182 4009 2504 4080 prmpetibus
2538 4010 2740 4065 Dolona
2773 4010 2987 4080 plantis,

1921 4100 1990 4156 Et
2010 4101 2195 4155 Rhmsi
2222 4101 2406 4156 niveas
2436 4102 2584 4170 prius
2613 4102 2916 4170 quadrigas.

1919 4191 2118 4246 Xanthi
2149 4206 2308 4260 quam
2333 4191 2576 4247 biberent
2606 4191 2824 4256 ﬂuenta,
2854 4190 3089 4244 tractas?

1919 4283 2173 4350 Ereptam
2204 4298 2416 4352 quoque
2446 4298 2603 4353 quem
2636 4282 2767 4338 deus
2799 4292 3075 4352 patronus,

1917 4374 2238 4440 Philocteta,
2266 4377 2355 4429 tibi
2382 4376 2531 4431 dedit
2555 4373 2901 4445 pharetram?

1925 4466 2141 4534 Ajacem
2173 4466 2542 4520 Telamonium
2567 4467 2856 4530 furentem,

1839 4538 1894 4598 Ι)
1924 4558 2078 4624 Quod
2102 4573 2221 4613 sese
2241 4567 2366 4614 ante
2396 4572 2538 4614 rates
2566 4569 2758 4630 agente
2780 4570 2993 4611 causam

1923 4722 2155 4775 luctator
2178 4718 2368 4772 llnvtus
2398 4717 2665 4772 Achelous
2697 4731 2713 4768 :
2745 4714 2948 4782 reliqua
2976 4721 3099 4768 sunt
3129 4711 3358 4772 notiora.

1998 4802 2020 4830 ε
2054 4791 2106 4844 ld
2134 4789 2330 4843 rectius
2357 4801 2514 4857 quam
2553 4785 2694 4857 quod
2724 4787 2774 4839 in
2807 4785 3054 4854 vulgatis,
3107 4795 3277 4857 notant
3317 4783 3502 4857 nimis.

1921 4861 2126 4916 Elidem
2167 4860 2241 4912 ait
2271 4854 2583 4913 non—minus
2628 4866 2804 4910 notam
2831 4870 2951 4909 esse
2990 4870 3053 4909 ex
3104 4854 3359 4907 fabulosis
3402 4856 3500 4910 Al-

1921 4933 2041 5000 phei
2063 4942 2119 4984 οι
2145 4931 2425 4984 Arethusa:
2453 4927 2724 5000 amoribus
2755 4941 2911 5000 quam
2935 4941 2997 5000 ex
3021 4925 3161 4980 ludis
3176 4925 3495 5000 plympicis.

1923 4994 2279 5069 Utrorumque
2323 5001 2566 5052 meminit
2619 4994 2785 5069 etiam
2828 4997 3114 5069 Lucianus.
3160 4996 3262 5069 Sed
3299 4994 3501 5069 Alphei

1918 5075 2091 5126 amnis
2119 5064 2374 5133 fabulam,
2410 5070 2627 5139 Ἀλφειοῦ
2652 5067 2840 5140 ἔρωτα,
2869 5071 2952 5121 καὶ
2980 5067 3162 5140 ὕφαλον
3189 5064 3500 5140 ἀτιόδπημίίλῑν3

1916 5159 2020 5198 non
2048 5143 2260 5215 Eliacm,
2288 5150 2345 5215 t‘lt
2371 5135 2609 5215 rrpéaroug
2631 5135 2730 5215 τῷν
2753 5135 3038 5215 ἶΟλυμπίωὺ
3068 5135 3375 5215 ἀγωνιεῖ-ἀς
3407 5135 3501 5192 sed

1916 5214 2189 5267 Arcadica:
2245 5207 2432 5265 tribuit
2480 5207 2887 5281 mythologia":
2928 5223 2992 5261 eo
3043 5207 3181 5274 quod
3235 5207 3496 5275 Alpheus,

1925 5285 2084 5360 138
2112 5285 2233 5338 licet
2271 5282 2422 5360 Elida
2453 5277 2796 5360 priterﬂuat,
2829 5277 3004 5332 fontes
3031 5287 3207 5331 tamen
3232 5281 3500 5345 primurn—

1917 5349 2260 5424 ‘l—h‘écursum
2293 5352 2522 5424 ducit}?!
2556 5349 2804 5424 Are—adia'
3246 5422 3252 5424 λ
3326 5413 3339 5424 ’
3413 5411 3426 5424 ⁹

1987 5423 2013 5460 ά
2048 5425 2250 5492 Ulyssis
2271 5434 2324 5477 et
2355 5422 2597 5476 Achillis.
2646 5418 2847 5492 Verum
2877 5418 3100 5492 Achillis
3143 5413 3496 5492 gestamlevins

1918 5481 2143 5558 delibat,
2176 5510 2272 5548 nec
2318 5493 2459 5546 aliud
2503 5491 2723 5564 attingit_
2758 5507 2914 5560 quam
2965 5489 3079 5564 ejus
3120 5481 3218 5564 sub
3267 5481 3501 5564 Chirone

1919 5554 2185 5620 Centauro
2210 5564 2602 5626 educationem,
2632 5554 2686 5615 et
2713 5554 2966 5614 latentem
3001 5561 3138 5610 inter
3177 5554 3500 5625 Lycomedis

1919 5635 2056 5708 ﬁlias
2087 5651 2313 5708 moram,
2337 5648 2459 5708 qua:
2479 5633 2746 5708 ᾏχιλλέως
2780 5633 2837 5708 ἐν.
2859 5631 3027 5708 ξκύρῳ
3056 5628 3391 5708 παρθένευσις
3422 5626 3502 5678 di-

1921 5714 2003 5759 cta
2032 5705 2286 5759 Luciano.
2337 5699 2778 5775 Ulyssis'contra
2825 5699 3102 5753 historiam
3131 5702 3245 5753 fere
3285 5699 3498 5775 univcr-

1921 5791 2060 5854 sam,
2101 5783 2212 5838 tum
2241 5775 2368 5834 belli
2405 5767 2521 5832 tum
2566 5784 2832 5836 errorum,
2856 5777 3103 5827 accurate
3138 5767 3497 5841 persequitur.
