4002 6188
246 360 361 417 τοι

243 477 383 532 Non
413 475 508 531 hic
534 473 779 529 socciferi
805 473 959 543 jocos
984 471 1282 537 Menandri,

243 565 380 623 Non
415 565 532 620 lmsi
559 562 867 618 Archilochi
894 561 1036 617 ferus
1061 562 1291 627 iambos,

249 656 355 713 Vel
386 657 513 725 plus
544 652 835 711 Stesichori
863 667 1052 724 graves
1075 665 1346 708 camenas.

248 753 369 805 Aut
399 733 884 820 quod'composuit
914 747 1089 815 puella
1111 746 1293 802 Lesbi.

244 843 378 898 Non
414 839 561 910 quod
591 840 800 893 Mantua
829 849 1115 893 contumax
1144 837 1405 907 Homero,

249 934 484 1003 Adiecit
506 931 810 1002 Latiaribus
839 929 1090 999 loquelis,

245 1025 322 1083 Δ]
346 1025 491 1092 Iuari
520 1024 740 1079 sibimet
765 1021 992 1077 subinde
1018 1020 1189 1075 livens

249 1117 434 1171 Busto
466 1114 863 1182 Parthenopam
885 1110 1216 1166 Maroniano.

252 1208 378 1263 Non
408 1204 560 1277 quod
586 1219 684 1276 per
712 1211 922 1274 satyras
950 1201 1323 1272 epistularum,

255 1299 715 1366 Sermonumque
735 1295 897 1364 sales,
926 1307 1233 1363 novumque
1252 1291 1484 1362 epodon,

252 1391 458 1446 Libros
486 1389 767 1455 carminis,
796 1402 861 1442 ac
887 1386 1158 1457 poeticam
1180 1393 1372 1451 artem,

250 1484 464 1538 Phoebi
490 1483 747 1537 laudibus
773 1489 829 1537 et
854 1494 1002 1551 vaga:
1022 1479 1209 1534 Diana:

250 1575 608 1647 Conscriptis
629 1575 799 1630 voluit
822 1587 1018 1629 sonare
1043 1572 1290 1628 Flaccus.

250 1667 379 1722 Non
403 1666 558 1736 quod
588 1665 841 1735 Papinius
873 1672 1015 1729 tuus,
1042 1678 1320 1733 meusque,

254 1759 411 1814 inter
435 1756 741 1813 Labdacios
767 1763 925 1812 sonat
952 1754 1183 1809 furores.

254 1855 368 1904 Aut
396 1864 529 1903 cum
561 1847 699 1903 forte
728 1846 921 1915 pedum
952 1846 1161 1901 minore
1189 1844 1446 1917 rhythmo

256 1940 446 2011 Pingit
474 1952 723 2010 gemmea
752 1946 901 2008 prata
928 1936 1264 1992 silvularum.

255 2033 431 2104 359
458 2041 487 2068 ιι
520 2030 637 2085 Νοη
661 2028 801 2099 quod
826 2027 1074 2084 Corduba
1112 2036 1417 2096 praepotens
1446 2026 1679 2083 alumnis

259 2123 589 2178 Facundum
618 2121 745 2189 ciet,
773 2119 862 2176 hic
890 2130 1045 2190 putes
1075 2119 1380 2190 legendum.

252 2214 514 2281 Quorum
546 2228 683 2267 unus
705 2212 835 2267 colit
866 2211 1136 2282 hispidum
1165 2210 1408 2278 Platona,

254 2306 660 2376 incassumque
684 2319 840 2359 suum
870 2312 1051 2358 monet
1080 2302 1367 2359 Neronem.

252 2396 621 2451 Orchestram
649 2394 820 2464 quatit
840 2394 976 2448 alter
999 2392 1289 2460 Euripidis,

253 2488 481 2543 Pictum
509 2486 728 2542 I’azcibus
748 2484 1045 2556 Eschylon
1074 2492 1316 2549 secutus,

253 2583 365 2635 Aut
394 2579 664 2651 plaustris
688 2579 903 2635 solitum
934 2592 1124 2633 sonare
1150 2576 1407 2647 Thespin,

255 2673 365 2740 Qui
390 2682 524 2743 post
548 2671 746 2741 pulpita
770 2670 891 2725 trita
922 2669 1024 2724 sub
1052 2670 1317 2724 cothurno

252 2762 556 2818 Ducebant
581 2760 737 2816 olidae
758 2774 956 2814 marem
987 2758 1227 2828 capella}.

252 2853 515 2923 Pugnant
541 2851 729 2907 tertius
755 2850 842 2905 ille
871 2848 1134 2904 Gallicani

256 2945 411 3000 Dicit
438 2944 702 3009 Cmsaris,
743 2949 803 2996 ut
837 2955 1004 3013 gener
1036 2954 1296 3009 socerque

254 3034 515 3106 Cognata
548 3033 860 3103 impulerint
888 3033 941 3086 in
976 3046 1122 3085 arma
1155 3031 1399 3087 Romam.

253 3125 503 3180 Tantum
539 3124 671 3178 dans
698 3123 966 3194 lacrymas
994 3124 1105 3177 suis
1134 3121 1418 3192 Philippis,

255 3214 330 3270 Ut
354 3216 559 3271 credat
578 3214 849 3269 Cremerae
872 3214 1041 3267 levem
1066 3212 1297 3278 ruinam,

257 3307 409 3363 Infra
440 3314 502 3361 et
535 3314 754 3359 censeat
784 3304 976 3359 Alliam
1013 3303 1319 3370 dolendam,

257 3404 337 3458 Ac
370 3399 581 3455 Brenni
607 3398 657 3451 in
691 3400 888 3452 trutina
913 3397 1097 3452 Jovem
1134 3396 1468 3466 redemptum
1495 3416 1507 3450 ε

258 3498 577 3564 Postponat
596 3492 868 3554 Trebiam,
891 3507 1187 3562 gravesque
1208 3492 1439 3553 Cannas.

261 3588 529 3656 Stragetn
563 3598 657 3638 nec
681 3584 1137 3640 Thrasimenicam
1170 3585 1435 3655 loquatur.

260 3678 495 3733 Fra'res
530 3675 802 3745 Scipiadas
834 3675 994 3744 pudet
1026 3676 1284 3742 silendos,

258 3772 419 3838 Quos
444 3768 790 3822 Tartesiacus
816 3775 1051 3821 retentat
1075 3767 1221 3822 orbis
1254 3784 1267 3823 :

259 3862 615 3931 Euphratem
649 3867 822 3913 taceat
844 3858 982 3914 male
1016 3861 1328 3930 appetitum,

262 3956 601 4007 Crassorum
630 3961 682 4006 et
709 3951 949 4005 madidas
972 3966 1163 4006 cruore
1184 3950 1439 4023 Carrhas,

264 4045 365 4099 Vel
393 4058 541 4113 quos
569 4044 828 4113 Spartace
858 4044 1136 4098 consulum
1167 4044 1381 4099 solebas

263 4135 501 4190 Yictrici
535 4134 735 4204 gladios
758 4132 940 4203 fugare
961 4135 1090 4200 sica,

266 4230 462 4298 ipsum
497 4242 598 4280 nec
621 4227 744 4282 ﬂeat
773 4226 864 4281 ille
893 4226 1013 4295 plus
1042 4226 1300 4297 duellum,

347 4354 370 4414 ξ
404 4342 690 4398 Deiisdem
709 4343 961 4398 Martialis
979 4343 1074 4398 lib.
1091 4358 1129 4409 ι,
1160 4358 1279 4414 cap.
1305 4344 1397 4411 6'2,
1422 4344 1487 4397 ad
1512 4344 1874 4404 Licinianum:

348 4409 370 4439 δ
1117 4403 1126 4409 γ
1227 4403 1242 4414 .
1384 4403 1395 4411 ,

286 4403 350 4482 C
476 4458 709 4519 Duosque
742 4456 977 4518 Senecas,
1002 4458 1299 4519 unicumque
1319 4456 1566 4507 Lucanum

276 4520 453 4593 1&0
472 4526 693 4576 Facunda
716 4528 926 4590 loquitur
951 4528 1192 4577 Corduba.

348 4631 383 4669 ιι
425 4628 633 4701 Lentuli
663 4628 901 4684 Gmtulici
934 4641 1145 4685 exatant
1180 4631 1363 4686 Grmea
1403 4632 1784 4701 epigrammata
1822 4636 1872 4691 in

275 4700 641 4775 ᾼῃιιψιιξςὶιι.
676 4701 932 4775 Martialis
955 4703 1095 4756 inter
1135 4702 1363 4775 lascivos
1389 4700 1573 4775 poetas
1603 4715 1868 4775 numerat,

277 4772 500 4827 Plinius
525 4771 663 4842 inter
692 4772 832 4824 viros
853 4786 1042 4839 graves
1070 4774 1156 4840 qui
1182 4772 1382 4825 ludicra
1414 4773 1677 4841 scripsere
1700 4775 1792 4829 lih.
1817 4771 1874 4842 νς

277 4844 456 4905 eoi-t.
485 4843 539 4896 5.
570 4841 1068 4912 Meminrtcjusdem
1099 4842 1348 4897 Sidonius
1378 4843 1466 4897 lib.
1502 4858 1558 4907 ll,
1585 4848 1746 4912 epist.
1784 4848 1871 4901 lt).

280 4912 589 4983 Domitium
613 4915 741 4966 Vero
770 4910 998 4977 Marsum
1041 4920 1095 4966 et
1125 4912 1414 4983 Pedonem,
1462 4910 1875 4983 epigrammato-

278 4981 519 5049 graphis
538 4997 749 5051 quoque
773 4991 1091 5036 annumerat
1122 4982 1260 5036 idem
1288 4981 1571 5039 Martialisf
1587 4986 1692 5041 Sed
1716 4988 1874 5041 Marsi

284 5054 495 5127 hodie,
538 5062 735 5127 przcter
760 5053 967 5127 Cicone
989 5052 1365 5127 fragmentum,
1410 5056 1540 5127 nihil
1581 5068 1869 5127 superest;

283 5123 349 5176 I2.
393 5122 622 5175 Pedonis
656 5122 967 5176 Albinovani
993 5124 1197 5192 aliq-tot
1231 5125 1413 5192 elegiae
1453 5122 1728 5192 leguntur;
1755 5122 1877 5181 Sul-

285 5210 323 5263 p
352 5196 467 5255 tim,
505 5208 666 5265 quam
700 5192 954 5265 Martialis
990 5210 1204 5265 quoque
1252 5196 1430 5248 laudat
1460 5196 1555 5250 lib.
1598 5214 1664 5265 x,
1709 5198 1871 5253 satira

288 5261 458 5318 unica
486 5261 552 5317 de
583 5265 911 5331 temporibus
943 5261 1245 5317 Domitiani.

374 5343 398 5369 ο
446 5331 898 5404 Fratresiuerunt
930 5334 1372 5399 VeSpasianorum
1417 5343 1714 5404 temporum
1744 5352 1872 5404 po»-

290 5414 407 5466 tm;
437 5403 524 5456 hic
550 5403 801 5471 tragicus,
837 5406 924 5458 ille
966 5405 1232 5469 Satiricus,
1268 5406 1335 5459 de
1381 5406 1574 5469 quibus
1619 5406 1878 5461 Martialis

291 5477 399 5526 liti.
437 5489 519 5536 ιι,
562 5489 681 5541 cap.
714 5473 803 5545 Η,
841 5474 1001 5527 Turni
1048 5488 1078 5527 e
1122 5478 1280 5527 satira
1330 5474 1617 5529 distichum
1675 5479 1880 5545 profert

293 5556 462 5596 vetns
490 5545 755 5613 interpres
783 5544 1079 5609 Juvenalis;
1110 5545 1311 5599 Scazvaa
1327 5545 1575 5599 Memoris
1599 5544 1876 5603 Hereriletn

295 5614 623 5677 tragtediam
684 5615 811 5669 citat
848 5614 1041 5669 Fabius
1088 5614 1397 5682 Fulgentius
1443 5617 1508 5670 de
1548 5617 1725 5684 prisco
1765 5633 1880 5671 ser-

297 5701 490 5740 mone.
534 5684 910 5738 Stellmautem
942 5695 1111 5752 poeta:
1158 5685 1340 5739 laudes
1378 5697 1432 5741 et
1475 5690 1876 5752 epithalamium

298 5755 507 5809 cecinit
534 5754 804 5821 Papinius.
834 5757 907 5808 De
932 5759 993 5808 Α.
1014 5754 1271 5824 Septimio
1301 5757 1464 5825 Iyricn
1496 5758 1749 5813 Sidonius
1776 5760 1877 5815 ite-

305 5841 431 5880 rtun
462 5830 513 5880 iti
544 5827 763 5893 epistola
789 5828 852 5881 ad
884 5827 1173 5883 Poleuiiutn
1201 5844 1229 5881 c
1249 5830 1436 5883 :rmine
1466 5826 1491 5880 ιι
1513 5830 1553 5883 l.

1699 360 1783 416 CA
1793 360 2022 415 RMINA.

1887 480 1938 537 Α
1966 474 2117 542 Quod
2143 484 2261 544 post
2285 474 2553 531 Cimbrica
2589 476 2834 533 turbidus
2858 486 3081 547 tropaea,

1902 4666 1956 4727 D

3427 360 3533 412 70%

1968 566 2036 620 Et
2062 568 2295 620 vinctum
2326 565 2705 623 Nasamonium
2728 568 3066 638 Iugurtham,

1964 660 2097 713 Dum
2120 658 2312 728 qumrit
2334 658 2745 714 Mithridaticum
2766 659 3117 728 triumphum,

1964 749 2196 817 Arpinas
2218 748 2383 802 voluit
2412 764 2629 805 tnovere
2649 749 2834 820 Syllzc.

2034 838 2062 877 ιι
2100 838 2216 893 Non
2242 839 2530 895 Gartulicus
2560 840 2647 896 hic
2675 840 2767 895 tibi
2798 841 3024 910 legetur,

1962 930 2127 1000 360
2153 929 2268 985 Non
2298 930 2527 997 Marsus,
2560 930 2728 998 Pedo,
2752 930 2943 998 Silius,
2965 929 3227 987 Tibullus.

1960 1020 2079 1075 Non
2106 1020 2246 1091 quod
2267 1020 2516 1092 Sulpiciae
2538 1022 2699 1093 jocus
2722 1023 2926 1078 Thalia:

1962 1109 2191 1180 Scripsit
2214 1112 2614 1182 blandiloquum
2644 1128 2743 1168 suo
2767 1114 2990 1172 Celeno.

1962 1200 2081 1256 Non
2102 1201 2253 1257 Persi
2282 1204 2445 1272 rignr,
2478 1212 2568 1257 aut
2595 1204 2742 1273 lepos
2764 1203 3027 1273 Properti,

1963 1294 2068 1350 Sed
2101 1311 2198 1350 nec
2218 1298 2542 1351 centimeter
2566 1296 2940 1351 Terentianus.

1961 1384 2078 1441 Non
2109 1385 2344 1441 Lucilius
2375 1387 2481 1451 hic,
2510 1387 2893 1459 Lucretiusque
2920 1395 3022 1443 83‘.

1966 1490 1990 1517 ε
2021 1478 2135 1533 Non
2158 1479 2392 1546 Turnus,
2423 1480 2650 1547 Memor,
2684 1478 2908 1548 Ennius,
2940 1477 3204 1546 Catullus,

1964 1575 2152 1640 Stella,
2175 1584 2229 1629 et
2258 1575 2574 1644 Septimius,
2602 1575 3013 1645 Petroniusque,

1967 1670 2077 1724 Aut
2102 1668 2325 1722 mordax
2356 1669 2471 1723 sine
2505 1650 2608 1723 line
2633 1667 2909 1723 Martialis.

1964 1758 2081 1815 Non
2110 1761 2197 1829 qui
2230 1769 2473 1828 tempore
2500 1758 2731 1815 Caesaris
2754 1759 2974 1815 secundi

1891 1843 1940 1905 B
1969 1852 2194 1907 Alterno
2223 1851 2443 1905 incoluit
2464 1850 2663 1905 Tomos
2685 1861 2860 1905 reatu.

1961 1943 2071 1999 Nec
2099 1944 2188 2012 qui
2215 1942 2482 1997 consimili
2505 1941 2699 1997 deinde
2724 1956 2874 1997 casu.

1960 2033 2041 2090 Ad
2068 2033 2208 2102 vulgi
2243 2044 2455 2087 tenuem
2478 2031 2774 2100 strepentis
2804 2044 3012 2099 auram,

1960 2122 2086 2178 lrati
2122 2123 2217 2177 fuit
2250 2120 2276 2159 ά
2312 2121 2594 2176 histrionis
2623 2122 2797 2177 exsul.

1959 2213 2076 2269 Non
2106 2212 2383 2268 Pelusiaco
2411 2219 2558 2266 satus
2586 2211 2806 2279 CanOpo

1963 2306 2063 2374 Qui
2099 2307 2386 2376 ferruginei
2414 2315 2560 2361 toros
2587 2306 2787 2372 mariti,

1965 2396 2034 2451 Et
2058 2411 2207 2450 musa
2237 2396 2382 2451 canit
2411 2397 2606 2451 inferos
2635 2409 2887 2464 superna.

2036 2485 2145 2541 Nec
2170 2486 2260 2555 qui
2296 2486 2407 2555 jam
2434 2486 2675 2557 patrihus
2709 2484 2857 2540 fuere
2883 2482 3083 2541 nostris

1963 2577 2143 2632 Primo
2167 2588 2406 2647 tempore
2436 2578 2658 2631 maximi
2689 2577 2922 2631 sodales.

1966 2678 1990 2709 ε
2015 2671 2250 2737 Quorum
2287 2685 2424 2723 unus
2449 2669 2775 2723 Bonifacium
2802 2675 3041 2737 secutus,

1964 2760 2079 2817 Nec
2106 2776 2212 2816 non
2236 2760 2565 2830 praecipitem
2590 2760 2987 2829 Sebastianum,

1963 2853 2178 2909 Natales
2208 2869 2341 2923 puer
2372 2853 2582 2907 horruit
2604 2851 2901 2920 Cadurcos,

1962 2944 2087 2999 Plus
2109 2943 2433 2998 Pandionias
2461 2958 2649 2999 amans
2677 2943 2935 2999 Athenas.

1964 3032 2128 3104 Cujus
2157 3036 2203 3090 si
2235 3037 2439 3089 varium
2480 3035 2625 3104 legas
2656 3050 2867 3105 poema,

1962 3127 2100 3182 Tum
2128 3127 2413 3196 thbum,
2439 3129 2520 3182 vel
2546 3127 2801 3199 Hyantias
2833 3128 3059 3198 puellas,

1885 3213 1932 3277 C
1966 3218 2155 3274 Potato
2183 3220 2423 3274 madidas
2452 3220 2518 3273 ah
2549 3219 2910 3290 Hippocrene,

1964 3313 2112 3367 Tunc
2142 3311 2441 3381 Anphiona,
2470 3310 2745 3381 ﬁliumque
2769 3311 2941 3376 Maias,

1962 3402 2113 3457 Tunc
2140 3412 2314 3456 vatem
2343 3401 2714 3471 RhodOpeium
2740 3416 2935 3456 sonare

1964 3492 2174 3548 Collato
2202 3493 2562 3549 modulamine
2583 3492 2881 3547 arbitreris.

1963 3586 2078 3645 Non
2104 3595 2156 3639 tu
2182 3585 2267 3640 hic
2289 3599 2430 3639 nunc
2454 3584 2663 3653 legeris,
2694 3592 2951 3651 tuumque
2980 3583 3201 3652 fulmen,

1965 3680 2124 3751 361
2154 3679 2198 3733 Ο
2227 3677 2536 3747 dignissime
2569 3673 2587 3713 τ
2620 3674 2938 3743 Quintianus
2965 3675 3120 3742 alter,

1966 3772 2239 3841 Spernens
2260 3769 2350 3839 qui
2378 3768 2630 3837 Ligurum
2653 3765 2828 3821 solum
2866 3775 2923 3822 et
2954 3776 3191 3836 penates,

1970 3864 2174 3919 Mutato
2204 3862 2317 3917 lare
2341 3860 2542 3916 Gallias
2568 3859 2780 3927 amasti,

1972 3958 2116 4012 Inter
2145 3953 2365 4010 classica
2394 3954 2568 4022 signa,
2602 3951 2730 4020 pila,
2764 3960 2994 4021 turmas,

1971 4048 2220 4105 Laudans
2248 4046 2480 4113 Aetium,
2504 4057 2804 4113 vacansque
2829 4043 2989 4112 libro,

1974 4140 2029 4195 In
2059 4139 2249 4194 castris
2271 4136 2464 4191 hedera
2495 4143 2576 4189 ter
2600 4141 2881 4188 aureatns.

1975 4243 2001 4286 ε
2030 4231 2133 4288 Sed
2164 4245 2263 4286 nec
2286 4229 2474 4284 tertius
2504 4227 2592 4281 ille
2618 4241 2761 4280 nunc
2790 4226 3017 4295 legetur,

2050 4351 2077 4389 ά
2107 4351 2402 4406 Iuvenalis.
2433 4347 2677 4405 Ovidium
2706 4361 2835 4415 ergo
2864 4346 2930 4401 ab
2964 4343 3279 4415 exsiliiloco
3306 4345 3544 4413 designm

1979 4423 2081 4487 vit;
2111 4422 2418 4476 Juvenalem
2449 4421 2517 4473 ab
2540 4429 2758 4473 auctore
2776 4414 3117 4479 calamitatis,
3149 4414 3335 4487 Paride
3362 4426 3545 4482 pantm

1981 4485 2175 4555 inimo;
2205 4492 2552 4545 Claudianum
2576 4504 2605 4543 a
2631 4490 2797 4557 patria
2826 4488 3075 4558 Aigypto,
3126 4496 3180 4541 et
3216 4485 3549 4555 Proserpina

1980 4575 2134 4631 raptu
2160 4560 2416 4631 carminis
2442 4568 2779 4631 argumento.

2053 4624 2078 4671 ε
2114 4631 2339 4687 Cadurci
2372 4624 2529 4696 hujus
2565 4639 2736 4697 poeta:
2779 4626 2866 4695 qui
2900 4624 3167 4680 Bonifacio
3198 4625 3379 4697 comiti
3416 4626 3552 4693 ejus-

1979 4718 2083 4773 que
2119 4716 2318 4773 genero
2359 4696 2617 4773 adhmsit,
2656 4712 2849 4773 nomen
2894 4697 3153 4773 ignotum.
3221 4696 3553 4773 Praecipitem

1980 4765 2158 4828 autem
2188 4769 2556 4827 SebaStianum
2578 4767 2834 4836 appellat,
2867 4767 2935 4820 ob
2958 4765 3102 4819 varia
3144 4776 3199 4820 et
3226 4765 3397 4819 subita
3428 4781 3556 4820 Con-

1981 4845 2121 4906 silia,
2154 4856 2273 4913 qua:
2298 4855 2439 4909 saepe
2465 4840 2709 4913 variavit.
2746 4837 2977 4913 Primum
3002 4836 3162 4913 enim,
3188 4847 3243 4890 ut
3268 4846 3453 4890 auctor
3477 4842 3558 4913 est

1984 4905 2197 4977 Idalius',
2240 4905 2623 4981 post'mortem
2655 4905 3061 4981 Bonifacii,»cui
3088 4914 3460 4981 successerat,
3493 4908 3559 4959 ah

1980 4985 2100 5038 aula
2134 4976 2464 5050 per’Aetinm
2498 4981 2683 5048 pulsus
2709 4976 2773 5031 ad
2806 4979 3055 5047 palatium
3079 4976 3310 5029 Orientis
3339 4978 3557 5050 naviga-ﬁ

1982 5056 2077 5110 vit.
2113 5048 2240 5108 Inde
2286 5060 2404 5117 post
2449 5051 2651 5117 aliquot
2688 5060 3041 5117 annospcuin
3073 5061 3159 5101 res
3188 5060 3352 5117 novas
3376 5048 3560 5117 tnolirl

1982 5124 2257 5193 cmpissel,
2288 5114 2469 5190 iugere
2495 5114 2829 5193 coac_tns,_ad
2846 5115 3240 5193 'l‘lieudoricum
3263 5114 3559 5193 Gothorum

1982 5186 2162 5263 regem
2187 5193 2240 5247 in
2266 5186 2488 5263 Galliam
2510 5190 2679 5253 venit,
2717 5188 3175 5263 Barcinonemqne
3212 5195 3435 5263 repente
3470 5186 3564 5263 ho-

1985 5255 2082 5319 stis
2107 5265 2275 5317 factus
2310 5262 2520 5315 invasit.
2550 5265 2660 5323 una
2695 5258 2897 5325 eiectus
2926 5258 2989 5308 ad
3025 5255 3294 5311 Vandalus
3322 5255 3565 5325 migraiit

1982 5346 2036 5391 et
2060 5332 2439 5395 Gensericum;
2468 5345 2498 5384 a
2527 5322 2632 5398 quo
2665 5322 2878 5398 tandem
2905 5326 3044 5380 haud
3088 5329 3254 5398 multo
3282 5334 3411 5398 post
3445 5322 3564 5375 leti-

1983 5407 2131 5459 ciore
2160 5402 2327 5465 exitu,
2360 5393 2517 5471 quam
2546 5393 2677 5467 vita,
2707 5400 2831 5467 quia
2860 5396 2980 5451 ﬁdei
3012 5396 3291 5452 catholica:
3326 5393 3470 5455 odio,
3504 5402 3564 5445 ut

1984 5475 2171 5529 Victor
2198 5472 2383 5527 scribit
2400 5511 2417 5534 ,
2449 5477 2668 5524 necatus
2691 5476 2792 5523 est.

2059 5543 2077 5582 ί
2124 5544 2374 5597 Diversus
2397 5530 2481 5594 hic
2508 5555 2537 5593 a
2575 5538 2823 5598 Proculo,
2867 5537 3060 5601 Ligure
3105 5535 3229 5586 item
3277 5542 3453 5600 poeta,
3499 5530 3570 5587 de

1987 5629 2096 5685 quo
2119 5614 2318 5685 dictum
2350 5613 2447 5685 lib.
2477 5608 2739 5685 ix,_epist.
2762 5606 2862 5685 ‘15;
2877 5611 2941 5685 ast
2973 5606 3264 5685 Gelasium.

2054 5695 2079 5732 κ
2120 5684 2254 5738 Vide
2296 5697 2361 5734 an
2406 5673 2773 5735 Merobaudes.
2825 5675 2945 5729 Fuit
2990 5674 3132 5725 enim
3176 5673 3260 5725 hic
3291 5680 3468 5741 poeta,
3516 5683 3572 5727 et

1982 5769 2103 5810 ortu
2135 5756 2424 5822 Hispanus,
2468 5752 2796 5822 ut_tradunt.
2828 5753 2879 5795 et
2931 5744 3145 5822 Asterii,
3195 5759 3302 5812 quo
3348 5747 3571 5822 consule

1985 5825 2189 5882 Sidonii
2225 5814 2374 5891 pater
2407 5814 2779 5891 prml'ecturam
2818 5814 3005 5885 gessit,
3056 5831 3239 5885 gener,
3289 5824 3344 5870 ct
3379 5818 3570 5869 Staiuis
