4002 6188
215 274 309 331 703

703 379 864 459 363
901 383 1186 441 cannea
1217 383 1287 440 x.

300 516 575 559 PILEI'ATIO
601 515 941 556 EPITIIALAMII
973 513 1183 553 RUI’IICIO
1213 514 1278 550 ET
1309 512 1497 550 ιιιειζιτε
1527 511 1692 550 DIC'I'I.

216 617 518 674 Flucticolae
544 631 664 671 cum
699 613 835 669 festa
867 628 1032 668 nurus
1057 613 1305 682 Pagasaea
1334 625 1427 679 per
1459 619 1613 663 antra

278 709 430 776 Itnpe
456 706 556 760 sub
581 703 854 760 Emathia
895 701 1079 756 Pelion
1108 701 1362 769 explicuit
1389 717 1403 765 ;

217 796 541 866 Angustabat
566 796 783 848 humum
815 807 1067 862 superum
1090 792 1218 845 satis
1247 791 1419 858 ampla
1458 788 1726 858 supellex,

283 888 574 941 Certabant
601 887 764 955 gazis,
792 884 915 938 hinc
947 884 1120 953 polus,
1155 884 1280 937 hinc
1309 883 1554 951 pelagus.

221 977 554 1045 Ducebatque
581 975 797 1038 choros,
824 973 980 1028 viridi
1013 989 1178 1042 prope
1209 982 1381 1027 tectus
1402 973 1624 1036 amictu,

284 1067 524 1121 Cerulere
547 1067 701 1135 palla:
724 1067 976 1119 concolor
1006 1066 1121 1134 ipse
1148 1079 1324 1120 socer.
1425 1059 1428 1063 ’

223 1156 456 1227 Nympha
477 1171 689 1226 quoque
711 1158 763 1209 in
785 1157 1053 1210 thalamos
1077 1157 1298 1210 veniens
1320 1155 1385 1208 de
1407 1153 1612 1224 gurgite
1634 1151 1797 1219 nuda,

290 1250 478 1304 Vestiti
506 1250 668 1314 etrapit
693 1250 932 1302 membra
963 1247 1150 1301 timere
1181 1247 1300 1301 viri.

227 1342 356 1397 Tum
385 1341 565 1394 divum
583 1340 884 1409 quicunque
912 1339 1117 1404 aderat,
1150 1347 1356 1392 terrore
1386 1344 1623 1403 remoto,

289 1434 410 1500 Quo
439 1433 558 1501 quis
587 1432 820 1501 pollebat
843 1431 967 1485 lusit
1001 1431 1054 1485 in
1085 1431 1282 1484 officio.

225 1527 468 1596 luppiter
495 1525 675 1580 emisit
697 1524 932 1592 tepidum
956 1526 1068 1578 sine
1089 1525 1323 1593 pondere
1352 1523 1574 1586 fulmen,

292 1620 358 1674 Et
383 1619 540 1682 dixit,
569 1617 761 1670 melius
789 1631 931 1670 nunc
957 1616 1218 1686 Cytherea
1247 1617 1407 1669 calet.

227 1709 413 1766 Pollux
444 1717 553 1762 tum
577 1717 740 1762 cmstu
765 1707 1032 1771 laudatus,
1059 1709 1244 1761 L‘astor
1270 1706 1514 1773 habenis,

290 1798 469 1853 Pallas
499 1806 609 1850 tum
642 1797 838 1861 cristis,
873 1798 1019 1851 Delia
1046 1807 1158 1850 tum
1193 1798 1483 1866 pharetris.

230 1891 437 1948 Alcides
464 1890 635 1955 clava,
671 1889 877 1943 Mavors
905 1901 1011 1942 tum
1047 1890 1172 1943 lusit
1202 1890 1252 1943 in
1295 1890 1468 1956 hasta,

289 1981 459 2035 Arcas
494 1991 602 2033 tum
634 1981 800 2049 virga,
834 1981 1054 2035 nebride
1085 1989 1194 2034 tum
1227 1983 1492 2035 Bronrus.

230 2074 316 2128 llic
345 2084 402 2127 et
433 2072 759 2142 Pimpliadas
781 2073 1062 2125 induxerat
1091 2075 1326 2140 optimus
1358 2074 1624 2145 Orpheus,

291 2164 546 2228 Chordis,
577 2179 728 2225 voce,
757 2179 937 2228 manu,
972 2164 1320 2230 carminibus,
1349 2166 1592 2219 calamis.

229 2259 556 2315 Ambitiosus
585 2257 786 2326 Hymen
817 2265 956 2311 totas
985 2257 1054 2311 ibi
1085 2259 1318 2312 contulit
1346 2268 1492 2313 artes
1520 2275 1533 2310 :

293 2351 396 2416 Qui
423 2365 530 2404 non
560 2350 792 2417 ingenio,
829 2349 939 2404 fors
971 2351 1168 2418 placuit
1195 2354 1374 2420 genio.

229 2441 556 2498 Fescennina
597 2452 775 2495 tamen
801 2457 908 2495 non
940 2452 1063 2496 sunt
1097 2443 1350 2510 admissa,
1397 2443 1704 2513 priusquam

299 2534 540 2589 Intonuit
569 2535 724 2588 solita
753 2548 934 2587 neSter
962 2534 1153 2601 Apollo
1178 2534 1312 2603 lyra.

726 2647 888 2718 364.
930 2648 1208 2702 CARMEN
1240 2648 1330 2702 XI.

394 2749 421 2777 ⁸
453 2755 853 2794 EPITIIALAIIIUM
883 2755 1091 2794 IIURICIO
1123 2755 1188 2792 ET
1217 2754 1404 2792 IBEIIIE
1437 2754 1652 2794 DICTUII.

229 2852 370 2906 Inter
402 2851 648 2923 Cyaneas
679 2851 941 2921 Ephyrwa
967 2853 1244 2906 cacumina
1279 2864 1495 2918 cautes,

230 2945 339 3010 Qua
363 2959 534 3014 super
565 2943 783 2996 Idalium
819 2944 957 2997 levat
985 2944 1232 2998 Orithion
1267 2945 1316 2998 in
1357 2944 1581 2997 aethram

231 3034 398 3091 Exesi
433 3033 548 3088 sale
578 3033 772 3087 montis
801 3048 956 3102 apex,
983 3036 1069 3087 ubi
1099 3035 1233 3089 forte
1259 3042 1536 3103 vagantem

232 3127 364 3181 Dum
400 3126 554 3195 fugit,
585 3134 638 3179 et
663 3125 775 3179 ﬁxit
806 3127 1044 3197 trepidus
1069 3127 1422 3197 Symplegada
1469 3127 1678 3196 Tipltis,

232 3221 410 3290 Atque
441 3227 810 3272 recurrentem
840 3228 1104 3273 ructatum
1129 3220 1192 3273 ad
1217 3233 1376 3274 rauca
1400 3218 1642 3283 Maleam,

232 3313 356 3367 Exit
384 3313 438 3366 in
468 3311 814 3366 Isthmiacum
848 3311 1065 3381 pelagus
1095 3313 1471 3366 claudentibus
1509 3311 1610 3366 alis

233 3407 506 3460 Saxorum
534 3406 600 3459 de
624 3421 755 3474 rupe
776 3405 953 3469 sinus;
985 3420 1090 3474 quo
1119 3419 1262 3474 saepe
1296 3419 1535 3470 recessu,

234 3499 325 3554 Sic
351 3508 613 3568 tanquam
649 3507 764 3551 toto
794 3506 946 3551 (08M.
975 3498 1041 3550 de
1066 3497 1266 3552 lumine
1294 3498 1439 3562 caeli,

235 3590 489 3645 Arctatur
517 3589 738 3644 collecta
766 3588 902 3653 dies,
937 3589 1298 3657 tremulasque
1327 3605 1420 3658 per
1451 3589 1620 3644 undas

235 3682 544 3751 Insequitur
569 3689 774 3734 secreta
797 3680 916 3733 vadi
945 3697 959 3744 ;
995 3681 1373 3734 transmittitur
1401 3681 1510 3734 alto

239 3773 499 3827 Perfusus
525 3771 811 3839 splendore
838 3771 998 3834 latex,
1030 3771 1273 3840 miruque
1296 3772 1468 3825 relatu

237 3862 487 3933 Lympha
520 3862 654 3915 bibit
677 3862 868 3928 solem,
902 3862 1155 3930 tenuique
1181 3864 1378 3917 inserta
1411 3863 1612 3918 fluento

239 3953 486 4008 Perforat
513 3952 685 4006 arenti
716 3952 864 4006 radio
887 3952 973 4005 lux
997 3952 1136 4006 sicca
1167 3955 1450 4022 liquorem.

305 4040 549 4102 Profecit
569 4045 745 4100 studio
771 4046 999 4115 spatium
1024 4061 1040 4111 ;
1072 4062 1190 4101 nam
1225 4047 1479 4104 Lemnius
1508 4049 1616 4104 illic

311 4189 338 4216 ιι
367 4179 488 4234 Jam
518 4179 700 4252 monui
732 4180 796 4232 ad
850 4180 1131 4246 epistolam
1189 4182 1276 4246 I6,
1309 4184 1399 4238 lib.
1448 4203 1517 4252 IV,
1551 4185 1695 4242 Ruri.
1719 4188 1826 4240 ium

240 4252 387 4325 hunc
411 4265 533 4325 esse
554 4250 644 4319 qui
675 4253 1155 4325 posteaqepiscopus
1179 4255 1272 4307 fuit
1297 4250 1660 4321 Lemovicum;
1687 4257 1827 4325 quod

243 4324 309 4394 de
343 4321 566 4394 seniore
589 4321 956 4394 accipiendum
981 4331 1082 4375 est.
1117 4327 1226 4376 Duo
1249 4326 1390 4378 enim
1442 4326 1599 4394 hujus
1645 4321 1828 4382 cathe-

242 4393 355 4445 dra:
388 4392 656 4444 antistites
692 4391 885 4444 liuricii
912 4394 1090 4456 fuere,
1117 4410 1339 4459 quorum
1361 4395 1495 4451 alter
1512 4391 1698 4460 alteri,
1729 4399 1831 4452 hoc

241 4471 328 4516 est
353 4477 457 4514 avo
488 4477 658 4535 nepos
680 4464 952 4535 successit.
989 4462 1310 4535 Fortunatus
1343 4466 1431 4520 lib.
1469 4482 1518 4518 tv
1549 4479 1830 4535 utrumque

244 4547 356 4585 uno
388 4533 700 4599 complexus
728 4538 810 4585 est
835 4533 1137 4601 epitaphio;
1171 4534 1222 4586 in
1250 4551 1353 4604 quo
1383 4536 1495 4590 hinc
1524 4547 1642 4606 post
1681 4533 1783 4592 alia
1811 4553 1826 4590 :

375 4645 557 4693 Ruricii
579 4646 761 4705 gemini
789 4647 952 4706 flores,
982 4649 1155 4706 quibus
1179 4650 1459 4698 Aniciorum

438 4706 613 4753 Juneta
635 4705 870 4766 parentali
893 4705 1100 4756 culmine
1127 4709 1275 4758 Ruina
1301 4711 1406 4759 fuit.

375 4771 524 4835 Actu,
550 4775 737 4835 mente,
758 4768 1064 4835 gr_atlu,_spe,
1091 4783 1198 4818 nom
1222 4786 1301 4828 ne,
1329 4775 1567 4833 sanguine
1589 4775 1724 4835 nexi,

445 4828 703 4878 "xsultant
726 4831 910 4891 pariter
933 4828 1194 4892 bluc'avus,
1216 4835 1326 4884 inde
1353 4828 1522 4896 nepos.

243 4953 391 5029 lluic
432 4967 563 5021 ergo
622 4952 904 5029 Sidonius1
932 4969 1064 5029 _cu_m
1111 4973 1326 5012 uxorem
1375 4962 1511 5029 apud
1565 4963 1835 5018 Arvernos

242 5025 497 5086 duceret,
535 5025 775 5094 nuptiale
819 5023 970 5094 143
1003 5026 1102 5080 huc
1151 5044 1366 5082 carmen
1410 5023 1632 5085 'ci-cinit.
1680 5033 1836 5087 Duxit

245 5105 434 5170 autem
469 5093 716 5170 Ilieriatn,
744 5093 1208 5170 Otniuattinnbilis
1237 5101 1332 5151 viri
1367 5100 1557 5154 filiam:
1587 5119 1703 5170 quae
1730 5121 1833 5155 sm-

242 5168 354 5216 culi
393 5165 636 5238 curisse
668 5175 874 5238 postea,
907 5177 962 5219 ut
989 5168 1099 5238 Deo
1128 5170 1425 5238 religiosius
1456 5165 1701 5231 serviret.
1729 5190 1830 5226 una

245 5249 375 5285 cum
437 5232 652 5287 Ruricio
705 5237 895 5289 marito
951 5232 1254 5304 abdicavit,
1317 5251 1373 5293 ut
1417 5241 1610 5296 docent
1659 5243 1838 5297 FauSti

244 5304 512 5359 IIeiensis
542 5306 698 5372 epist.
725 5306 755 5359 6
785 5316 838 5359 et
866 5308 916 5360 7.

323 5372 353 5410 ιδ
382 5375 592 5450 Alam-li.
618 5374 860 5450 Graecum
881 5387 1156 5433 accentum
1180 5389 1392 5434 secutus
1415 5391 1516 5445 est,
1547 5397 1648 5435 non
1674 5398 1840 5450 quan-

245 5446 492 5521 titatem.
527 5445 816 5514 [Ethiopici
841 5454 1329 5521 autetntnarmoris
1349 5453 1494 5504 color
1516 5461 1600 5505 est
1641 5445 1838 5521 purpu-

244 5533 409 5572 reus.
442 5515 496 5570 In
517 5522 835 5588 panegyrieo
861 5520 1130 5587 Majoriani
1159 5539 1170 5571 :
1203 5520 1386 5573 Nativa
1426 5535 1628 5574 exustas
1643 5515 1836 5591 afflavit

245 5603 494 5656 purpura
519 5604 706 5658 rupes;
733 5598 786 5643 et
811 5606 934 5643 saxa
964 5593 1180 5660 genuino
1211 5595 1384 5661 fucata
1415 5595 1704 5662 conchylio,
1738 5594 1830 5648 lib.

326 5706 347 5737 ⁸
415 5703 658 5762 Barthius
707 5705 759 5761 in
805 5707 1088 5775 adversam,
1132 5721 1251 5776 pag.
1293 5705 1454 5776 I556,
1484 5708 1608 5779 legit
1635 5711 1831 5777 ingenii

1630 271 1957 328 CARMINA.

3369 278 3472 333 706

1815 391 1867 448 Α
1894 384 2002 441 Ceu
2034 387 2289 457 templum
2320 387 2447 442 lusit
2474 387 2688 454 Veneri,
2718 389 3026 460 fulmenque
3052 391 3382 461 relinquens,

1897 478 1993 532 llic
2023 479 2356 547 ferrugineus
2379 479 2601 532 fumavit
2623 495 2766 546 stupe
2791 481 3109 550 Pyraetmn,

1893 567 1989 621 IIic
2016 568 2149 636 lapis
2172 576 2254 621 est
2276 568 2343 622 de
2371 569 2608 636 quinque
2633 569 2785 635 locis,
2817 570 2950 624 dans
2981 572 3218 639 quinque
3245 573 3479 642 colores,

1897 656 1925 697 δ
1951 659 2220 728 Αἰιιιὶορε,
2247 659 2524 729 Phrygius,
2550 659 2752 723 Parius,
2780 659 2998 727 Pmnus,
3035 662 3404 730 Lacedaemon,

1894 746 2224 816 Purpureus,
2257 749 2462 810 viridis,
2490 749 2816 813 maculosus,
2848 750 3082 804 eburnus
3106 763 3160 806 et
3187 753 3362 810 albus.

1896 838 2081 892 Postes
2113 839 2433 908 chrysolithi
2473 841 2649 895 fulvus
2673 841 2978 910 diffulgurat
3007 842 3189 909 ardur,

1897 927 2178 993 Mirrhina,
2203 929 2590 997 sardonyches,
2614 930 2969 1000 amethystus,
2999 931 3200 999 Iberus,
3229 933 3409 1003 iaspis.

1797 1082 1806 1090 O
1899 1017 2081 1085 Indus,
2115 1019 2470 1085 Calchidicus,
2503 1021 2809 1091 Scythicus,
2845 1021 3104 1092 beryllus,
3135 1025 3376 1092 achates,

1900 1113 2169 1168 Attollunt
2198 1114 2435 1182 duplices
2461 1115 2665 1183 argenti
2695 1114 2912 1168 cardine
2949 1115 3150 1180 valvas,

1901 1205 2004 1258 Per
2027 1220 2159 1273 quas
2189 1206 2375 1260 inclusi
2407 1207 2577 1260 lucem
2604 1207 2772 1259 vomit
2801 1205 2988 1259 umbra
3030 1206 3315 1275 smaragdi.

1901 1296 2062 1368 365
2091 1295 2294 1349 Limina
2321 1311 2533 1351 crassus
2561 1311 2701 1367 onyx
2757 1305 2979 1362 crustat,
3012 1306 3332 1366 propterque
3358 1297 3485 1365 hya-

3228 1388 3416 1459 lcinthi

1904 1479 2112 1535 Crerula
2139 1479 2462 1533 concordem
2502 1479 2704 1533 faciunt
2740 1479 2792 1534 in
2823 1488 3007 1548 stagna
3040 1480 3298 1534 colorem.

1907 1571 2156 1625 Exterior
2177 1585 2280 1623 non
2312 1577 2524 1638 compta
2558 1570 2720 1634 silex,
2753 1571 2848 1625 sed
2882 1571 3146 1640 prominet
3170 1570 3278 1624 alte

1909 1663 2081 1730 Asper
2103 1663 2170 1716 ab
2200 1661 2417 1714 assiduo
2446 1660 2782 1731 lympharum
2811 1661 3033 1715 verbere
3062 1676 3273 1729 pumex.

1835 1744 1884 1804 Β
1912 1755 2166 1808 Interiore
2203 1754 2323 1807 loco
2348 1753 2620 1806 simulavit
2648 1753 2907 1808 Mulciber
2935 1769 3066 1806 auro

1913 1847 2199 1900 Exstantes
2223 1845 2326 1899 late
2355 1844 2630 1913 scopulos,
2662 1854 2820 1914 atque
2841 1855 2955 1899 arte
2993 1845 3244 1915 magistra

1811 1975 1820 1984 .
1911 1935 2151 2004 ‘Ingenti
2184 1933 2328 1988 cultu
2358 1943 2564 1987 naturae
2593 1933 2786 1987 inculta
2821 1934 3023 1989 fefellit.

1912 2025 2046 2080 lluic
2076 2026 2226 2095 operi
2259 2025 2535 2087 insistens,
2558 2024 2697 2093 quod
2731 2025 2956 2080 necdum
2977 2035 3197 2080 noverat
3217 2026 3326 2094 illa,

1911 2116 2040 2182 Quae
2071 2130 2166 2183 pro
2189 2115 2494 2169 Lemniacis
2517 2115 2790 2169 damnavit
2820 2115 2957 2170 furta
2982 2117 3207 2184 catenis.

1985 2206 2290 2276 Squameus
2319 2208 2423 2260 huc
2445 2206 2655 2271 Triton,
2689 2208 2915 2276 duplicis
2945 2208 3179 2262 conﬁnia
3214 2206 3358 2260 dorsi

1913 2302 2028 2368 Qua
2070 2308 2286 2366 coeunt,
2319 2314 2480 2368 supra
2511 2302 2812 2354 sinuamina
2841 2301 3035 2355 tortilis
3058 2301 3182 2364 alvi,

1914 2395 2061 2450 Inter
2088 2409 2256 2462 aquas
2282 2393 2456 2446 calido
2485 2395 2731 2462 portabat
2756 2394 2916 2447 corde
2942 2393 3185 2446 Dionem.

1916 2486 2022 2540 Sed
2049 2486 2240 2552 premit
2271 2484 2484 2552 adjecto
2513 2485 2772 2538 radiantis
2805 2485 3041 2554 pendere
3066 2482 3289 2538 conchae

1917 2576 2165 2632 Semiferi
2196 2576 2413 2630 Galatea
2445 2576 2606 2642 latus,
2635 2576 2774 2644 quod
2806 2575 2993 2644 pollice
3016 2576 3121 2630 fiiio

1919 2669 2100 2729 Vellit.
2136 2679 2189 2722 et
2217 2668 2425 2722 occulto
2451 2668 2680 2736 spondet
2723 2662 2988 2721 connubia
3021 2677 3188 2720 tactu.

1919 2759 2054 2815 Tum
2082 2759 2322 2829 gaudens
2351 2766 2630 2827 torquente
2653 2759 2799 2826 joco,
2822 2758 3064 2812 subridet
3089 2769 3296 2813 amator

1920 2854 2177 2918 Vulnere,
2204 2854 2424 2923 jamque
2449 2868 2597 2907 suam
2625 2853 2862 2921 parcenti
2890 2853 3055 2921 piStre
3080 2853 3330 2921 flagellat.

1927 2928 2075 3000 Pone
2105 2945 2252 2999 subit
2281 2945 2471 2998 turmis
2496 2943 2842 3014 flagrantibus
2865 2958 3054 3012 agmen
3087 2948 3365 2997 Amorum.

1927 3038 2022 3092 Il'c
2050 3036 2267 3091 cohibet
2295 3035 2546 3104 delphina
2571 3036 2734 3100 rosis,
2754 3034 3018 3105 viridique
3041 3035 3275 3105 juveuco

1846 3105 1894 3171 (ἶ
1924 3130 2021 3184 llic
2052 3138 2258 3192 vectus,
2287 3129 2480 3196 spretis
2509 3127 2708 3197 pendet
2752 3142 2848 3196 per
2885 3142 3087 3182 cornua
3113 3127 3300 3196 frenis,

1927 3222 1991 3276 Ili
2019 3232 2222 3275 stantes
2250 3229 2394 3272 motu
2426 3221 2674 3282 titubant,
2707 3219 2992 3288 plantaque
3030 3218 3267 3272 madenti

1925 3312 2222 3376 Labantur,
2257 3310 2571 3378 firmantque
2603 3309 2793 3378 pedum
2822 3310 3041 3378 vestigia
3075 3309 3272 3378 pinnis.

1928 3403 2024 3457 Illa
2055 3409 2338 3455 recurvato
2367 3399 2657 3452 demiserat
2682 3414 2773 3451 ora
2801 3400 3001 3452 lacerto

1925 3492 2104 3546 Mollia
2130 3509 2144 3544 :
2171 3489 2482 3543 marcebant
2511 3488 2690 3551 viola),
2723 3488 3044 3558 graviorque
3071 3502 3267 3558 sopore

1928 3591 2177 3659 Cmperat
2200 3587 2384 3641 attritu
2412 3585 2598 3639 florum
2629 3585 2960 3640 descendere
2988 3587 3195 3639 cervix.

1928 3683 2088 3738 Solus
2119 3681 2186 3735 de
2215 3693 2439 3734 numero
2467 3678 2713 3742 fratrum,
2742 3677 2829 3746 qui
2861 3676 3133 3745 pulchrior
3160 3675 3251 3729 ille
3275 3683 3380 3737 est,

1931 3775 2123 3829 Deerat
2150 3772 2334 3833 Antor,
2369 3770 2494 3822 dum
2526 3767 2658 3822 festa
2689 3778 2835 3837 parat
2867 3766 3220 3821 celeberrima
3251 3766 3442 3831 Gallis,

1935 3873 1958 3902 ι
1991 3864 2120 3930 Quae
2147 3874 2301 3914 socer
2324 3859 2641 3924 Ommatius,
2671 3873 2982 3929 magnorum
3011 3859 3182 3928 major
3205 3873 3444 3924 avorum,

1934 3955 2284 4023 I’atriciteque
2313 3967 2478 4020 nepos
2502 3953 2694 4021 gentis,
2728 3962 2886 4017 natze,
2917 3967 3223 4020 generoque

1938 4045 2151 4101 Excolit
2179 4042 2432 4112 auspiciis
2458 4043 2643 4097 faustis
2670 4060 2682 4094 :
2710 4043 2802 4098 sed
2833 4042 2978 4096 fulsit
3008 4052 3064 4095 ut
3092 4042 3182 4096 ille

1934 4196 1992 4247 Il,
2023 4195 2108 4249 ep.
2141 4181 2199 4236 Ξ.
2222 4179 2458 4250 Phrygii,
2485 4180 2698 4250 hocest
2724 4177 3019 4242 Sinnadici,
3047 4177 3304 4248 puniceas
3324 4187 3375 4234 et
3399 4193 3515 4232 ma-

1934 4252 2173 4307 culosus.
2205 4249 2407 4305 Statius
2436 4251 2488 4303 in
2520 4249 2716 4304 Balneo
2743 4251 2952 4304 Etrusci
2980 4267 2994 4302 :

2028 4342 2250 4402 Purpura
2272 4343 2393 4400 sola,
2415 4354 2532 4390 cavo
2561 4342 2785 4403 Phrygiae
2810 4355 2952 4401 quam
2975 4340 3210 4403 Sinnados
3231 4347 3372 4388 antro

2027 4401 2141 4466 Ipse
2165 4405 2438 4452 cruentavit
2457 4401 2956 4452 maculis’l’ucentibus
2983 4401 3116 4462 Atys.

1937 4486 2077 4539 Parii
2107 4487 2280 4539 albus.
2339 4485 2395 4538 In
2447 4486 2621 4551 Burgo
2653 4486 2854 4539 Leontii
2882 4503 2892 4535 :
2927 4485 3237 4538 Gaudentem
3253 4488 3365 4554 jam
3393 4486 3510 4538 nolo

1942 4556 2137 4678 Padron.
2187 4555 2369 4608 Punici
2419 4570 2515 4609 seu
2546 4554 2809 4609 Numidici
2855 4556 3142 4609 eburneus.
3191 4553 3519 4625 Panegyrico

1942 4641 2002 4678 eo
2041 4642 2158 4678 em:

1939 4641 2126 4682 COUCm
2144 4642 2158 4679 2

2375 4714 2643 4763 Nomadum
2665 4715 2790 4776 lapis
2813 4715 3003 4764 additur
3039 4716 3160 4775 istis,

2132 4776 2398 4836 Antiquum
2423 4778 2667 4826 menditus
2692 4779 2829 4827 ebur.

1940 4858 2188 4914 Laconici
2231 4858 2439 4912 viridis.
2491 4849 2810 4914 Prudentius
2851 4861 2903 4913 in
2934 4859 3314 4930 Symmachum
3339 4857 3410 4913 2.

2067 4959 2186 5018 Quae
2210 4959 2380 5008 viridis
2404 4959 2721 5009 Lacedaemon
2742 4961 2891 5009 habet
2910 4959 3252 5021 maculosaque
3277 4960 3467 5008 Sinnas.

1948 5039 2150 5095 Sta=ius
2181 5057 2193 5092 :
2227 5039 2326 5092 llic
2361 5042 2491 5092 dura
2533 5040 2792 5093 Laeunum
2842 5059 2969 5095 saxa
3009 5043 3190 5097 virent.
3239 5043 3313 5096 De
3345 5044 3530 5098 iisdem

1947 5113 2196 5163 omnibus
2227 5111 2277 5163 in
2312 5111 2486 5174 Burgo
2516 5111 2746 5166 Leontii.

2018 5193 2036 5216 ε
2068 5182 2252 5234 Iberia:
2301 5191 2468 5247 pater.
2516 5182 2578 5232 ad
2622 5197 2776 5249 quem
2822 5192 2904 5235 est
2945 5183 3150 5237 Sidonii
3191 5197 3404 5236 carmen
3441 5183 3526 5233 I7.

1951 5250 2118 5319 Ilujus
2147 5266 2339 5303 nomen
2375 5249 2647 5316 Ruricius,
2684 5261 2742 5304 ut
2786 5267 2903 5306 mos
2945 5264 3081 5319 erat,
3115 5257 3163 5307 in
3211 5255 3319 5305 filio
3350 5261 3527 5317 postea

1951 5329 2246 5374 renovavet.
2294 5320 2428 5373 Filio
2469 5323 2609 5374 enim
2641 5323 2888 5375 Ummatii
2933 5341 3124 5378 nomen
3169 5323 3436 5385 imposuit,
3469 5329 3524 5373 ut

1949 5391 2137 5445 videre
2165 5399 2246 5443 est
2274 5392 2323 5443 in
2353 5392 2469 5458 ejus
2496 5394 2718 5461 epistola
2753 5394 2836 5457 18,
2862 5394 2952 5447 Μ).
2988 5411 3022 5455 I,
3047 5407 3097 5448 et
3125 5394 3210 5445 27.
3246 5391 3335 5442 lib.
3370 5406 3426 5442 ιι.
3452 5390 3528 5444 Ex

1947 5462 2140 5526 quibus
2186 5461 2287 5514 hoc
2331 5463 2491 5515 etiam
2540 5465 2791 5530 colligere
2841 5474 2940 5526 εει,
2988 5461 3308 5516 Ommatium
3362 5461 3521 5511 filiutr

1947 5541 2097 5599 patre
2139 5541 2428 5598 superstite
2481 5533 2531 5585 in
2579 5536 2781 5591 clerum
2809 5535 3079 5599 allectum,
3127 5531 3530 5602 pt'esbyterique

1946 5602 2112 5670 gradu
2145 5611 2390 5659 ornatum
2419 5603 2604 5661 fuisse.

1849 5714 2007 5769 cultu.
