4002 6188
540 321 643 378 τοτ

537 432 699 503 366
724 431 882 486 Forte
906 431 1041 501 dies,
1074 440 1296 487 matrem
1323 430 1487 486 celeri
1518 429 1649 499 petit
1676 428 1791 499 ipse
1819 428 2020 483 volatu.

536 522 699 591 Cujus
727 522 832 585 fax,
860 536 1037 587 arcus,
1070 530 1097 559 α
1123 531 1341 592 corytus
1374 520 1678 591 pendebat:
1702 528 1756 573 at
1784 518 1873 573 ille

535 610 801 676 Ceruuus,
832 619 886 665 et
914 611 1062 665 laeva:
1090 611 1324 680 pendens
1355 610 1409 664 in
1440 609 1679 678 margine
1712 609 1923 677 palmae,

534 699 778 755 Libratos
805 715 902 771 per
930 701 1087 755 inane
1117 700 1277 769 pedes
1307 700 1629 754 adverberat
1659 700 1780 765 alis,

532 793 725 847 Oscula
754 795 832 848 sic
858 795 1046 847 matris
1070 807 1322 861 carpens,
1350 806 1649 863 somnoque
1674 791 1869 847 refusa:

531 882 873 953 SemisOpora
899 884 1000 939 levi
1028 882 1304 954 scalpebat
1331 883 1529 937 lumina
1562 897 1753 953 penna.

530 973 663 1028 Tum
691 975 839 1043 prior
870 974 951 1029 his
978 974 1156 1029 alacer
1188 973 1370 1043 cmpit.
1403 974 1547 1028 Nova
1574 973 1767 1044 gaudia
1800 983 1954 1043 porto

530 1063 723 1121 Felicis
752 1066 966 1135 prtedae,
997 1065 1255 1136 genitrix;
1298 1064 1439 1119 calet
1460 1065 1549 1119 ille
1572 1066 1837 1134 superbus

528 1155 775 1212 Ruricius
802 1158 998 1213 nostris
1023 1157 1253 1223 facibus,
1284 1157 1532 1228 dulcique
1556 1173 1764 1215 veneno

528 1248 743 1315 Tactus,
776 1249 1009 1305 votivum
1039 1250 1274 1320 suspirat
1302 1250 1466 1305 corde
1492 1249 1762 1305 dolorem.

529 1342 688 1397 Esset
717 1343 761 1397 si
788 1358 1026 1412 przcsens
1052 1353 1205 1408 aetas,
1238 1343 1573 1413 impenderet
1593 1342 1671 1398 illi

529 1432 777 1489 Lemnias
806 1436 1111 1504 imperium,
1136 1432 1329 1490 Cressa
1354 1444 1560 1491 stamen
1588 1434 1902 1506 labyrinthi,

524 1525 739 1581 Alceste
764 1526 949 1589 vitam,
979 1524 1138 1581 Circe
1166 1524 1386 1595 herbas,
1418 1541 1576 1596 poma
1600 1525 1850 1597 Calypso.

524 1617 703 1687 Scylla
729 1633 931 1683 comas,
964 1618 1212 1673 Atalanta
1244 1620 1427 1687 pedes,
1461 1618 1646 1675 Medea
1670 1620 1901 1685 furores,

524 1710 856 1779 Hippodame
880 1724 1053 1777 ceras,
1082 1725 1252 1782 cycno
1277 1710 1412 1767 Jove
1438 1721 1559 1767 nata
1590 1727 1865 1768 coronam.

524 1798 657 1856 Huic
686 1801 819 1856 Dido
852 1802 905 1856 in
937 1802 1158 1867 ferrum,
1186 1802 1345 1857 simul
1371 1803 1424 1856 in
1450 1803 1737 1873 suspendia
1765 1802 1987 1875 Phyllis,

522 1891 741 1948 Eradne
766 1896 816 1948 in
849 1893 1116 1961 flammas,
1146 1901 1202 1949 et
1230 1894 1439 1949 Sestias
1470 1895 1600 1950 isset
1622 1896 1675 1950 in
1707 1896 1897 1952 undas.

593 1983 687 2038 llis
714 1985 828 2038 haec
852 1984 942 2039 illa
972 1983 1158 2039 refert.
1189 1983 1515 2051 Gaudemus,
1550 1995 1696 2052 nate,
1728 1986 1985 2041 rebellem

522 2075 679 2142 Quod
702 2076 897 2143 vincis,
922 2075 1212 2146 laudasque
1237 2076 1445 2142 virum;
1476 2078 1566 2132 sed
1594 2076 1763 2132 forma
1788 2078 1982 2148 puella:
2004 2086 2108 2145 est,

521 2168 693 2237 Quam
724 2169 769 2223 si
798 2178 1099 2238 Spectasset
1124 2168 1391 2239 quondam
1419 2170 1796 2225 Stheneboeius
1828 2170 2014 2238 heros,

520 2261 639 2316 Non
670 2276 767 2331 pro
796 2271 1105 2331 contemptu
1134 2260 1427 2316 domuisset
1454 2271 1694 2317 munstra
1723 2262 2031 2318 Chimerzn:

520 2352 1041 2408 Thermodoontiaca
1070 2353 1155 2409 vel
1187 2357 1276 2425 qui
1306 2354 1565 2425 genitrice
1592 2356 1860 2425 superbus

518 2444 731 2514 Sprevit
758 2445 1034 2501 Gnosiacae
1061 2447 1343 2503 temeraria
1374 2456 1497 2504 vota
1528 2464 1792 2517 novercae,

517 2536 631 2590 IIac
659 2538 767 2590 visa
802 2538 1095 2604 occiderat,
1131 2540 1323 2606 fateor,
1359 2540 1455 2595 sed
1483 2542 1711 2595 crimine
1737 2554 1889 2597 vero.

516 2627 587 2683 Et
610 2630 656 2684 si
676 2629 880 2699 judicio
912 2631 1089 2687 forsan
1118 2632 1246 2688 mihi
1274 2644 1458 2703 quarta
1491 2633 1696 2701 fuisset,

514 2717 601 2775 Me
628 2736 839 2792 quoque
866 2720 1089 2778 Rhmtea
1117 2722 1426 2780 damnasset
1452 2724 1479 2763 ι)
1503 2734 1685 2795 pastor
1709 2726 1763 2780 in
1790 2724 1900 2793 Ida,

515 2808 745 2867 Vincere
772 2813 853 2868 vel
875 2813 919 2867 si
943 2823 1117 2883 optas,
1150 2814 1306 2889 istam
1328 2814 1395 2870 da
1423 2816 1563 2870 malo
1594 2816 1823 2886 puellam

512 2902 749 2970 Dixerat,
784 2904 919 2958 hanc
944 2904 1199 2961 dederam
1220 2889 1461 2961 formam
1494 2923 1590 2977 pro
1616 2923 1841 2964 munere
1869 2908 2093 2965 formas:

512 2991 713 3049 Tantus
740 2994 912 3048 honor
934 2996 1232 3065 geniusque
1258 2996 1411 3066 genis
1435 3014 1450 3051 :
1474 2999 1669 3053 collata
1700 2999 1882 3055 rubori

510 3081 714 3141 Pallida
742 3087 907 3141 blatta
941 3087 1091 3153 latet,
1122 3088 1484 3159 depressaque
1514 3089 1715 3144 lumine
1739 3094 1914 3147 vultus

509 3173 669 3245 367
698 3175 1016 3245 Nigrescunt
1041 3176 1221 3232 vincto
1245 3176 1528 3232 baccarum
1555 3177 1760 3248 fulgura
1789 3181 1949 3246 collo,

508 3262 587 3320 Te
609 3279 826 3334 quoque
857 3265 1191 3322 multimodis
1220 3268 1477 3324 ambisset
1505 3268 1675 3325 Iberia
1703 3272 1861 3338 ludis,

506 3357 624 3413 Axe
648 3358 876 3428 Pelops,
906 3374 1067 3414 cursu
1097 3359 1459 3430 Hippomenes
1479 3404 1494 3429 ,
1524 3362 1771 3433 luctaque
1798 3364 2088 3434 Achelous,

506 3449 708 3506 .Eueas
742 3450 928 3517 bellis,
960 3460 1231 3522 spectatus
1259 3451 1504 3524 Gorgone
1530 3454 1775 3512 Perseus.

504 3542 616 3599 Nec
642 3543 815 3599 minor
844 3545 959 3599 haec
984 3546 1194 3615 species
1210 3588 1225 3613 ,
1256 3547 1412 3602 toties
1436 3549 1520 3603 cui
1545 3547 1788 3620 Iuppiter
1811 3559 1956 3608 esset

507 3646 530 3675 ο
562 3635 709 3692 Delia
730 3678 747 3704 ,
781 3646 995 3705 taurus,
1024 3637 1162 3707 olor,
1190 3647 1435 3711 satyrus,
1465 3640 1658 3709 draco,
1690 3643 1889 3700 fulmen
1915 3654 1971 3701 et
1995 3662 2088 3703 au—

1850 3736 2011 3809 (rum.

501 3817 677 3885 Quare
700 3833 817 3888 age,
840 3820 1169 3891 iungantur;
1204 3840 1324 3878 nam
1354 3838 1571 3890 census,
1596 3825 1787 3895 forma,
1811 3843 2086 3902 genusque

500 3909 870 3975 Conveniunt;
912 3912 985 3966 nil
1017 3913 1100 3967 hic
1128 3913 1311 3984 dispar
1338 3925 1427 3970 tua
1455 3918 1569 3971 fixit
1593 3918 1819 3975 arundo.

497 4000 606 4055 Sed
634 4000 760 4070 quid
791 4010 911 4057 vota
941 4004 1162 4059 moror?
1202 4005 1363 4072 Dixit,
1390 4022 1718 4077 currumque
1745 4013 2008 4083 poposcit,

496 4094 593 4147 Cui
620 4093 882 4149 dederant
908 4097 1158 4166 crystalla
1180 4097 1391 4169 jugum,
1419 4117 1538 4171 quae
1565 4104 1761 4171 frigore
1791 4106 1965 4173 primo

495 4190 653 4246 Orbis
682 4189 856 4245 adhuc
886 4192 1077 4259 teneri,
1110 4194 1306 4263 glacies
1333 4197 1422 4249 ubi
1448 4196 1723 4251 Caucason
1755 4208 1931 4268 auget,

494 4281 718 4338 Strinxit
745 4283 1105 4355 Hyperboreis
1131 4284 1405 4340 Tanaitica
1430 4298 1607 4343 crusta
1636 4287 1861 4358 pruinis,

491 4372 745 4431 Naturam
776 4391 993 4433 sumens
1017 4392 1262 4446 gemmaz,
1293 4382 1417 4448 quia
1442 4380 1672 4449 perdidit
1701 4382 1880 4438 undzn.

490 4461 736 4521 Perforat
764 4467 901 4523 hanc
930 4467 1075 4523 fulvo
1103 4467 1363 4524 formatus
1391 4480 1533 4527 temo
1560 4472 1774 4529 metallo
1806 4491 1822 4529 :

489 4551 707 4611 Miserat
732 4556 835 4614 hoc
861 4559 1073 4628 fluvius,
1106 4561 1257 4631 cujus
1282 4563 1383 4620 sub
1410 4564 1617 4634 gurgite
1646 4565 1908 4637 Nymth

558 4756 747 4838 {Duas
790 4757 995 4838 priores
1024 4761 1076 4815 in
1121 4773 1313 4834 goryto
1357 4764 1633 4835 corripuit,
1664 4777 1861 4837 praeter
1897 4770 2061 4838 etymi

486 4828 939 4908 rationein._Natn
984 4828 1326 4908 gorytus'est
1375 4828 1629 4908 γωρὸτέςζ
1659 4828 1872 4907 proprie
1918 4828 2061 4903 τὸξον

487 4900 629 4973 prim,
662 4906 720 4953 ut
745 4899 1357 4973 pliharetra’sagittarum,
1383 4899 1564 4973 sagina
1605 4899 1775 4961 scuti:
1799 4899 2061 4964 Homerus

486 4966 633 5021 Iliad.
663 4991 708 5047 qr
725 4966 942 5047 {Afra-ro
968 4966 1112 5047 163,3;
1286 4966 1521 5047 γώρυτῖῇ.
1540 4976 1633 5031 llic
1664 4994 1761 5045 pro
1790 4982 2056 5047 pharetra,

486 5047 545 5118 tit
571 5038 970 5118 apudStatium
995 5055 1009 5092 :
1032 5038 1325 5118 Gmlestibtia
1352 5038 1524 5114 implet
1561 5038 1803 5118 gorgtum'
1825 5050 1971 5114 telis;
2008 5038 2063 5105 et

485 5107 536 5161 in
553 5105 789 5181 Classis,
821 5120 1030 5179 gorytus
1050 5111 1313 5181 βελοθήκη.

454 5248 457 5251 _
513 5250 522 5259 O
553 5176 581 5215 ιι
604 5178 772 5259 Paris.
808 5176 1085 5259 I'beriatn,
1122 5184 1328 5259 inquit,
1362 5185 1577 5241 Helenae
1608 5190 1926 5257 praetulisset
1962 5190 2060 5243 Pa-

482 5250 589 5332 ris‘;
609 5249 879 5332 istamque
898 5249 1022 5332 sibi,
1043 5251 1088 5332 si
1109 5257 1253 5332 optio
1280 5254 1437 5332 foret,
1448 5274 1500 5332 _a_
1517 5249 1737 5332 ine'dari
1763 5260 2057 5332 maluisset.

555 5328 578 5357 ε
606 5319 791 5389 Diana,
814 5320 933 5375 sive
962 5330 1019 5374 ut
1048 5322 1101 5377 in
1128 5319 1352 5381 Polemii
1376 5319 1739 5399 epithalamio,
1758 5330 2018 5401 Dictynna
2044 5348 2057 5384 :

570 5430 777 5501 Iamque
799 5431 1038 5501 Jovem_i_n
1058 5432 1236 5484 formas
1258 5442 1431 5501 mutat,
1450 5440 1629 5501 quibus
1649 5440 1731 5490 ille
1754 5448 1935 5491 tenere

574 5493 953 5567 gnemosynem,
964 5496 1235 5567 Iipropam,
1248 5493 1517 5567 Semelen},
1534 5500 2057 5567 Ledam.7Cyn0suram,

571 5552 808 5617 Serpens;
830 5552 1167 5619 bos,'fulme'u,
1189 5552 1383 5621 cycnus,
1410 5552 1645 5625 Diciyuna
1671 5552 1881 5615 solebat.

479 5658 599 5735 Quo
625 5674 689 5715 ex
740 5662 856 5716 loco
902 5672 1045 5732 patet
1072 5680 1304 5735 quonam
1344 5665 1431 5722 hic
1477 5667 1667 5723 referri
1716 5670 1929 5735 singula
1959 5669 2055 5723 de-

478 5727 677 5796 beant,
727 5727 919 5801 preter
943 5727 1214 5806 Satyrum,
1240 5738 1330 5808 qui
1371 5737 1439 5795 ad
1466 5738 1774 5809 Antiopam.
1806 5727 2056 5796 Crzccunt

1794 317 2039 374 SIDONII
2080 315 2537 374 APOLLINARIS

2154 431 2204 487 Α
2236 427 2574 498 Mygdonium
2605 425 2793 481 fovere
2818 425 3034 492 Midam,
3069 425 3159 496 qui
3182 439 3385 496 pauper
3413 426 3466 481 in
3492 440 3620 481 auro

3707 314 3811 379 708

2227 516 2430 572 Ditavit
2457 518 2628 572 versis
2656 516 2859 571 Pactoli
2888 515 3107 571 ﬂumina
3137 517 3292 571 votis.

2228 610 2488 680 Splendet
2515 610 2801 681 perSpicuo
2830 609 3008 663 radios
3037 619 3152 663 tota
3182 608 3422 678 margine
3449 608 3668 679 cingens

2223 702 2553 756 Marmaricae
2580 701 2648 756 de
2678 698 2827 756 fauce
2853 700 3002 765 ferar,
3027 699 3153 754 dum
3180 699 3355 755 bellua
3380 701 3558 754 curvis

2224 793 2484 847 Dentibus
2510 794 2750 847 excussis
2776 791 2943 862 gemit
2970 794 3300 846 exarmarier
3325 807 3439 846 ora.

2224 884 2367 938 Misit
2395 892 2449 938 et
2475 882 2576 938 hoc
2605 896 2824 949 munus,
2853 882 3064 952 tepidas
3091 881 3183 953 qui
3212 882 3383 937 nudus
3405 882 3664 954 Erythras

2221 975 2484 1032 Concolor
2512 974 2777 1045 Ethiopi,
2805 976 2891 1031 vel
2922 974 3126 1030 crinem
3159 975 3365 1045 pinguis
3385 992 3598 1033 amomo

2222 1068 2263 1131 Ε
2270 1068 2427 1123 luxus
2448 1068 2685 1124 odoratis
2714 1075 2877 1123 vexat
2909 1066 3191 1122 venatibus
3219 1067 3399 1123 Indus.

2220 1161 2316 1216 Illa
2346 1170 2522 1216 tamen
2555 1160 2702 1230 pasci
2728 1169 2911 1216 suetos
2940 1175 3035 1229 per
3060 1157 3274 1230 Cypron
3303 1160 3481 1216 olores

2220 1252 2421 1307 Vitiata
2444 1251 2658 1323 stringit
2682 1262 2881 1323 myrto,
2908 1251 3063 1321 queis
3093 1260 3285 1306 canera
3319 1250 3486 1307 tensis

2220 1343 2414 1400 Lactea
2447 1344 2677 1414 puniceo
2707 1343 2988 1399 sinuantur
3016 1344 3155 1398 col?a
3181 1342 3405 1399 corallo.

2291 1434 2435 1505 Ergo
2466 1435 2568 1490 iter
2589 1433 2827 1505 aggressi
2853 1449 2866 1487 :
2893 1433 3133 1503 pendens
3164 1444 3277 1487 rota
3306 1434 3478 1488 sulcat
3506 1435 3719 1492 inanem

2221 1528 2383 1592 Aera,
2413 1536 2468 1583 et
2494 1526 2547 1581 in
2574 1526 2777 1598 liquido
2803 1540 2909 1581 non
2941 1524 3167 1580 solvitur
3192 1525 3361 1579 orbita
3392 1536 3585 1581 tractu.

2218 1620 2317 1675 llic
2346 1618 2537 1688 triplex
2572 1633 2680 1673 uno
2705 1618 2991 1673 comitatur
3014 1617 3183 1686 gratia
3214 1633 3376 1681 nexu,

2219 1712 2317 1767 Iiic
2344 1710 2550 1767 redolet
2576 1709 2760 1781 patulo
2784 1709 3011 1765 fortuna:
3036 1709 3190 1777 capia
3215 1725 3406 1771 cornu,

2142 1774 2193 1836 Β
2216 1802 2380 1876 333
2405 1803 2504 1858 Hic
2544 1774 2749 1874 spargit
2772 1799 2998 1856 calathis
3025 1774 3119 1855 sed
3148 1800 3309 1855 ﬂores
3334 1800 3486 1855 Flora
3518 1815 3795 1869 perennes.

2214 1895 2313 1950 llic
2341 1896 2594 1950 Cererem
2622 1893 2856 1949 Siculam
2885 1889 3116 1946 Pharius
3145 1892 3428 1946 comitatur
3456 1892 3651 1956 Osiris,

2215 1986 2311 2042 Hic
2338 1985 2588 2056 gravidos
2615 1984 2855 2039 Pomona
2884 1983 3033 2037 sinus
3064 1997 3159 2051 pro
3190 1991 3430 2053 tempore
3461 1992 3661 2052 portat,

2212 2076 2310 2131 Hic
2342 2076 2521 2132 Pallas
2550 2076 2781 2131 madidis
2811 2073 2957 2129 venit
2986 2073 3127 2129 inter
3154 2074 3300 2143 prela
3330 2074 3569 2142 trapezis.

2212 2169 2309 2222 Ilic
2329 2167 2583 2222 distincta
2612 2167 2751 2221 latus
2780 2166 3052 2221 maculosa
3082 2164 3303 2219 nebride
3326 2164 3502 2235 'I‘hyas

2210 2257 2389 2314 Indica
2417 2258 2680 2314 Echionio
2708 2256 2911 2312 Bromii
2938 2264 3078 2311 rotat
3105 2255 3253 2325 orgia
3283 2254 3487 2326 thyrso.

2210 2353 2307 2408 llic
2336 2360 2393 2409 et
2418 2351 2608 2422 Sigwis
2635 2350 2901 2420 specubus
2926 2349 3016 2420 qui
3046 2347 3309 2418 Dindyma
3336 2347 3488 2412 ludit,

2207 2444 2323 2499 Jam
2354 2453 2531 2501 sectus
2558 2444 2756 2500 recalet
2777 2440 3043 2513 Corybas,
3076 2442 3160 2494 cui
3188 2448 3402 2511 gutture
3432 2454 3563 2494 ravo

2207 2536 2390 2609 Ignem
2419 2553 2514 2608 per
2541 2536 2740 2592 bifores
2768 2543 3053 2604 regemunt
3080 2548 3208 2587 cava
3236 2532 3377 2586 buxa
3402 2547 3688 2587 cavernas.

2275 2629 2367 2685 Sic
2388 2637 2612 2685 ventum
2638 2626 2706 2683 ad
2733 2625 2995 2682 thalamos
3030 2641 3044 2680 :
3076 2625 3229 2692 thus,
3260 2623 3459 2680 nardus
3479 2665 3495 2691 ,
3530 2626 3784 2693 balsama,

3470 2717 3724 2789 [myrrhrc

2204 2816 2303 2872 IIic
2330 2822 2480 2883 sunt,
2510 2813 2599 2870 hic
2621 2813 2843 2884 phoenix
2868 2812 3011 2868 busti
3043 2812 3134 2868 ὼι
3162 2812 3405 2867 cinnama
3433 2812 3560 2867 vivi.

2201 2906 2454 2962 Proxima
2480 2909 2609 2977 quin
2638 2906 2799 2961 etiam
2831 2906 3090 2960 festorum
3120 2904 3301 2958 amata
3329 2904 3533 2967 calore,

2197 2998 2315 3054 Jam
2339 3000 2517 3053 minus
2543 2998 2687 3068 alget
2716 2997 2909 3063 hiems,
2934 2998 3277 3067 speciemque
3308 2995 3543 3050 tenentia
3569 3008 3782 3049 vernam

2201 3089 2314 3146 Hoc
2339 3088 2469 3144 dant
2500 3097 2627 3143 vota
2655 3089 2795 3154 loco,
2828 3087 2969 3157 quod
3003 3102 3109 3142 non
3140 3086 3270 3142 dant
3296 3097 3536 3157 tempora
3564 3088 3780 3140 mundo.

2121 3140 2167 3200 (³
2201 3140 3080 3250 assassiaagm‘me.
3112 3140 3690 3249 dﬁextramquepuella:

2200 3272 2597 3343 Complectens,
2629 3274 2813 3344 paucis
2840 3272 3039 3329 cecinit
3063 3272 3322 3328 solemnia
3349 3273 3527 3337 dictis,

2199 3364 2278 3420 Ne
2305 3364 2544 3421 facerent
2570 3364 2656 3422 vel
2678 3365 2838 3420 verba
2863 3379 3098 3427 moram;
3141 3364 3392 3421 Feliciter
3418 3380 3591 3419 aevum

2202 3457 2390 3513 Ducite
2411 3457 2738 3521 concordes,
2779 3457 2889 3512 sint
2915 3456 3049 3518 nati.
3077 3454 3291 3525 sintque
3317 3465 3556 3524 nepotes,

2197 3549 2397 3606 Cernat
2420 3559 2476 3607 et
2502 3549 2557 3604 in
2585 3562 2789 3619 proavo
2818 3548 3034 3603 sibimet
3060 3545 3204 3617 quod
3233 3560 3499 3618 pronepos
3521 3555 3695 3616 Optet.

2777 3663 2963 3720 CAR!
2972 3661 3060 3719 EN
3096 3660 3209 3717 XII.

2194 3759 2222 3800 ά
2258 3778 2326 3816 an
2362 3776 2417 3815 v.
2456 3776 2508 3815 c.
2548 3773 2904 3822 carumsuu,
2943 3770 3080 3819 quon
3115 3770 3357 3811 nomen
3393 3768 3766 3809 BOS'I'ILITATEI

2221 3845 2572 3888 BABBABOBUI
2610 3843 3005 3884 EPITBAMIIUI
3043 3840 3297 3882 80818883
3335 3841 3435 3881 NON
3474 3838 3733 3879 γλιειιτ.

2256 3923 2395 3993 Quid
2424 3938 2533 3991 me,
2566 3930 2623 3978 et
2648 3920 2695 3976 si
2720 3920 2948 3984 valeam,
2973 3932 3165 3989 parare
3191 3932 3411 3974 carmen

2187 4014 2643 4074 Fescenninicolae
2659 4012 2819 4082 jubes
2849 4011 3065 4076 Diones,

2190 4111 2336 4165 luter
2355 4108 2648 4176 crinigeras
2670 4105 2830 4160 situm
2862 4113 3123 4169 catervas,

2188 4202 2256 4257 Et
2281 4199 2597 4255 Germanica
2628 4195 2788 4251 verba
2813 4195 3189 4263 sustinentem,

2187 4290 2516 4347 Laudantem
2545 4285 2736 4343 tetrico
2761 4284 2990 4339 subinde
3016 4284 3185 4350 vultu,

2183 4384 2346 4453 369
2374 4379 2524 4449 Quod
2554 4376 2859 4447 Burgundio
2883 4383 3064 4430 cantat
3089 4375 3416 4441 esculentus,

2182 4474 2470 4529 quundens
2494 4471 2646 4528 acido
2672 4485 2880 4525 comam
2910 4466 3137 4539 butyro?

2097 4565 2150 4625 D
2180 4567 2269 4623 Vis
2298 4567 2474 4622 dicam
2501 4564 2596 4620 tibi
2622 4562 2747 4634 quid
2780 4576 2968 4631 poema
2994 4557 3241 4630 frangat?

2178 4765 2501 4837 epigramma
2528 4779 2542 4816 :

2382 4859 2503 4915 Ζεὺς
2530 4852 2736 4937 ξύλινος..
2757 4852 3232 4937 semperne-army)”,
3265 4848 3469 4931 xpuqo;
3498 4846 3561 4903 δι’
3589 4844 3749 4923 ἔρωτα

2454 4924 2639 4987 Λήδης,
2672 4923 2942 4995 capsum,
2972 4923 3259 4987 ’Δντιὸπης,
3290 4923 3506 4978 Δανάης.

2246 5036 2402 5110 1M
2426 5034 2463 5110 ἀ.
2490 5034 2818 5110 Catullinum
2849 5032 3022 5110 virum
3055 5031 3338 5110 illustrem,
3368 5036 3424 5082 et
3444 5024 3747 5110 commilitio

2168 5097 2619 5163 sibi-Emiliarem
2648 5104 2785 5159 dixit
2823 5102 3047 5172 epistola
3093 5102 3180 5168 Il,
3228 5099 3323 5153 lib.
3357 5113 3395 5152 ι.
3430 5100 3512 5153 Ab
3541 5097 3631 5172 hoc
3658 5110 3744 5145 ro-

2168 5189 2323 5245 gatus
2349 5189 2408 5233 ut
2437 5176 2837 5247 epithalamium
2859 5167 3143 5247 scriberet,
3169 5167 3330 5247 negat
3349 5185 3410 5225 se
3442 5182 3593 5247 posse
3615 5167 3745 5218 inter

2164 5240 2576 5320 Burgundio-nes
2604 5286 2620 5311 ,
2670 5261 2791 5301 cum
2841 5243 3036 5320 quibus
3083 5244 3434 5320 versabatur._
3469 5240 3575 5294 llos
3616 5248 3741 5320 ergo

2164 5311 2458 5388 criuigeros
2483 5324 2683 5379 vocat,
2716 5324 2775 5371 ut
2817 5315 3052 5381 reliquos
3078 5312 3373 5369 Germanos
3415 5311 3645 5366 Lucanus
3687 5314 3739 5357 et

2164 5391 2512 5444 Claudianus.
2530 5389 2782 5458 lnsuages
2810 5393 3155 5458 praeteream
3176 5398 3396 5458 asperos
3418 5396 3603 5458 eorum
3618 5390 3735 5429 can-

2164 5468 2248 5514 tus
2280 5470 2462 5514 notat:
2484 5458 2668 5528 quales
2694 5450 3124 5528 Transrhenanis
3148 5455 3331 5528 tribuit
3358 5454 3484 5528 item
3510 5450 3735 5528 Julia‘nus

2163 5530 2217 5583 in
2242 5517 2582 5601 Misopogone
2605 5525 2948 5601 ἒᾟθεᾳᾳᾷμην
2972 5529 3139 5597 μέντοι
3150 5528 3269 5601 τοὺς
3286 5526 3417 5597 ὑπὲρ
3438 5531 3593 5601 Ῥῆνον

2164 5592 2561 5673 Campana-(Ziata:
2590 5599 2712 5669 μέλη
2750 5592 2876 5673 agger
2922 5592 3237 5673 ﬁsrromys'vz
3265 5592 3596 5673 rrarparrMGW
3628 5592 3737 5673 ταῖς

2162 5654 2403 5743 κλᾶγγξάς
2562 5654 2747 5744 {cura
2768 5668 2999 5739 βοώντων
3040 5654 3233 5744 apium
3264 5654 3629 5738 ἀσείιςνίζοντας,
3661 5657 3737 5709 καί

2163 5740 2571 5818 εὖγέρὰινομὲνονς
2594 5741 2641 5794 ἐν
2673 5740 2867 5811 μέλεσι.
