4002 6188
192 382 195 385 λ
232 337 340 392 709

228 455 306 513 Es
336 454 432 504 hoc
460 444 756 502 barbaricis
783 444 969 499 abacta
998 443 1217 512 plectris

226 545 445 615 Spernit
474 539 781 609 senipedem
808 538 1003 609 stylum
1030 536 1236 600 Thalia,

230 640 310 692 Ex
336 651 440 707 quo
466 643 493 671 ι
522 631 827 703 septipedes
858 629 1002 684 videt
1031 637 1304 698 patronos.

228 727 434 783 Felices
462 739 527 779 oc
542 738 647 778 eos
677 731 798 776 tuus
827 732 881 775 et
905 734 1082 785 aures,

231 820 569 886 felicemque
602 814 732 869 libet
757 826 950 867 vocare
976 826 1189 877 nasum,

229 910 328 966 Cui
358 923 461 961 non
486 905 633 972 allia,
667 903 1002 973 sordidisque
1028 916 1197 971 cepte,

232 1002 462 1056 Ructant
489 1012 645 1052 mane
674 1010 814 1051 novo
842 992 1029 1049 decem
1058 1004 1367 1062 apparatus.

233 1094 401 1159 Quem
429 1105 535 1144 non
562 1098 619 1143 ut
641 1087 873 1143 vetulum
907 1086 1071 1154 patris
1098 1094 1399 1153 parentem,

233 1180 569 1250 Nutricisque
594 1178 789 1242 virum,
812 1175 899 1230 die
924 1189 1023 1230 nec
1052 1183 1194 1238 orto,

234 1271 335 1325 Tot
366 1271 602 1338 tantique
630 1274 817 1336 petunt
840 1265 997 1319 simul
1025 1263 1301 1333 Gigantes,

234 1361 385 1427 Quod
416 1361 504 1414 vix
534 1356 741 1413 Alcinoi
770 1357 944 1411 culina
976 1354 1159 1410 ferret.

234 1453 341 1509 Sed
362 1455 472 1521 jam
503 1452 650 1505 Mosa
682 1458 841 1514 tacet,
873 1458 1121 1517 tenetque
1146 1446 1382 1501 habenas

236 1544 423 1599 Paucis
449 1539 904 1611 hendecasyllabis
923 1539 1118 1608 iocata.

237 1632 265 1675 δ
285 1634 363 1690 Ne
397 1634 675 1704 quisquam
703 1642 937 1701 satyram
968 1630 1051 1684 vel
1081 1630 1177 1682 hos
1206 1638 1441 1683 vocaret.

793 1740 1079 1797 CARMEN
1122 1740 1257 1795 Xlll.

1685 335 2017 392 CAllMINA.

1846 450 1898 506 Α
1995 442 2095 497 llic
2122 441 2294 510 capita
2315 482 2329 508 ,
2363 450 2419 495 ut
2442 441 2639 510 vivam,
2674 452 2731 497 tu
2750 443 2879 499 mihi
2910 444 3038 503 tolle
3058 446 3184 502 tria.

1994 601 2102 656 llas
2124 601 2351 669 supplex
2373 598 2606 654 famulus
2634 614 2823 668 preces
2848 601 3048 655 dicavlt
3065 640 3081 667 ,

1920 691 2259 761 Responsum
2287 689 2574 758 opperiens
2600 691 2743 758 pium
2769 705 2834 746 ac
2862 692 3111 763 salubre,

1922 782 1991 838 Ut
2021 783 2211 837 reddas
2238 783 2485 852 patriam,
2511 782 2779 853 simulque
2809 786 3007 855 vitam,

1922 875 2237 943 Lugdunum
2264 890 2566 929 exonerans
2594 876 2707 929 suis
2738 877 2928 931 ruinis.

1921 965 2035 1020 Hoc
2056 978 2105 1021 te
2132 965 2383 1022 Sidonius
2414 974 2535 1020 tuus
2566 975 2837 1033 precatur.

1920 1056 2011 1111 Sic
2044 1068 2095 1112 te
2124 1057 2348 1112 Sidonio
2373 1064 2585 1111 recocta
2615 1056 2738 1111 loco
2756 1097 2774 1123 ,

1922 1148 2116 1202 Multos
2142 1164 2375 1217 purpura
2409 1145 2603 1203 vestiat
2632 1162 2723 1215 per
2750 1162 2942 1202 annos.

1922 1237 2057 1293 Sicd
2089 1239 2259 1293 lustro
2292 1238 2500 1307 imperii
2538 1240 2787 1306 perennis
2814 1246 2971 1306 aeto,

1922 1329 2351 1399 Quinquennalia
2378 1330 2609 1384 fascibus
2633 1328 2901 1384 dicentur.

1919 1418 2011 1475 Sic
2031 1422 2160 1489 ripa:
2194 1420 2423 1489 duplicis
2455 1429 2666 1475 tumore
2696 1420 2899 1484 fracto,

1923 1513 2185 1567 Detonsus
2214 1512 2492 1568 Vachalim
2515 1512 2663 1567 bibat
2685 1512 2983 1569 Sicamber.

1920 1602 2072 1670 Quod
2102 1603 2146 1656 si
2172 1602 2469 1658 contuleris
2494 1611 2586 1657 tuo
2615 1615 2788 1673 poeta:
2814 1643 2830 1669 ,

1921 1693 2163 1749 Mandem
2202 1695 2475 1764 perpetuis
2502 1692 2724 1763 legenda
2754 1693 2938 1759 lastis;

274 1846 297 1874 θ
332 1853 632 1893 EPIGRAMMA
668 1850 768 1900 QUO
807 1852 871 1889 AB
910 1849 1243 1888 IMPERATORE
1282 1848 1573 1889 MAIORIASO
1612 1848 1775 1888 τιιιωι
1845 1814 1894 1874 Β

564 1923 787 1962 CAPITUM
826 1920 1096 1959 REMEDIUM
1136 1920 1300 1959 POSTU
1311 1922 1370 1959 LA
1382 1920 1410 1955 ν
1420 1920 1494 1958 l'l'.

239 2000 756 2069 Amphitrioniadem
788 1998 1031 2067 perhibet
1058 2001 1363 2053 veneranda
1395 2008 1633 2054 vetustas

306 2094 441 2148 Dum
466 2094 667 2148 relevat
691 2101 881 2154 terras,
910 2089 1268 2158 promeruisse
1290 2088 1460 2157 polos.

239 2187 443 2241 Etlicet
470 2187 522 2240 in
548 2184 685 2239 nuda
711 2194 893 2239 torvus
919 2181 1242 2252 confregerit
1267 2184 1388 2237 ulna

306 2280 402 2335 llle
428 2276 677 2333 Cleoneae
702 2288 911 2347 guttura
940 2292 1100 2331 rauca
1142 2277 1288 2331 terra.

240 2371 303 2427 Et
332 2386 638 2442 quanquam
666 2368 873 2424 ardenti
905 2369 1081 2437 gladio
1110 2369 1194 2423 vis
1223 2369 1471 2423 straverit
1498 2367 1743 2438 hydram,

305 2462 441 2517 Cum
467 2461 707 2531 duplices
730 2470 939 2531 pareret
962 2459 1180 2515 vulnere
1215 2474 1360 2514 mors
1390 2460 1594 2514 animas
1624 2476 1637 2510 :

239 2554 399 2625 370
447 2552 835 2622 Captivumque
888 2549 1067 2606 ferens
1128 2550 1260 2605 silva
1317 2565 1382 2605 ex
1437 2547 1818 2620 Erymanthide

1391 2639 1711 2710 [monstrum

305 2733 595 2788 Exarmata
625 2734 720 2788 feri
762 2732 939 2787 riserit
964 2746 1055 2785 ora
1086 2730 1216 2786 suis.

240 2823 493 2893 Collaque
515 2822 866 2893 ﬂammigenae
899 2821 1209 2889 dirumpens
1242 2820 1441 2875 fumida
1468 2818 1602 2875 furis

303 2914 547 2970 Tandem
565 2914 794 2968 directas
818 2913 1039 2982 jusserit
1076 2914 1155 2967 ire
1185 2912 1349 2967 boves
1374 2929 1386 2963 :

239 3007 465 3069 Taurus,
498 3020 679 3073 cerva,
711 3007 879 3075 gigas,
910 3004 1126 3071 ltuSpes,
1155 3004 1406 3071 luctator,
1434 3004 1672 3058 Amazon
1692 3043 1708 3073 ,

305 3098 464 3164 Cres,
492 3098 663 3162 canis,
689 3096 1008 3166 Hesperides
1030 3097 1134 3151 sint
1163 3098 1489 3152 monimenta
1517 3098 1639 3152 viri.

240 3187 389 3244 Nulla
424 3198 601 3241 tamen
633 3186 752 3242 fuso
780 3188 925 3257 prior
952 3197 1034 3241 est
1061 3188 1306 3257 Geryone
1328 3202 1533 3259 pugna,

311 3281 417 3336 Uni
447 3283 798 3351 tergeminum
820 3280 907 3335 cui
953 3280 1073 3335 tulit
1102 3281 1189 3335 ille
1214 3291 1393 3351 caput.

243 3375 363 3431 [hec
393 3375 660 3446 quondam
694 3373 937 3439 Alcides;
968 3383 1021 3428 at
1049 3383 1103 3428 tu
1133 3373 1444 3445 Tirynthius
1475 3376 1640 3443 alter,

305 3466 415 3522 Sed
448 3466 697 3534 princeps
724 3466 901 3534 magni
924 3464 1155 3519 maxima
1178 3480 1307 3519 cura
1339 3466 1465 3531 Dei,

244 3557 410 3625 Quem
436 3556 601 3611 draco
616 3596 633 3623 ,
656 3571 846 3611 cervus
868 3597 884 3622 ,
914 3571 1042 3626 aper
1061 3597 1077 3621 ,
1109 3555 1327 3622 paribus
1348 3572 1567 3612 sensere
1586 3560 1816 3630 sagittis,

310 3646 447 3702 Cum
475 3647 639 3713 dens,
668 3661 789 3700 cum
819 3646 967 3701 virus
986 3686 1004 3713 ,
1028 3661 1148 3701 cum
1178 3645 1295 3717 fuga
1327 3647 1400 3701 nil
1424 3648 1607 3705 valuit.

247 3735 518 3809 Geryones
546 3752 645 3793 nos
668 3751 789 3793 e550
817 3746 965 3807 puta,
984 3746 1389 3807 monstrumque
1421 3739 1675 3795 tributum
1701 3757 1718 3798 :

310 3956 336 3984 ιι
355 3944 660 4017 Burgundio
680 3945 917 4016 septiges,
935 3945 1027 4000 lib.
1061 3960 1135 4009 tx,
1159 3946 1316 4015 epist.
1342 3946 1407 4001 ad
1438 3946 1821 4017 Lampridium.

252 4016 416 4071 Varro
445 4016 886 4070 [hebdomadam
913 4060 927 4083 ,
973 4017 1188 4070 modum
1233 4017 1365 4071 dixit
1395 4016 1659 4073 summum
1691 4025 1823 4077 ado-

250 4086 481 4143 lescendi
532 4088 748 4140 humani
796 4088 1037 4155 corporis
1086 4096 1290 4153 septem
1342 4091 1524 4155 pedes.
1575 4091 1824 4148 Einartus

250 4167 421 4231 tamen
464 4157 664 4231 justum
709 4157 1073 4231 censuit.rSic
1101 4158 1251 4231 enim
1290 4157 1355 4210 de
1399 4157 1591 4212 Carolo
1635 4162 1822 4231 Magno

249 4228 435 4282 scribit
458 4226 473 4281 ἑ
500 4226 715 4300 Statura
746 4227 844 4296 fuit
874 4228 1132 4286 eminenti,
1168 4243 1283 4295 qua:
1312 4238 1477 4300 tamen
1495 4232 1695 4300 justam
1720 4226 1820 4288 bon

251 4300 528 4352 excederet.
579 4296 717 4369 Nam
747 4294 944 4369 septem
988 4313 1197 4349 suorum
1239 4294 1435 4366 pedum
1468 4294 1820 4369 proceritatem

252 4384 359 4420 eunt
385 4378 580 4421 constat
612 4368 846 4421 habuisse
870 4368 1108 4436 ﬁguram.

320 4438 345 4476 δ
371 4438 439 4492 L't
464 4439 709 4491 Paeonius
734 4478 749 4500 ,
790 4438 858 4491 de
888 4452 993 4507 quo
1034 4438 1124 4491 lib.
1157 4452 1173 4490 ι
1202 4436 1426 4507 cpistola
1464 4438 1545 4491 ιι.
1578 4439 1657 4493 Εο
1682 4442 1826 4497 enim

254 4507 456 4562 alludit.
491 4509 666 4575 Quare
695 4506 968 4575 Maioriani
1003 4506 1334 4576 temporibus
1364 4507 1476 4561 haec
1501 4511 1788 4566 scribebat.

323 4589 343 4617 ε
406 4578 484 4633 De
549 4578 651 4632 hoc
702 4578 944 4649 duplicis
1002 4579 1157 4631 metri
1240 4588 1430 4639 acuto,
1471 4579 1824 4649 Aelegantique

253 4649 632 4718 epigrammate
681 4648 898 4718 dubium
947 4663 1052 4701 non
1092 4656 1174 4701 est
1206 4650 1333 4717 quitt
1383 4647 1673 4716 Majoriano
1712 4647 1825 4707 tum

254 4717 485 4772 oblatum
531 4720 750 4772 sitcum
791 4720 836 4772 is
878 4717 1191 4786 Lugdunum
1234 4726 1353 4785 post
1383 4728 1650 4787 receptam
1681 4721 1824 4777 illam

256 4792 465 4861 urbem,
485 4790 659 4861 venit.
709 4791 823 4861 Qua
877 4790 945 4842 de
994 4803 1052 4842 re
1106 4789 1443 4861 dictu_m_est
1481 4789 1533 4861 in
1582 4792 1825 4861 Panegy-

257 4860 365 4914 rico
393 4876 407 4913 :
441 4858 694 4913 Remedia
738 4858 1056 4913 tributorum
1096 4867 1221 4913 sunt
1247 4858 1609 4925 indulgentiae.
1644 4858 1825 4917 Eubo-

256 4928 369 4983 dius
395 4930 449 4984 in
476 4929 593 4982 Vita
626 4929 904 4997 Epiphanii
939 4949 951 4982 ;
978 4928 1146 4982 Fessis
1186 4929 1324 4982 urbis
1353 4928 1719 4986 habitatoribus
1748 4949 1829 4987 re-

257 5001 533 5073 mediorum
580 4998 799 5073 utilitate
849 5000 1126 5073 prospexit.
1159 4998 1307 5073 ΔΝαηι
1354 4999 1549 5073 directa
1576 5001 1828 5073 legatione

256 5070 320 5121 ad
352 5068 632 5122 Odoacrem
653 5071 978 5140 quinquennii
1008 5069 1316 5123 vacationem
1338 5071 1588 5134 ﬁscalium
1613 5068 1825 5127 tributo-

257 5154 366 5211 rum
391 5142 694 5211 impetravit.
716 5140 898 5207 Capita
920 5154 1145 5211 quorum
1161 5140 1453 5211 remedium
1467 5143 1678 5210 quaerit,
1702 5151 1827 5197 sunt

260 5210 448 5264 tributa
492 5226 611 5280 qua:
643 5210 694 5263 in
734 5211 940 5278 singula
979 5210 1153 5279 capita
1198 5210 1586 5265 indicebantur.
1620 5212 1825 5268 GlosSte

259 5279 517 5357 veterem;
545 5279 812 5357 Τιὶὺιξίῳι
876 5281 1159 5357 capitulare
1188 5320 1204 5344 ,
1248 5282 1600 5357 incursatum;
1655 5284 1821 5357 φόρος.

262 5346 627 5419 Panegyristes
666 5351 872 5405 .Eduus
898 5366 913 5404 :
938 5346 1150 5419 Septem
1188 5350 1351 5402 millia
1376 5346 1602 5413 capitum
1630 5346 1826 5406 remisi-

261 5421 344 5484 sti,
374 5430 602 5488 quartam
630 5421 848 5490 amplius
898 5432 1091 5485 partem
1134 5430 1420 5473 nostrorum
1457 5436 1711 5474 censuum.
1743 5423 1827 5478 Si-

261 5490 443 5564 donius
473 5493 608 5564 tria,
653 5506 899 5564 qmesuo
948 5492 1028 5545 vel
1054 5505 1271 5546 suorum
1319 5491 1532 5545 nomine
1576 5491 1825 5564 debebat,

263 5558 359 5629 sibi
387 5562 579 5615 remitti
618 5558 868 5629 postulat.
980 5591 985 5596 -
1734 5584 1741 5591 ν

331 5626 360 5666 ⁴
399 5633 527 5684 llinc
570 5626 749 5686 videre
791 5639 873 5685 est
903 5630 1311 5701 quinquennalia
1343 5673 1359 5694 .
1396 5631 1705 5686 decennalis
1733 5674 1748 5697 ,
1775 5641 1830 5688 et

265 5710 449 5778 Cretera
476 5702 528 5754 id
550 5716 739 5778 genus,
780 5716 884 5755 non
909 5702 1240 5778 ineunte_sed
1257 5712 1487 5778 peracto
1509 5704 1821 5778 ultimianni

267 5771 456 5827 circulo
486 5771 741 5828 celebrari
780 5786 1090 5831 consuesse.
1120 5771 1284 5841 Quod
1307 5774 1462 5831 docet
1490 5773 1649 5831 etiam
1682 5774 1829 5831 locus

1919 1878 2052 1932 Nam
2086 1893 2226 1932 nunc
2247 1877 2395 1931 Musa
2421 1877 2612 1945 loquax
2642 1884 2783 1931 tacet
2816 1877 3041 1942 tributo,

1919 1970 2076 2041 371
2108 1968 2237 2037 Quae
2269 1983 2366 2037 pro
2388 1966 2613 2037 Virgilio
2651 1966 3043 2036 Terentioque,

1922 2061 2208 2116 Sextantes
2232 2060 2363 2131 legit
2390 2061 2683 2128 unciasque
2713 2057 2825 2113 iisci
2849 2098 2867 2124 ,

1922 2161 1947 2189 °
1990 2153 2320 2223 Marsquue
2345 2152 2496 2206 timet
2522 2165 2736 2205 manum
2764 2164 2827 2205 ac
2849 2149 3152 2221 rudentem,

1919 2244 2018 2311 Qui
2044 2243 2230 2299 Phoebi
2256 2258 2321 2299 ex
2352 2242 2478 2297 odio
2499 2242 2800 2297 vetustiore

1917 2333 2069 2388 Nunc
2096 2333 2383 2404 suSpeudia
2412 2332 2623 2387 vatibus
2651 2332 2909 2386 minatur.

2236 2444 2487 2501 Sidonius
2523 2441 2541 2480 τ
2569 2442 2805 2497 Polemio
2832 2459 2925 2498 suo
2945 2442 3186 2497 salutem.

1991 2557 2129 2613 Dum
2174 2569 2287 2628 post
2344 2557 2709 2627 profectionem
2752 2566 2913 2620 tuam,
2959 2555 3027 2607 mi
3077 2554 3299 2624 Polemi,-
3344 2558 3503 2624 frater

1918 2651 2288 2717 amantissime,
2312 2664 2504 2701 mecum
2527 2646 2787 2716 granditer
2806 2655 3008 2714 reputo,
3029 2646 3270 2714 quatinus
3298 2647 3351 2698 in
3380 2656 3507 2699 vots

1919 2742 2020 2795 tuis
2050 2740 2340 2811 philosOphi
2382 2737 2677 2808 fescennina
2698 2744 2955 2789 cantarem
2980 2779 2993 2803 ,
3018 2737 3237 2804 obrepsit
3258 2737 3470 2789 materia
3487 2776 3504 2801 ,

1917 2849 2019 2902 qua
2040 2832 2254 2885 decursa
2286 2832 2437 2902 facile
2458 2827 2687 2899 dignosci
2709 2836 2734 2874 ε
2766 2826 2896 2880 valet
2915 2869 2930 2893 ,
2964 2828 3127 2897 magis
3157 2842 3235 2880 me
3260 2827 3508 2881 doctrina:

1918 2941 2073 2993 quam
2118 2940 2287 2978 causa:
2326 2933 2425 2977 tute
2481 2921 2715 2975 habuisse
2768 2921 3039 2973 rationem.
3090 2918 3293 2973 Omissa
3338 2920 3508 2990 itaque

1919 3017 2235 3088 epithalamii
2265 3015 2620 3081 teneritudine,
2650 3030 2739 3083 per
2754 3013 3063 3084 asperrimas
3091 3012 3430 3082 philosophia:
3456 3021 3508 3066 et

1920 3108 2349 3163 salebrosissimas
2376 3107 2578 3176 regulas
2596 3104 2787 3175 stylum
2808 3104 2961 3157 traxi.
2988 3104 3219 3171 Quarum
3239 3104 3355 3157 talis
3380 3102 3507 3155 ordo

1844 3174 1893 3237 ε
1922 3209 2017 3269 est,
2039 3211 2094 3256 ut
2105 3202 2215 3256 sine
2229 3174 2461 3271 plurimis
2488 3200 2626 3252 novis
2648 3174 2807 3253 verbis
2824 3212 2956 3267 quia,
2971 3198 3189 3267 pra’fata
3197 3212 3325 3265 pace
3347 3195 3509 3265 pluri-

1920 3311 2121 3349 morum
2143 3296 2487 3364 eloquentum,
2507 3291 2893 3361 specialitertibi
2916 3300 2963 3343 et
2984 3290 3372 3357 complatonicis
3408 3294 3510 3343 tuis

1920 3396 2045 3440 nota
2079 3396 2233 3450 sunt,
2266 3400 2415 3455 nugw
2442 3388 2567 3450 ipsa:
2598 3399 2700 3437 non
2730 3382 2983 3435 valuerint
3009 3380 3259 3451 expediri.
3299 3378 3504 3433 Videris

1920 3488 2091 3531 utrum
2114 3492 2263 3529 aures
2291 3475 2631 3545 quorumdam
2671 3488 2760 3545 per
2793 3472 3105 3542 imperitiam
3136 3482 3322 3525 temere
3358 3487 3501 3525 men-

1921 3568 2109 3621 tionem
2151 3567 2348 3631 centri,
2381 3564 2759 3636 proportionis,
2790 3564 3169 3628 diastematum,
3208 3562 3501 3630 climatum,

1924 3661 2000 3714 vel
2030 3656 2059 3697 ιι
2084 3660 2360 3725 miratum,
2404 3655 2736 3726 epithalamio
2770 3654 3136 3709 conducibilem
3180 3670 3283 3709 non
3311 3665 3508 3719 putent.

1929 3752 1955 3808 1
1965 3752 2074 3808 llud
2101 3760 2237 3807 certe
2269 3750 2528 3806 consulari
2558 3751 2665 3803 viro
2713 3764 2826 3803 vere
2865 3764 3071 3821 magno,
3100 3748 3369 3819 quarstorio
3402 3749 3509 3803 viro

1934 3954 2222 4010 Marcellini
2275 3954 2388 4008 15:
2427 3951 2633 4005 Arelate
2683 3950 2895 4003 hiemem
2947 3965 3100 4019 agens
3156 3947 3511 4010 Constantius.

1930 4036 2041 4095 post
2083 4024 2537 4095 theatralesiludos
2572 4023 3001 4095 atqueﬁcirceuses
3032 4020 3305 4095 ambitioso
3328 4020 3511 4095 “editos

1930 4088 2183 4165 apparatu
2233 4096 2297 4148 Α.
2351 4094 2417 4147 ι).
2462 4108 2516 4165 ννι
2565 4088 2974 4165 idusAUctobres,
3022 4091 3107 4165 qui
3138 4088 3356 4165 cimperii
3395 4089 3511 4165 eius

1928 4156 2121 4219 annum
2141 4165 2208 4220 δῦ
2235 4164 2554 4217 terminabat.
2580 4161 2833 4230 Designat
2855 4161 2996 4212 cnim
3030 4156 3364 4230 tricennalia.
3389 4156 3507 4210 Ca:-

1930 4247 2102 4291 terttm
2145 4234 2300 4305 145
2334 4227 2937 4305 Majorianusquintum
2966 4227 3176 4296 imperii
3204 4241 3404 4305 annum
3427 4234 3511 4278 at-

1929 4308 2043 4375 tigit
2096 4298 2298 4361 tamira
2327 4346 2342 4370 ,
2375 4298 2482 4359 non
2531 4302 2780 4358 absolvit.
2814 4299 2991 4366 Quare
3018 4311 3171 4353 cassa
3198 4298 3351 4352 fuere
3379 4306 3504 4352 vota

1928 4377 2155 4432 Sidonii.

2001 4457 2024 4484 ο
2066 4449 2288 4515 Marsya:
2337 4452 2510 4499 statua
2550 4452 2666 4499 erat
2704 4442 2761 4515 in
2773 4440 2925 4515 _l‘oro_
2964 4440 3226 4515 Romano,
3258 4436 3324 4491 ad
3349 4451 3510 4515 quam

1935 4516 2054 4570 lites
2107 4507 2417 4584 agebantur,
2477 4515 2709 4584 deiqua,
2747 4510 2993 4584 lloratius
3020 4525 3058 4575 ι,
3094 4510 3411 4566 Semnonum
3452 4507 3509 4578 6,

1855 4620 1901 4679 ο
1927 4581 2184 4642 obeundus
2217 4585 2462 4655 Marsya;
2482 4592 2536 4638 et
2561 4581 2817 4636 Martialis
2847 4595 2906 4645 tt,
2931 4581 2999 4635 δι
3028 4595 3045 4641 ;

2419 4740 2540 4789 Fora
2564 4740 2732 4790 litibus
2755 4741 2917 4789 omnia
2940 4739 3153 4800 fervent,

2208 4801 2318 4863 ipse
2342 4812 2503 4865 potest
2525 4804 2628 4851 lien
2650 4802 2835 4865 Marsya
2856 4804 3148 4851 causidicus.

1928 4928 2071 4985 Scite
2091 4942 2221 4999 ergo
2244 4928 2531 4999 Marsyam,
2556 4926 2661 4981 hoc
2684 4936 2768 4982 est
2789 4928 3171 4991 vadimonium,
3197 4926 3297 4983 sibi
3313 4938 3501 4999 poetae,

1930 5000 1975 5054 si
2032 4997 2231 5053 tributa
2271 4997 2479 5052 ditl‘erat
2508 5038 2523 5063 ,
2584 4999 2929 5052 metuendum
2982 4999 3096 5061 ait,
3140 5000 3281 5068 quod
3314 4997 3510 5067 'poetis

1932 5082 2149 5193 prtogiter
2179 5069 2480 5139 Apollinem
2509 5068 2599 5138 qui
2637 5068 2780 5123 vieto
2806 5069 2946 5139 pelle
2990 5068 3250 5139 detraxit,
3284 5069 3512 5126 infestus

1932 5155 1973 5193 si
2076 5154 2278 5193 :irsvas.

1930 5151 1999 5194 Sit
2022 5151 2278 5194 Marsvas.

2005 5156 2307 5264 3163::in
2324 5208 2495 5262 eidem
2520 5209 2792 5264 biennium
2812 5207 2922 5276 jam
2945 5209 3198 5277 praelecto
3214 5208 3507 5263 Galliarum

1931 5289 2111 5348 postea
2137 5279 2349 5348 scripsit
2373 5283 2653 5347 epistolam
2684 5279 2770 5340 14,
2802 5279 2895 5332 ιιι).
2921 5296 2973 5341 v,
3005 5295 3073 5333 ex
3107 5294 3208 5345 qua
3238 5279 3418 5348 itidem
3450 5288 3509 5328 ut

1930 5347 1996 5405 ex
2021 5351 2118 5403 hac
2151 5347 2260 5418 ipsa
2279 5390 2293 5411 ,
2322 5349 2610 5404 Platonica:
2642 5348 2991 5418 philosophis
3013 5351 3318 5418 studiosum
3342 5347 3505 5418 fuisse

1932 5431 2113 5488 patet:
2153 5415 2342 5474 utnon
2385 5415 2656 5473 immerito
2698 5415 2950 5473 Sidonius
2987 5421 3047 5488 in,
3082 5415 3359 5486 pangendo
3389 5416 3508 5483 ejus

1933 5492 2321 5559 epithalamio,
2374 5490 2498 5543 dum
2558 5488 2983 5558 philosoplticum
3039 5487 3231 5559 lemma
3291 5496 3503 5559 tractat,

1932 5556 2050 5628 ejus
2100 5575 2160 5614 se
2201 5561 2459 5615 doctrina:
2500 5556 2676 5630 potius
2718 5574 2878 5628 quam
2917 5571 3093 5611 causa:
3122 5558 3381 5612 rationem
3415 5556 3508 5611 ha-

1934 5632 2114 5686 buisse
2138 5631 2305 5685 dicat.

2006 5709 2031 5765 β
2073 5701 2272 5755 Savaro
2294 5713 2346 5755 et
2378 5699 2644 5765 Labheus,
2671 5698 2879 5753 valeret.

2007 5763 2033 5802 ¹¹
2078 5771 2200 5828 \‘idc
2231 5772 2365 5828 infra
2388 5763 2780 5829 adnotstionent
2802 5771 2867 5827 ad
2895 5784 3036 5828 vers.
3065 5769 3154 5829 66.
