  <div class='ocr_page' id='page_1' title='image "/cluster/home/n/w/nwhite01/storage/ocr_20150623/58/hvd.32044073505109/382.png"; bbox 0 0 4002 6188; ppageno 0'>
   <div class='ocr_carea' id='block_1_1' title="bbox 259 305 375 358">
    <p class='ocr_par' dir='ltr' id='par_1_1' title="bbox 259 305 375 358">
     <span class='ocr_line' id='line_1_1' title="bbox 259 305 375 358; baseline -0.009 0"><span class='ocrx_word' id='word_1_1' title='bbox 259 305 375 358; x_wconf 76' lang='grc' dir='ltr'><strong>7ιῦ</strong></span> 
     </span>
    </p>
   </div>
   <div class='ocr_carea' id='block_1_2' title="bbox 1719 301 3557 364">
    <p class='ocr_par' dir='ltr' id='par_1_2' title="bbox 1719 301 3557 364">
     <span class='ocr_line' id='line_1_2' title="bbox 1719 301 3557 364; baseline 0.004 -8"><span class='ocrx_word' id='word_1_2' title='bbox 1719 301 2047 358; x_wconf 62' lang='grc' dir='ltr'><strong>ΩᾹΒΜΙΝᾹ.</strong></span> <span class='ocrx_word' id='word_1_3' title='bbox 3460 310 3557 364; x_wconf 66' lang='lat' dir='ltr'><strong>7H</strong></span> 
     </span>
    </p>
   </div>
   <div class='ocr_carea' id='block_1_3' title="bbox 260 414 3361 492">
    <p class='ocr_par' dir='ltr' id='par_1_3' title="bbox 260 414 3361 492">
     <span class='ocr_line' id='line_1_3' title="bbox 260 414 3361 492; baseline 0 -16"><span class='ocrx_word' id='word_1_4' title='bbox 260 419 606 492; x_wconf 83' lang='lat' dir='ltr'><strong>Porphyrion</strong></span> <span class='ocrx_word' id='word_1_5' title='bbox 634 417 863 490; x_wconf 74' lang='lat' dir='ltr'><strong>Pangrea</strong></span> <span class='ocrx_word' id='word_1_6' title='bbox 886 417 1046 488; x_wconf 94' lang='lat' dir='ltr'><strong>rapit,</strong></span> <span class='ocrx_word' id='word_1_7' title='bbox 1076 415 1476 486; x_wconf 80' lang='lat' dir='ltr'><strong>Rhodopenque</strong></span> <span class='ocrx_word' id='word_1_8' title='bbox 1496 414 1861 469; x_wconf 82' lang='lat' dir='ltr'><strong>Adamasthor</strong></span> <span class='ocrx_word' id='word_1_9' title='bbox 1889 420 1935 477; x_wconf 77' lang='grc' dir='ltr'>Α</span> <span class='ocrx_word' id='word_1_10' title='bbox 1968 414 2022 469; x_wconf 89' lang='lat' dir='ltr'><strong>Si</strong></span> <span class='ocrx_word' id='word_1_11' title='bbox 2053 427 2188 483; x_wconf 87' lang='lat' dir='ltr'><strong>quos</strong></span> <span class='ocrx_word' id='word_1_12' title='bbox 2214 429 2342 484; x_wconf 83' lang='lat' dir='ltr'><strong>ergo</strong></span> <span class='ocrx_word' id='word_1_13' title='bbox 2371 415 2579 487; x_wconf 82' lang='lat' dir='ltr'><strong>chelys,</strong></span> <span class='ocrx_word' id='word_1_14' title='bbox 2604 418 2646 472; x_wconf 90' lang='lat' dir='ltr'><strong>si</strong></span> <span class='ocrx_word' id='word_1_15' title='bbox 2675 434 2811 488; x_wconf 87' lang='lat' dir='ltr'><strong>quos</strong></span> <span class='ocrx_word' id='word_1_16' title='bbox 2842 420 2976 489; x_wconf 76' lang='lat' dir='ltr'><strong>lyra,</strong></span> <span class='ocrx_word' id='word_1_17' title='bbox 3002 421 3128 477; x_wconf 92' lang='lat' dir='ltr'><strong>tibia</strong></span> <span class='ocrx_word' id='word_1_18' title='bbox 3153 422 3198 476; x_wconf 92' lang='lat' dir='ltr'><strong>si</strong></span> <span class='ocrx_word' id='word_1_19' title='bbox 3228 437 3361 491; x_wconf 85' lang='lat' dir='ltr'><strong>quos</strong></span> 
     </span>
    </p>
   </div>
   <div class='ocr_carea' id='block_1_4' title="bbox 258 508 1729 584">
    <p class='ocr_par' dir='ltr' id='par_1_4' title="bbox 258 508 1729 584">
     <span class='ocr_line' id='line_1_4' title="bbox 258 508 1729 584; baseline -0.003 -15"><span class='ocrx_word' id='word_1_20' title='bbox 258 513 581 584; x_wconf 86' lang='lat' dir='ltr'><strong>Strymonio</strong></span> <span class='ocrx_word' id='word_1_21' title='bbox 611 528 733 567; x_wconf 94' lang='lat' dir='ltr'><strong>cum</strong></span> <span class='ocrx_word' id='word_1_22' title='bbox 767 512 914 566; x_wconf 88' lang='lat' dir='ltr'><strong>fonte</strong></span> <span class='ocrx_word' id='word_1_23' title='bbox 944 508 1106 575; x_wconf 91' lang='lat' dir='ltr'><strong>levat,</strong></span> <span class='ocrx_word' id='word_1_24' title='bbox 1138 511 1467 579; x_wconf 80' lang='lat' dir='ltr'><strong>veniensque</strong></span> <span class='ocrx_word' id='word_1_25' title='bbox 1493 524 1729 577; x_wconf 82' lang='lat' dir='ltr'><strong>superne</strong></span> 
     </span>
    </p>
   </div>
   <div class='ocr_carea' id='block_1_5' title="bbox 264 599 1556 671">
    <p class='ocr_par' dir='ltr' id='par_1_5' title="bbox 264 599 1556 671">
     <span class='ocr_line' id='line_1_5' title="bbox 264 599 1556 671; baseline -0.007 -11"><span class='ocrx_word' id='word_1_26' title='bbox 264 604 478 659; x_wconf 88' lang='lat' dir='ltr'><strong>lntorto</strong></span> <span class='ocrx_word' id='word_1_27' title='bbox 504 602 739 657; x_wconf 89' lang='lat' dir='ltr'><strong>calidum</strong></span> <span class='ocrx_word' id='word_1_28' title='bbox 771 601 1055 671; x_wconf 85' lang='lat' dir='ltr'><strong>restinguit</strong></span> <span class='ocrx_word' id='word_1_29' title='bbox 1082 600 1301 654; x_wconf 88' lang='lat' dir='ltr'><strong>flumine</strong></span> <span class='ocrx_word' id='word_1_30' title='bbox 1331 599 1556 654; x_wconf 83' lang='lat' dir='ltr'><strong>fulmen.</strong></span> 
     </span>
    </p>
   </div>
   <div class='ocr_carea' id='block_1_6' title="bbox 265 690 1563 763">
    <p class='ocr_par' dir='ltr' id='par_1_6' title="bbox 265 690 1563 763">
     <span class='ocr_line' id='line_1_6' title="bbox 265 690 1563 763; baseline -0.005 -12"><span class='ocrx_word' id='word_1_31' title='bbox 265 696 373 751; x_wconf 82' lang='lat' dir='ltr'><strong>Hic</strong></span> <span class='ocrx_word' id='word_1_32' title='bbox 405 696 579 751; x_wconf 91' lang='lat' dir='ltr'><strong>Pallas</strong></span> <span class='ocrx_word' id='word_1_33' title='bbox 607 695 848 748; x_wconf 90' lang='lat' dir='ltr'><strong>Pallanta</strong></span> <span class='ocrx_word' id='word_1_34' title='bbox 882 693 1033 763; x_wconf 90' lang='lat' dir='ltr'><strong>petit,</strong></span> <span class='ocrx_word' id='word_1_35' title='bbox 1067 692 1151 746; x_wconf 90' lang='lat' dir='ltr'><strong>cui</strong></span> <span class='ocrx_word' id='word_1_36' title='bbox 1176 692 1425 760; x_wconf 86' lang='lat' dir='ltr'><strong>Gorgone</strong></span> <span class='ocrx_word' id='word_1_37' title='bbox 1451 690 1563 745; x_wconf 81' lang='lat' dir='ltr'><strong>visa</strong></span> 
     </span>
    </p>
   </div>
   <div class='ocr_carea' id='block_1_7' title="bbox 266 782 1787 854">
    <p class='ocr_par' dir='ltr' id='par_1_7' title="bbox 266 782 1787 854">
     <span class='ocr_line' id='line_1_7' title="bbox 266 782 1787 854; baseline -0.009 -10"><span class='ocrx_word' id='word_1_38' title='bbox 266 788 482 844; x_wconf 83' lang='lat' dir='ltr'><strong>Invenit</strong></span> <span class='ocrx_word' id='word_1_39' title='bbox 513 786 747 841; x_wconf 88' lang='lat' dir='ltr'><strong>solidum</strong></span> <span class='ocrx_word' id='word_1_40' title='bbox 777 784 888 854; x_wconf 87' lang='lat' dir='ltr'><strong>jam</strong></span> <span class='ocrx_word' id='word_1_41' title='bbox 920 785 1103 838; x_wconf 84' lang='lat' dir='ltr'><strong>lancea</strong></span> <span class='ocrx_word' id='word_1_42' title='bbox 1136 782 1284 837; x_wconf 89' lang='lat' dir='ltr'><strong>tarda</strong></span> <span class='ocrx_word' id='word_1_43' title='bbox 1316 782 1567 837; x_wconf 84' lang='lat' dir='ltr'><strong>cadaver.</strong></span> <span class='ocrx_word' id='word_1_44' title='bbox 1780 848 1787 851; x_wconf 15' lang='grc' dir='ltr'><strong>ν</strong></span> 
     </span>
    </p>
   </div>
   <div class='ocr_carea' id='block_1_8' title="bbox 269 870 1867 954">
    <p class='ocr_par' dir='ltr' id='par_1_8' title="bbox 269 870 1867 954">
     <span class='ocr_line' id='line_1_8' title="bbox 269 870 1867 954; baseline -0.011 -14"><span class='ocrx_word' id='word_1_45' title='bbox 269 882 438 954; x_wconf 83' lang='lat'><strong>375</strong></span> <span class='ocrx_word' id='word_1_46' title='bbox 479 880 573 935; x_wconf 83' lang='lat' dir='ltr'><strong>Hic</strong></span> <span class='ocrx_word' id='word_1_47' title='bbox 612 878 856 933; x_wconf 85' lang='lat' dir='ltr'><strong>Lemnon</strong></span> <span class='ocrx_word' id='word_1_48' title='bbox 900 891 996 947; x_wconf 91' lang='lat' dir='ltr'><strong>pro</strong></span> <span class='ocrx_word' id='word_1_49' title='bbox 1035 875 1203 931; x_wconf 83' lang='lat' dir='ltr'><strong>fratre</strong></span> <span class='ocrx_word' id='word_1_50' title='bbox 1241 875 1425 929; x_wconf 78' lang='lat' dir='ltr'><strong>Mimas</strong></span> <span class='ocrx_word' id='word_1_51' title='bbox 1466 880 1655 928; x_wconf 86' lang='lat' dir='ltr'><strong>contra</strong></span> <span class='ocrx_word' id='word_1_52' title='bbox 1700 870 1867 941; x_wconf 74' lang='lat' dir='ltr'><strong>azgida</strong></span> 
     </span>
    </p>
   </div>
   <div class='ocr_carea' id='block_1_9' title="bbox 1367 963 1794 1033">
    <p class='ocr_par' dir='ltr' id='par_1_9' title="bbox 1367 963 1794 1033">
     <span class='ocr_line' id='line_1_9' title="bbox 1367 963 1794 1033; baseline 0.005 -20"><span class='ocrx_word' id='word_1_53' title='bbox 1367 1020 1371 1023; x_wconf 26' lang='grc' dir='ltr'><strong><em>τ</em></strong></span> <span class='ocrx_word' id='word_1_54' title='bbox 1536 963 1794 1033; x_wconf 91' lang='lat' dir='ltr'><strong>[torquet,</strong></span> 
     </span>
    </p>
   </div>
   <div class='ocr_carea' id='block_1_10' title="bbox 272 1056 1679 1135">
    <p class='ocr_par' dir='ltr' id='par_1_10' title="bbox 272 1056 1679 1135">
     <span class='ocr_line' id='line_1_10' title="bbox 272 1056 1679 1135; baseline -0.008 -16"><span class='ocrx_word' id='word_1_55' title='bbox 272 1064 683 1135; x_wconf 83' lang='lat' dir='ltr'><strong>lmpulsumque</strong></span> <span class='ocrx_word' id='word_1_56' title='bbox 712 1060 885 1132; x_wconf 87' lang='lat' dir='ltr'><strong>quatit</strong></span> <span class='ocrx_word' id='word_1_57' title='bbox 906 1058 1230 1129; x_wconf 88' lang='lat' dir='ltr'><strong>jaeulabulis</strong></span> <span class='ocrx_word' id='word_1_58' title='bbox 1258 1056 1429 1111; x_wconf 89' lang='lat' dir='ltr'><strong>insula</strong></span> <span class='ocrx_word' id='word_1_59' title='bbox 1458 1056 1679 1110; x_wconf 86' lang='lat' dir='ltr'><strong>coelum.</strong></span> 
     </span>
    </p>
   </div>
   <div class='ocr_carea' id='block_1_11' title="bbox 273 1150 1745 1221">
    <p class='ocr_par' dir='ltr' id='par_1_11' title="bbox 273 1150 1745 1221">
     <span class='ocr_line' id='line_1_11' title="bbox 273 1150 1745 1221; baseline -0.008 -11"><span class='ocrx_word' id='word_1_60' title='bbox 273 1155 557 1211; x_wconf 84' lang='lat' dir='ltr'><strong>Plurimus</strong></span> <span class='ocrx_word' id='word_1_61' title='bbox 587 1152 673 1208; x_wconf 93' lang='lat' dir='ltr'><strong>hic</strong></span> <span class='ocrx_word' id='word_1_62' title='bbox 706 1152 959 1207; x_wconf 86' lang='lat' dir='ltr'><strong>Briareus</strong></span> <span class='ocrx_word' id='word_1_63' title='bbox 983 1150 1242 1221; x_wconf 88' lang='lat' dir='ltr'><strong>populoso</strong></span> <span class='ocrx_word' id='word_1_64' title='bbox 1269 1161 1495 1217; x_wconf 89' lang='lat' dir='ltr'><strong>corpore</strong></span> <span class='ocrx_word' id='word_1_65' title='bbox 1526 1154 1745 1216; x_wconf 76' lang='lat' dir='ltr'><strong>pugnat,</strong></span> 
     </span>
    </p>
   </div>
   <div class='ocr_carea' id='block_1_12' title="bbox 274 1238 1633 1318">
    <p class='ocr_par' dir='ltr' id='par_1_12' title="bbox 274 1238 1633 1318">
     <span class='ocr_line' id='line_1_12' title="bbox 274 1238 1633 1318; baseline -0.008 -15"><span class='ocrx_word' id='word_1_66' title='bbox 274 1249 578 1318; x_wconf 82' lang='lat' dir='ltr'><strong>Cognatam</strong></span> <span class='ocrx_word' id='word_1_67' title='bbox 614 1254 836 1314; x_wconf 87' lang='lat' dir='ltr'><strong>portans</strong></span> <span class='ocrx_word' id='word_1_68' title='bbox 866 1243 1059 1307; x_wconf 90' lang='lat' dir='ltr'><strong>aciem,</strong></span> <span class='ocrx_word' id='word_1_69' title='bbox 1088 1240 1175 1295; x_wconf 92' lang='lat' dir='ltr'><strong>cui</strong></span> <span class='ocrx_word' id='word_1_70' title='bbox 1207 1238 1407 1294; x_wconf 84' lang='lat' dir='ltr'><strong>vertice</strong></span> <span class='ocrx_word' id='word_1_71' title='bbox 1432 1238 1500 1291; x_wconf 88' lang='lat' dir='ltr'><strong>ab</strong></span> <span class='ocrx_word' id='word_1_72' title='bbox 1529 1252 1633 1292; x_wconf 92' lang='lat' dir='ltr'><strong>uno</strong></span> 
     </span>
    </p>
   </div>
   <div class='ocr_carea' id='block_1_13' title="bbox 273 1330 1523 1405">
    <p class='ocr_par' dir='ltr' id='par_1_13' title="bbox 273 1330 1523 1405">
     <span class='ocr_line' id='line_1_13' title="bbox 273 1330 1523 1405; baseline -0.01 -11"><span class='ocrx_word' id='word_1_73' title='bbox 273 1341 487 1394; x_wconf 88' lang='lat' dir='ltr'><strong>Cernas</strong></span> <span class='ocrx_word' id='word_1_74' title='bbox 517 1336 747 1391; x_wconf 86' lang='lat' dir='ltr'><strong>ramosis</strong></span> <span class='ocrx_word' id='word_1_75' title='bbox 778 1336 982 1405; x_wconf 84' lang='lat' dir='ltr'><strong>palmas</strong></span> <span class='ocrx_word' id='word_1_76' title='bbox 1013 1332 1265 1387; x_wconf 81' lang='lat' dir='ltr'><strong>fruticare</strong></span> <span class='ocrx_word' id='word_1_77' title='bbox 1288 1330 1523 1384; x_wconf 85' lang='lat' dir='ltr'><strong>lacertis.</strong></span> 
     </span>
    </p>
   </div>
   <div class='ocr_carea' id='block_1_14' title="bbox 275 1420 1694 1497">
    <p class='ocr_par' dir='ltr' id='par_1_14' title="bbox 275 1420 1694 1497">
     <span class='ocr_line' id='line_1_14' title="bbox 275 1420 1694 1497; baseline -0.006 -16"><span class='ocrx_word' id='word_1_78' title='bbox 275 1428 396 1482; x_wconf 82' lang='lat' dir='ltr'><strong>Nec</strong></span> <span class='ocrx_word' id='word_1_79' title='bbox 427 1428 634 1497; x_wconf 84' lang='lat' dir='ltr'><strong>species</strong></span> <span class='ocrx_word' id='word_1_80' title='bbox 658 1426 800 1481; x_wconf 91' lang='lat' dir='ltr'><strong>solas</strong></span> <span class='ocrx_word' id='word_1_81' title='bbox 828 1424 1106 1493; x_wconf 85' lang='lat' dir='ltr'><strong>monstris,</strong></span> <span class='ocrx_word' id='word_1_82' title='bbox 1137 1421 1284 1475; x_wconf 86' lang='lat' dir='ltr'><strong>dedit</strong></span> <span class='ocrx_word' id='word_1_83' title='bbox 1322 1432 1436 1475; x_wconf 87' lang='lat' dir='ltr'><strong>arte</strong></span> <span class='ocrx_word' id='word_1_84' title='bbox 1462 1420 1694 1474; x_wconf 90' lang='lat' dir='ltr'><strong>furorem</strong></span> 
     </span>
    </p>
   </div>
   <div class='ocr_carea' id='block_1_15' title="bbox 278 1504 1719 1588">
    <p class='ocr_par' dir='ltr' id='par_1_15' title="bbox 278 1504 1719 1588">
     <span class='ocr_line' id='line_1_15' title="bbox 278 1504 1719 1588; baseline -0.008 -13"><span class='ocrx_word' id='word_1_85' title='bbox 278 1520 572 1587; x_wconf 77' lang='lat' dir='ltr'><strong>Mulciber,</strong></span> <span class='ocrx_word' id='word_1_86' title='bbox 608 1527 768 1588; x_wconf 92' lang='lat' dir='ltr'><strong>atque</strong></span> <span class='ocrx_word' id='word_1_87' title='bbox 794 1517 939 1586; x_wconf 90' lang='lat' dir='ltr'><strong>ipsas</strong></span> <span class='ocrx_word' id='word_1_88' title='bbox 970 1504 1143 1570; x_wconf 86' lang='lat' dir='ltr'><strong>timuit</strong></span> <span class='ocrx_word' id='word_1_89' title='bbox 1169 1527 1301 1582; x_wconf 91' lang='lat' dir='ltr'><strong>quas</strong></span> <span class='ocrx_word' id='word_1_90' title='bbox 1331 1512 1561 1567; x_wconf 82' lang='lat' dir='ltr'><strong>finxerat</strong></span> <span class='ocrx_word' id='word_1_91' title='bbox 1592 1513 1719 1565; x_wconf 90' lang='lat' dir='ltr'><strong>iras.</strong></span> 
     </span>
    </p>
   </div>
   <div class='ocr_carea' id='block_1_16' title="bbox 282 1601 1873 1676">
    <p class='ocr_par' dir='ltr' id='par_1_16' title="bbox 282 1601 1873 1676">
     <span class='ocr_line' id='line_1_16' title="bbox 282 1601 1873 1676; baseline -0.006 -14"><span class='ocrx_word' id='word_1_92' title='bbox 282 1609 506 1663; x_wconf 75' lang='lat' dir='ltr'><strong>Hastam</strong></span> <span class='ocrx_word' id='word_1_93' title='bbox 534 1609 722 1663; x_wconf 85' lang='lat' dir='ltr'><strong>dextra</strong></span> <span class='ocrx_word' id='word_1_94' title='bbox 754 1616 922 1674; x_wconf 91' lang='lat' dir='ltr'><strong>tenet,</strong></span> <span class='ocrx_word' id='word_1_95' title='bbox 966 1621 1137 1676; x_wconf 89' lang='lat' dir='ltr'><strong>nuper</strong></span> <span class='ocrx_word' id='word_1_96' title='bbox 1162 1619 1321 1674; x_wconf 92' lang='lat' dir='ltr'><strong>quam</strong></span> <span class='ocrx_word' id='word_1_97' title='bbox 1353 1612 1378 1639; x_wconf 69' lang='grc'><strong>³</strong></span> <span class='ocrx_word' id='word_1_98' title='bbox 1410 1602 1548 1659; x_wconf 84' lang='lat' dir='ltr'><strong>valle</strong></span> <span class='ocrx_word' id='word_1_99' title='bbox 1580 1601 1873 1672; x_wconf 84' lang='lat' dir='ltr'><strong>Aracynthi</strong></span> 
     </span>
    </p>
   </div>
   <div class='ocr_carea' id='block_1_17' title="bbox 284 1696 1418 1771">
    <p class='ocr_par' dir='ltr' id='par_1_17' title="bbox 284 1696 1418 1771">
     <span class='ocr_line' id='line_1_17' title="bbox 284 1696 1418 1771; baseline -0.005 -16"><span class='ocrx_word' id='word_1_100' title='bbox 284 1702 410 1771; x_wconf 84' lang='lat' dir='ltr'><strong>Ipsa</strong></span> <span class='ocrx_word' id='word_1_101' title='bbox 443 1700 542 1755; x_wconf 88' lang='lat' dir='ltr'><strong>sibi</strong></span> <span class='ocrx_word' id='word_1_102' title='bbox 567 1701 739 1770; x_wconf 84' lang='lat' dir='ltr'><strong>posita</strong></span> <span class='ocrx_word' id='word_1_103' title='bbox 763 1699 936 1755; x_wconf 81' lang='lat' dir='ltr'><strong>Pallas</strong></span> <span class='ocrx_word' id='word_1_104' title='bbox 966 1698 1233 1767; x_wconf 83' lang='lat' dir='ltr'><strong>protraxit</strong></span> <span class='ocrx_word' id='word_1_105' title='bbox 1259 1696 1418 1750; x_wconf 89' lang='lat' dir='ltr'><strong>oliva.</strong></span> 
     </span>
    </p>
   </div>
   <div class='ocr_carea' id='block_1_18' title="bbox 282 1786 1559 1860">
    <p class='ocr_par' dir='ltr' id='par_1_18' title="bbox 282 1786 1559 1860">
     <span class='ocr_line' id='line_1_18' title="bbox 282 1786 1559 1860; baseline -0.005 -14"><span class='ocrx_word' id='word_1_106' title='bbox 282 1792 407 1846; x_wconf 80' lang='lat' dir='ltr'><strong>Hoc</strong></span> <span class='ocrx_word' id='word_1_107' title='bbox 436 1799 662 1847; x_wconf 86' lang='lat' dir='ltr'><strong>steterat</strong></span> <span class='ocrx_word' id='word_1_108' title='bbox 688 1790 866 1860; x_wconf 79' lang='lat' dir='ltr'><strong>genio,</strong></span> <span class='ocrx_word' id='word_1_109' title='bbox 899 1804 1061 1858; x_wconf 87' lang='lat' dir='ltr'><strong>super</strong></span> <span class='ocrx_word' id='word_1_110' title='bbox 1089 1796 1147 1842; x_wconf 92' lang='lat' dir='ltr'><strong>ut</strong></span> <span class='ocrx_word' id='word_1_111' title='bbox 1172 1786 1391 1856; x_wconf 89' lang='lat' dir='ltr'><strong>vestigia</strong></span> <span class='ocrx_word' id='word_1_112' title='bbox 1425 1786 1559 1840; x_wconf 73' lang='lat' dir='ltr'><strong>dit-te</strong></span> 
     </span>
    </p>
   </div>
   <div class='ocr_carea' id='block_1_19' title="bbox 287 1878 1589 1945">
    <p class='ocr_par' dir='ltr' id='par_1_19' title="bbox 287 1878 1589 1945">
     <span class='ocr_line' id='line_1_19' title="bbox 287 1878 1589 1945; baseline -0.007 -8"><span class='ocrx_word' id='word_1_113' title='bbox 287 1883 561 1937; x_wconf 84' lang='lat' dir='ltr'><strong>Labentes</strong></span> <span class='ocrx_word' id='word_1_114' title='bbox 591 1888 771 1936; x_wconf 86' lang='lat' dir='ltr'><strong>teneat</strong></span> <span class='ocrx_word' id='word_1_115' title='bbox 790 1878 1116 1935; x_wconf 81' lang='lat' dir='ltr'><strong>Marathonia</strong></span> <span class='ocrx_word' id='word_1_116' title='bbox 1141 1878 1303 1933; x_wconf 91' lang='lat' dir='ltr'><strong>bacca</strong></span> <span class='ocrx_word' id='word_1_117' title='bbox 1337 1886 1589 1945; x_wconf 85' lang='lat' dir='ltr'><strong>trapetas.</strong></span> 
     </span>
    </p>
   </div>
   <div class='ocr_carea' id='block_1_20' title="bbox 363 1969 1875 2046">
    <p class='ocr_par' dir='ltr' id='par_1_20' title="bbox 363 1969 1875 2046">
     <span class='ocr_line' id='line_1_20' title="bbox 363 1969 1875 2046; baseline -0.004 -18"><span class='ocrx_word' id='word_1_118' title='bbox 363 1975 461 2029; x_wconf 85' lang='lat' dir='ltr'><strong>Hie</strong></span> <span class='ocrx_word' id='word_1_119' title='bbox 483 1975 589 2028; x_wconf 92' lang='lat' dir='ltr'><strong>duo</strong></span> <span class='ocrx_word' id='word_1_120' title='bbox 616 1974 807 2041; x_wconf 91' lang='lat' dir='ltr'><strong>templa</strong></span> <span class='ocrx_word' id='word_1_121' title='bbox 836 1974 1054 2038; x_wconf 89' lang='lat' dir='ltr'><strong>micant,</strong></span> <span class='ocrx_word' id='word_1_122' title='bbox 1085 1986 1311 2046; x_wconf 84' lang='lat' dir='ltr'><strong>quorum</strong></span> <span class='ocrx_word' id='word_1_123' title='bbox 1342 1969 1705 2039; x_wconf 88' lang='lat' dir='ltr'><strong>supereminet</strong></span> <span class='ocrx_word' id='word_1_124' title='bbox 1739 1984 1875 2022; x_wconf 87' lang='lat' dir='ltr'><strong>unus</strong></span> 
     </span>
    </p>
   </div>
   <div class='ocr_carea' id='block_1_21' title="bbox 285 2061 1591 2132">
    <p class='ocr_par' dir='ltr' id='par_1_21' title="bbox 285 2061 1591 2132">
     <span class='ocr_line' id='line_1_21' title="bbox 285 2061 1591 2132; baseline -0.009 -8"><span class='ocrx_word' id='word_1_125' title='bbox 285 2069 363 2124; x_wconf 86' lang='lat' dir='ltr'><strong>Ut</strong></span> <span class='ocrx_word' id='word_1_126' title='bbox 384 2066 613 2131; x_wconf 90' lang='lat' dir='ltr'><strong>meritis,</strong></span> <span class='ocrx_word' id='word_1_127' title='bbox 646 2065 724 2118; x_wconf 91' lang='lat' dir='ltr'><strong>sic</strong></span> <span class='ocrx_word' id='word_1_128' title='bbox 754 2063 882 2118; x_wconf 85' lang='lat' dir='ltr'><strong>sede</strong></span> <span class='ocrx_word' id='word_1_129' title='bbox 904 2064 1071 2129; x_wconf 90' lang='lat' dir='ltr'><strong>locus,</strong></span> <span class='ocrx_word' id='word_1_130' title='bbox 1104 2064 1192 2132; x_wconf 89' lang='lat' dir='ltr'><strong>qui</strong></span> <span class='ocrx_word' id='word_1_131' title='bbox 1220 2061 1463 2117; x_wconf 89' lang='lat' dir='ltr'><strong>continet</strong></span> <span class='ocrx_word' id='word_1_132' title='bbox 1485 2062 1591 2113; x_wconf 90' lang='lat' dir='ltr'><strong>alta</strong></span> 
     </span>
    </p>
   </div>
   <div class='ocr_carea' id='block_1_22' title="bbox 282 2152 1652 2223">
    <p class='ocr_par' dir='ltr' id='par_1_22' title="bbox 282 2152 1652 2223">
     <span class='ocr_line' id='line_1_22' title="bbox 282 2152 1652 2223; baseline -0.009 -7"><span class='ocrx_word' id='word_1_133' title='bbox 282 2161 612 2216; x_wconf 89' lang='lat' dir='ltr'><strong>Scrutantes</strong></span> <span class='ocrx_word' id='word_1_134' title='bbox 645 2156 850 2210; x_wconf 90' lang='lat' dir='ltr'><strong>ratione</strong></span> <span class='ocrx_word' id='word_1_135' title='bbox 876 2157 1043 2219; x_wconf 89' lang='lat' dir='ltr'><strong>viros,</strong></span> <span class='ocrx_word' id='word_1_136' title='bbox 1075 2153 1201 2223; x_wconf 87' lang='lat' dir='ltr'><strong>quid</strong></span> <span class='ocrx_word' id='word_1_137' title='bbox 1232 2153 1476 2207; x_wconf 87' lang='lat' dir='ltr'><strong>machina</strong></span> <span class='ocrx_word' id='word_1_138' title='bbox 1508 2152 1652 2217; x_wconf 82' lang='lat' dir='ltr'><strong>coeli,</strong></span> 
     </span>
    </p>
   </div>
   <div class='ocr_carea' id='block_1_23' title="bbox 282 2243 1755 2320">
    <p class='ocr_par' dir='ltr' id='par_1_23' title="bbox 282 2243 1755 2320">
     <span class='ocr_line' id='line_1_23' title="bbox 282 2243 1755 2320; baseline -0.007 -13"><span class='ocrx_word' id='word_1_139' title='bbox 282 2252 431 2320; x_wconf 81' lang='lat' dir='ltr'><strong>Quid</strong></span> <span class='ocrx_word' id='word_1_140' title='bbox 464 2250 645 2314; x_wconf 87' lang='lat' dir='ltr'><strong>tellus,</strong></span> <span class='ocrx_word' id='word_1_141' title='bbox 677 2247 805 2317; x_wconf 90' lang='lat' dir='ltr'><strong>quid</strong></span> <span class='ocrx_word' id='word_1_142' title='bbox 835 2247 975 2300; x_wconf 90' lang='lat' dir='ltr'><strong>fossa</strong></span> <span class='ocrx_word' id='word_1_143' title='bbox 1005 2245 1187 2310; x_wconf 86' lang='lat' dir='ltr'><strong>maris,</strong></span> <span class='ocrx_word' id='word_1_144' title='bbox 1218 2245 1343 2315; x_wconf 85' lang='lat' dir='ltr'><strong>quid</strong></span> <span class='ocrx_word' id='word_1_145' title='bbox 1371 2243 1613 2299; x_wconf 90' lang='lat' dir='ltr'><strong>turbidus</strong></span> <span class='ocrx_word' id='word_1_146' title='bbox 1642 2257 1755 2307; x_wconf 90' lang='lat' dir='ltr'><strong>aer,</strong></span> 
     </span>
    </p>
   </div>
   <div class='ocr_carea' id='block_1_24' title="bbox 282 2334 1747 2411">
    <p class='ocr_par' dir='ltr' id='par_1_24' title="bbox 282 2334 1747 2411">
     <span class='ocr_line' id='line_1_24' title="bbox 282 2334 1747 2411; baseline -0.009 -13"><span class='ocrx_word' id='word_1_147' title='bbox 282 2341 435 2411; x_wconf 83' lang='lat' dir='ltr'><strong>Quid</strong></span> <span class='ocrx_word' id='word_1_148' title='bbox 463 2339 638 2396; x_wconf 89' lang='lat' dir='ltr'><strong>noctis</strong></span> <span class='ocrx_word' id='word_1_149' title='bbox 670 2337 911 2408; x_wconf 89' lang='lat' dir='ltr'><strong>lucisque</strong></span> <span class='ocrx_word' id='word_1_150' title='bbox 941 2337 1108 2403; x_wconf 82' lang='lat' dir='ltr'><strong>vices,</strong></span> <span class='ocrx_word' id='word_1_151' title='bbox 1142 2334 1269 2405; x_wconf 91' lang='lat' dir='ltr'><strong>quid</strong></span> <span class='ocrx_word' id='word_1_152' title='bbox 1302 2343 1576 2389; x_wconf 89' lang='lat' dir='ltr'><strong>menstrua</strong></span> <span class='ocrx_word' id='word_1_153' title='bbox 1608 2334 1747 2386; x_wconf 82' lang='lat' dir='ltr'><strong>lunae</strong></span> 
     </span>
    </p>
   </div>
   <div class='ocr_carea' id='block_1_25' title="bbox 282 2423 1802 2499">
    <p class='ocr_par' dir='ltr' id='par_1_25' title="bbox 282 2423 1802 2499">
     <span class='ocr_line' id='line_1_25' title="bbox 282 2423 1802 2499; baseline -0.008 -12"><span class='ocrx_word' id='word_1_154' title='bbox 282 2434 631 2487; x_wconf 83' lang='lat' dir='ltr'><strong>Incrementa</strong></span> <span class='ocrx_word' id='word_1_155' title='bbox 660 2434 869 2499; x_wconf 89' lang='lat' dir='ltr'><strong>parent,</strong></span> <span class='ocrx_word' id='word_1_156' title='bbox 902 2425 1122 2480; x_wconf 91' lang='lat' dir='ltr'><strong>totidem</strong></span> <span class='ocrx_word' id='word_1_157' title='bbox 1151 2440 1245 2478; x_wconf 81' lang='lat' dir='ltr'><strong>cur</strong></span> <span class='ocrx_word' id='word_1_158' title='bbox 1272 2423 1466 2477; x_wconf 87' lang='lat' dir='ltr'><strong>damna</strong></span> <span class='ocrx_word' id='word_1_159' title='bbox 1493 2431 1802 2493; x_wconf 87' lang='lat' dir='ltr'><strong>sequantur.</strong></span> 
     </span>
    </p>
   </div>
   <div class='ocr_carea' id='block_1_26' title="bbox 284 2516 1605 2584">
    <p class='ocr_par' dir='ltr' id='par_1_26' title="bbox 284 2516 1605 2584">
     <span class='ocr_line' id='line_1_26' title="bbox 284 2516 1605 2584; baseline -0.008 -7"><span class='ocrx_word' id='word_1_160' title='bbox 284 2524 445 2578; x_wconf 89' lang='lat' dir='ltr'><strong>Ilicet</strong></span> <span class='ocrx_word' id='word_1_161' title='bbox 476 2521 565 2575; x_wconf 91' lang='lat' dir='ltr'><strong>hic</strong></span> <span class='ocrx_word' id='word_1_162' title='bbox 594 2518 788 2575; x_wconf 89' lang='lat' dir='ltr'><strong>summi</strong></span> <span class='ocrx_word' id='word_1_163' title='bbox 813 2516 1053 2572; x_wconf 84' lang='lat' dir='ltr'><strong>resident</strong></span> <span class='ocrx_word' id='word_1_164' title='bbox 1081 2523 1285 2584; x_wconf 88' lang='lat' dir='ltr'><strong>septem</strong></span> <span class='ocrx_word' id='word_1_165' title='bbox 1313 2516 1605 2583; x_wconf 89' lang='lat' dir='ltr'><strong>sapientes,</strong></span> 
     </span>
    </p>
   </div>
   <div class='ocr_carea' id='block_1_27' title="bbox 284 2607 1576 2679">
    <p class='ocr_par' dir='ltr' id='par_1_27' title="bbox 284 2607 1576 2679">
     <span class='ocr_line' id='line_1_27' title="bbox 284 2607 1576 2679; baseline -0.008 -10"><span class='ocrx_word' id='word_1_166' title='bbox 284 2610 770 2669; x_wconf 83' lang='lat' dir='ltr'><strong>lnnumerabilium</strong></span> <span class='ocrx_word' id='word_1_167' title='bbox 794 2608 1084 2679; x_wconf 90' lang='lat' dir='ltr'><strong>primordia</strong></span> <span class='ocrx_word' id='word_1_168' title='bbox 1109 2607 1576 2677; x_wconf 88' lang='lat' dir='ltr'><strong>philosophorum.</strong></span> 
     </span>
    </p>
   </div>
   <div class='ocr_carea' id='block_1_28' title="bbox 286 2699 1549 2772">
    <p class='ocr_par' dir='ltr' id='par_1_28' title="bbox 286 2699 1549 2772">
     <span class='ocr_line' id='line_1_28' title="bbox 286 2699 1549 2772; baseline -0.007 -11"><span class='ocrx_word' id='word_1_169' title='bbox 286 2706 499 2761; x_wconf 87' lang='lat' dir='ltr'><strong>Thales</strong></span> <span class='ocrx_word' id='word_1_170' title='bbox 530 2704 711 2759; x_wconf 87' lang='lat' dir='ltr'><strong>Mileto</strong></span> <span class='ocrx_word' id='word_1_171' title='bbox 738 2703 953 2772; x_wconf 89' lang='lat' dir='ltr'><strong>genitus</strong></span> <span class='ocrx_word' id='word_1_172' title='bbox 980 2699 1280 2755; x_wconf 90' lang='lat' dir='ltr'><strong>vadimonia</strong></span> <span class='ocrx_word' id='word_1_173' title='bbox 1312 2699 1549 2769; x_wconf 87' lang='lat' dir='ltr'><strong>damnat,</strong></span> 
     </span>
    </p>
   </div>
   <div class='ocr_carea' id='block_1_29' title="bbox 286 2791 1735 2869">
    <p class='ocr_par' dir='ltr' id='par_1_29' title="bbox 286 2791 1735 2869">
     <span class='ocr_line' id='line_1_29' title="bbox 286 2791 1735 2869; baseline -0.008 -16"><span class='ocrx_word' id='word_1_174' title='bbox 286 2797 505 2869; x_wconf 84' lang='lat' dir='ltr'><strong>Lyndie</strong></span> <span class='ocrx_word' id='word_1_175' title='bbox 533 2805 586 2851; x_wconf 93' lang='lat' dir='ltr'><strong>tu</strong></span> <span class='ocrx_word' id='word_1_176' title='bbox 617 2793 875 2849; x_wconf 83' lang='lat' dir='ltr'><strong>Cleobule</strong></span> <span class='ocrx_word' id='word_1_177' title='bbox 902 2792 1059 2863; x_wconf 90' lang='lat' dir='ltr'><strong>jubes</strong></span> <span class='ocrx_word' id='word_1_178' title='bbox 1084 2792 1275 2847; x_wconf 89' lang='lat' dir='ltr'><strong>modus</strong></span> <span class='ocrx_word' id='word_1_179' title='bbox 1305 2794 1538 2860; x_wconf 76' lang='lat' dir='ltr'><strong>Optimus</strong></span> <span class='ocrx_word' id='word_1_180' title='bbox 1567 2798 1623 2845; x_wconf 92' lang='lat' dir='ltr'><strong>ut</strong></span> <span class='ocrx_word' id='word_1_181' title='bbox 1649 2791 1735 2854; x_wconf 82' lang='lat' dir='ltr'><strong>sit,</strong></span> 
     </span>
    </p>
   </div>
   <div class='ocr_carea' id='block_1_30' title="bbox 287 2881 1840 2948">
    <p class='ocr_par' dir='ltr' id='par_1_30' title="bbox 287 2881 1840 2948">
     <span class='ocr_line' id='line_1_30' title="bbox 287 2881 1840 2948; baseline -0.008 -4"><span class='ocrx_word' id='word_1_182' title='bbox 287 2888 369 2944; x_wconf 83' lang='lat' dir='ltr'><strong>Tu</strong></span> <span class='ocrx_word' id='word_1_183' title='bbox 406 2886 679 2942; x_wconf 88' lang='lat' dir='ltr'><strong>meditans</strong></span> <span class='ocrx_word' id='word_1_184' title='bbox 723 2893 899 2939; x_wconf 87' lang='lat' dir='ltr'><strong>totum</strong></span> <span class='ocrx_word' id='word_1_185' title='bbox 925 2884 1151 2938; x_wconf 90' lang='lat' dir='ltr'><strong>decoras</strong></span> <span class='ocrx_word' id='word_1_186' title='bbox 1186 2882 1484 2937; x_wconf 88' lang='lat' dir='ltr'><strong>Periandre</strong></span> <span class='ocrx_word' id='word_1_187' title='bbox 1520 2881 1840 2948; x_wconf 83' lang='lat' dir='ltr'><strong>Corinthon,</strong></span> 
     </span>
    </p>
   </div>
   <div class='ocr_carea' id='block_1_31' title="bbox 292 2974 1800 3045">
    <p class='ocr_par' dir='ltr' id='par_1_31' title="bbox 292 2974 1800 3045">
     <span class='ocr_line' id='line_1_31' title="bbox 292 2974 1800 3045; baseline -0.006 -12"><span class='ocrx_word' id='word_1_188' title='bbox 292 2979 507 3035; x_wconf 82' lang='lat' dir='ltr'><strong>Atticus</strong></span> <span class='ocrx_word' id='word_1_189' title='bbox 536 2976 660 3032; x_wconf 92' lang='lat' dir='ltr'><strong>inde</strong></span> <span class='ocrx_word' id='word_1_190' title='bbox 690 2975 857 3031; x_wconf 89' lang='lat' dir='ltr'><strong>Solon</strong></span> <span class='ocrx_word' id='word_1_191' title='bbox 889 2990 956 3030; x_wconf 94' lang='lat' dir='ltr'><strong>ne</strong></span> <span class='ocrx_word' id='word_1_192' title='bbox 982 2975 1107 3045; x_wconf 91' lang='lat' dir='ltr'><strong>quid</strong></span> <span class='ocrx_word' id='word_1_193' title='bbox 1138 2974 1296 3029; x_wconf 91' lang='lat' dir='ltr'><strong>nimis</strong></span> <span class='ocrx_word' id='word_1_194' title='bbox 1325 2975 1584 3045; x_wconf 88' lang='lat' dir='ltr'><strong>approbat</strong></span> <span class='ocrx_word' id='word_1_195' title='bbox 1614 2990 1800 3043; x_wconf 80' lang='lat' dir='ltr'><strong>unum,</strong></span> 
     </span>
    </p>
   </div>
   <div class='ocr_carea' id='block_1_32' title="bbox 288 3065 1498 3137">
    <p class='ocr_par' dir='ltr' id='par_1_32' title="bbox 288 3065 1498 3137">
     <span class='ocr_line' id='line_1_32' title="bbox 288 3065 1498 3137; baseline -0.004 -13"><span class='ocrx_word' id='word_1_196' title='bbox 288 3069 544 3125; x_wconf 74' lang='lat' dir='ltr'><strong>Prienree</strong></span> <span class='ocrx_word' id='word_1_197' title='bbox 574 3068 687 3134; x_wconf 88' lang='lat' dir='ltr'><strong>Bia,</strong></span> <span class='ocrx_word' id='word_1_198' title='bbox 719 3067 923 3137; x_wconf 90' lang='lat' dir='ltr'><strong>plureis</strong></span> <span class='ocrx_word' id='word_1_199' title='bbox 953 3065 1033 3119; x_wconf 90' lang='lat' dir='ltr'><strong>ais</strong></span> <span class='ocrx_word' id='word_1_200' title='bbox 1062 3079 1183 3119; x_wconf 92' lang='lat' dir='ltr'><strong>esse</strong></span> <span class='ocrx_word' id='word_1_201' title='bbox 1215 3066 1498 3135; x_wconf 88' lang='lat' dir='ltr'><strong>malignos,</strong></span> 
     </span>
    </p>
   </div>
   <div class='ocr_carea' id='block_1_33' title="bbox 289 3155 1638 3229">
    <p class='ocr_par' dir='ltr' id='par_1_33' title="bbox 289 3155 1638 3229">
     <span class='ocr_line' id='line_1_33' title="bbox 289 3155 1638 3229; baseline -0.004 -15"><span class='ocrx_word' id='word_1_202' title='bbox 289 3158 373 3214; x_wconf 83' lang='lat' dir='ltr'><strong>Tu</strong></span> <span class='ocrx_word' id='word_1_203' title='bbox 408 3158 666 3229; x_wconf 74' lang='lat' dir='ltr'><strong>Mitylene</strong></span> <span class='ocrx_word' id='word_1_204' title='bbox 695 3168 844 3213; x_wconf 91' lang='lat' dir='ltr'><strong>satus</strong></span> <span class='ocrx_word' id='word_1_205' title='bbox 865 3158 1143 3227; x_wconf 79' lang='lat' dir='ltr'><strong>Cognoscis</strong></span> <span class='ocrx_word' id='word_1_206' title='bbox 1178 3155 1378 3211; x_wconf 87' lang='lat' dir='ltr'><strong>Pittace</strong></span> <span class='ocrx_word' id='word_1_207' title='bbox 1409 3165 1638 3225; x_wconf 90' lang='lat' dir='ltr'><strong>tempus,</strong></span> 
     </span>
    </p>
   </div>
   <div class='ocr_carea' id='block_1_34' title="bbox 292 3247 1669 3319">
    <p class='ocr_par' dir='ltr' id='par_1_34' title="bbox 292 3247 1669 3319">
     <span class='ocr_line' id='line_1_34' title="bbox 292 3247 1669 3319; baseline -0.005 -12"><span class='ocrx_word' id='word_1_208' title='bbox 292 3251 534 3307; x_wconf 81' lang='lat' dir='ltr'><strong>Nosccre</strong></span> <span class='ocrx_word' id='word_1_209' title='bbox 563 3264 682 3304; x_wconf 87' lang='lat' dir='ltr'><strong>sese</strong></span> <span class='ocrx_word' id='word_1_210' title='bbox 712 3249 885 3319; x_wconf 88' lang='lat' dir='ltr'><strong>ipsum</strong></span> <span class='ocrx_word' id='word_1_211' title='bbox 913 3247 1104 3301; x_wconf 89' lang='lat' dir='ltr'><strong>Chilon</strong></span> <span class='ocrx_word' id='word_1_212' title='bbox 1130 3247 1392 3318; x_wconf 87' lang='lat' dir='ltr'><strong>Spartane</strong></span> <span class='ocrx_word' id='word_1_213' title='bbox 1419 3247 1669 3302; x_wconf 88' lang='lat' dir='ltr'><strong>docebas.</strong></span> 
     </span>
    </p>
   </div>
   <div class='ocr_carea' id='block_1_35' title="bbox 294 3340 1595 3412">
    <p class='ocr_par' dir='ltr' id='par_1_35' title="bbox 294 3340 1595 3412">
     <span class='ocr_line' id='line_1_35' title="bbox 294 3340 1595 3412; baseline -0.004 -13"><span class='ocrx_word' id='word_1_214' title='bbox 294 3342 509 3399; x_wconf 82' lang='lat' dir='ltr'><strong>Asserit</strong></span> <span class='ocrx_word' id='word_1_215' title='bbox 541 3342 628 3396; x_wconf 88' lang='lat' dir='ltr'><strong>hic</strong></span> <span class='ocrx_word' id='word_1_216' title='bbox 648 3341 858 3396; x_wconf 88' lang='lat' dir='ltr'><strong>Samius</strong></span> <span class='ocrx_word' id='word_1_217' title='bbox 879 3350 995 3410; x_wconf 91' lang='lat' dir='ltr'><strong>post</strong></span> <span class='ocrx_word' id='word_1_218' title='bbox 1016 3340 1173 3395; x_wconf 89' lang='lat' dir='ltr'><strong>docta</strong></span> <span class='ocrx_word' id='word_1_219' title='bbox 1197 3341 1415 3412; x_wconf 71' lang='lat' dir='ltr'><strong>silentia</strong></span> <span class='ocrx_word' id='word_1_220' title='bbox 1443 3341 1595 3394; x_wconf 84' lang='lat' dir='ltr'><strong>lustri</strong></span> 
     </span>
    </p>
   </div>
   <div class='ocr_carea' id='block_1_36' title="bbox 295 3432 1883 3507">
    <p class='ocr_par' dir='ltr' id='par_1_36' title="bbox 295 3432 1883 3507">
     <span class='ocr_line' id='line_1_36' title="bbox 295 3432 1883 3507; baseline -0.002 -17"><span class='ocrx_word' id='word_1_221' title='bbox 295 3435 656 3507; x_wconf 79' lang='lat' dir='ltr'><strong>Pythagoras,</strong></span> <span class='ocrx_word' id='word_1_222' title='bbox 689 3434 918 3487; x_wconf 92' lang='lat' dir='ltr'><strong>solidum</strong></span> <span class='ocrx_word' id='word_1_223' title='bbox 950 3433 1201 3502; x_wconf 85' lang='lat' dir='ltr'><strong>princeps</strong></span> <span class='ocrx_word' id='word_1_224' title='bbox 1230 3432 1372 3502; x_wconf 90' lang='lat' dir='ltr'><strong>quod</strong></span> <span class='ocrx_word' id='word_1_225' title='bbox 1397 3433 1600 3487; x_wconf 90' lang='lat' dir='ltr'><strong>musica</strong></span> <span class='ocrx_word' id='word_1_226' title='bbox 1630 3433 1883 3487; x_wconf 89' lang='lat' dir='ltr'><strong>mundum</strong></span> 
     </span>
    </p>
   </div>
   <div class='ocr_carea' id='block_1_37' title="bbox 297 3524 1764 3599">
    <p class='ocr_par' dir='ltr' id='par_1_37' title="bbox 297 3524 1764 3599">
     <span class='ocr_line' id='line_1_37' title="bbox 297 3524 1764 3599; baseline -0.004 -14"><span class='ocrx_word' id='word_1_227' title='bbox 297 3528 612 3599; x_wconf 81' lang='lat' dir='ltr'><strong>Temperet,</strong></span> <span class='ocrx_word' id='word_1_228' title='bbox 644 3536 698 3583; x_wconf 90' lang='lat' dir='ltr'><strong>et</strong></span> <span class='ocrx_word' id='word_1_229' title='bbox 726 3527 890 3581; x_wconf 90' lang='lat' dir='ltr'><strong>certis</strong></span> <span class='ocrx_word' id='word_1_230' title='bbox 916 3534 1237 3580; x_wconf 80' lang='lat' dir='ltr'><strong>concentum</strong></span> <span class='ocrx_word' id='word_1_231' title='bbox 1268 3524 1459 3579; x_wconf 90' lang='lat' dir='ltr'><strong>reddat</strong></span> <span class='ocrx_word' id='word_1_232' title='bbox 1485 3525 1552 3579; x_wconf 88' lang='lat' dir='ltr'><strong>ab</strong></span> <span class='ocrx_word' id='word_1_233' title='bbox 1581 3525 1764 3589; x_wconf 92' lang='lat' dir='ltr'><strong>astris,</strong></span> 
     </span>
    </p>
   </div>
   <div class='ocr_carea' id='block_1_38' title="bbox 298 3617 1677 3690">
    <p class='ocr_par' dir='ltr' id='par_1_38' title="bbox 298 3617 1677 3690">
     <span class='ocr_line' id='line_1_38' title="bbox 298 3617 1677 3690; baseline -0.003 -15"><span class='ocrx_word' id='word_1_234' title='bbox 298 3620 577 3690; x_wconf 77' lang='lat' dir='ltr'><strong>Signaque</strong></span> <span class='ocrx_word' id='word_1_235' title='bbox 601 3617 862 3673; x_wconf 87' lang='lat' dir='ltr'><strong>Zodiacus</strong></span> <span class='ocrx_word' id='word_1_236' title='bbox 891 3632 1010 3689; x_wconf 72' lang='lat' dir='ltr'><strong>quae</strong></span> <span class='ocrx_word' id='word_1_237' title='bbox 1040 3617 1270 3672; x_wconf 92' lang='lat' dir='ltr'><strong>circulus</strong></span> <span class='ocrx_word' id='word_1_238' title='bbox 1300 3633 1400 3672; x_wconf 79' lang='lat' dir='ltr'><strong>axe</strong></span> <span class='ocrx_word' id='word_1_239' title='bbox 1423 3632 1677 3686; x_wconf 90' lang='lat' dir='ltr'><strong>supremo</strong></span> 
     </span>
    </p>
   </div>
   <div class='ocr_carea' id='block_1_39' title="bbox 300 3692 1884 3783">
    <p class='ocr_par' dir='ltr' id='par_1_39' title="bbox 300 3692 1884 3783">
     <span class='ocr_line' id='line_1_39' title="bbox 300 3692 1884 3783; baseline -0.003 -17"><span class='ocrx_word' id='word_1_240' title='bbox 300 3710 467 3783; x_wconf 82' lang='lat'><strong>376</strong></span> <span class='ocrx_word' id='word_1_241' title='bbox 484 3711 658 3765; x_wconf 90' lang='lat' dir='ltr'><strong>Terna</strong></span> <span class='ocrx_word' id='word_1_242' title='bbox 678 3719 866 3780; x_wconf 86' lang='lat' dir='ltr'><strong>quater</strong></span> <span class='ocrx_word' id='word_1_243' title='bbox 885 3708 1098 3771; x_wconf 90' lang='lat' dir='ltr'><strong>retinet,</strong></span> <span class='ocrx_word' id='word_1_244' title='bbox 1122 3709 1338 3777; x_wconf 88' lang='lat' dir='ltr'><strong>proprio</strong></span> <span class='ocrx_word' id='word_1_245' title='bbox 1358 3724 1463 3762; x_wconf 89' lang='lat' dir='ltr'><strong>non</strong></span> <span class='ocrx_word' id='word_1_246' title='bbox 1484 3722 1702 3763; x_wconf 91' lang='lat' dir='ltr'><strong>currere</strong></span> <span class='ocrx_word' id='word_1_247' title='bbox 1714 3692 1884 3775; x_wconf 55' lang='lat' dir='ltr'><strong>metu,</strong></span> 
     </span>
    </p>
   </div>
   <div class='ocr_carea' id='block_1_40' title="bbox 300 3798 1540 3870">
    <p class='ocr_par' dir='ltr' id='par_1_40' title="bbox 300 3798 1540 3870">
     <span class='ocr_line' id='line_1_40' title="bbox 300 3798 1540 3870; baseline -0.005 -13"><span class='ocrx_word' id='word_1_248' title='bbox 300 3801 501 3870; x_wconf 59' lang='lat' dir='ltr'><strong>Alqnis</strong></span> <span class='ocrx_word' id='word_1_249' title='bbox 530 3801 669 3855; x_wconf 90' lang='lat' dir='ltr'><strong>inter</strong></span> <span class='ocrx_word' id='word_1_250' title='bbox 698 3814 756 3854; x_wconf 91' lang='lat' dir='ltr'><strong>se</strong></span> <span class='ocrx_word' id='word_1_251' title='bbox 781 3798 967 3868; x_wconf 79' lang='lat' dir='ltr'><strong>Spatiis</strong></span> <span class='ocrx_word' id='word_1_252' title='bbox 994 3809 1170 3853; x_wconf 91' lang='lat' dir='ltr'><strong>tamen</strong></span> <span class='ocrx_word' id='word_1_253' title='bbox 1197 3814 1317 3853; x_wconf 92' lang='lat' dir='ltr'><strong>esse</strong></span> <span class='ocrx_word' id='word_1_254' title='bbox 1347 3800 1540 3853; x_wconf 89' lang='lat' dir='ltr'><strong>locata.</strong></span> 
     </span>
    </p>
   </div>
   <div class='ocr_carea' id='block_1_41' title="bbox 301 3890 1699 3963">
    <p class='ocr_par' dir='ltr' id='par_1_41' title="bbox 301 3890 1699 3963">
     <span class='ocr_line' id='line_1_41' title="bbox 301 3890 1699 3963; baseline -0.006 -14"><span class='ocrx_word' id='word_1_255' title='bbox 301 3894 546 3963; x_wconf 81' lang='lat' dir='ltr'><strong>Fixaque</strong></span> <span class='ocrx_word' id='word_1_256' title='bbox 575 3890 832 3961; x_wconf 87' lang='lat' dir='ltr'><strong>signifero</strong></span> <span class='ocrx_word' id='word_1_257' title='bbox 863 3892 1061 3960; x_wconf 81' lang='lat' dir='ltr'><strong>pariter</strong></span> <span class='ocrx_word' id='word_1_258' title='bbox 1090 3906 1302 3961; x_wconf 83' lang='lat' dir='ltr'><strong>quoque</strong></span> <span class='ocrx_word' id='word_1_259' title='bbox 1333 3906 1530 3946; x_wconf 90' lang='lat' dir='ltr'><strong>cernua</strong></span> <span class='ocrx_word' id='word_1_260' title='bbox 1554 3890 1699 3957; x_wconf 83' lang='lat' dir='ltr'><strong>ferri,</strong></span> 
     </span>
    </p>
   </div>
   <div class='ocr_carea' id='block_1_42' title="bbox 301 3982 1783 4053">
    <p class='ocr_par' dir='ltr' id='par_1_42' title="bbox 301 3982 1783 4053">
     <span class='ocr_line' id='line_1_42' title="bbox 301 3982 1783 4053; baseline -0.003 -13"><span class='ocrx_word' id='word_1_261' title='bbox 301 3982 753 4053; x_wconf 70' lang='lat' dir='ltr'><strong>Prmeipuumque</strong></span> <span class='ocrx_word' id='word_1_262' title='bbox 782 3982 942 4037; x_wconf 89' lang='lat' dir='ltr'><strong>etiam</strong></span> <span class='ocrx_word' id='word_1_263' title='bbox 970 3992 1175 4052; x_wconf 90' lang='lat' dir='ltr'><strong>septem</strong></span> <span class='ocrx_word' id='word_1_264' title='bbox 1208 3998 1334 4053; x_wconf 77' lang='lat' dir='ltr'><strong>vaga</strong></span> <span class='ocrx_word' id='word_1_265' title='bbox 1368 3983 1543 4037; x_wconf 87' lang='lat' dir='ltr'><strong>sidera</strong></span> <span class='ocrx_word' id='word_1_266' title='bbox 1570 3995 1783 4037; x_wconf 87' lang='lat' dir='ltr'><strong>cantum</strong></span> 
     </span>
    </p>
   </div>
   <div class='ocr_carea' id='block_1_43' title="bbox 304 4073 1888 4143">
    <p class='ocr_par' dir='ltr' id='par_1_43' title="bbox 304 4073 1888 4143">
     <span class='ocr_line' id='line_1_43' title="bbox 304 4073 1888 4143; baseline -0.003 -12"><span class='ocrx_word' id='word_1_267' title='bbox 304 4076 447 4131; x_wconf 76' lang='lat' dir='ltr'><strong>llinc</strong></span> <span class='ocrx_word' id='word_1_268' title='bbox 464 4075 614 4140; x_wconf 89' lang='lat' dir='ltr'><strong>dare,</strong></span> <span class='ocrx_word' id='word_1_269' title='bbox 634 4075 901 4143; x_wconf 87' lang='lat' dir='ltr'><strong>perfectus</strong></span> <span class='ocrx_word' id='word_1_270' title='bbox 919 4088 1172 4127; x_wconf 90' lang='lat' dir='ltr'><strong>numerus</strong></span> <span class='ocrx_word' id='word_1_271' title='bbox 1196 4074 1333 4143; x_wconf 89' lang='lat' dir='ltr'><strong>quod</strong></span> <span class='ocrx_word' id='word_1_272' title='bbox 1358 4083 1579 4143; x_wconf 89' lang='lat' dir='ltr'><strong>uterque</strong></span> <span class='ocrx_word' id='word_1_273' title='bbox 1603 4073 1888 4128; x_wconf 87' lang='lat' dir='ltr'><strong>habeatur:</strong></span> 
     </span>
    </p>
   </div>
   <div class='ocr_carea' id='block_1_44' title="bbox 305 4164 1783 4229">
    <p class='ocr_par' dir='ltr' id='par_1_44' title="bbox 305 4164 1783 4229">
     <span class='ocr_line' id='line_1_44' title="bbox 305 4164 1783 4229; baseline 0 -8"><span class='ocrx_word' id='word_1_274' title='bbox 305 4168 425 4221; x_wconf 74' lang='lat' dir='ltr'><strong>line</strong></span> <span class='ocrx_word' id='word_1_275' title='bbox 454 4181 679 4220; x_wconf 90' lang='lat' dir='ltr'><strong>numero</strong></span> <span class='ocrx_word' id='word_1_276' title='bbox 708 4164 1002 4229; x_wconf 89' lang='lat' dir='ltr'><strong>affirmans,</strong></span> <span class='ocrx_word' id='word_1_277' title='bbox 1034 4165 1136 4220; x_wconf 88' lang='lat' dir='ltr'><strong>hoc</strong></span> <span class='ocrx_word' id='word_1_278' title='bbox 1160 4165 1351 4221; x_wconf 90' lang='lat' dir='ltr'><strong>ordine</strong></span> <span class='ocrx_word' id='word_1_279' title='bbox 1380 4174 1567 4221; x_wconf 90' lang='lat' dir='ltr'><strong>cuncta</strong></span> <span class='ocrx_word' id='word_1_280' title='bbox 1597 4168 1783 4221; x_wconf 88' lang='lat' dir='ltr'><strong>rotari.</strong></span> 
     </span>
    </p>
   </div>
   <div class='ocr_carea' id='block_1_45' title="bbox 304 4255 1785 4327">
    <p class='ocr_par' dir='ltr' id='par_1_45' title="bbox 304 4255 1785 4327">
     <span class='ocr_line' id='line_1_45' title="bbox 304 4255 1785 4327; baseline 0 -15"><span class='ocrx_word' id='word_1_281' title='bbox 304 4257 556 4312; x_wconf 85' lang='lat' dir='ltr'><strong>Falciferi</strong></span> <span class='ocrx_word' id='word_1_282' title='bbox 582 4255 609 4293; x_wconf 71' lang='grc' dir='ltr'>δ</span> <span class='ocrx_word' id='word_1_283' title='bbox 634 4257 846 4311; x_wconf 89' lang='lat' dir='ltr'><strong>Cronon</strong></span> <span class='ocrx_word' id='word_1_284' title='bbox 881 4260 958 4311; x_wconf 91' lang='lat' dir='ltr'><strong>ire</strong></span> <span class='ocrx_word' id='word_1_285' title='bbox 985 4256 1131 4311; x_wconf 91' lang='lat' dir='ltr'><strong>senis</strong></span> <span class='ocrx_word' id='word_1_286' title='bbox 1162 4273 1257 4326; x_wconf 90' lang='lat' dir='ltr'><strong>per</strong></span> <span class='ocrx_word' id='word_1_287' title='bbox 1285 4273 1491 4312; x_wconf 91' lang='lat' dir='ltr'><strong>summa</strong></span> <span class='ocrx_word' id='word_1_288' title='bbox 1519 4260 1785 4327; x_wconf 89' lang='lat' dir='ltr'><strong>polorum,</strong></span> 
     </span>
    </p>
   </div>
   <div class='ocr_carea' id='block_1_46' title="bbox 305 4351 1767 4421">
    <p class='ocr_par' dir='ltr' id='par_1_46' title="bbox 305 4351 1767 4421">
     <span class='ocr_line' id='line_1_46' title="bbox 305 4351 1767 4421; baseline -0.001 -15"><span class='ocrx_word' id='word_1_289' title='bbox 305 4351 497 4406; x_wconf 74' lang='lat' dir='ltr'><strong>Martis</strong></span> <span class='ocrx_word' id='word_1_290' title='bbox 526 4353 860 4421; x_wconf 88' lang='lat' dir='ltr'><strong>contiguum,</strong></span> <span class='ocrx_word' id='word_1_291' title='bbox 892 4351 1070 4405; x_wconf 89' lang='lat' dir='ltr'><strong>medio</strong></span> <span class='ocrx_word' id='word_1_292' title='bbox 1099 4353 1251 4415; x_wconf 81' lang='lat' dir='ltr'><strong>Jove,</strong></span> <span class='ocrx_word' id='word_1_293' title='bbox 1281 4366 1500 4420; x_wconf 84' lang='lat' dir='ltr'><strong>pergere</strong></span> <span class='ocrx_word' id='word_1_294' title='bbox 1534 4352 1699 4415; x_wconf 88' lang='lat' dir='ltr'><strong>sidus,</strong></span> <span class='ocrx_word' id='word_1_295' title='bbox 1749 4355 1767 4371; x_wconf 89' lang='lat'><strong><em>‘</em></strong></span> 
     </span>
    </p>
   </div>
   <div class='ocr_carea' id='block_1_47' title="bbox 307 4440 1729 4511">
    <p class='ocr_par' dir='ltr' id='par_1_47' title="bbox 307 4440 1729 4511">
     <span class='ocr_line' id='line_1_47' title="bbox 307 4440 1729 4511; baseline -0.001 -14"><span class='ocrx_word' id='word_1_296' title='bbox 307 4442 445 4497; x_wconf 84' lang='lat' dir='ltr'><strong>Post</strong></span> <span class='ocrx_word' id='word_1_297' title='bbox 472 4441 593 4507; x_wconf 90' lang='lat' dir='ltr'><strong>bos,</strong></span> <span class='ocrx_word' id='word_1_298' title='bbox 617 4441 725 4510; x_wconf 87' lang='lat' dir='ltr'><strong>jam</strong></span> <span class='ocrx_word' id='word_1_299' title='bbox 753 4452 943 4511; x_wconf 87' lang='lat' dir='ltr'><strong>quarto</strong></span> <span class='ocrx_word' id='word_1_300' title='bbox 966 4455 1025 4495; x_wconf 91' lang='lat' dir='ltr'><strong>se</strong></span> <span class='ocrx_word' id='word_1_301' title='bbox 1052 4441 1269 4495; x_wconf 88' lang='lat' dir='ltr'><strong>flectere</strong></span> <span class='ocrx_word' id='word_1_302' title='bbox 1298 4440 1511 4494; x_wconf 91' lang='lat' dir='ltr'><strong>tramite</strong></span> <span class='ocrx_word' id='word_1_303' title='bbox 1539 4442 1729 4511; x_wconf 91' lang='lat' dir='ltr'><strong>solem,</strong></span> 
     </span>
    </p>
   </div>
   <div class='ocr_carea' id='block_1_48' title="bbox 309 4530 1779 4601">
    <p class='ocr_par' dir='ltr' id='par_1_48' title="bbox 309 4530 1779 4601">
     <span class='ocr_line' id='line_1_48' title="bbox 309 4530 1779 4601; baseline -0.002 -13"><span class='ocrx_word' id='word_1_304' title='bbox 309 4533 401 4588; x_wconf 88' lang='lat' dir='ltr'><strong>Sic</strong></span> <span class='ocrx_word' id='word_1_305' title='bbox 428 4532 692 4601; x_wconf 86' lang='lat' dir='ltr'><strong>placidam</strong></span> <span class='ocrx_word' id='word_1_306' title='bbox 722 4532 955 4601; x_wconf 79' lang='lat' dir='ltr'><strong>Paphien</strong></span> <span class='ocrx_word' id='word_1_307' title='bbox 987 4546 1204 4587; x_wconf 90' lang='lat' dir='ltr'><strong>servare</strong></span> <span class='ocrx_word' id='word_1_308' title='bbox 1230 4530 1489 4585; x_wconf 89' lang='lat' dir='ltr'><strong>diastema</strong></span> <span class='ocrx_word' id='word_1_309' title='bbox 1512 4531 1779 4600; x_wconf 89' lang='lat' dir='ltr'><strong>quintum,</strong></span> 
     </span>
    </p>
   </div>
   <div class='ocr_carea' id='block_1_49' title="bbox 311 4623 1642 4691">
    <p class='ocr_par' dir='ltr' id='par_1_49' title="bbox 311 4623 1642 4691">
     <span class='ocr_line' id='line_1_49' title="bbox 311 4623 1642 4691; baseline -0.004 -9"><span class='ocrx_word' id='word_1_310' title='bbox 311 4626 603 4682; x_wconf 81' lang='lat' dir='ltr'><strong>Arcadium</strong></span> <span class='ocrx_word' id='word_1_311' title='bbox 634 4634 811 4689; x_wconf 76' lang='lat' dir='ltr'><strong>sexto,</strong></span> <span class='ocrx_word' id='word_1_312' title='bbox 845 4624 1024 4678; x_wconf 92' lang='lat' dir='ltr'><strong>lunam</strong></span> <span class='ocrx_word' id='word_1_313' title='bbox 1052 4625 1131 4679; x_wconf 92' lang='lat' dir='ltr'><strong>sie</strong></span> <span class='ocrx_word' id='word_1_314' title='bbox 1157 4623 1288 4678; x_wconf 88' lang='lat' dir='ltr'><strong>orbe</strong></span> <span class='ocrx_word' id='word_1_315' title='bbox 1317 4637 1571 4691; x_wconf 89' lang='lat' dir='ltr'><strong>supremo</strong></span> <span class='ocrx_word' id='word_1_316' title='bbox 1635 4678 1642 4685; x_wconf 89' lang='lat'><em>_</em></span> 
     </span>
    </p>
   </div>
   <div class='ocr_carea' id='block_1_50' title="bbox 317 4714 1771 4785">
    <p class='ocr_par' dir='ltr' id='par_1_50' title="bbox 317 4714 1771 4785">
     <span class='ocr_line' id='line_1_50' title="bbox 317 4714 1771 4785; baseline -0.001 -15"><span class='ocrx_word' id='word_1_317' title='bbox 317 4728 341 4755; x_wconf 77' lang='grc' dir='ltr'>ε</span> <span class='ocrx_word' id='word_1_318' title='bbox 366 4716 474 4771; x_wconf 86' lang='lat' dir='ltr'><strong>Ter</strong></span> <span class='ocrx_word' id='word_1_319' title='bbox 500 4715 666 4770; x_wconf 90' lang='lat' dir='ltr'><strong>denas</strong></span> <span class='ocrx_word' id='word_1_320' title='bbox 690 4715 895 4784; x_wconf 88' lang='lat' dir='ltr'><strong>trepieo</strong></span> <span class='ocrx_word' id='word_1_321' title='bbox 921 4729 1084 4785; x_wconf 89' lang='lat' dir='ltr'><strong>prope</strong></span> <span class='ocrx_word' id='word_1_322' title='bbox 1106 4729 1323 4769; x_wconf 91' lang='lat' dir='ltr'><strong>currere</strong></span> <span class='ocrx_word' id='word_1_323' title='bbox 1352 4714 1565 4769; x_wconf 89' lang='lat' dir='ltr'><strong>climate</strong></span> <span class='ocrx_word' id='word_1_324' title='bbox 1592 4715 1771 4769; x_wconf 85' lang='lat' dir='ltr'><strong>miras.</strong></span> 
     </span>
    </p>
   </div>
   <div class='ocr_carea' id='block_1_51' title="bbox 392 4895 1909 4966">
    <p class='ocr_par' dir='ltr' id='par_1_51' title="bbox 392 4895 1909 4966">
     <span class='ocr_line' id='line_1_51' title="bbox 392 4895 1909 4966; baseline 0 -12"><span class='ocrx_word' id='word_1_325' title='bbox 392 4910 419 4938; x_wconf 75' lang='grc' dir='ltr'>ι</span> <span class='ocrx_word' id='word_1_326' title='bbox 452 4900 648 4955; x_wconf 82' lang='lat' dir='ltr'><strong>Montis</strong></span> <span class='ocrx_word' id='word_1_327' title='bbox 686 4897 905 4953; x_wconf 66' lang='lat' dir='ltr'><strong>Boeotia:</strong></span> <span class='ocrx_word' id='word_1_328' title='bbox 930 4895 1104 4951; x_wconf 91' lang='lat' dir='ltr'><strong>:unde</strong></span> <span class='ocrx_word' id='word_1_329' title='bbox 1135 4896 1489 4966; x_wconf 84' lang='lat' dir='ltr'><strong>Aracynthias</strong></span> <span class='ocrx_word' id='word_1_330' title='bbox 1519 4898 1637 4953; x_wconf 90' lang='lat' dir='ltr'><strong>dea.</strong></span> <span class='ocrx_word' id='word_1_331' title='bbox 1671 4897 1909 4954; x_wconf 77' lang='lat' dir='ltr'><strong>Rhianus</strong></span> 
     </span>
    </p>
   </div>
   <div class='ocr_carea' id='block_1_52' title="bbox 315 4977 570 5043">
    <p class='ocr_par' dir='ltr' id='par_1_52' title="bbox 315 4977 570 5043">
     <span class='ocr_line' id='line_1_52' title="bbox 315 4977 570 5043; baseline 0 0"><span class='ocrx_word' id='word_1_332' title='bbox 315 4978 367 5029; x_wconf 78' lang='grc' dir='ltr'><strong>ὲν</strong></span> <span class='ocrx_word' id='word_1_333' title='bbox 400 4977 570 5043; x_wconf 57' lang='grc' dir='ltr'><strong>φήμῃε</strong></span> 
     </span>
    </p>
   </div>
   <div class='ocr_carea' id='block_1_53' title="bbox 468 5059 1653 5134">
    <p class='ocr_par' dir='ltr' id='par_1_53' title="bbox 468 5059 1653 5134">
     <span class='ocr_line' id='line_1_53' title="bbox 468 5059 1653 5134; baseline -0.001 -22"><span class='ocrx_word' id='word_1_334' title='bbox 468 5062 623 5113; x_wconf 68' lang='grc' dir='ltr'><strong>κλῦθὶ</strong></span> <span class='ocrx_word' id='word_1_335' title='bbox 650 5081 734 5130; x_wconf 79' lang='grc' dir='ltr'><strong>μοι</strong></span> <span class='ocrx_word' id='word_1_336' title='bbox 765 5060 967 5129; x_wconf 63' lang='grc' dir='ltr'>εὐχάων</span> <span class='ocrx_word' id='word_1_337' title='bbox 986 5059 1310 5133; x_wconf 73' lang='grc' dir='ltr'><strong>Ἀρακυνθιὰς</strong></span> <span class='ocrx_word' id='word_1_338' title='bbox 1335 5060 1653 5134; x_wconf 71' lang='grc' dir='ltr'><strong>εὐπατέρεια.</strong></span> 
     </span>
    </p>
   </div>
   <div class='ocr_carea' id='block_1_54' title="bbox 397 5170 1614 5247">
    <p class='ocr_par' dir='ltr' id='par_1_54' title="bbox 397 5170 1614 5247">
     <span class='ocr_line' id='line_1_54' title="bbox 397 5170 1614 5247; baseline -0.005 -18"><span class='ocrx_word' id='word_1_339' title='bbox 397 5174 425 5213; x_wconf 58' lang='grc' dir='ltr'><strong>ἲ*</strong></span> <span class='ocrx_word' id='word_1_340' title='bbox 449 5180 689 5247; x_wconf 62' lang='grc' dir='ltr'><strong>Φαίνςντα</strong></span> <span class='ocrx_word' id='word_1_341' title='bbox 717 5173 923 5247; x_wconf 71' lang='grc' dir='ltr'><strong>Κρόνου,</strong></span> <span class='ocrx_word' id='word_1_342' title='bbox 952 5170 1001 5224; x_wconf 87' lang='lat' dir='ltr'><strong>id</strong></span> <span class='ocrx_word' id='word_1_343' title='bbox 1033 5180 1115 5223; x_wconf 90' lang='lat' dir='ltr'><strong>est</strong></span> <span class='ocrx_word' id='word_1_344' title='bbox 1143 5170 1353 5247; x_wconf 89' lang='lat' dir='ltr'><strong>Saturni</strong></span> <span class='ocrx_word' id='word_1_345' title='bbox 1384 5172 1614 5225; x_wconf 81' lang='lat' dir='ltr'><strong>stellam.</strong></span> 
     </span>
    </p>
   </div>
   <div class='ocr_carea' id='block_1_55' title="bbox 398 5242 1907 5317">
    <p class='ocr_par' dir='ltr' id='par_1_55' title="bbox 398 5242 1907 5317">
     <span class='ocr_line' id='line_1_55' title="bbox 398 5242 1907 5317; baseline -0.001 -20"><span class='ocrx_word' id='word_1_346' title='bbox 398 5258 421 5283; x_wconf 75' lang='grc' dir='ltr'><strong>ε</strong></span> <span class='ocrx_word' id='word_1_347' title='bbox 451 5245 678 5312; x_wconf 80' lang='lat' dir='ltr'><strong>Qu-dam</strong></span> <span class='ocrx_word' id='word_1_348' title='bbox 708 5242 891 5317; x_wconf 50' lang='lat' dir='ltr'><strong>viceras</strong></span> <span class='ocrx_word' id='word_1_349' title='bbox 936 5251 1218 5317; x_wconf 79' lang='lat' dir='ltr'><strong>reponunt,</strong></span> <span class='ocrx_word' id='word_1_350' title='bbox 1267 5244 1485 5317; x_wconf 67' lang='grc' dir='ltr'><strong>μοίραςε</strong></span> <span class='ocrx_word' id='word_1_351' title='bbox 1521 5250 1576 5317; x_wconf 79' lang='lat' dir='ltr'><strong>ut</strong></span> <span class='ocrx_word' id='word_1_352' title='bbox 1605 5242 1907 5317; x_wconf 76' lang='lat' dir='ltr'><strong>apud_Cen-</strong></span> 
     </span>
    </p>
   </div>
   <div class='ocr_carea' id='block_1_56' title="bbox 322 5311 1906 5381">
    <p class='ocr_par' dir='ltr' id='par_1_56' title="bbox 322 5311 1906 5381">
     <span class='ocr_line' id='line_1_56' title="bbox 322 5311 1906 5381; baseline -0.003 -11"><span class='ocrx_word' id='word_1_353' title='bbox 322 5317 560 5371; x_wconf 85' lang='lat' dir='ltr'><strong>sorinum</strong></span> <span class='ocrx_word' id='word_1_354' title='bbox 588 5328 708 5381; x_wconf 90' lang='lat' dir='ltr'><strong>cap.</strong></span> <span class='ocrx_word' id='word_1_355' title='bbox 736 5312 790 5365; x_wconf 90' lang='lat'><strong>8.</strong></span> <span class='ocrx_word' id='word_1_356' title='bbox 824 5313 887 5364; x_wconf 85' lang='lat' dir='ltr'><strong>Et</strong></span> <span class='ocrx_word' id='word_1_357' title='bbox 908 5312 1121 5379; x_wconf 86' lang='lat' dir='ltr'><strong>quidem</strong></span> <span class='ocrx_word' id='word_1_358' title='bbox 1150 5312 1220 5365; x_wconf 91' lang='lat' dir='ltr'><strong>ita</strong></span> <span class='ocrx_word' id='word_1_359' title='bbox 1251 5326 1336 5365; x_wconf 91' lang='lat' dir='ltr'><strong>res</strong></span> <span class='ocrx_word' id='word_1_360' title='bbox 1355 5311 1627 5377; x_wconf 78' lang='lat' dir='ltr'><strong>exigebat,</strong></span> <span class='ocrx_word' id='word_1_361' title='bbox 1652 5323 1703 5364; x_wconf 90' lang='lat' dir='ltr'><strong>et</strong></span> <span class='ocrx_word' id='word_1_362' title='bbox 1722 5312 1906 5367; x_wconf 70' lang='lat' dir='ltr'><strong>Grmca</strong></span> 
     </span>
    </p>
   </div>
   <div class='ocr_carea' id='block_1_57' title="bbox 324 5381 1910 5452">
    <p class='ocr_par' dir='ltr' id='par_1_57' title="bbox 324 5381 1910 5452">
     <span class='ocr_line' id='line_1_57' title="bbox 324 5381 1910 5452; baseline -0.004 -11"><span class='ocrx_word' id='word_1_363' title='bbox 324 5386 712 5452; x_wconf 78' lang='lat' dir='ltr'><strong>diphthongus.</strong></span> <span class='ocrx_word' id='word_1_364' title='bbox 746 5382 849 5437; x_wconf 81' lang='lat' dir='ltr'><strong>Sed</strong></span> <span class='ocrx_word' id='word_1_365' title='bbox 878 5381 945 5436; x_wconf 92' lang='lat' dir='ltr'><strong>de</strong></span> <span class='ocrx_word' id='word_1_366' title='bbox 969 5382 1066 5433; x_wconf 92' lang='lat' dir='ltr'><strong>hoc</strong></span> <span class='ocrx_word' id='word_1_367' title='bbox 1088 5396 1285 5449; x_wconf 83' lang='lat' dir='ltr'><strong>genere</strong></span> <span class='ocrx_word' id='word_1_368' title='bbox 1310 5381 1588 5447; x_wconf 66' lang='lat' dir='ltr'><strong>scriptura:</strong></span> <span class='ocrx_word' id='word_1_369' title='bbox 1611 5397 1767 5447; x_wconf 81' lang='lat' dir='ltr'><strong>supra</strong></span> <span class='ocrx_word' id='word_1_370' title='bbox 1792 5398 1910 5435; x_wconf 88' lang='lat' dir='ltr'><strong>car-</strong></span> 
     </span>
    </p>
   </div>
   <div class='ocr_carea' id='block_1_58' title="bbox 326 5451 1909 5523">
    <p class='ocr_par' dir='ltr' id='par_1_58' title="bbox 326 5451 1909 5523">
     <span class='ocr_line' id='line_1_58' title="bbox 326 5451 1909 5523; baseline -0.004 -13"><span class='ocrx_word' id='word_1_371' title='bbox 326 5459 471 5511; x_wconf 88' lang='lat' dir='ltr'><strong>mine</strong></span> <span class='ocrx_word' id='word_1_372' title='bbox 502 5456 534 5509; x_wconf 87' lang='lat'><strong>9</strong></span> <span class='ocrx_word' id='word_1_373' title='bbox 573 5451 682 5523; x_wconf 86' lang='lat' dir='ltr'><strong>jam</strong></span> <span class='ocrx_word' id='word_1_374' title='bbox 714 5454 916 5506; x_wconf 89' lang='lat' dir='ltr'><strong>dictum</strong></span> <span class='ocrx_word' id='word_1_375' title='bbox 945 5460 1028 5523; x_wconf 89' lang='lat' dir='ltr'><strong>est</strong></span> <span class='ocrx_word' id='word_1_376' title='bbox 1055 5454 1119 5504; x_wconf 91' lang='lat' dir='ltr'><strong>ad</strong></span> <span class='ocrx_word' id='word_1_377' title='bbox 1152 5451 1520 5523; x_wconf 78' lang='lat' dir='ltr'><strong>hecatombion.</strong></span> <span class='ocrx_word' id='word_1_378' title='bbox 1567 5452 1703 5505; x_wconf 87' lang='lat' dir='ltr'><strong>Sunt</strong></span> <span class='ocrx_word' id='word_1_379' title='bbox 1730 5462 1909 5506; x_wconf 90' lang='lat' dir='ltr'><strong>autem</strong></span> 
     </span>
    </p>
   </div>
   <div class='ocr_carea' id='block_1_59' title="bbox 328 5522 1914 5598">
    <p class='ocr_par' dir='ltr' id='par_1_59' title="bbox 328 5522 1914 5598">
     <span class='ocr_line' id='line_1_59' title="bbox 328 5522 1914 5598; baseline -0.004 -16"><span class='ocrx_word' id='word_1_380' title='bbox 328 5536 503 5598; x_wconf 77' lang='grc' dir='ltr'><strong>μοῖραι</strong></span> <span class='ocrx_word' id='word_1_381' title='bbox 526 5536 582 5578; x_wconf 90' lang='lat' dir='ltr'><strong>et</strong></span> <span class='ocrx_word' id='word_1_382' title='bbox 604 5528 760 5598; x_wconf 71' lang='grc' dir='ltr'>μυρίᾳ</span> <span class='ocrx_word' id='word_1_383' title='bbox 787 5522 989 5598; x_wconf 73' lang='lat' dir='ltr'><strong>Graecis</strong></span> <span class='ocrx_word' id='word_1_384' title='bbox 1004 5522 1365 5598; x_wconf 74' lang='lat' dir='ltr'><strong>astronomis,</strong></span> <span class='ocrx_word' id='word_1_385' title='bbox 1387 5537 1503 5598; x_wconf 58' lang='lat' dir='ltr'><strong>qum</strong></span> <span class='ocrx_word' id='word_1_386' title='bbox 1528 5531 1704 5598; x_wconf 81' lang='lat' dir='ltr'><strong>partes</strong></span> <span class='ocrx_word' id='word_1_387' title='bbox 1735 5524 1914 5589; x_wconf 80' lang='lat' dir='ltr'><strong>signo-</strong></span> 
     </span>
    </p>
   </div>
   <div class='ocr_carea' id='block_1_60' title="bbox 331 5584 1909 5662">
    <p class='ocr_par' dir='ltr' id='par_1_60' title="bbox 331 5584 1909 5662">
     <span class='ocr_line' id='line_1_60' title="bbox 331 5584 1909 5662; baseline -0.003 -12"><span class='ocrx_word' id='word_1_388' title='bbox 331 5584 470 5659; x_wconf 72' lang='lat' dir='ltr'><strong>rum,</strong></span> <span class='ocrx_word' id='word_1_389' title='bbox 520 5605 575 5649; x_wconf 90' lang='lat' dir='ltr'><strong>et</strong></span> <span class='ocrx_word' id='word_1_390' title='bbox 604 5584 819 5662; x_wconf 62' lang='lat' dir='ltr'><strong>&#39;gr&#39;adus</strong></span> <span class='ocrx_word' id='word_1_391' title='bbox 844 5593 1068 5646; x_wconf 82' lang='lat' dir='ltr'><strong>Latinis.</strong></span> <span class='ocrx_word' id='word_1_392' title='bbox 1120 5584 1434 5662; x_wconf 80' lang='lat' dir='ltr'><strong>Ambrosius</strong></span> <span class='ocrx_word' id='word_1_393' title='bbox 1472 5584 1909 5646; x_wconf 40' lang='lat' dir='ltr'><strong>in—hexaemeron</strong></span> 
     </span>
    </p>
   </div>
   <div class='ocr_carea' id='block_1_61' title="bbox 329 5661 1917 5737">
    <p class='ocr_par' dir='ltr' id='par_1_61' title="bbox 329 5661 1917 5737">
     <span class='ocr_line' id='line_1_61' title="bbox 329 5661 1917 5737; baseline -0.002 -18"><span class='ocrx_word' id='word_1_394' title='bbox 329 5668 365 5719; x_wconf 71' lang='grc'><strong>4</strong></span> <span class='ocrx_word' id='word_1_395' title='bbox 392 5684 406 5722; x_wconf 87' lang='grc'>;</span> <span class='ocrx_word' id='word_1_396' title='bbox 432 5665 499 5718; x_wconf 88' lang='grc' dir='ltr'><strong>1η</strong></span> <span class='ocrx_word' id='word_1_397' title='bbox 522 5661 729 5737; x_wconf 67' lang='lat' dir='ltr'><strong>triginta</strong></span> <span class='ocrx_word' id='word_1_398' title='bbox 744 5662 1119 5737; x_wconf 25' lang='lat' dir='ltr'><strong>partiti-neutris,</strong></span> <span class='ocrx_word' id='word_1_399' title='bbox 1142 5679 1267 5737; x_wconf 68' lang='lat' dir='ltr'><strong>quas</strong></span> <span class='ocrx_word' id='word_1_400' title='bbox 1288 5661 1500 5737; x_wconf 77' lang='grc' dir='ltr'><strong>μερίδας</strong></span> <span class='ocrx_word' id='word_1_401' title='bbox 1518 5671 1714 5737; x_wconf 79' lang='lat' dir='ltr'><strong>vocant,</strong></span> <span class='ocrx_word' id='word_1_402' title='bbox 1735 5678 1917 5716; x_wconf 85' lang='lat' dir='ltr'><strong>unam-</strong></span> 
     </span>
    </p>
   </div>
   <div class='ocr_carea' id='block_1_62' title="bbox 333 5733 1787 5806">
    <p class='ocr_par' dir='ltr' id='par_1_62' title="bbox 333 5733 1787 5806">
     <span class='ocr_line' id='line_1_62' title="bbox 333 5733 1787 5806; baseline -0.002 -18"><span class='ocrx_word' id='word_1_403' title='bbox 333 5733 884 5806; x_wconf 42' lang='lat' dir='ltr'><strong>quamque—duodecim</strong></span> <span class='ocrx_word' id='word_1_404' title='bbox 911 5734 1115 5785; x_wconf 80' lang='lat' dir='ltr'><strong>illorum</strong></span> <span class='ocrx_word' id='word_1_405' title='bbox 1143 5733 1453 5787; x_wconf 71' lang='lat' dir='ltr'><strong>distribuunt</strong></span> <span class='ocrx_word' id='word_1_406' title='bbox 1486 5733 1787 5800; x_wconf 81' lang='lat' dir='ltr'><strong>portionem.</strong></span> 
     </span>
    </p>
   </div>
   <div class='ocr_carea' id='block_1_63' title="bbox 576 5824 1115 5895">
    <p class='ocr_par' dir='ltr' id='par_1_63' title="bbox 576 5824 1115 5895">
     <span class='ocr_line' id='line_1_63' title="bbox 576 5824 1115 5895; baseline -0.004 -8"><span class='ocrx_word' id='word_1_407' title='bbox 576 5827 851 5895; x_wconf 68' lang='lat' dir='ltr'><strong>PATBOL.</strong></span> <span class='ocrx_word' id='word_1_408' title='bbox 899 5824 1115 5885; x_wconf 77' lang='lat' dir='ltr'><strong>LVIII.</strong></span> 
     </span>
    </p>
   </div>
   <div class='ocr_carea' id='block_1_64' title="bbox 1913 3133 1959 3195">
    <p class='ocr_par' dir='ltr' id='par_1_64' title="bbox 1913 3133 1959 3195">
     <span class='ocr_line' id='line_1_64' title="bbox 1913 3133 1959 3195; baseline 0 0"><span class='ocrx_word' id='word_1_409' title='bbox 1913 3133 1959 3195; x_wconf 90' lang='lat' dir='ltr'><strong>C</strong></span> 
     </span>
    </p>
   </div>
   <div class='ocr_carea' id='block_1_65' title="bbox 1972 504 3375 582">
    <p class='ocr_par' dir='ltr' id='par_1_65' title="bbox 1972 504 3375 582">
     <span class='ocr_line' id='line_1_65' title="bbox 1972 504 3375 582; baseline 0.007 -25"><span class='ocrx_word' id='word_1_410' title='bbox 1972 504 2246 559; x_wconf 74' lang='lat' dir='ltr'><strong>Ediderin!</strong></span> <span class='ocrx_word' id='word_1_411' title='bbox 2280 521 2400 560; x_wconf 90' lang='lat' dir='ltr'><strong>cum</strong></span> <span class='ocrx_word' id='word_1_412' title='bbox 2432 522 2563 563; x_wconf 90' lang='lat' dir='ltr'><strong>voce</strong></span> <span class='ocrx_word' id='word_1_413' title='bbox 2589 509 2798 575; x_wconf 89' lang='lat' dir='ltr'><strong>modos,</strong></span> <span class='ocrx_word' id='word_1_414' title='bbox 2834 513 3198 582; x_wconf 7' lang='lat' dir='ltr'><strong>exemplaryad</strong></span> <span class='ocrx_word' id='word_1_415' title='bbox 3233 516 3375 569; x_wconf 85' lang='lat' dir='ltr'><strong>istud</strong></span> 
     </span>
    </p>
   </div>
   <div class='ocr_carea' id='block_1_66' title="bbox 1970 595 3381 671">
    <p class='ocr_par' dir='ltr' id='par_1_66' title="bbox 1970 595 3381 671">
     <span class='ocr_line' id='line_1_66' title="bbox 1970 595 3381 671; baseline 0.006 -22"><span class='ocrx_word' id='word_1_416' title='bbox 1970 595 2308 652; x_wconf 64' lang='lat' dir='ltr'><strong>Ponderibus</strong></span> <span class='ocrx_word' id='word_1_417' title='bbox 2340 598 2548 666; x_wconf 90' lang='lat' dir='ltr'><strong>positis,</strong></span> <span class='ocrx_word' id='word_1_418' title='bbox 2578 611 2835 668; x_wconf 89' lang='lat' dir='ltr'><strong>quantum</strong></span> <span class='ocrx_word' id='word_1_419' title='bbox 2872 618 3067 671; x_wconf 84' lang='lat' dir='ltr'><strong>propor</strong></span> <span class='ocrx_word' id='word_1_420' title='bbox 3095 606 3144 660; x_wconf 93' lang='lat' dir='ltr'><strong>io</strong></span> <span class='ocrx_word' id='word_1_421' title='bbox 3171 607 3381 671; x_wconf 87' lang='lat' dir='ltr'><strong>suadet,</strong></span> 
     </span>
    </p>
   </div>
   <div class='ocr_carea' id='block_1_67' title="bbox 1969 687 3053 759">
    <p class='ocr_par' dir='ltr' id='par_1_67' title="bbox 1969 687 3053 759">
     <span class='ocr_line' id='line_1_67' title="bbox 1969 687 3053 759; baseline 0.006 -18"><span class='ocrx_word' id='word_1_422' title='bbox 1969 687 2257 741; x_wconf 80' lang='lat' dir='ltr'><strong>intervalla</strong></span> <span class='ocrx_word' id='word_1_423' title='bbox 2288 690 2437 759; x_wconf 89' lang='lat' dir='ltr'><strong>sequi</strong></span> <span class='ocrx_word' id='word_1_424' title='bbox 2465 692 2673 758; x_wconf 81' lang='lat' dir='ltr'><strong>septeni</strong></span> <span class='ocrx_word' id='word_1_425' title='bbox 2706 691 2903 747; x_wconf 87' lang='lat' dir='ltr'><strong>sideris</strong></span> <span class='ocrx_word' id='word_1_426' title='bbox 2924 695 3053 748; x_wconf 91' lang='lat' dir='ltr'><strong>edit.</strong></span> 
     </span>
    </p>
   </div>
   <div class='ocr_carea' id='block_1_68' title="bbox 1973 776 3314 853">
    <p class='ocr_par' dir='ltr' id='par_1_68' title="bbox 1973 776 3314 853">
     <span class='ocr_line' id='line_1_68' title="bbox 1973 776 3314 853; baseline 0.008 -23"><span class='ocrx_word' id='word_1_427' title='bbox 1973 776 2313 832; x_wconf 75' lang='lat' dir='ltr'><strong>Harmoniam</strong></span> <span class='ocrx_word' id='word_1_428' title='bbox 2341 778 2526 835; x_wconf 86' lang='lat' dir='ltr'><strong>dicens</strong></span> <span class='ocrx_word' id='word_1_429' title='bbox 2557 781 2740 845; x_wconf 83' lang='lat' dir='ltr'><strong>etiam,</strong></span> <span class='ocrx_word' id='word_1_430' title='bbox 2773 784 2913 851; x_wconf 90' lang='lat' dir='ltr'><strong>quod</strong></span> <span class='ocrx_word' id='word_1_431' title='bbox 2945 794 3171 853; x_wconf 86' lang='lat' dir='ltr'><strong>quatuor</strong></span> <span class='ocrx_word' id='word_1_432' title='bbox 3201 787 3314 841; x_wconf 82' lang='lat' dir='ltr'><strong>istis</strong></span> 
     </span>
    </p>
   </div>
   <div class='ocr_carea' id='block_1_69' title="bbox 1970 871 3418 948">
    <p class='ocr_par' dir='ltr' id='par_1_69' title="bbox 1970 871 3418 948">
     <span class='ocr_line' id='line_1_69' title="bbox 1970 871 3418 948; baseline 0.004 -21"><span class='ocrx_word' id='word_1_433' title='bbox 1970 871 2061 927; x_wconf 92' lang='lat' dir='ltr'><strong>Sic</strong></span> <span class='ocrx_word' id='word_1_434' title='bbox 2088 874 2312 927; x_wconf 58' lang='lat' dir='ltr'><strong>sezleant</strong></span> <span class='ocrx_word' id='word_1_435' title='bbox 2341 873 2607 928; x_wconf 83' lang='lat' dir='ltr'><strong>elementa</strong></span> <span class='ocrx_word' id='word_1_436' title='bbox 2639 877 2835 940; x_wconf 90' lang='lat' dir='ltr'><strong>modis,</strong></span> <span class='ocrx_word' id='word_1_437' title='bbox 2861 886 2917 931; x_wconf 90' lang='lat' dir='ltr'><strong>ut</strong></span> <span class='ocrx_word' id='word_1_438' title='bbox 2948 878 3185 946; x_wconf 89' lang='lat' dir='ltr'><strong>pondere</strong></span> <span class='ocrx_word' id='word_1_439' title='bbox 3212 879 3418 948; x_wconf 82' lang='lat' dir='ltr'><strong>magnis</strong></span> 
     </span>
    </p>
   </div>
   <div class='ocr_carea' id='block_1_70' title="bbox 1973 967 3323 1038">
    <p class='ocr_par' dir='ltr' id='par_1_70' title="bbox 1973 967 3323 1038">
     <span class='ocr_line' id='line_1_70' title="bbox 1973 967 3323 1038; baseline 0.002 -17"><span class='ocrx_word' id='word_1_440' title='bbox 1973 967 2056 1021; x_wconf 76' lang='lat' dir='ltr'><strong>Sit</strong></span> <span class='ocrx_word' id='word_1_441' title='bbox 2086 969 2237 1022; x_wconf 89' lang='lat' dir='ltr'><strong>locus</strong></span> <span class='ocrx_word' id='word_1_442' title='bbox 2269 968 2491 1023; x_wconf 90' lang='lat' dir='ltr'><strong>inferior</strong></span> <span class='ocrx_word' id='word_1_443' title='bbox 2518 985 2533 1023; x_wconf 79' lang='lat' dir='ltr'>z</span> <span class='ocrx_word' id='word_1_444' title='bbox 2560 968 2735 1023; x_wconf 91' lang='lat' dir='ltr'><strong>media</strong></span> <span class='ocrx_word' id='word_1_445' title='bbox 2764 968 2952 1024; x_wconf 90' lang='lat' dir='ltr'><strong>tellure</strong></span> <span class='ocrx_word' id='word_1_446' title='bbox 2976 970 3117 1038; x_wconf 88' lang='lat' dir='ltr'><strong>quod</strong></span> <span class='ocrx_word' id='word_1_447' title='bbox 3146 980 3323 1024; x_wconf 85' lang='lat' dir='ltr'><strong>autem</strong></span> 
     </span>
    </p>
   </div>
   <div class='ocr_carea' id='block_1_71' title="bbox 1972 1057 3414 1129">
    <p class='ocr_par' dir='ltr' id='par_1_71' title="bbox 1972 1057 3414 1129">
     <span class='ocr_line' id='line_1_71' title="bbox 1972 1057 3414 1129; baseline 0.005 -19"><span class='ocrx_word' id='word_1_448' title='bbox 1972 1057 2215 1112; x_wconf 80' lang='lat' dir='ltr'><strong>Perfecte</strong></span> <span class='ocrx_word' id='word_1_449' title='bbox 2248 1057 2481 1112; x_wconf 73' lang='lat' dir='ltr'><strong>mtdium</strong></span> <span class='ocrx_word' id='word_1_450' title='bbox 2514 1067 2616 1125; x_wconf 88' lang='lat' dir='ltr'><strong>est,</strong></span> <span class='ocrx_word' id='word_1_451' title='bbox 2649 1059 2815 1113; x_wconf 92' lang='lat' dir='ltr'><strong>imum</strong></span> <span class='ocrx_word' id='word_1_452' title='bbox 2849 1069 2995 1129; x_wconf 90' lang='lat' dir='ltr'><strong>patet</strong></span> <span class='ocrx_word' id='word_1_453' title='bbox 3022 1076 3143 1117; x_wconf 82' lang='lat' dir='ltr'><strong>esse</strong></span> <span class='ocrx_word' id='word_1_454' title='bbox 3176 1064 3414 1127; x_wconf 89' lang='lat' dir='ltr'><strong>rotundi,</strong></span> 
     </span>
    </p>
   </div>
   <div class='ocr_carea' id='block_1_72' title="bbox 1979 1148 3422 1223">
    <p class='ocr_par' dir='ltr' id='par_1_72' title="bbox 1979 1148 3422 1223">
     <span class='ocr_line' id='line_1_72' title="bbox 1979 1148 3422 1223; baseline 0.006 -21"><span class='ocrx_word' id='word_1_455' title='bbox 1979 1150 2114 1204; x_wconf 90' lang='lat' dir='ltr'><strong>Hine</strong></span> <span class='ocrx_word' id='word_1_456' title='bbox 2144 1148 2283 1216; x_wconf 85' lang='lat' dir='ltr'><strong>fieri,</strong></span> <span class='ocrx_word' id='word_1_457' title='bbox 2310 1162 2366 1204; x_wconf 93' lang='lat' dir='ltr'><strong>ut</strong></span> <span class='ocrx_word' id='word_1_458' title='bbox 2400 1160 2593 1205; x_wconf 88' lang='lat' dir='ltr'><strong>terram</strong></span> <span class='ocrx_word' id='word_1_459' title='bbox 2628 1152 2800 1207; x_wconf 90' lang='lat' dir='ltr'><strong>levior</strong></span> <span class='ocrx_word' id='word_1_460' title='bbox 2829 1156 3191 1223; x_wconf 89' lang='lat' dir='ltr'><strong>superemicet</strong></span> <span class='ocrx_word' id='word_1_461' title='bbox 3219 1155 3422 1222; x_wconf 87' lang='lat' dir='ltr'><strong>undas;</strong></span> 
     </span>
    </p>
   </div>
   <div class='ocr_carea' id='block_1_73' title="bbox 1974 1243 3325 1314">
    <p class='ocr_par' dir='ltr' id='par_1_73' title="bbox 1974 1243 3325 1314">
     <span class='ocr_line' id='line_1_73' title="bbox 1974 1243 3325 1314; baseline 0.004 -17"><span class='ocrx_word' id='word_1_462' title='bbox 1974 1244 2149 1298; x_wconf 83' lang='lat' dir='ltr'><strong>Altior</strong></span> <span class='ocrx_word' id='word_1_463' title='bbox 2180 1243 2261 1299; x_wconf 87' lang='lat' dir='ltr'><strong>his</strong></span> <span class='ocrx_word' id='word_1_464' title='bbox 2288 1259 2500 1314; x_wconf 76' lang='lat' dir='ltr'><strong>quoque</strong></span> <span class='ocrx_word' id='word_1_465' title='bbox 2526 1245 2616 1309; x_wconf 90' lang='lat' dir='ltr'><strong>sit,</strong></span> <span class='ocrx_word' id='word_1_466' title='bbox 2648 1246 2736 1312; x_wconf 91' lang='lat' dir='ltr'><strong>qui</strong></span> <span class='ocrx_word' id='word_1_467' title='bbox 2770 1246 2955 1314; x_wconf 91' lang='lat' dir='ltr'><strong>purior</strong></span> <span class='ocrx_word' id='word_1_468' title='bbox 2980 1249 3178 1303; x_wconf 88' lang='lat' dir='ltr'><strong>eminet</strong></span> <span class='ocrx_word' id='word_1_469' title='bbox 3201 1264 3325 1313; x_wconf 88' lang='lat' dir='ltr'><strong>aer;</strong></span> 
     </span>
    </p>
   </div>
   <div class='ocr_carea' id='block_1_74' title="bbox 1975 1336 3257 1408">
    <p class='ocr_par' dir='ltr' id='par_1_74' title="bbox 1975 1336 3257 1408">
     <span class='ocr_line' id='line_1_74' title="bbox 1975 1336 3257 1408; baseline 0.004 -19"><span class='ocrx_word' id='word_1_470' title='bbox 1975 1336 2162 1391; x_wconf 91' lang='lat' dir='ltr'><strong>Omnia</strong></span> <span class='ocrx_word' id='word_1_471' title='bbox 2187 1337 2470 1391; x_wconf 85' lang='lat' dir='ltr'><strong>concludat</strong></span> <span class='ocrx_word' id='word_1_472' title='bbox 2494 1339 2691 1393; x_wconf 66' lang='lat' dir='ltr'><strong>caelum</strong></span> <span class='ocrx_word' id='word_1_473' title='bbox 2722 1339 2941 1393; x_wconf 82' lang='lat' dir='ltr'><strong>levitate</strong></span> <span class='ocrx_word' id='word_1_474' title='bbox 2969 1354 3257 1408; x_wconf 61' lang='lat' dir='ltr'><strong>supremae,</strong></span> 
     </span>
    </p>
   </div>
   <div class='ocr_carea' id='block_1_75' title="bbox 1978 1427 3349 1498">
    <p class='ocr_par' dir='ltr' id='par_1_75' title="bbox 1978 1427 3349 1498">
     <span class='ocr_line' id='line_1_75' title="bbox 1978 1427 3349 1498; baseline 0.002 -17"><span class='ocrx_word' id='word_1_475' title='bbox 1978 1427 2212 1483; x_wconf 84' lang='lat' dir='ltr'><strong>Pendeat</strong></span> <span class='ocrx_word' id='word_1_476' title='bbox 2240 1436 2295 1483; x_wconf 93' lang='lat' dir='ltr'><strong>et</strong></span> <span class='ocrx_word' id='word_1_477' title='bbox 2322 1438 2488 1483; x_wconf 90' lang='lat' dir='ltr'><strong>totum</strong></span> <span class='ocrx_word' id='word_1_478' title='bbox 2522 1429 2680 1483; x_wconf 90' lang='lat' dir='ltr'><strong>simul</strong></span> <span class='ocrx_word' id='word_1_479' title='bbox 2711 1428 2813 1484; x_wconf 91' lang='lat' dir='ltr'><strong>hoc</strong></span> <span class='ocrx_word' id='word_1_480' title='bbox 2837 1429 2904 1483; x_wconf 86' lang='lat' dir='ltr'><strong>ab</strong></span> <span class='ocrx_word' id='word_1_481' title='bbox 2924 1431 3129 1498; x_wconf 80' lang='lat' dir='ltr'><strong>origine</strong></span> <span class='ocrx_word' id='word_1_482' title='bbox 3156 1431 3349 1486; x_wconf 89' lang='lat' dir='ltr'><strong>centri.</strong></span> 
     </span>
    </p>
   </div>
   <div class='ocr_carea' id='block_1_76' title="bbox 2048 1519 3394 1589">
    <p class='ocr_par' dir='ltr' id='par_1_76' title="bbox 2048 1519 3394 1589">
     <span class='ocr_line' id='line_1_76' title="bbox 2048 1519 3394 1589; baseline 0.002 -16"><span class='ocrx_word' id='word_1_483' title='bbox 2048 1519 2242 1574; x_wconf 81' lang='lat' dir='ltr'><strong>Thales</strong></span> <span class='ocrx_word' id='word_1_484' title='bbox 2273 1520 2355 1573; x_wconf 90' lang='lat' dir='ltr'><strong>hic</strong></span> <span class='ocrx_word' id='word_1_485' title='bbox 2385 1520 2544 1574; x_wconf 83' lang='lat' dir='ltr'><strong>etiam</strong></span> <span class='ocrx_word' id='word_1_486' title='bbox 2575 1521 2814 1574; x_wconf 90' lang='lat' dir='ltr'><strong>numeris</strong></span> <span class='ocrx_word' id='word_1_487' title='bbox 2844 1519 3105 1589; x_wconf 86' lang='lat' dir='ltr'><strong>perquirit</strong></span> <span class='ocrx_word' id='word_1_488' title='bbox 3131 1530 3182 1574; x_wconf 87' lang='lat' dir='ltr'><strong>et</strong></span> <span class='ocrx_word' id='word_1_489' title='bbox 3211 1523 3394 1586; x_wconf 88' lang='lat' dir='ltr'><strong>astris,</strong></span> 
     </span>
    </p>
   </div>
   <div class='ocr_carea' id='block_1_77' title="bbox 1984 1609 3383 1678">
    <p class='ocr_par' dir='ltr' id='par_1_77' title="bbox 1984 1609 3383 1678">
     <span class='ocr_line' id='line_1_77' title="bbox 1984 1609 3383 1678; baseline 0.002 -17"><span class='ocrx_word' id='word_1_490' title='bbox 1984 1609 2255 1663; x_wconf 62' lang='lat' dir='ltr'><strong>llefectnm</strong></span> <span class='ocrx_word' id='word_1_491' title='bbox 2290 1618 2344 1663; x_wconf 90' lang='lat' dir='ltr'><strong>ut</strong></span> <span class='ocrx_word' id='word_1_492' title='bbox 2370 1610 2587 1676; x_wconf 69' lang='lat' dir='ltr'><strong>Phoebi,</strong></span> <span class='ocrx_word' id='word_1_493' title='bbox 2610 1625 2707 1664; x_wconf 91' lang='lat' dir='ltr'><strong>nec</strong></span> <span class='ocrx_word' id='word_1_494' title='bbox 2740 1624 2841 1663; x_wconf 93' lang='lat' dir='ltr'><strong>non</strong></span> <span class='ocrx_word' id='word_1_495' title='bbox 2868 1609 3113 1678; x_wconf 69' lang='lat' dir='ltr'><strong>lutumque</strong></span> <span class='ocrx_word' id='word_1_496' title='bbox 3144 1611 3383 1666; x_wconf 87' lang='lat' dir='ltr'><strong>laborem</strong></span> 
     </span>
    </p>
   </div>
   <div class='ocr_carea' id='block_1_78' title="bbox 1977 1699 3217 1770">
    <p class='ocr_par' dir='ltr' id='par_1_78' title="bbox 1977 1699 3217 1770">
     <span class='ocr_line' id='line_1_78' title="bbox 1977 1699 3217 1770; baseline 0.002 -17"><span class='ocrx_word' id='word_1_497' title='bbox 1977 1699 2195 1755; x_wconf 84' lang='lat' dir='ltr'><strong>Nuntiet</strong></span> <span class='ocrx_word' id='word_1_498' title='bbox 2224 1702 2498 1764; x_wconf 89' lang='lat' dir='ltr'><strong>anterius;</strong></span> <span class='ocrx_word' id='word_1_499' title='bbox 2532 1700 2624 1755; x_wconf 83' lang='lat' dir='ltr'><strong>sed</strong></span> <span class='ocrx_word' id='word_1_500' title='bbox 2661 1701 2823 1755; x_wconf 88' lang='lat' dir='ltr'><strong>rebus</strong></span> <span class='ocrx_word' id='word_1_501' title='bbox 2852 1701 3041 1756; x_wconf 89' lang='lat' dir='ltr'><strong>inutile</strong></span> <span class='ocrx_word' id='word_1_502' title='bbox 3072 1702 3217 1770; x_wconf 91' lang='lat' dir='ltr'><strong>ponit</strong></span> 
     </span>
    </p>
   </div>
   <div class='ocr_carea' id='block_1_79' title="bbox 1913 1778 3502 1860">
    <p class='ocr_par' dir='ltr' id='par_1_79' title="bbox 1913 1778 3502 1860">
     <span class='ocr_line' id='line_1_79' title="bbox 1913 1778 3502 1860; baseline 0.004 -17"><span class='ocrx_word' id='word_1_503' title='bbox 1913 1778 1954 1836; x_wconf 83' lang='grc' dir='ltr'>Β</span> <span class='ocrx_word' id='word_1_504' title='bbox 1986 1790 2331 1859; x_wconf 88' lang='lat' dir='ltr'><strong>Principium,</strong></span> <span class='ocrx_word' id='word_1_505' title='bbox 2363 1791 2487 1844; x_wconf 88' lang='lat' dir='ltr'><strong>dum</strong></span> <span class='ocrx_word' id='word_1_506' title='bbox 2515 1791 2688 1845; x_wconf 86' lang='lat' dir='ltr'><strong>credit</strong></span> <span class='ocrx_word' id='word_1_507' title='bbox 2718 1792 2870 1860; x_wconf 83' lang='lat' dir='ltr'><strong>aquis</strong></span> <span class='ocrx_word' id='word_1_508' title='bbox 2898 1792 3193 1847; x_wconf 82' lang='lat' dir='ltr'><strong>subsistere</strong></span> <span class='ocrx_word' id='word_1_509' title='bbox 3226 1793 3502 1849; x_wconf 89' lang='lat' dir='ltr'><strong>mundum.</strong></span> 
     </span>
    </p>
   </div>
   <div class='ocr_carea' id='block_1_80' title="bbox 1978 1879 3234 1948">
    <p class='ocr_par' dir='ltr' id='par_1_80' title="bbox 1978 1879 3234 1948">
     <span class='ocr_line' id='line_1_80' title="bbox 1978 1879 3234 1948; baseline 0.005 -16"><span class='ocrx_word' id='word_1_510' title='bbox 1978 1879 2144 1948; x_wconf 84' lang='lat' dir='ltr'><strong>llujus</strong></span> <span class='ocrx_word' id='word_1_511' title='bbox 2170 1880 2413 1948; x_wconf 72' lang='lat' dir='ltr'><strong>discipuli</strong></span> <span class='ocrx_word' id='word_1_512' title='bbox 2440 1895 2593 1935; x_wconf 89' lang='lat' dir='ltr'><strong>versa</strong></span> <span class='ocrx_word' id='word_1_513' title='bbox 2617 1888 2700 1935; x_wconf 91' lang='lat' dir='ltr'><strong>est</strong></span> <span class='ocrx_word' id='word_1_514' title='bbox 2736 1882 3019 1947; x_wconf 88' lang='lat' dir='ltr'><strong>sententia,</strong></span> <span class='ocrx_word' id='word_1_515' title='bbox 3050 1882 3234 1938; x_wconf 84' lang='lat' dir='ltr'><strong>d&#39;cens</strong></span> 
     </span>
    </p>
   </div>
   <div class='ocr_carea' id='block_1_81' title="bbox 1979 1971 3369 2044">
    <p class='ocr_par' dir='ltr' id='par_1_81' title="bbox 1979 1971 3369 2044">
     <span class='ocr_line' id='line_1_81' title="bbox 1979 1971 3369 2044; baseline 0.005 -20"><span class='ocrx_word' id='word_1_516' title='bbox 1979 1971 2259 2040; x_wconf 86' lang='lat' dir='ltr'><strong>Principiis</strong></span> <span class='ocrx_word' id='word_1_517' title='bbox 2283 1973 2509 2041; x_wconf 84' lang='lat' dir='ltr'><strong>propriis</strong></span> <span class='ocrx_word' id='word_1_518' title='bbox 2541 1986 2754 2041; x_wconf 82' lang='lat' dir='ltr'><strong>semper</strong></span> <span class='ocrx_word' id='word_1_519' title='bbox 2785 1988 2873 2028; x_wconf 91' lang='lat' dir='ltr'><strong>res</strong></span> <span class='ocrx_word' id='word_1_520' title='bbox 2912 1989 3150 2044; x_wconf 81' lang='lat' dir='ltr'><strong>quasque</strong></span> <span class='ocrx_word' id='word_1_521' title='bbox 3180 1978 3369 2031; x_wconf 91' lang='lat' dir='ltr'><strong>creari.</strong></span> 
     </span>
    </p>
   </div>
   <div class='ocr_carea' id='block_1_82' title="bbox 1977 2062 3480 2132">
    <p class='ocr_par' dir='ltr' id='par_1_82' title="bbox 1977 2062 3480 2132">
     <span class='ocr_line' id='line_1_82' title="bbox 1977 2062 3480 2132; baseline 0.005 -16"><span class='ocrx_word' id='word_1_522' title='bbox 1977 2062 2135 2131; x_wconf 85' lang='lat'><strong><em>377</em></strong></span> <span class='ocrx_word' id='word_1_523' title='bbox 2163 2062 2377 2131; x_wconf 77' lang='lat' dir='ltr'><strong>Singula</strong></span> <span class='ocrx_word' id='word_1_524' title='bbox 2408 2063 2495 2132; x_wconf 88' lang='lat' dir='ltr'><strong>qui</strong></span> <span class='ocrx_word' id='word_1_525' title='bbox 2523 2063 2783 2132; x_wconf 90' lang='lat' dir='ltr'><strong>quosdam</strong></span> <span class='ocrx_word' id='word_1_526' title='bbox 2816 2063 2989 2118; x_wconf 86' lang='lat' dir='ltr'><strong>fontes</strong></span> <span class='ocrx_word' id='word_1_527' title='bbox 3018 2065 3256 2122; x_wconf 78' lang='lat' dir='ltr'><strong>deCernit</strong></span> <span class='ocrx_word' id='word_1_528' title='bbox 3281 2066 3480 2124; x_wconf 88' lang='lat' dir='ltr'><strong>habere</strong></span> 
     </span>
    </p>
   </div>
   <div class='ocr_carea' id='block_1_83' title="bbox 1980 2153 3311 2224">
    <p class='ocr_par' dir='ltr' id='par_1_83' title="bbox 1980 2153 3311 2224">
     <span class='ocr_line' id='line_1_83' title="bbox 1980 2153 3311 2224; baseline 0.003 -17"><span class='ocrx_word' id='word_1_529' title='bbox 1980 2153 2261 2208; x_wconf 67' lang='lat' dir='ltr'><strong>Aiternum</strong></span> <span class='ocrx_word' id='word_1_530' title='bbox 2294 2154 2543 2224; x_wconf 85' lang='lat' dir='ltr'><strong>irriguos,</strong></span> <span class='ocrx_word' id='word_1_531' title='bbox 2571 2169 2633 2208; x_wconf 91' lang='lat' dir='ltr'><strong>ac</strong></span> <span class='ocrx_word' id='word_1_532' title='bbox 2663 2169 2840 2209; x_wconf 89' lang='lat' dir='ltr'><strong>rerum</strong></span> <span class='ocrx_word' id='word_1_533' title='bbox 2869 2158 3073 2210; x_wconf 89' lang='lat' dir='ltr'><strong>semine</strong></span> <span class='ocrx_word' id='word_1_534' title='bbox 3105 2156 3311 2224; x_wconf 88' lang='lat' dir='ltr'><strong>plenos,</strong></span> 
     </span>
    </p>
   </div>
   <div class='ocr_carea' id='block_1_84' title="bbox 1984 2243 3422 2316">
    <p class='ocr_par' dir='ltr' id='par_1_84' title="bbox 1984 2243 3422 2316">
     <span class='ocr_line' id='line_1_84' title="bbox 1984 2243 3422 2316; baseline 0.003 -19"><span class='ocrx_word' id='word_1_535' title='bbox 1984 2243 2139 2298; x_wconf 90' lang='lat' dir='ltr'><strong>llunc</strong></span> <span class='ocrx_word' id='word_1_536' title='bbox 2170 2245 2331 2298; x_wconf 90' lang='lat' dir='ltr'><strong>etiam</strong></span> <span class='ocrx_word' id='word_1_537' title='bbox 2360 2245 2600 2315; x_wconf 88' lang='lat' dir='ltr'><strong>sequitur</strong></span> <span class='ocrx_word' id='word_1_538' title='bbox 2627 2245 2716 2313; x_wconf 86' lang='lat' dir='ltr'><strong>qui</strong></span> <span class='ocrx_word' id='word_1_539' title='bbox 2743 2246 2960 2315; x_wconf 87' lang='lat' dir='ltr'><strong>gignere</strong></span> <span class='ocrx_word' id='word_1_540' title='bbox 2982 2257 3173 2301; x_wconf 90' lang='lat' dir='ltr'><strong>cuncta</strong></span> <span class='ocrx_word' id='word_1_541' title='bbox 3202 2247 3422 2316; x_wconf 72' lang='lat' dir='ltr'><strong>putabat</strong></span> 
     </span>
    </p>
   </div>
   <div class='ocr_carea' id='block_1_85' title="bbox 1987 2328 3430 2406">
    <p class='ocr_par' dir='ltr' id='par_1_85' title="bbox 1987 2328 3430 2406">
     <span class='ocr_line' id='line_1_85' title="bbox 1987 2328 3430 2406; baseline 0.003 -16"><span class='ocrx_word' id='word_1_542' title='bbox 1987 2337 2137 2391; x_wconf 88' lang='lat' dir='ltr'><strong>llunc</strong></span> <span class='ocrx_word' id='word_1_543' title='bbox 2160 2352 2361 2401; x_wconf 89' lang='lat' dir='ltr'><strong>aerem,</strong></span> <span class='ocrx_word' id='word_1_544' title='bbox 2396 2338 2700 2406; x_wconf 80' lang='lat' dir='ltr'><strong>pariterque</strong></span> <span class='ocrx_word' id='word_1_545' title='bbox 2722 2338 2853 2393; x_wconf 82' lang='lat' dir='ltr'><strong>deos</strong></span> <span class='ocrx_word' id='word_1_546' title='bbox 2889 2339 2967 2393; x_wconf 92' lang='lat' dir='ltr'><strong>sic</strong></span> <span class='ocrx_word' id='word_1_547' title='bbox 2992 2328 3233 2392; x_wconf 82' lang='lat' dir='ltr'><strong>autumat</strong></span> <span class='ocrx_word' id='word_1_548' title='bbox 3263 2348 3430 2395; x_wconf 84' lang='lat' dir='ltr'><strong>ortos.</strong></span> 
     </span>
    </p>
   </div>
   <div class='ocr_carea' id='block_1_86' title="bbox 1983 2430 3403 2502">
    <p class='ocr_par' dir='ltr' id='par_1_86' title="bbox 1983 2430 3403 2502">
     <span class='ocr_line' id='line_1_86' title="bbox 1983 2430 3403 2502; baseline 0.002 -18"><span class='ocrx_word' id='word_1_549' title='bbox 1983 2432 2213 2495; x_wconf 76' lang='lat' dir='ltr'><strong>Quartus</strong></span> <span class='ocrx_word' id='word_1_550' title='bbox 2237 2430 2587 2500; x_wconf 83' lang='lat' dir='ltr'><strong>Anaxagoras</strong></span> <span class='ocrx_word' id='word_1_551' title='bbox 2618 2431 2896 2486; x_wconf 87' lang='lat' dir='ltr'><strong>Thaletica</strong></span> <span class='ocrx_word' id='word_1_552' title='bbox 2926 2432 3174 2502; x_wconf 88' lang='lat' dir='ltr'><strong>dogmata</strong></span> <span class='ocrx_word' id='word_1_553' title='bbox 3205 2444 3403 2489; x_wconf 89' lang='lat' dir='ltr'><strong>servat.</strong></span> 
     </span>
    </p>
   </div>
   <div class='ocr_carea' id='block_1_87' title="bbox 1989 2519 3413 2591">
    <p class='ocr_par' dir='ltr' id='par_1_87' title="bbox 1989 2519 3413 2591">
     <span class='ocr_line' id='line_1_87' title="bbox 1989 2519 3413 2591; baseline 0.001 -17"><span class='ocrx_word' id='word_1_554' title='bbox 1989 2519 2095 2575; x_wconf 91' lang='lat' dir='ltr'><strong>Sed</strong></span> <span class='ocrx_word' id='word_1_555' title='bbox 2124 2521 2365 2576; x_wconf 85' lang='lat' dir='ltr'><strong>divinum</strong></span> <span class='ocrx_word' id='word_1_556' title='bbox 2394 2522 2631 2575; x_wconf 91' lang='lat' dir='ltr'><strong>animum</strong></span> <span class='ocrx_word' id='word_1_557' title='bbox 2662 2521 2847 2589; x_wconf 89' lang='lat' dir='ltr'><strong>sentit,</strong></span> <span class='ocrx_word' id='word_1_558' title='bbox 2882 2522 2972 2591; x_wconf 92' lang='lat' dir='ltr'><strong>qui</strong></span> <span class='ocrx_word' id='word_1_559' title='bbox 2998 2522 3180 2578; x_wconf 73' lang='lat' dir='ltr'><strong>fecerit</strong></span> <span class='ocrx_word' id='word_1_560' title='bbox 3207 2524 3413 2578; x_wconf 90' lang='lat' dir='ltr'><strong>orbem.</strong></span> 
     </span>
    </p>
   </div>
   <div class='ocr_carea' id='block_1_88' title="bbox 1989 2611 3357 2683">
    <p class='ocr_par' dir='ltr' id='par_1_88' title="bbox 1989 2611 3357 2683">
     <span class='ocr_line' id='line_1_88' title="bbox 1989 2611 3357 2683; baseline 0.002 -17"><span class='ocrx_word' id='word_1_561' title='bbox 1989 2611 2175 2666; x_wconf 82' lang='lat' dir='ltr'><strong>Jnoior</strong></span> <span class='ocrx_word' id='word_1_562' title='bbox 2205 2613 2329 2667; x_wconf 90' lang='lat' dir='ltr'><strong>huic</strong></span> <span class='ocrx_word' id='word_1_563' title='bbox 2349 2613 2569 2681; x_wconf 88' lang='lat' dir='ltr'><strong>junctus</strong></span> <span class='ocrx_word' id='word_1_564' title='bbox 2598 2613 2796 2667; x_wconf 87' lang='lat' dir='ltr'><strong>residet</strong></span> <span class='ocrx_word' id='word_1_565' title='bbox 2825 2614 3068 2683; x_wconf 87' lang='lat' dir='ltr'><strong>collega;</strong></span> <span class='ocrx_word' id='word_1_566' title='bbox 3096 2616 3189 2669; x_wconf 89' lang='lat' dir='ltr'><strong>sed</strong></span> <span class='ocrx_word' id='word_1_567' title='bbox 3216 2615 3357 2670; x_wconf 87' lang='lat' dir='ltr'><strong>idem</strong></span> 
     </span>
    </p>
   </div>
   <div class='ocr_carea' id='block_1_89' title="bbox 1990 2704 3212 2768">
    <p class='ocr_par' dir='ltr' id='par_1_89' title="bbox 1990 2704 3212 2768">
     <span class='ocr_line' id='line_1_89' title="bbox 1990 2704 3212 2768; baseline 0 -10"><span class='ocrx_word' id='word_1_568' title='bbox 1990 2704 2265 2759; x_wconf 85' lang='lat' dir='ltr'><strong>Materiam</strong></span> <span class='ocrx_word' id='word_1_569' title='bbox 2293 2705 2498 2758; x_wconf 91' lang='lat' dir='ltr'><strong>cunctis</strong></span> <span class='ocrx_word' id='word_1_570' title='bbox 2528 2705 2788 2758; x_wconf 88' lang='lat' dir='ltr'><strong>creaturis</strong></span> <span class='ocrx_word' id='word_1_571' title='bbox 2816 2721 2936 2759; x_wconf 88' lang='lat' dir='ltr'><strong>aera</strong></span> <span class='ocrx_word' id='word_1_572' title='bbox 2965 2705 3212 2768; x_wconf 83' lang='lat' dir='ltr'><strong>credens,</strong></span> 
     </span>
    </p>
   </div>
   <div class='ocr_carea' id='block_1_90' title="bbox 1989 2796 3377 2866">
    <p class='ocr_par' dir='ltr' id='par_1_90' title="bbox 1989 2796 3377 2866">
     <span class='ocr_line' id='line_1_90' title="bbox 1989 2796 3377 2866; baseline -0.001 -14"><span class='ocrx_word' id='word_1_573' title='bbox 1989 2797 2202 2852; x_wconf 83' lang='lat' dir='ltr'><strong>Judicat</strong></span> <span class='ocrx_word' id='word_1_574' title='bbox 2233 2796 2356 2850; x_wconf 93' lang='lat' dir='ltr'><strong>inde</strong></span> <span class='ocrx_word' id='word_1_575' title='bbox 2387 2796 2558 2851; x_wconf 91' lang='lat' dir='ltr'><strong>Deum</strong></span> <span class='ocrx_word' id='word_1_576' title='bbox 2588 2796 2789 2851; x_wconf 80' lang='lat' dir='ltr'><strong>faceret</strong></span> <span class='ocrx_word' id='word_1_577' title='bbox 2818 2812 2923 2866; x_wconf 89' lang='lat' dir='ltr'><strong>quo</strong></span> <span class='ocrx_word' id='word_1_578' title='bbox 2950 2808 3141 2853; x_wconf 89' lang='lat' dir='ltr'><strong>cuncta</strong></span> <span class='ocrx_word' id='word_1_579' title='bbox 3169 2797 3377 2853; x_wconf 89' lang='lat' dir='ltr'><strong>tulisse.</strong></span> 
     </span>
    </p>
   </div>
   <div class='ocr_carea' id='block_1_91' title="bbox 1989 2886 3214 2956">
    <p class='ocr_par' dir='ltr' id='par_1_91' title="bbox 1989 2886 3214 2956">
     <span class='ocr_line' id='line_1_91' title="bbox 1989 2886 3214 2956; baseline 0.001 -16"><span class='ocrx_word' id='word_1_580' title='bbox 1989 2887 2113 2941; x_wconf 89' lang='lat' dir='ltr'><strong>Post</strong></span> <span class='ocrx_word' id='word_1_581' title='bbox 2141 2886 2240 2941; x_wconf 91' lang='lat' dir='ltr'><strong>hos</strong></span> <span class='ocrx_word' id='word_1_582' title='bbox 2264 2886 2532 2941; x_wconf 82' lang='lat' dir='ltr'><strong>Arcesilas</strong></span> <span class='ocrx_word' id='word_1_583' title='bbox 2559 2886 2736 2940; x_wconf 90' lang='lat' dir='ltr'><strong>divina</strong></span> <span class='ocrx_word' id='word_1_584' title='bbox 2778 2896 2955 2941; x_wconf 87' lang='lat' dir='ltr'><strong>mente</strong></span> <span class='ocrx_word' id='word_1_585' title='bbox 2980 2896 3214 2956; x_wconf 87' lang='lat' dir='ltr'><strong>paratam</strong></span> 
     </span>
    </p>
   </div>
   <div class='ocr_carea' id='block_1_92' title="bbox 1986 2973 3357 3045">
    <p class='ocr_par' dir='ltr' id='par_1_92' title="bbox 1986 2973 3357 3045">
     <span class='ocr_line' id='line_1_92' title="bbox 1986 2973 3357 3045; baseline 0 -14"><span class='ocrx_word' id='word_1_586' title='bbox 1986 2973 2215 3045; x_wconf 85' lang='lat' dir='ltr'><strong>Conjicit</strong></span> <span class='ocrx_word' id='word_1_587' title='bbox 2245 2975 2382 3030; x_wconf 87' lang='lat' dir='ltr'><strong>hanc</strong></span> <span class='ocrx_word' id='word_1_588' title='bbox 2409 2976 2633 3042; x_wconf 91' lang='lat' dir='ltr'><strong>molem,</strong></span> <span class='ocrx_word' id='word_1_589' title='bbox 2663 2975 2959 3030; x_wconf 87' lang='lat' dir='ltr'><strong>confectam</strong></span> <span class='ocrx_word' id='word_1_590' title='bbox 2988 2976 3225 3045; x_wconf 89' lang='lat' dir='ltr'><strong>partibus</strong></span> <span class='ocrx_word' id='word_1_591' title='bbox 3252 2978 3357 3032; x_wconf 90' lang='lat' dir='ltr'><strong>illis</strong></span> 
     </span>
    </p>
   </div>
   <div class='ocr_carea' id='block_1_93' title="bbox 1989 3066 3567 3137">
    <p class='ocr_par' dir='ltr' id='par_1_93' title="bbox 1989 3066 3567 3137">
     <span class='ocr_line' id='line_1_93' title="bbox 1989 3066 3567 3137; baseline 0.003 -16"><span class='ocrx_word' id='word_1_592' title='bbox 1989 3068 2132 3135; x_wconf 86' lang='lat' dir='ltr'><strong>Quas</strong></span> <span class='ocrx_word' id='word_1_593' title='bbox 2157 3077 2367 3122; x_wconf 87' lang='lat' dir='ltr'><strong>atomos</strong></span> <span class='ocrx_word' id='word_1_594' title='bbox 2394 3077 2550 3122; x_wconf 88' lang='lat' dir='ltr'><strong>vocat</strong></span> <span class='ocrx_word' id='word_1_595' title='bbox 2576 3068 2692 3132; x_wconf 87' lang='lat' dir='ltr'><strong>ipse</strong></span> <span class='ocrx_word' id='word_1_596' title='bbox 2721 3067 2881 3121; x_wconf 80' lang='lat' dir='ltr'><strong>leves.</strong></span> <span class='ocrx_word' id='word_1_597' title='bbox 2910 3066 2937 3102; x_wconf 76' lang='grc' dir='ltr'>ἀ</span> <span class='ocrx_word' id='word_1_598' title='bbox 2969 3067 3241 3122; x_wconf 86' lang='lat' dir='ltr'><strong>Socratica</strong></span> <span class='ocrx_word' id='word_1_599' title='bbox 3278 3078 3399 3137; x_wconf 83' lang='lat' dir='ltr'><strong>post.</strong></span> <span class='ocrx_word' id='word_1_600' title='bbox 3426 3070 3567 3128; x_wconf 87' lang='lat' dir='ltr'><strong>hunc</strong></span> 
     </span>
    </p>
   </div>
   <div class='ocr_carea' id='block_1_94' title="bbox 1990 3157 3373 3229">
    <p class='ocr_par' dir='ltr' id='par_1_94' title="bbox 1990 3157 3373 3229">
     <span class='ocr_line' id='line_1_94' title="bbox 1990 3157 3373 3229; baseline 0.001 -15"><span class='ocrx_word' id='word_1_601' title='bbox 1990 3159 2147 3214; x_wconf 91' lang='lat' dir='ltr'><strong>Secta</strong></span> <span class='ocrx_word' id='word_1_602' title='bbox 2180 3160 2363 3225; x_wconf 84' lang='lat' dir='ltr'><strong>micat,</strong></span> <span class='ocrx_word' id='word_1_603' title='bbox 2390 3173 2510 3227; x_wconf 65' lang='lat' dir='ltr'><strong>quae</strong></span> <span class='ocrx_word' id='word_1_604' title='bbox 2537 3158 2605 3211; x_wconf 92' lang='lat' dir='ltr'><strong>de</strong></span> <span class='ocrx_word' id='word_1_605' title='bbox 2636 3166 2839 3211; x_wconf 70' lang='lat' dir='ltr'><strong>natum</strong></span> <span class='ocrx_word' id='word_1_606' title='bbox 2870 3157 3108 3226; x_wconf 88' lang='lat' dir='ltr'><strong>pondere</strong></span> <span class='ocrx_word' id='word_1_607' title='bbox 3137 3158 3373 3229; x_wconf 65' lang='lat' dir='ltr'><strong>migrans</strong></span> 
     </span>
    </p>
   </div>
   <div class='ocr_carea' id='block_1_95' title="bbox 1992 3251 3397 3309">
    <p class='ocr_par' dir='ltr' id='par_1_95' title="bbox 1992 3251 3397 3309">
     <span class='ocr_line' id='line_1_95' title="bbox 1992 3251 3397 3309; baseline 0.001 -2"><span class='ocrx_word' id='word_1_608' title='bbox 1992 3252 2071 3307; x_wconf 87' lang='lat' dir='ltr'><strong>Ad</strong></span> <span class='ocrx_word' id='word_1_609' title='bbox 2106 3268 2282 3307; x_wconf 91' lang='lat' dir='ltr'><strong>mores</strong></span> <span class='ocrx_word' id='word_1_610' title='bbox 2314 3253 2589 3306; x_wconf 90' lang='lat' dir='ltr'><strong>hominum</strong></span> <span class='ocrx_word' id='word_1_611' title='bbox 2622 3251 2887 3307; x_wconf 89' lang='lat' dir='ltr'><strong>limandos</strong></span> <span class='ocrx_word' id='word_1_612' title='bbox 2919 3253 3189 3307; x_wconf 90' lang='lat' dir='ltr'><strong>transtulit</strong></span> <span class='ocrx_word' id='word_1_613' title='bbox 3220 3268 3397 3309; x_wconf 83' lang='lat' dir='ltr'><strong>usum.</strong></span> 
     </span>
    </p>
   </div>
   <div class='ocr_carea' id='block_1_96' title="bbox 1994 3345 3564 3417">
    <p class='ocr_par' dir='ltr' id='par_1_96' title="bbox 1994 3345 3564 3417">
     <span class='ocr_line' id='line_1_96' title="bbox 1994 3345 3564 3417; baseline 0.004 -19"><span class='ocrx_word' id='word_1_614' title='bbox 1994 3347 2142 3400; x_wconf 86' lang='lat' dir='ltr'><strong>llanc</strong></span> <span class='ocrx_word' id='word_1_615' title='bbox 2172 3354 2370 3400; x_wconf 85' lang='lat' dir='ltr'><strong>sectam</strong></span> <span class='ocrx_word' id='word_1_616' title='bbox 2395 3346 2681 3414; x_wconf 90' lang='lat' dir='ltr'><strong>perhibent</strong></span> <span class='ocrx_word' id='word_1_617' title='bbox 2701 3360 2965 3399; x_wconf 89' lang='lat' dir='ltr'><strong>summum</strong></span> <span class='ocrx_word' id='word_1_618' title='bbox 2994 3345 3297 3401; x_wconf 68' lang='lat' dir='ltr'><strong>excoluisse</strong></span> <span class='ocrx_word' id='word_1_619' title='bbox 3319 3348 3564 3417; x_wconf 90' lang='lat' dir='ltr'><strong>Platona,</strong></span> 
     </span>
    </p>
   </div>
   <div class='ocr_carea' id='block_1_97' title="bbox 1992 3434 3460 3504">
    <p class='ocr_par' dir='ltr' id='par_1_97' title="bbox 1992 3434 3460 3504">
     <span class='ocr_line' id='line_1_97' title="bbox 1992 3434 3460 3504; baseline 0.001 -14"><span class='ocrx_word' id='word_1_620' title='bbox 1992 3436 2097 3490; x_wconf 89' lang='lat' dir='ltr'><strong>Sed</strong></span> <span class='ocrx_word' id='word_1_621' title='bbox 2130 3436 2324 3504; x_wconf 70' lang='lat' dir='ltr'><strong>triplici</strong></span> <span class='ocrx_word' id='word_1_622' title='bbox 2359 3435 2621 3489; x_wconf 88' lang='lat' dir='ltr'><strong>formasse</strong></span> <span class='ocrx_word' id='word_1_623' title='bbox 2652 3434 2833 3497; x_wconf 91' lang='lat' dir='ltr'><strong>modo,</strong></span> <span class='ocrx_word' id='word_1_624' title='bbox 2862 3434 2988 3487; x_wconf 90' lang='lat' dir='ltr'><strong>dum</strong></span> <span class='ocrx_word' id='word_1_625' title='bbox 3013 3435 3216 3503; x_wconf 91' lang='lat' dir='ltr'><strong>primus</strong></span> <span class='ocrx_word' id='word_1_626' title='bbox 3242 3444 3295 3490; x_wconf 93' lang='lat' dir='ltr'><strong>et</strong></span> <span class='ocrx_word' id='word_1_627' title='bbox 3324 3452 3460 3492; x_wconf 85' lang='lat' dir='ltr'><strong>unus</strong></span> 
     </span>
    </p>
   </div>
   <div class='ocr_carea' id='block_1_98' title="bbox 1994 3522 3442 3595">
    <p class='ocr_par' dir='ltr' id='par_1_98' title="bbox 1994 3522 3442 3595">
     <span class='ocr_line' id='line_1_98' title="bbox 1994 3522 3442 3595; baseline 0 -17"><span class='ocrx_word' id='word_1_628' title='bbox 1994 3525 2219 3595; x_wconf 84' lang='lat' dir='ltr'><strong>Physica</strong></span> <span class='ocrx_word' id='word_1_629' title='bbox 2250 3524 2334 3578; x_wconf 92' lang='lat' dir='ltr'><strong>vel</strong></span> <span class='ocrx_word' id='word_1_630' title='bbox 2364 3523 2557 3592; x_wconf 86' lang='lat' dir='ltr'><strong>logico,</strong></span> <span class='ocrx_word' id='word_1_631' title='bbox 2594 3523 2823 3593; x_wconf 89' lang='lat' dir='ltr'><strong>logicum</strong></span> <span class='ocrx_word' id='word_1_632' title='bbox 2855 3522 2940 3577; x_wconf 87' lang='lat' dir='ltr'><strong>vel</strong></span> <span class='ocrx_word' id='word_1_633' title='bbox 2963 3524 3136 3593; x_wconf 87' lang='lat' dir='ltr'><strong>jungit</strong></span> <span class='ocrx_word' id='word_1_634' title='bbox 3167 3525 3236 3578; x_wconf 91' lang='lat' dir='ltr'><strong>ad</strong></span> <span class='ocrx_word' id='word_1_635' title='bbox 3266 3525 3442 3580; x_wconf 90' lang='lat' dir='ltr'><strong>ethos.</strong></span> 
     </span>
    </p>
   </div>
   <div class='ocr_carea' id='block_1_99' title="bbox 1993 3612 3403 3682">
    <p class='ocr_par' dir='ltr' id='par_1_99' title="bbox 1993 3612 3403 3682">
     <span class='ocr_line' id='line_1_99' title="bbox 1993 3612 3403 3682; baseline 0.001 -13"><span class='ocrx_word' id='word_1_636' title='bbox 1993 3614 2207 3669; x_wconf 83' lang='lat' dir='ltr'><strong>invenit</strong></span> <span class='ocrx_word' id='word_1_637' title='bbox 2231 3614 2319 3668; x_wconf 87' lang='lat' dir='ltr'><strong>hic</strong></span> <span class='ocrx_word' id='word_1_638' title='bbox 2348 3615 2596 3682; x_wconf 87' lang='lat' dir='ltr'><strong>princeps</strong></span> <span class='ocrx_word' id='word_1_639' title='bbox 2627 3612 2752 3682; x_wconf 92' lang='lat' dir='ltr'><strong>quid</strong></span> <span class='ocrx_word' id='word_1_640' title='bbox 2785 3613 2953 3682; x_wconf 90' lang='lat' dir='ltr'><strong>prima</strong></span> <span class='ocrx_word' id='word_1_641' title='bbox 2985 3615 3215 3668; x_wconf 89' lang='lat' dir='ltr'><strong>essentia</strong></span> <span class='ocrx_word' id='word_1_642' title='bbox 3243 3616 3403 3671; x_wconf 76' lang='lat' dir='ltr'><strong>distet</strong></span> 
     </span>
    </p>
   </div>
   <div class='ocr_carea' id='block_1_100' title="bbox 1995 3706 3322 3777">
    <p class='ocr_par' dir='ltr' id='par_1_100' title="bbox 1995 3706 3322 3777">
     <span class='ocr_line' id='line_1_100' title="bbox 1995 3706 3322 3777; baseline -0.002 -14"><span class='ocrx_word' id='word_1_643' title='bbox 1995 3708 2040 3763; x_wconf 84' lang='lat' dir='ltr'><strong>A</strong></span> <span class='ocrx_word' id='word_1_644' title='bbox 2070 3723 2278 3762; x_wconf 91' lang='lat' dir='ltr'><strong>summo</strong></span> <span class='ocrx_word' id='word_1_645' title='bbox 2301 3716 2562 3777; x_wconf 84' lang='lat' dir='ltr'><strong>sextoque</strong></span> <span class='ocrx_word' id='word_1_646' title='bbox 2593 3707 2761 3771; x_wconf 90' lang='lat' dir='ltr'><strong>bono;</strong></span> <span class='ocrx_word' id='word_1_647' title='bbox 2786 3719 2906 3760; x_wconf 92' lang='lat' dir='ltr'><strong>eum</strong></span> <span class='ocrx_word' id='word_1_648' title='bbox 2937 3706 3168 3776; x_wconf 90' lang='lat' dir='ltr'><strong>denique</strong></span> <span class='ocrx_word' id='word_1_649' title='bbox 3196 3721 3322 3761; x_wconf 88' lang='lat' dir='ltr'><strong>saxa</strong></span> 
     </span>
    </p>
   </div>
   <div class='ocr_carea' id='block_1_101' title="bbox 1996 3796 3576 3869">
    <p class='ocr_par' dir='ltr' id='par_1_101' title="bbox 1996 3796 3576 3869">
     <span class='ocr_line' id='line_1_101' title="bbox 1996 3796 3576 3869; baseline 0 -14"><span class='ocrx_word' id='word_1_650' title='bbox 1996 3802 2117 3856; x_wconf 90' lang='lat' dir='ltr'><strong>Sint</strong></span> <span class='ocrx_word' id='word_1_651' title='bbox 2146 3808 2373 3865; x_wconf 88' lang='lat' dir='ltr'><strong>tantum,</strong></span> <span class='ocrx_word' id='word_1_652' title='bbox 2411 3799 2725 3868; x_wconf 88' lang='lat' dir='ltr'><strong>penitusque</strong></span> <span class='ocrx_word' id='word_1_653' title='bbox 2770 3797 2900 3851; x_wconf 85' lang='lat' dir='ltr'><strong>nihil</strong></span> <span class='ocrx_word' id='word_1_654' title='bbox 2943 3796 3044 3852; x_wconf 89' lang='lat' dir='ltr'><strong>nisi</strong></span> <span class='ocrx_word' id='word_1_655' title='bbox 3090 3812 3210 3853; x_wconf 90' lang='lat' dir='ltr'><strong>esse</strong></span> <span class='ocrx_word' id='word_1_656' title='bbox 3249 3815 3311 3869; x_wconf 89' lang='lat' dir='ltr'><strong>pr</strong></span> <span class='ocrx_word' id='word_1_657' title='bbox 3349 3800 3576 3855; x_wconf 87' lang='lat' dir='ltr'><strong>bentur:</strong></span> 
     </span>
    </p>
   </div>
   <div class='ocr_carea' id='block_1_102' title="bbox 2000 3890 3580 3962">
    <p class='ocr_par' dir='ltr' id='par_1_102' title="bbox 2000 3890 3580 3962">
     <span class='ocr_line' id='line_1_102' title="bbox 2000 3890 3580 3962; baseline 0 -14"><span class='ocrx_word' id='word_1_658' title='bbox 2000 3894 2247 3949; x_wconf 87' lang='lat' dir='ltr'><strong>Proxima</strong></span> <span class='ocrx_word' id='word_1_659' title='bbox 2276 3891 2588 3958; x_wconf 89' lang='lat' dir='ltr'><strong>succedant,</strong></span> <span class='ocrx_word' id='word_1_660' title='bbox 2618 3891 2808 3961; x_wconf 83' lang='lat' dir='ltr'><strong>quibus</strong></span> <span class='ocrx_word' id='word_1_661' title='bbox 2838 3904 2960 3946; x_wconf 84' lang='lat' dir='ltr'><strong>esse</strong></span> <span class='ocrx_word' id='word_1_662' title='bbox 2992 3897 3044 3945; x_wconf 89' lang='lat' dir='ltr'><strong>et</strong></span> <span class='ocrx_word' id='word_1_663' title='bbox 3074 3890 3255 3946; x_wconf 86' lang='lat' dir='ltr'><strong>vivere</strong></span> <span class='ocrx_word' id='word_1_664' title='bbox 3276 3904 3580 3962; x_wconf 87' lang='lat' dir='ltr'><strong>promptum</strong></span> 
     </span>
    </p>
   </div>
   <div class='ocr_carea' id='block_1_103' title="bbox 3386 3983 3509 4054">
    <p class='ocr_par' dir='ltr' id='par_1_103' title="bbox 3386 3983 3509 4054">
     <span class='ocr_line' id='line_1_103' title="bbox 3386 3983 3509 4054; baseline -0.016 -16"><span class='ocrx_word' id='word_1_665' title='bbox 3386 3983 3509 4054; x_wconf 88' lang='lat' dir='ltr'><strong>[est,</strong></span> 
     </span>
    </p>
   </div>
   <div class='ocr_carea' id='block_1_104' title="bbox 2000 4071 3437 4145">
    <p class='ocr_par' dir='ltr' id='par_1_104' title="bbox 2000 4071 3437 4145">
     <span class='ocr_line' id='line_1_104' title="bbox 2000 4071 3437 4145; baseline -0.004 -13"><span class='ocrx_word' id='word_1_666' title='bbox 2000 4076 2213 4133; x_wconf 83' lang='lat' dir='ltr'><strong>Addere</strong></span> <span class='ocrx_word' id='word_1_667' title='bbox 2242 4076 2359 4145; x_wconf 92' lang='lat' dir='ltr'><strong>quis</strong></span> <span class='ocrx_word' id='word_1_668' title='bbox 2385 4075 2555 4145; x_wconf 90' lang='lat' dir='ltr'><strong>possis</strong></span> <span class='ocrx_word' id='word_1_669' title='bbox 2584 4074 2656 4127; x_wconf 93' lang='lat' dir='ltr'><strong>nil</strong></span> <span class='ocrx_word' id='word_1_670' title='bbox 2687 4073 2914 4142; x_wconf 85' lang='lat' dir='ltr'><strong>amplius</strong></span> <span class='ocrx_word' id='word_1_671' title='bbox 2938 4071 3130 4126; x_wconf 65' lang='lat' dir='ltr'><strong>arbore</strong></span> <span class='ocrx_word' id='word_1_672' title='bbox 3155 4078 3208 4125; x_wconf 89' lang='lat' dir='ltr'><strong>et</strong></span> <span class='ocrx_word' id='word_1_673' title='bbox 3234 4071 3437 4136; x_wconf 87' lang='lat' dir='ltr'><strong>herba;</strong></span> 
     </span>
    </p>
   </div>
   <div class='ocr_carea' id='block_1_105' title="bbox 2000 4161 3452 4235">
    <p class='ocr_par' dir='ltr' id='par_1_105' title="bbox 2000 4161 3452 4235">
     <span class='ocr_line' id='line_1_105' title="bbox 2000 4161 3452 4235; baseline -0.008 -12"><span class='ocrx_word' id='word_1_674' title='bbox 2000 4168 2179 4223; x_wconf 89' lang='lat' dir='ltr'><strong>Tertia</strong></span> <span class='ocrx_word' id='word_1_675' title='bbox 2209 4167 2279 4221; x_wconf 91' lang='lat' dir='ltr'><strong>sit</strong></span> <span class='ocrx_word' id='word_1_676' title='bbox 2310 4180 2585 4235; x_wconf 82' lang='lat' dir='ltr'><strong>pecorum,</strong></span> <span class='ocrx_word' id='word_1_677' title='bbox 2619 4178 2842 4232; x_wconf 89' lang='lat' dir='ltr'><strong>quorum</strong></span> <span class='ocrx_word' id='word_1_678' title='bbox 2870 4176 2987 4215; x_wconf 61' lang='lat' dir='ltr'><strong>esse</strong></span> <span class='ocrx_word' id='word_1_679' title='bbox 3015 4169 3069 4214; x_wconf 91' lang='lat' dir='ltr'><strong>et</strong></span> <span class='ocrx_word' id='word_1_680' title='bbox 3097 4161 3279 4215; x_wconf 59' lang='lat' dir='ltr'><strong>vivae</strong></span> <span class='ocrx_word' id='word_1_681' title='bbox 3306 4169 3452 4214; x_wconf 86' lang='lat' dir='ltr'><strong>motu</strong></span> 
     </span>
    </p>
   </div>
   <div class='ocr_carea' id='block_1_106' title="bbox 2002 4251 3311 4322">
    <p class='ocr_par' dir='ltr' id='par_1_106' title="bbox 2002 4251 3311 4322">
     <span class='ocr_line' id='line_1_106' title="bbox 2002 4251 3311 4322; baseline -0.007 -7"><span class='ocrx_word' id='word_1_682' title='bbox 2002 4262 2115 4315; x_wconf 86' lang='lat' dir='ltr'><strong>Non</strong></span> <span class='ocrx_word' id='word_1_683' title='bbox 2144 4268 2290 4314; x_wconf 90' lang='lat' dir='ltr'><strong>caret</strong></span> <span class='ocrx_word' id='word_1_684' title='bbox 2316 4266 2370 4313; x_wconf 79' lang='grc' dir='ltr'><strong>(ι</strong></span> <span class='ocrx_word' id='word_1_685' title='bbox 2397 4272 2591 4321; x_wconf 88' lang='lat' dir='ltr'><strong>sensu;</strong></span> <span class='ocrx_word' id='word_1_686' title='bbox 2624 4253 2875 4309; x_wconf 83' lang='lat' dir='ltr'><strong>mortales</strong></span> <span class='ocrx_word' id='word_1_687' title='bbox 2905 4260 3091 4322; x_wconf 88' lang='lat' dir='ltr'><strong>quarta</strong></span> <span class='ocrx_word' id='word_1_688' title='bbox 3116 4251 3311 4306; x_wconf 88' lang='lat' dir='ltr'><strong>deinde</strong></span> 
     </span>
    </p>
   </div>
   <div class='ocr_carea' id='block_1_107' title="bbox 1986 4344 3334 4419">
    <p class='ocr_par' dir='ltr' id='par_1_107' title="bbox 1986 4344 3334 4419">
     <span class='ocr_line' id='line_1_107' title="bbox 1986 4344 3334 4419; baseline -0.007 -15"><span class='ocrx_word' id='word_1_689' title='bbox 1986 4350 2275 4419; x_wconf 81' lang='lat' dir='ltr'><strong>&#39;ReSpieiat</strong></span> <span class='ocrx_word' id='word_1_690' title='bbox 2306 4348 2509 4403; x_wconf 89' lang='lat' dir='ltr'><strong>factura</strong></span> <span class='ocrx_word' id='word_1_691' title='bbox 2541 4361 2689 4411; x_wconf 91' lang='lat' dir='ltr'><strong>suos,</strong></span> <span class='ocrx_word' id='word_1_692' title='bbox 2719 4344 2911 4413; x_wconf 84' lang='lat' dir='ltr'><strong>quibus</strong></span> <span class='ocrx_word' id='word_1_693' title='bbox 2941 4359 3082 4411; x_wconf 89' lang='lat' dir='ltr'><strong>esse,</strong></span> <span class='ocrx_word' id='word_1_694' title='bbox 3112 4344 3334 4409; x_wconf 87' lang='lat' dir='ltr'><strong>moveri,</strong></span> 
     </span>
    </p>
   </div>
   <div class='ocr_carea' id='block_1_108' title="bbox 2004 4433 3403 4506">
    <p class='ocr_par' dir='ltr' id='par_1_108' title="bbox 2004 4433 3403 4506">
     <span class='ocr_line' id='line_1_108' title="bbox 2004 4433 3403 4506; baseline -0.009 -9"><span class='ocrx_word' id='word_1_695' title='bbox 2004 4444 2222 4506; x_wconf 70' lang='lat' dir='ltr'><strong>Vivere,</strong></span> <span class='ocrx_word' id='word_1_696' title='bbox 2256 4457 2375 4496; x_wconf 88' lang='lat' dir='ltr'><strong>cum</strong></span> <span class='ocrx_word' id='word_1_697' title='bbox 2406 4454 2567 4495; x_wconf 89' lang='lat' dir='ltr'><strong>sensu</strong></span> <span class='ocrx_word' id='word_1_698' title='bbox 2598 4439 2778 4499; x_wconf 89' lang='lat' dir='ltr'><strong>datur,</strong></span> <span class='ocrx_word' id='word_1_699' title='bbox 2808 4446 2861 4489; x_wconf 91' lang='lat' dir='ltr'><strong>et</strong></span> <span class='ocrx_word' id='word_1_700' title='bbox 2888 4434 3247 4501; x_wconf 82' lang='lat' dir='ltr'><strong>supereminet</strong></span> <span class='ocrx_word' id='word_1_701' title='bbox 3277 4433 3403 4487; x_wconf 66' lang='grc' dir='ltr'><strong>ἰλιαά</strong></span> 
     </span>
    </p>
   </div>
   <div class='ocr_carea' id='block_1_109' title="bbox 1926 4508 3482 4603">
    <p class='ocr_par' dir='ltr' id='par_1_109' title="bbox 1926 4508 3482 4603">
     <span class='ocr_line' id='line_1_109' title="bbox 1926 4508 3482 4603; baseline -0.006 -13"><span class='ocrx_word' id='word_1_702' title='bbox 1926 4508 1979 4569; x_wconf 77' lang='grc' dir='ltr'>Ῑ)</span> <span class='ocrx_word' id='word_1_703' title='bbox 2005 4536 2154 4603; x_wconf 86' lang='lat' dir='ltr'><strong>Quod</strong></span> <span class='ocrx_word' id='word_1_704' title='bbox 2186 4533 2418 4601; x_wconf 78' lang='lat' dir='ltr'><strong>sapiunt,</strong></span> <span class='ocrx_word' id='word_1_705' title='bbox 2449 4544 2682 4599; x_wconf 87' lang='lat' dir='ltr'><strong>veroque</strong></span> <span class='ocrx_word' id='word_1_706' title='bbox 2712 4528 2891 4581; x_wconf 89' lang='lat' dir='ltr'><strong>valent</strong></span> <span class='ocrx_word' id='word_1_707' title='bbox 2920 4527 3221 4579; x_wconf 86' lang='lat' dir='ltr'><strong>discernere</strong></span> <span class='ocrx_word' id='word_1_708' title='bbox 3249 4526 3437 4581; x_wconf 89' lang='lat' dir='ltr'><strong>falsum</strong></span> <span class='ocrx_word' id='word_1_709' title='bbox 3468 4544 3482 4581; x_wconf 87' lang='lat'><strong>:</strong></span> 
     </span>
    </p>
   </div>
   <div class='ocr_carea' id='block_1_110' title="bbox 2004 4614 3314 4693">
    <p class='ocr_par' dir='ltr' id='par_1_110' title="bbox 2004 4614 3314 4693">
     <span class='ocr_line' id='line_1_110' title="bbox 2004 4614 3314 4693; baseline -0.008 -12"><span class='ocrx_word' id='word_1_710' title='bbox 2004 4628 2199 4693; x_wconf 83' lang='lat' dir='ltr'><strong>Quinta</strong></span> <span class='ocrx_word' id='word_1_711' title='bbox 2231 4632 2505 4679; x_wconf 88' lang='lat' dir='ltr'><strong>creaturas</strong></span> <span class='ocrx_word' id='word_1_712' title='bbox 2532 4632 2756 4686; x_wconf 86' lang='lat' dir='ltr'><strong>superas</strong></span> <span class='ocrx_word' id='word_1_713' title='bbox 2786 4616 3078 4670; x_wconf 84' lang='lat' dir='ltr'><strong>substantia</strong></span> <span class='ocrx_word' id='word_1_714' title='bbox 3104 4614 3314 4682; x_wconf 73' lang='lat' dir='ltr'><strong>prodat,</strong></span> 
     </span>
    </p>
   </div>
   <div class='ocr_carea' id='block_1_111' title="bbox 2006 4706 3433 4783">
    <p class='ocr_par' dir='ltr' id='par_1_111' title="bbox 2006 4706 3433 4783">
     <span class='ocr_line' id='line_1_111' title="bbox 2006 4706 3433 4783; baseline -0.007 -12"><span class='ocrx_word' id='word_1_715' title='bbox 2006 4718 2150 4783; x_wconf 86' lang='lat' dir='ltr'><strong>Quas</strong></span> <span class='ocrx_word' id='word_1_716' title='bbox 2181 4712 2391 4783; x_wconf 86' lang='lat' dir='ltr'><strong>quidam</strong></span> <span class='ocrx_word' id='word_1_717' title='bbox 2423 4710 2609 4765; x_wconf 83' lang='lat' dir='ltr'><strong>dixere</strong></span> <span class='ocrx_word' id='word_1_718' title='bbox 2629 4709 2777 4775; x_wconf 91' lang='lat' dir='ltr'><strong>deos,</strong></span> <span class='ocrx_word' id='word_1_719' title='bbox 2810 4706 2932 4776; x_wconf 90' lang='lat' dir='ltr'><strong>quia</strong></span> <span class='ocrx_word' id='word_1_720' title='bbox 2966 4720 3191 4774; x_wconf 88' lang='lat' dir='ltr'><strong>corpora</strong></span> <span class='ocrx_word' id='word_1_721' title='bbox 3217 4718 3433 4761; x_wconf 91' lang='lat' dir='ltr'><strong>sumant</strong></span> 
     </span>
    </p>
   </div>
   <div class='ocr_carea' id='block_1_112' title="bbox 2087 4887 3589 4958">
    <p class='ocr_par' dir='ltr' id='par_1_112' title="bbox 2087 4887 3589 4958">
     <span class='ocr_line' id='line_1_112' title="bbox 2087 4887 3589 4958; baseline -0.003 -8"><span class='ocrx_word' id='word_1_722' title='bbox 2087 4894 2114 4933; x_wconf 75' lang='grc' dir='ltr'><strong>ἀ</strong></span> <span class='ocrx_word' id='word_1_723' title='bbox 2143 4892 2439 4951; x_wconf 88' lang='lat' dir='ltr'><strong>Secundam</strong></span> <span class='ocrx_word' id='word_1_724' title='bbox 2476 4889 2739 4958; x_wconf 86' lang='lat' dir='ltr'><strong>produxit,</strong></span> <span class='ocrx_word' id='word_1_725' title='bbox 2774 4898 2831 4942; x_wconf 81' lang='grc' dir='ltr'><strong>ιιι</strong></span> <span class='ocrx_word' id='word_1_726' title='bbox 2860 4887 3179 4942; x_wconf 89' lang='lat' dir='ltr'><strong>Prudentius</strong></span> <span class='ocrx_word' id='word_1_727' title='bbox 3210 4887 3409 4957; x_wconf 82' lang='lat' dir='ltr'><strong>hymno</strong></span> <span class='ocrx_word' id='word_1_728' title='bbox 3444 4890 3509 4945; x_wconf 80' lang='grc'><strong>10</strong></span> <span class='ocrx_word' id='word_1_729' title='bbox 3540 4892 3589 4946; x_wconf 91' lang='lat' dir='ltr'><strong>in</strong></span> 
     </span>
    </p>
   </div>
   <div class='ocr_carea' id='block_1_113' title="bbox 2013 4959 3595 5037">
    <p class='ocr_par' dir='ltr' id='par_1_113' title="bbox 2013 4959 3595 5037">
     <span class='ocr_line' id='line_1_113' title="bbox 2013 4959 3595 5037; baseline -0.004 -17"><span class='ocrx_word' id='word_1_730' title='bbox 2013 4965 2383 5037; x_wconf 81' lang='lat' dir='ltr'><strong>Ilippocratica</strong></span> <span class='ocrx_word' id='word_1_731' title='bbox 2410 4964 2674 5037; x_wconf 73' lang='lat' dir='ltr'><strong>tertiam:</strong></span> <span class='ocrx_word' id='word_1_732' title='bbox 2708 4960 2911 5037; x_wconf 52' lang='lat' dir='ltr'><strong>quiain</strong></span> <span class='ocrx_word' id='word_1_733' title='bbox 2953 4959 3198 5012; x_wconf 67' lang='lat' dir='ltr'><strong>Socrates</strong></span> <span class='ocrx_word' id='word_1_734' title='bbox 3228 4969 3281 5012; x_wconf 88' lang='lat' dir='ltr'><strong>et</strong></span> <span class='ocrx_word' id='word_1_735' title='bbox 3305 4959 3595 5037; x_wconf 77' lang='lat' dir='ltr'><strong>Hippocra-</strong></span> 
     </span>
    </p>
   </div>
   <div class='ocr_carea' id='block_1_114' title="bbox 2011 5029 3592 5100">
    <p class='ocr_par' dir='ltr' id='par_1_114' title="bbox 2011 5029 3592 5100">
     <span class='ocr_line' id='line_1_114' title="bbox 2011 5029 3592 5100; baseline -0.004 -9"><span class='ocrx_word' id='word_1_736' title='bbox 2011 5029 2100 5091; x_wconf 80' lang='lat' dir='ltr'><strong>tes</strong></span> <span class='ocrx_word' id='word_1_737' title='bbox 2126 5029 2345 5090; x_wconf 79' lang='lat' dir='ltr'><strong>easdem</strong></span> <span class='ocrx_word' id='word_1_738' title='bbox 2388 5050 2483 5100; x_wconf 90' lang='lat' dir='ltr'><strong>pro</strong></span> <span class='ocrx_word' id='word_1_739' title='bbox 2506 5030 2772 5093; x_wconf 69' lang='lat' dir='ltr'><strong>lucebunt,</strong></span> <span class='ocrx_word' id='word_1_740' title='bbox 2805 5029 3047 5100; x_wconf 72' lang='lat' dir='ltr'><strong>Graecum</strong></span> <span class='ocrx_word' id='word_1_741' title='bbox 3080 5038 3356 5100; x_wconf 81' lang='lat' dir='ltr'><strong>accentum</strong></span> <span class='ocrx_word' id='word_1_742' title='bbox 3400 5034 3592 5097; x_wconf 91' lang='lat' dir='ltr'><strong>secuti,</strong></span> 
     </span>
    </p>
   </div>
   <div class='ocr_carea' id='block_1_115' title="bbox 2012 5098 3592 5181">
    <p class='ocr_par' dir='ltr' id='par_1_115' title="bbox 2012 5098 3592 5181">
     <span class='ocr_line' id='line_1_115' title="bbox 2012 5098 3592 5181; baseline -0.003 -20"><span class='ocrx_word' id='word_1_743' title='bbox 2012 5110 2294 5181; x_wconf 76' lang='grc' dir='ltr'><strong>Σωκράτης,</strong></span> <span class='ocrx_word' id='word_1_744' title='bbox 2324 5098 2683 5178; x_wconf 67' lang='grc' dir='ltr'><strong>⁸1τὲποκρὰτης.</strong></span> <span class='ocrx_word' id='word_1_745' title='bbox 2733 5101 2805 5153; x_wconf 75' lang='grc' dir='ltr'>ιω</span> <span class='ocrx_word' id='word_1_746' title='bbox 2836 5098 2978 5153; x_wconf 87' lang='lat' dir='ltr'><strong>enim</strong></span> <span class='ocrx_word' id='word_1_747' title='bbox 3010 5108 3062 5152; x_wconf 86' lang='lat' dir='ltr'><strong>et</strong></span> <span class='ocrx_word' id='word_1_748' title='bbox 3092 5099 3444 5155; x_wconf 76' lang='lat' dir='ltr'><strong>Maximianus</strong></span> <span class='ocrx_word' id='word_1_749' title='bbox 3482 5104 3592 5158; x_wconf 90' lang='lat' dir='ltr'><strong>ele-</strong></span> 
     </span>
    </p>
   </div>
   <div class='ocr_carea' id='block_1_116' title="bbox 2010 5178 2196 5249">
    <p class='ocr_par' dir='ltr' id='par_1_116' title="bbox 2010 5178 2196 5249">
     <span class='ocr_line' id='line_1_116' title="bbox 2010 5178 2196 5249; baseline 0.022 -21"><span class='ocrx_word' id='word_1_750' title='bbox 2010 5180 2095 5249; x_wconf 82' lang='lat' dir='ltr'><strong>gia</strong></span> <span class='ocrx_word' id='word_1_751' title='bbox 2117 5178 2151 5230; x_wconf 80' lang='grc'><strong>’1</strong></span> <span class='ocrx_word' id='word_1_752' title='bbox 2181 5192 2196 5232; x_wconf 84' lang='lat'><strong>:</strong></span> 
     </span>
    </p>
   </div>
   <div class='ocr_carea' id='block_1_117' title="bbox 2108 5259 3485 5326">
    <p class='ocr_par' dir='ltr' id='par_1_117' title="bbox 2108 5259 3485 5326">
     <span class='ocr_line' id='line_1_117' title="bbox 2108 5259 3485 5326; baseline -0.005 -11"><span class='ocrx_word' id='word_1_753' title='bbox 2108 5266 2210 5315; x_wconf 78' lang='lat' dir='ltr'><strong>Hoc</strong></span> <span class='ocrx_word' id='word_1_754' title='bbox 2229 5265 2423 5326; x_wconf 84' lang='lat' dir='ltr'><strong>quoque</strong></span> <span class='ocrx_word' id='word_1_755' title='bbox 2458 5264 2681 5326; x_wconf 84' lang='lat' dir='ltr'><strong>virtutum</strong></span> <span class='ocrx_word' id='word_1_756' title='bbox 2706 5259 2941 5326; x_wconf 81' lang='lat' dir='ltr'><strong>quondam</strong></span> <span class='ocrx_word' id='word_1_757' title='bbox 2967 5261 3232 5326; x_wconf 78' lang='lat' dir='ltr'><strong>certamine</strong></span> <span class='ocrx_word' id='word_1_758' title='bbox 3258 5274 3485 5323; x_wconf 84' lang='lat' dir='ltr'><strong>magnum</strong></span> 
     </span>
    </p>
   </div>
   <div class='ocr_carea' id='block_1_118' title="bbox 2166 5324 3211 5386">
    <p class='ocr_par' dir='ltr' id='par_1_118' title="bbox 2166 5324 3211 5386">
     <span class='ocr_line' id='line_1_118' title="bbox 2166 5324 3211 5386; baseline -0.007 -10"><span class='ocrx_word' id='word_1_759' title='bbox 2166 5324 2416 5376; x_wconf 23' lang='lat' dir='ltr'><strong>Sot&#39;ratem</strong></span> <span class='ocrx_word' id='word_1_760' title='bbox 2443 5325 2645 5386; x_wconf 87' lang='lat' dir='ltr'><strong>palmam</strong></span> <span class='ocrx_word' id='word_1_761' title='bbox 2671 5324 3005 5384; x_wconf 80' lang='lat' dir='ltr'><strong>promeruisse</strong></span> <span class='ocrx_word' id='word_1_762' title='bbox 3031 5324 3211 5371; x_wconf 76' lang='lat' dir='ltr'><strong>terunt.</strong></span> 
     </span>
    </p>
   </div>
   <div class='ocr_carea' id='block_1_119' title="bbox 2017 5443 3596 5511">
    <p class='ocr_par' dir='ltr' id='par_1_119' title="bbox 2017 5443 3596 5511">
     <span class='ocr_line' id='line_1_119' title="bbox 2017 5443 3596 5511; baseline -0.005 -6"><span class='ocrx_word' id='word_1_763' title='bbox 2017 5451 2084 5504; x_wconf 79' lang='lat' dir='ltr'><strong>Et</strong></span> <span class='ocrx_word' id='word_1_764' title='bbox 2118 5449 2369 5505; x_wconf 89' lang='lat' dir='ltr'><strong>Paulinus</strong></span> <span class='ocrx_word' id='word_1_765' title='bbox 2399 5455 2587 5501; x_wconf 87' lang='lat' dir='ltr'><strong>auctor</strong></span> <span class='ocrx_word' id='word_1_766' title='bbox 2619 5445 2971 5501; x_wconf 87' lang='lat' dir='ltr'><strong>Eucharistici</strong></span> <span class='ocrx_word' id='word_1_767' title='bbox 3005 5463 3015 5496; x_wconf 93' lang='lat'>:</span> <span class='ocrx_word' id='word_1_768' title='bbox 3049 5445 3300 5511; x_wconf 83' lang='lat' dir='ltr'><strong>Dogmata</strong></span> <span class='ocrx_word' id='word_1_769' title='bbox 3328 5443 3596 5511; x_wconf 78' lang='lat' dir='ltr'><strong>Socratus,</strong></span> 
     </span>
    </p>
   </div>
   <div class='ocr_carea' id='block_1_120' title="bbox 2016 5516 3600 5585">
    <p class='ocr_par' dir='ltr' id='par_1_120' title="bbox 2016 5516 3600 5585">
     <span class='ocr_line' id='line_1_120' title="bbox 2016 5516 3600 5585; baseline -0.003 -11"><span class='ocrx_word' id='word_1_770' title='bbox 2016 5531 2064 5575; x_wconf 85' lang='lat' dir='ltr'><strong>et</strong></span> <span class='ocrx_word' id='word_1_771' title='bbox 2105 5520 2286 5573; x_wconf 77' lang='lat' dir='ltr'><strong>bellica</strong></span> <span class='ocrx_word' id='word_1_772' title='bbox 2332 5519 2584 5585; x_wconf 83' lang='lat' dir='ltr'><strong>plasmata</strong></span> <span class='ocrx_word' id='word_1_773' title='bbox 2630 5517 2865 5569; x_wconf 80' lang='lat' dir='ltr'><strong>Homeri.</strong></span> <span class='ocrx_word' id='word_1_774' title='bbox 2930 5516 3096 5585; x_wconf 75' lang='lat' dir='ltr'><strong>llnjns</strong></span> <span class='ocrx_word' id='word_1_775' title='bbox 3141 5516 3350 5585; x_wconf 76' lang='lat' dir='ltr'><strong>generis</strong></span> <span class='ocrx_word' id='word_1_776' title='bbox 3400 5524 3453 5567; x_wconf 90' lang='lat' dir='ltr'><strong>et</strong></span> <span class='ocrx_word' id='word_1_777' title='bbox 3496 5516 3600 5570; x_wconf 89' lang='lat' dir='ltr'><strong>alia</strong></span> 
     </span>
    </p>
   </div>
   <div class='ocr_carea' id='block_1_121' title="bbox 2020 5583 3601 5661">
    <p class='ocr_par' dir='ltr' id='par_1_121' title="bbox 2020 5583 3601 5661">
     <span class='ocr_line' id='line_1_121' title="bbox 2020 5583 3601 5661; baseline -0.002 -18"><span class='ocrx_word' id='word_1_778' title='bbox 2020 5593 2215 5661; x_wconf 91' lang='lat' dir='ltr'><strong>passim</strong></span> <span class='ocrx_word' id='word_1_779' title='bbox 2261 5583 2400 5660; x_wconf 87' lang='lat' dir='ltr'><strong>apud</strong></span> <span class='ocrx_word' id='word_1_780' title='bbox 2444 5588 2718 5643; x_wconf 88' lang='lat' dir='ltr'><strong>Sidonium</strong></span> <span class='ocrx_word' id='word_1_781' title='bbox 2765 5605 2776 5639; x_wconf 87' lang='lat'><strong>:</strong></span> <span class='ocrx_word' id='word_1_782' title='bbox 2822 5595 2881 5661; x_wconf 67' lang='lat' dir='ltr'><strong>ut</strong></span> <span class='ocrx_word' id='word_1_783' title='bbox 2919 5583 3263 5661; x_wconf 56' lang='lat' dir='ltr'><strong>Afthiopse</strong></span> <span class='ocrx_word' id='word_1_784' title='bbox 3319 5584 3601 5653; x_wconf 80' lang='lat' dir='ltr'><strong>Euripides</strong></span> 
     </span>
    </p>
   </div>
   <div class='ocr_carea' id='block_1_122' title="bbox 2022 5651 3603 5729">
    <p class='ocr_par' dir='ltr' id='par_1_122' title="bbox 2022 5651 3603 5729">
     <span class='ocr_line' id='line_1_122' title="bbox 2022 5651 3603 5729; baseline -0.003 -15"><span class='ocrx_word' id='word_1_785' title='bbox 2022 5651 2312 5729; x_wconf 73' lang='lat' dir='ltr'><strong>penultima</strong></span> <span class='ocrx_word' id='word_1_786' title='bbox 2352 5662 2504 5726; x_wconf 83' lang='lat' dir='ltr'><strong>longa</strong></span> <span class='ocrx_word' id='word_1_787' title='bbox 2534 5677 2544 5710; x_wconf 90' lang='lat'>:</span> <span class='ocrx_word' id='word_1_788' title='bbox 2573 5660 2785 5729; x_wconf 77' lang='lat' dir='ltr'><strong>Aratus,</strong></span> <span class='ocrx_word' id='word_1_789' title='bbox 2822 5652 3123 5729; x_wconf 66' lang='lat' dir='ltr'><strong>Pila-donis,</strong></span> <span class='ocrx_word' id='word_1_790' title='bbox 3177 5651 3464 5729; x_wconf 74' lang='lat' dir='ltr'><strong>diastema,</strong></span> <span class='ocrx_word' id='word_1_791' title='bbox 3494 5672 3603 5709; x_wconf 86' lang='lat' dir='ltr'><strong>ma-</strong></span> 
     </span>
    </p>
   </div>
   <div class='ocr_carea' id='block_1_123' title="bbox 2024 5722 3278 5798">
    <p class='ocr_par' dir='ltr' id='par_1_123' title="bbox 2024 5722 3278 5798">
     <span class='ocr_line' id='line_1_123' title="bbox 2024 5722 3278 5798; baseline -0.009 -13"><span class='ocrx_word' id='word_1_792' title='bbox 2024 5722 2213 5797; x_wconf 76' lang='lat' dir='ltr'><strong>ibesis,</strong></span> <span class='ocrx_word' id='word_1_793' title='bbox 2243 5722 2555 5798; x_wconf 72' lang='lat' dir='ltr'><strong>Heraclitus,</strong></span> <span class='ocrx_word' id='word_1_794' title='bbox 2583 5727 2870 5798; x_wconf 86' lang='lat' dir='ltr'><strong>sapphirus</strong></span> <span class='ocrx_word' id='word_1_795' title='bbox 2896 5723 3081 5779; x_wconf 87' lang='lat' dir='ltr'><strong>eadem</strong></span> <span class='ocrx_word' id='word_1_796' title='bbox 3108 5722 3278 5778; x_wconf 89' lang='lat' dir='ltr'><strong>brevi.</strong></span> 
     </span>
    </p>
   </div>
   <div class='ocr_carea' id='block_1_124' title="bbox 3237 5814 3314 5875">
    <p class='ocr_par' dir='ltr' id='par_1_124' title="bbox 3237 5814 3314 5875">
     <span class='ocr_line' id='line_1_124' title="bbox 3237 5814 3314 5875; baseline -0.013 0"><span class='ocrx_word' id='word_1_797' title='bbox 3237 5814 3314 5875; x_wconf 74' lang='lat'><strong>23</strong></span> 
     </span>
    </p>
   </div>
  </div>
