4002 6188
456 332 559 388 715

456 437 874 511 Coutemplanda
903 434 1125 501 homini,
1155 432 1323 503 paulo
1343 439 1466 503 post
1491 430 1607 503 ipsa
1638 431 1971 502 relinquant,

458 535 621 605 378
655 531 821 600 Inque
848 540 1012 583 suam
1055 524 1298 587 redeant.
1342 524 1386 579 si
1418 537 1520 594 qua
1567 529 1652 578 est
1701 521 2037 584 tenuissima,

1667 612 1925 686 [formam
1952 628 1967 666 :

460 718 550 775 Sic
580 713 693 771 fieri
720 718 777 767 ut
798 718 978 781 pateat
1005 707 1301 764 substantia
1330 718 1537 761 summa
1566 716 1779 760 creator
1804 722 1818 758 :

464 809 627 864 Sexta
659 814 856 870 tamen,
887 814 1155 869 supraque
1183 796 1335 860 nihil,
1368 796 1462 852 sed
1490 804 1679 851 cuncta
1706 794 1807 850 sub
1835 793 1970 865 ipso.

463 900 579 955 [Ioc
609 897 663 951 in
688 892 967 965 gymnasio
996 889 1196 945 Polemi
1224 885 1486 955 sapientia
1518 885 1679 939 vitam

468 988 700 1052 Exeolit,
731 984 1145 1052 adjunctamque
1171 992 1270 1032 suo
1295 974 1442 1031 fovet
1471 976 1583 1045 ipsa
1609 973 1839 1029 Platoni.

467 1081 661 1137 Obviet
687 1084 744 1133 et.
768 1087 1069 1145 quanquam
1104 1070 1231 1124 totis
1258 1067 1546 1123 Academia
1575 1065 1754 1130 sectis,

469 1174 643 1240 Atque
672 1174 830 1236 neget
853 1177 1063 1228 verum,
1094 1160 1236 1215 veris
1265 1159 1403 1213 hunc
1428 1156 1671 1213 laudibus
1701 1163 1875 1209 ornat.

468 1258 647 1317 Stoica
676 1262 801 1327 post
827 1254 978 1320 istos,
1008 1250 1103 1307 sed
1132 1246 1579 1304 concordantibus
1607 1245 1758 1315 ipsis,

469 1346 823 1419 Chrysippus,
855 1343 1145 1410 Zenonque
1173 1340 1367 1394 docent
1390 1345 1653 1408 prmcepta
1684 1343 1888 1391 tenere.

472 1438 689 1496 Exclusi
720 1448 886 1506 prope
903 1436 1011 1504 jam
1037 1430 1245 1503 Cynici,
1275 1429 1371 1486 sed
1402 1429 1588 1483 limiue
1611 1434 1834 1495 restant,

474 1533 573 1586 Ast
604 1529 899 1597 Ep’cureos
928 1522 1169 1578 eliminat
1192 1519 1431 1590 undique
1459 1518 1646 1574 virtus.

546 1621 612 1676 At
643 1626 795 1688 parte
823 1630 890 1671 ex
919 1613 1022 1668 alia
1050 1612 1283 1667 textrino
1315 1610 1484 1679 prima
1511 1609 1786 1663 Minervae.

478 1713 625 1769 Palla
656 1710 804 1766 iovis
824 1707 1029 1775 rutilat,
1054 1705 1208 1774 cujus
1230 1703 1311 1758 bis
1334 1709 1521 1758 coctus
1544 1700 1720 1755 aheno

475 1802 657 1860 Serica
686 1799 939 1857 Sidonius
969 1796 1183 1851 fucabat
1210 1794 1442 1850 stamina
1468 1806 1684 1847 murex.

476 1888 634 1950 Ebria
665 1907 764 1949 nec
794 1892 964 1947 solum
993 1889 1156 1958 spirat
1181 1885 1463 1957 conchylia
1492 1883 1682 1940 sandix
1707 1900 1719 1935 :

477 1983 737 2039 Insertum
769 1994 890 2035 nam
917 1978 1094 2047 fulgur
1121 1975 1301 2041 habet,
1331 1974 1529 2043 filoque
1556 1971 1750 2043 rigenti

477 2075 715 2131 Ardebat
741 2070 1017 2143 gravidum
1041 2070 1107 2123 de
1137 2067 1397 2138 fragmine
1421 2064 1658 2120 fulminis
1683 2070 1909 2118 ostrum.

432 2162 577 2221 ’Hic
602 2161 787 2219 viridis
816 2160 991 2232 patrio
1019 2159 1250 2215 Glaucus
1279 2157 1545 2229 pendebat
1573 2155 1810 2212 amictu:

553 2395 580 2423 ἰ
605 2382 847 2440 Turbato
876 2392 1032 2435 antea
1063 2392 1251 2444 sensu,
1284 2383 1429 2448 pater
1456 2375 1782 2448 quarconsul.
1814 2372 2060 2448 Araneo-

482 2457 547 2512 la:
568 2468 822 2526 proavus,
853 2451 943 2526 qui
971 2442 1419 2526 et_patris'a'vus,.
1451 2442 1695 2514 Agricola
1716 2442 2064 2526 consuline-

479 2512 587 2581 rat:
606 2512 834 2593 Optabat
858 2512 950 2575 illa
973 2512 1259 2593 palmatam
1283 2515 1422 2586 patri
1447 2512 1652 2593 Ieiens,
1674 2522 1731 2567 ut
1756 2520 1907 2583 pater
1932 2512 2059 2593 item

480 2584 669 2653 consul
696 2593 867 2653 fieret,
911 2584 1017 2659 quo
1046 2589 1139 2642 lilii
1168 2584 1421 2654 deinceps
1450 2600 1559 2659 non
1595 2585 1827 2638 abavum
1868 2584 2065 2659 solum,

484 2667 580 2721 sed
609 2677 766 2719 avum
789 2654 952 2716 etiam
984 2673 1137 2713 suum
1166 2659 1441 2711 consulem
1471 2657 1615 2709 ciere
1642 2662 1881 2722 possent.
1914 2654 2068 2721 Agri-

482 2736 603 2792 cola
656 2731 893 2787 Honorio
929 2728 1229 2798 imperante
1272 2724 1425 2849 ]?7
1467 2724 1655 2804 consul
1700 2738 1819 2778 cum
1869 2722 2061 2803 Busta:

482 2806 597 2849 thin
637 2801 810 2849 fuerat
850 2814 991 2849 anno
1036 2797 1160 2849 ΑΜ.
1215 2796 1330 2849 Ρη
1356 2802 1596 2849 ecturam
1638 2792 1778 2848 idem
1825 2802 2059 2849 nraatoru

481 2806 597 2858 thio
637 2801 810 2857 fuerat
850 2792 1160 2853 anno'b‘ﬂ.
1215 2792 1596 2851 Prifecturam
1638 2792 1778 2848 idem
1825 2792 2059 2861 praetorii

484 2874 778 2931 Galliarum
807 2868 1235 2931 praecedentibus
1260 2867 1415 2919 annis
1449 2864 1852 2918 administrarat
1877 2880 1893 2917 :
1918 2862 2062 2931 quod

483 2952 636 3014 patet
659 2956 730 3014 οξ
756 2931 934 3014 edicto
962 2938 1153 3014 ipsius,
1193 2946 1254 3014 et
1274 2934 1499 3014 Palladii
1530 2933 1767 3014 przefecti
1806 2932 1968 3014 Italia:
1996 2931 2065 2985 de

483 3002 676 3067 exsilio
701 3010 898 3078 Pelagii
932 3002 1281 3078 ac'rCtnlestii,
1303 3004 1737 3078 quod_ins_ertum
1768 3011 1850 3055 est
1885 3002 2066 3078 Anna-

1654 318 1897 378 SIDONII
1936 316 2388 375 APOLLINARIS

2062 433 2117 494 Α
2141 426 2425 484 Undabant
2450 424 2536 479 hic
2563 431 2679 479 arte
2711 424 2882 490 sinus,
2908 423 3137 494 fictoque
3163 432 3371 479 tumore

3619 307 3715 363 716

2147 519 2413 575 Mersabat
2443 515 2645 586 pandas
2673 523 2963 585 tempestas
2996 522 3139 569 texta
3171 513 3405 570 carinas.

2149 606 2615 678 Amphitryoniadi
2653 605 2907 676 surgebat
2935 606 3090 661 tertia
3118 606 3287 660 vestis
3321 621 3333 657 :

2148 697 2410 754 Parvulus
2432 696 2520 751 hic
2542 696 2756 766 gemino
2776 695 2982 751 cinctus
3010 704 3261 764 serpente
3288 709 3549 764 noverca),

2152 788 2357 843 Inscius
2379 785 2582 842 arridet
2609 784 2890 848 monstris,
2924 784 3214 853 ludumque
3245 784 3480 854 putando

2158 877 2384 933 Insidias
2412 876 2537 931 dunt
2573 877 2744 932 nescit
2770 886 2935 941 amat,
2977 876 3237 945 vultuque
3274 876 3505 932 dolentis

2158 970 2438 1041 Exstingui
2466 969 2631 1025 deﬂet
2665 984 2800 1039 quos
2826 969 2941 1036 ipse
2963 968 3214 1023 interficit
3234 979 3456 1038 angues.

2152 1063 2421 1119 Praeterea
2451 1061 2654 1133 sparsis
2676 1069 2802 1116 sunt
2830 1061 2945 1116 hazc
2975 1060 3214 1131 subjecta
3243 1059 3447 1131 figuris,

2152 1156 2279 1221 Sus,
2295 1156 2401 1221 leo,
2421 1168 2600 1222 cerva,
2625 1155 2795 1225 gigas,
2820 1161 3027 1219 taurus,
3050 1154 3200 1222 iuga,
3223 1151 3515 1218 Cerberus,
3539 1151 3734 1224 hydra,

2153 1246 2393 1315 Hospes,
2434 1244 2666 1313 Nessus,
2718 1242 2894 1313 Eryx,
2950 1242 3237 1313 volucres,
3287 1242 3488 1311 Thrax,
3531 1243 3736 1307 Cacus,

3381 1331 3670 1397 (Amazon.

2156 1424 2308 1491 Cres,
2334 1422 2550 1490 ﬂuvius,
2582 1421 2727 1485 Libs,
2753 1436 2934 1491 poma,
2968 1421 3159 1495 Lycus,
3184 1423 3355 1490 virgo,
3385 1424 3563 1492 polus,
3584 1425 3739 1477 Oete.

2229 1514 2339 1568 Hoc
2359 1526 2513 1581 opus,
2532 1520 2587 1567 et
2616 1512 2660 1567 si
2688 1512 2817 1582 quid
2844 1522 3111 1583 superest,
3130 1512 3273 1583 quod
3302 1514 3520 1568 nomina
3543 1513 3738 1577 nescit,

2179 1604 2342 1674 379
2368 1601 2629 1671 Virginea:
2660 1617 2886 1672 posuere
2912 1617 3136 1667 manus;
3164 1604 3259 1658 sed
3294 1603 3345 1658 in
3371 1602 3586 1673 agmine
3631 1610 3740 1656 toto

2160 1696 2303 1751 Inter
2318 1693 2609 1763 CecrOpias
2628 1693 3103 1765 Ephyreiadasque
3130 1694 3332 1763 puellas

2088 1798 2135 1859 Β
2163 1787 2425 1844 Araneola
2451 1788 2613 1841 micat
2642 1801 2659 1841 :
2692 1786 2935 1856 proprias
2970 1785 3216 1840 conferre
3246 1785 3451 1841 laborat

2162 1881 2278 1948 Ipsa
2311 1878 2550 1932 Minerva
2575 1890 2787 1943 manus,
2817 1875 3149 1945 calathisque
3175 1876 3348 1931 evicta
3378 1876 3671 1942 recedens,

2160 1970 2294 2025 Cum
2325 1975 2472 2023 tenet
2495 1966 2611 2021 hzec
2638 1967 2793 2034 telas,
2824 1967 2939 2021 vult
2968 1965 3085 2021 haec
3105 1967 3222 2036 plus
3257 1966 3362 2021 tela
3390 1975 3604 2022 tenere.

2160 2061 2258 2116 Hic
2283 2058 2444 2129 igintr
2474 2057 2656 2129 proavi
2687 2056 2899 2112 trabeas
2927 2057 3131 2111 imitata
3160 2057 3416 2124 rigentes,

2163 2161 2189 2188 ἰ
2218 2150 2512 2205 Palmatam
2545 2154 2696 2216 parat
2717 2146 2831 2216 ipsa
2864 2145 3026 2217 patri,
3054 2161 3159 2217 qua
3199 2148 3386 2201 consul
3416 2156 3469 2201 et
3497 2147 3649 2201 idem

2156 2372 2349 2435 printer
2383 2364 2712 2419 necessitates
2740 2363 3001 2435 publicas,
3023 2364 3183 2418 etiam
3219 2364 3466 2435 humana:
3491 2364 3604 2432 ipsi
3625 2382 3746 2419 con-

2156 2433 2437 2489 uersationi
2454 2450 2555 2487 non
2576 2450 2763 2503 parum
2779 2434 3037 2487 credimus
3054 2433 3447 2487 commoditatis
3470 2437 3743 2499 accedere,

2156 2506 2295 2575 quod
2320 2506 2375 2575 in
2395 2504 2743 2575 Con_stantina
2762 2503 2893 2575 urbe
2914 2503 3159 2571 jubentus
3201 2504 3351 2556 annis
3383 2504 3618 2575 singulis
3643 2523 3751 2563 esse

2159 2572 2458 2627 concilium.
2484 2572 2655 2627 Tanta
2686 2574 2823 2627 enim
2853 2573 2956 2626 loci
2986 2574 3371 2641 opportunitas.
3397 2572 3553 2627 tanta
3571 2586 3649 2629 est
3667 2593 3752 2629 co-

2159 2645 2251 2713 pia
2290 2644 2745 2704 commerciorum,
2790 2650 2940 2696 tanta
2980 2644 3094 2697 illic
3124 2643 3417 2713 frequentia
3448 2661 3753 2699 commean-

2162 2715 2320 2785 tium,
2351 2724 2408 2767 ut
2430 2713 2707 2785 quidquid
2729 2730 2952 2785 usquam
2982 2714 3238 2778 nascitur,
3274 2713 3388 2767 illic
3419 2717 3752 2770 commodius

2162 2731 2320 2778 tsum,
2351 2731 2408 2767 ut
2430 2731 2553 2785 quia
2596 2731 2684 2766 uta
2729 2731 2952 2778 usquam
2982 2731 3238 2778 nascttur,
3274 2731 3388 2767 tmc
3419 2731 3752 2770 commoaius

2160 2784 2516 2838 distrahatur.
2778 2781 2961 2854 Neque
3002 2785 3141 2839 enim
3192 2785 3304 2838 ulla
3348 2786 3631 2853 provincia
3682 2787 3756 2839 ita

2160 2856 2418 2922 peculiari
2439 2853 2747 2923 fructus’sui
2767 2853 3019 2921 felicitate
3037 2854 3271 2919 laztatur,
3294 2866 3347 2907 ut
3374 2872 3476 2908 non
3498 2856 3621 2910 haec
3636 2872 3759 2923 pro-

2161 2923 2283 2996 pria
2303 2924 2997 2996 Arelatensisisolicredatur
3013 2941 3123 2996 esse
3136 2924 3453 2992 fecunditas.
3474 2924 3753 2996 Quidquid

2160 2994 2302 3065 enim
2319 2995 2459 3048 dives
2482 2992 2704 3065 Oriens,
2728 2993 2990 3065 quidquid
3011 2994 3263 3047 odoratus
3283 2996 3470 3059 Arabs,
3496 2992 3758 3065 quidquid

485 3062 639 3137 libus?
651 3062 1073 3139 ecclesiasticis;
1105 3083 1161 3129 et
1200 3062 1679 3128 ex'c'onstitutione
1722 3070 2065 3137 imperatoria
2092 3080 2139 3142 ρ
2161 3062 2425 3142 delicatus
2455 3062 2888 3142 Assyriumquod
2915 3063 3099 3142 Africa
3124 3064 3340 3142 fertilis,
3364 3062 3759 3135 quod‘speciosa

487 3150 555 3205 ad
584 3150 887 3216 Agricolam
911 3145 1221 3215 praefectum
1250 3143 1541 3216 Galliarum
1566 3142 1633 3216 de
1653 3142 1859 3209 agendo
1887 3142 2070 3216 singu-

488 3221 555 3275 lis
585 3212 739 3273 annis
775 3212 991 3272 Arelate
1020 3222 1287 3268 conventu
1321 3214 1352 3265 7
1381 3212 1797 3281 provinciarum,
1825 3225 1982 3279 quam
2015 3212 2066 3263 in

488 3290 661 3345 lucem
692 3288 848 3357 primi
878 3284 1145 3357 dederunt
1170 3280 1421 3357 Nicolaus
1448 3280 1685 3357 de_Cu_s_a
1716 3282 1812 3357 lib.
1848 3294 1904 3357 ut
1929 3281 2072 3357 Gon-

488 3349 993 3414 cordiae'catholicm
1021 3354 1111 3416 55,
1144 3362 1199 3408 et
1225 3352 1493 3421 Josephus
1514 3351 1755 3421 Scaliger
1782 3351 1835 3404 iu
1862 3349 2071 3406 Lectio.

489 3429 649 3484 nibus
700 3425 1020 3481 Ausonianis
1049 3423 1144 3477 lib.
1177 3439 1219 3489 ι,
1258 3420 1380 3490 cap.
1412 3420 1505 3489 25,
1551 3420 1645 3475 sed
1677 3420 1809 3475 falsa
1848 3431 2071 3489 uterque

493 3499 863 3567 inscriptione.
906 3494 1002 3567 Est
1040 3493 1359 3567 enim,_non
1407 3491 1747 3567 Constantini
1784 3491 1983 3567 Magni,
2017 3498 2074 3544 ut

488 3561 733 3624 Cusan'us
758 3566 986 3629 censuit,
1020 3578 1192 3631 neque
1216 3562 1554 3618 Constantini
1587 3562 1819 3631 tyranni,
1848 3569 1908 3614 ut
1935 3561 2067 3615 Sca-

490 3638 856 3709 ligerovisum
886 3642 989 3709 est,
1020 3630 1115 3688 sed
1142 3632 1374 3709 _l_Ionorii_
1401 3630 1645 3709 Augusti,
1672 3631 1754 3685 vel
1786 3630 2074 3709 IIincmaro

491 3700 629 3763 “Sst
658 3708 711 3762 in
739 3708 898 3776 epist.
930 3706 1037 3776 (iet
1057 3703 1242 3776 codice
1268 3700 1499 3776 antiquo
1516 3700 1843 3776 Arelatensi,
1875 3714 1942 3776 e_x
1967 3713 2074 3776 quo

490 3779 756 3846 integrum
776 3768 1195 3846 constitutionis
1231 3772 1558 3846 exemplum,
1590 3768 1835 3846 quod_V_.
1883 3769 2075 3846 C.‘N_i-

492 3837 632 3902 colui
662 3845 891 3899 Fabricii
922 3840 1199 3897 Pereschii
1220 3837 1486 3895 senatoris
1517 3837 1786 3911 Aqitensis
1815 3837 2076 3893 beneficio

493 3924 683 3971 nactus
720 3929 862 3979 sum,
903 3912 1006 3965 hnc
1053 3912 1169 3965 loco
1215 3911 1521 3979 subjiciam,
1572 3909 1808 3980 quodin
1849 3922 1915 3963 eo
1969 3923 2075 3963 non

496 4000 660 4056 pauca
696 3983 825 4050 sint,
862 3995 1022 4053 quam
1061 3980 1117 4035 in
1147 3980 1407 4036 hactenus
1436 3979 1615 4049 editis,
1644 3979 1864 4034 meliora
1894 3988 1949 4035 et
1980 3991 2079 4033 au-

492 4057 684 4111 ctiora.

566 4159 823 4203 HONORIUS
856 4159 925 4201 ET
961 4156 1283 4199 ‘I‘BEODOSIUS
1316 4156 1539 4197 AUGUST.
1569 4155 1623 4197 ν.
1656 4154 1695 4195 1ο
1728 4152 2006 4195 Αειιιοοιιε

966 4228 1257 4268 ΡΒΞΡΕΩΤΟ
1279 4225 1582 4267 ρΔιιιΑιιυιι
1592 4248 1606 4263 .

572 4326 924 4385 Saluberrima
951 4322 1340 4393 magniﬁcentia:
1371 4330 1472 4376 tute
1498 4322 1826 4393 suggestione
1849 4321 1981 4375 inter
2004 4337 2080 4375 re.

498 4400 666 4470 liquas
685 4396 903 4470 reipubl.
931 4391 1459 4470 utilitatesccidenter
1489 4391 1741 4457 instructi,
1765 4391 2078 4470 observanda

498 4460 897 4542 provincialibus
938 4465 1146 4529 nostris,
1188 4462 1361 4542 idLest
1402 4478 1491 4542 per
1532 4470 1725 4542 septem
1764 4460 2071 4542 provincias,

498 4531 743 4593 mansura
780 4538 835 4590 in
864 4551 1027 4591 tecum
1072 4533 1378 4586 auctoritate
1403 4531 1747 4597 decernimus,
1776 4531 1913 4602 quod
1959 4547 2075 4602 spe-

496 4610 607 4661 rari
646 4608 799 4676 plane
824 4607 889 4659 ab
911 4606 1038 4673 ipsis
1067 4602 1462 4676 prouincialibus
1487 4602 1756 4676 debuisset.
1781 4601 1930 4676 Nam
1953 4617 2072 4676 cum

498 4672 711 4749 propter
738 4672 962 4744 privatas
1006 4672 1075 4749 ac
1096 4672 1326 4749 publicas
1374 4674 1714 4749 necessitates,
1736 4672 1819 4749 __de
1853 4672 2072 4749 singulis

498 4742 806 4807 civitatibus,
834 4760 933 4796 non
962 4745 1127 4797 solum
1172 4744 1236 4797 de
1272 4743 1549 4811 provinciis
1576 4742 1810 4812 singulis,
1843 4743 1911 4794 ad
1940 4758 2069 4796 exa-

498 4832 616 4870 men
660 4813 1049 4883 magniﬁcentia:
1090 4822 1189 4865 tute
1230 4814 1307 4865 vel
1342 4813 1618 4865 honoratos
1658 4815 1944 4883 conﬂuere,
1992 4813 2070 4867 uel

498 4888 631 4940 mitti
659 4882 871 4955 legatos,
903 4892 992 4935 aut
1022 4883 1612 4955 possessorumutilitas,
1643 4892 1732 4935 aut
1753 4882 2068 4950 publicarum

497 4958 633 5010 ratio
662 4953 839 5027 erigat
860 4955 1179 5022 functionum
1208 4966 1227 5005 :
1249 4953 1470 5005 maxime
1510 4962 1851 5027 opportunum
1874 4962 1921 5027 et
1950 4968 2071 5027 con-

499 5027 721 5080 ducibile
737 5022 1033 5095 iudicamus
1067 5030 1143 5095 ut,
1184 5031 1383 5075 seruata
1409 5022 1617 5095 posthac
1658 5022 2072 5095 annisusingulis

498 5091 886 5158 consuetudine,
914 5093 1188 5146 constituto
1226 5104 1448 5161 temmre
1483 5093 1538 5145 in
1570 5093 1985 5161 metropolitano,
2017 5091 2072 5145 id

496 5175 572 5243 est
610 5167 663 5219 in
694 5163 987 5243 Arelatensi
1008 5164 1147 5226 urbe,
1180 5163 1431 5243 incipiant
1456 5163 1946 5243 septemprocincite
1974 5162 2073 5243 ha-

499 5239 613 5290 bere
633 5234 924 5291 concilium.
959 5231 1023 5286 In
1046 5249 1145 5303 quo
1170 5233 1322 5303 plane
1344 5242 1448 5285 tam
1476 5231 1691 5303 singulis
1720 5246 1873 5301 quam
1909 5233 2075 5285 omni-

499 5308 592 5361 bus
622 5320 889 5360 commune
912 5300 1243 5357 consulimus.
1277 5300 1509 5356 Primum
1534 5300 1586 5355 ut
1620 5303 1923 5372 optimorum
1951 5317 2073 5356 con-

499 5387 649 5431 uentu
677 5376 769 5430 sub
792 5374 977 5428 illustri
999 5373 1266 5441 prtcsentia
1287 5377 1625 5443 praefecturis,
1645 5374 1689 5424 si
1713 5373 1768 5425 id
1791 5382 1960 5426 tamen
1981 5388 2071 5425 ra-

500 5449 571 5501 tio
599 5447 818 5517 publicte
846 5442 1193 5515 dispositionis
1223 5442 1483 5517 obtulerit,
1517 5443 1851 5517 saluberrima
1877 5442 1939 5495 de
1966 5444 2068 5496 siu-

501 5511 636 5587 gulis
650 5518 791 5571 rebus
809 5511 1000 5585 possint
1019 5529 1127 5567 esse
1139 5513 1369 5587 consilia.
1392 5511 1521 5565 Tum
1536 5513 1781 5587 quidquid
1802 5522 2073 5587 tractatum

506 5582 680 5654 fuerit,
721 5594 767 5638 et
799 5582 1041 5638 discussis
1079 5582 1364 5637 ratiociniis
1400 5585 1749 5647 constitutum,
1781 5599 1873 5636 nec
1917 5585 2074 5636 latere

505 5656 727 5721 potiores
751 5656 1039 5724 provincias
1062 5654 1262 5723 poterit,
1296 5663 1347 5706 et
1384 5668 1560 5721 parem
1606 5668 1805 5707 necesse
1837 5662 1909 5707 est
1941 5655 2072 5707 inter

503 5724 731 5777 absentes
751 5725 999 5792 cquitatis
1021 5725 1237 5793 formam
1251 5726 1563 5794 just'tithue
1589 5724 1797 5777 servari.
1825 5724 1898 5777 Ac
1923 5726 2075 5793 plane

2174 3138 2625 3208 Hispania,_quod
2652 3138 2801 3208 fortis
2833 3137 3006 3191 Gallia
3032 3147 3194 3208 potest
3215 3140 3398 3190 habere
3417 3143 3750 3206 prttclarunt,

2172 3211 2246 3262 ita
2273 3204 2381 3261 illic
2419 3204 2619 3273 alfatim
2652 3204 2921 3271 exuberat,
2948 3204 3097 3276 quasi
3144 3208 3213 3261 ibi
3235 3204 3525 3276 nascantur
3563 3204 3751 3271 omnia,

2206 3293 2286 3332 uae
2313 3276 2495 3340 ubique
2520 3285 2718 3348 cgnstat
2759 3293 2866 3331 esse
2895 3275 3187 3348 magni/ica.
3216 3275 3338 3329 lam
3368 3292 3483 3329 vero
3506 3279 3756 3332 decursus

2206 3296 2286 3332 ua.-
2313 3296 2495 3340 umque
2520 3296 2718 3329 constat
2759 3296 2866 3331 esse
2895 3296 3187 3348 magntpca.
3216 3296 3338 3329 Jam
3368 3296 3483 3329 vero
3506 3296 3755 3332 aecursus

2172 3296 2443 3413 gihodani,
2475 3354 2521 3399 et
2547 3345 2787 3400 Tirrheni
2815 3363 3072 3410 recursus,
3098 3364 3294 3400 necesse
3323 3356 3398 3400 est
3438 3362 3495 3399 ut
3526 3350 3755 3401 vicinum

2175 3418 2389 3485 faciant,
2413 3433 2473 3469 ac
2498 3432 2623 3485 pene
2644 3418 3029 3481 conterminum,
3057 3416 3135 3471 vel
3154 3419 3291 3481 quod
3313 3418 3405 3469 iste
3424 3420 3753 3485 praeterﬂuit,

2173 3490 2252 3541 vel
2291 3487 2379 3540 ille
2425 3488 2562 3557 quod
2602 3488 2799 3540 circuit.
2849 3486 2977 3540 Cum
3013 3503 3133 3557 ergo
3176 3487 3292 3557 huic
3334 3485 3514 3539 serviat
3570 3490 3756 3542 civitati

2175 3557 2421 3625 quidquid
2446 3556 2590 3609 habet
2621 3566 2755 3610 terra
2778 3556 3115 3625 prtccipuuni,
3155 3556 3223 3609 ad
3260 3557 3391 3609 hanc
3416 3557 3557 3623 velo,
3592 3573 3749 3625 remo,

2174 3628 2425 3692 uehiculo,
2452 3634 2611 3693 terra,
2642 3627 2794 3691 mari,
2825 3626 3038 3692 ﬂumine
3065 3628 3347 3696 deferatur,
3372 3627 3632 3696 quidquid
3658 3629 3753 3680 sin-

2175 3698 2309 3766 gulis
2334 3698 2561 3750 nascitur
2594 3710 2614 3750 :
2643 3696 2901 3765 quomodo
2935 3712 3038 3749 non
3068 3698 3281 3750 multum
3306 3696 3400 3748 sibi
3432 3695 3628 3751 Gallice
3681 3713 3754 3750 ιο-

2176 3776 2295 3820 strte
2317 3767 2600 3834 pra’stitum
2621 3766 2853 3832 credant,
2876 3782 2991 3837 cum
3012 3768 3066 3821 in
3085 3783 3143 3819 ea
3169 3767 3370 3819 civitate
3390 3768 3754 3837 prccipiamus

2178 3851 2284 3890 esse
2327 3845 2645 3900 concentum,
2676 3837 2730 3889 in
2774 3852 2875 3903 qua
2920 3836 3093 3889 divino
3132 3836 3505 3905 quodammodo
3546 3836 3755 3890 munere

2178 3907 2596 3959 commoditatum
2648 3914 2698 3958 et
2744 3906 3161 3960 commerciorum
3207 3906 3568 3974 opportunitas
3615 3917 3753 3959 tanta

2177 3977 2487 4045 prtestatur?
2509 3974 2916 4045 Siquidemhoc,
2937 3974 3230 4029 rationabili
3260 3975 3412 4045 plane
3442 3977 3755 4045 probatoque

2179 4043 2413 4110 consilio,
2431 4046 2543 4114 jam
2572 4043 2619 4098 et
2644 4044 2720 4098 uir
2748 4043 2961 4098 illustris
2988 4043 3563 4115 pra'fectus‘Petronius
3587 4043 3756 4100 obser—

2179 4116 2289 4169 uari
2322 4115 2503 4168 debere
2530 4115 2825 4183 pra'ceperit
2851 4116 3025 4179 :quod
3058 4116 3423 4185 interpolatum
3449 4118 3524 4168 vel
3559 4118 3755 4169 incuria

2180 4199 2484 4255 temporum,
2518 4186 2594 4238 vel
2620 4185 2817 4238 desidia
2840 4194 3178 4253 tyrannorum
3206 4188 3434 4255 reparari
3454 4187 3611 4255 solita
3636 4203 3756 4252 pru-

2180 4254 2367 4326 dentia:
2397 4263 2584 4308 nostra:
2608 4254 3271 4326 auctoritateidecernimus,
3303 4254 3545 4326 Agricola
3574 4272 3756 4325 parens

2182 4325 2444 4403 carissime
2479 4335 2631 4406 atque
2668 4325 3033 4405 amantissime.
3080 4324 3227 4379 Unde
3254 4324 3474 4378 illustris
3514 4326 3755 4406 magniﬁ-

2184 4395 2349 4448 centia
2380 4404 2467 4448 tua
2502 4405 2548 4448 et
2581 4394 2714 4448 hanc
2740 4394 3129 4463 praeceptionem
3174 4405 3418 4461 nostram,
3451 4406 3499 4447 et
3531 4394 3755 4463 priorem

2178 4465 2453 4547 sedissua:
2481 4465 3099 4547 dispositio‘nem‘secuta,
3134 4463 3190 4547 id
3218 4474 3520 4547 per-septem
3549 4466 3756 4547 provin-

2174 4536 2281 4588 cias
2310 4534 2365 4587 in
2399 4534 2699 4605 perpetuum
2729 4535 2879 4605 faciet
2903 4535 3168 4605 custodiri,
3200 4544 3255 4588 ut
3276 4534 3339 4587 ab
3372 4534 3753 4605 idibus’Augu-

2174 4605 2261 4675 sti,
2298 4604 2678 4675 quibuscunque
2711 4604 2889 4659 mediis
2931 4604 3132 4675 diebus,
3173 4605 3227 4659 in
3258 4606 3377 4659 idus
3409 4604 3753 4674 Septembris,

2173 4674 2227 4757 in
2256 4673 2572 4757 Ιᾼνειαςεηεί.
2594 4674 2717 4729 urbe
2754 4676 2985 4756 nouerint
3018 4673 3256 4729 honorati
3296 4675 3375 4757 uel
3414 4673 3753 4757 possessores,

2162 4743 2370 4814 judices
2398 4744 2722 4813 singularum
2759 4744 3157 4814 prouinciarum,
3190 4747 3341 4814 anuis
3381 4743 3603 4814 singulis
3632 4761 3755 4798 con-

2172 4816 2349 4867 cilium
2387 4830 2494 4868 esse
2520 4813 2844 4868 servandum.
2886 4813 2973 4867 Ita
3000 4822 3057 4866 ut
3093 4817 3155 4867 de
3199 4813 3666 4883 Novempopulana
3704 4825 3749 4867 et

2170 4883 2394 4937 secunda
2430 4885 2725 4955 Aquitania,
2765 4898 2879 4952 qua:
2913 4884 3188 4952 provincia:
3229 4886 3429 4955 longius
3468 4886 3755 4939 constituta:

2172 4964 2312 5020 sunt,
2352 4955 2395 5008 si
2424 4970 2599 5007 earum
2615 4954 2820 5024 judices
2845 4965 2980 5007 certa
3012 4954 3278 5022 occupatio
3318 4954 3549 5019 tenuerit,
3590 4956 3755 5008 sciant

2174 5024 2368 5095 legatos
2388 5026 2543 5095 juxta
2578 5024 2991 5095 consuetudinem
3018 5040 3125 5077 esse
3163 5025 3455 5079 mittendos.
3486 5024 3601 5090 Qua
3644 5040 3757 5093 pro-

2173 5094 2366 5165 uisione
2392 5094 2679 5163 plurimum
2721 5102 2770 5165 et
2799 5094 3193 5162 provincialibus
3224 5096 3411 5148 nostris
3450 5096 3631 5165 gratia:
3662 5109 3753 5165 nos

2183 5164 2516 5233 intelligimus
2542 5164 2879 5232 utilitatisque
2906 5174 3171 5233 prwstare,
3210 5173 3257 5219 et
3298 5164 3584 5219 Arelatensi
3615 5164 3752 5227 urbi,

2176 5234 2323 5303 cujus
2351 5234 2493 5303 ﬁdei,
2535 5235 2815 5287 secundum
2854 5235 3141 5288 testimonia
3181 5243 3332 5301 atque
3366 5234 3620 5304 suffragia
3660 5250 3753 5301 pa-

2178 5304 2333 5357 rentis
2371 5305 2673 5374 patriciique
2706 5305 2887 5369 nostri,
2929 5305 3093 5374 multa
3134 5304 3396 5371 debemus,
3438 5321 3537 5359 non
3568 5320 3753 5372 parum

2180 5373 2403 5441 adjicere
2432 5390 2522 5428 nos
2554 5383 2749 5428 constat
2779 5374 3005 5428 ornatui.
3040 5373 3182 5429 Sciat
3209 5385 3382 5428 autem
3421 5374 3752 5443 magniﬁcen-

2182 5445 2254 5495 tia
2276 5452 2363 5496 tua
2383 5446 2553 5509 quinis
2586 5445 2699 5498 auri
2730 5443 2869 5498 libris
2891 5445 3119 5514 judicem
3149 5461 3254 5499 esse
3274 5443 3619 5501 multandum.
3648 5454 3751 5495 ter-

2180 5514 2255 5567 nis
2295 5514 2569 5567 honoratos
2600 5517 2679 5568 vel
2728 5515 2966 5578 curiales,
2998 5515 3086 5582 qui
3121 5516 3188 5566 ad
3218 5517 3539 5569 constitutum
3578 5515 3752 5566 locum

2177 5584 2314 5635 intra
2335 5584 2598 5652 deﬁnitum
2622 5595 2817 5651 tempus
2838 5581 3016 5637 venire,
3032 5584 3345 5639 dis‘ulerint.
3384 5584 3516 5637 Data
3547 5599 3620 5636 xv
3644 5581 3749 5635 cui.

2181 5652 2371 5719 Maias,
2414 5669 2599 5721 accepa
2634 5654 2771 5707 Arel.
2816 5669 2849 5708 ι
2889 5654 2987 5706 cal.
3021 5653 3224 5708 lunias.
3261 5654 3379 5709 DD.
3405 5653 3529 5710 NN.
3562 5652 3749 5705 Hom

2182 5726 2259 5778 rio
2289 5738 2360 5778 ιιι
2391 5734 2438 5778 et
2467 5724 2753 5778 Theodosio
2782 5738 2868 5781 vm
2898 5726 3059 5794 Augg.
3094 5740 3224 5779 coss.
