4002 6188
254 361 364 415 ἨἸ

254 472 573 543 Agricolam
602 469 880 538 contingat
908 480 1087 532 avum,
1123 464 1423 533 doceatque
1460 468 1680 530 nepotes

257 566 383 620 Non
411 562 563 617 abavi
594 560 787 625 solum,
818 558 912 613 sed
943 556 1029 612 avi
1058 571 1271 627 quoque
1296 556 1525 625 iungere
1557 552 1751 606 fasces.

257 658 544 713 Texuerat
574 662 752 707 tamen
782 663 837 706 et
876 648 1212 720 chlamydes,
1253 648 1445 718 quibus
1472 644 1565 699 ille
1608 640 1862 713 magister

260 748 374 803 Per
400 744 732 799 Tartesiacas
762 748 1086 810 conspectus
1125 738 1396 808 splenduit
1426 737 1610 801 urbes,

262 841 339 895 Et
365 837 555 909 quibus
576 835 798 905 ingesta:
826 833 927 888 sub
954 840 1195 901 tempore
1218 829 1551 900 praefecturae

264 928 627 998 Οοιιερίοιιυς,
656 932 873 980 sanctas
900 938 960 978 se
984 922 1159 978 reddit
1200 921 1428 991 praesule
1460 920 1625 989 leges.

266 1023 521 1077 Attamen
552 1020 604 1071 in
636 1016 820 1072 trabea
844 1024 1122 1085 segmento
1150 1014 1351 1067 luserat
1375 1012 1506 1075 alto,

277 1110 437 1178 Quod
469 1108 659 1180 priscis
692 1106 900 1160 illustre
931 1106 1082 1159 toris.
1116 1103 1373 1158 Ithacesia
1407 1101 1639 1172 primum

266 1202 500 1268 Fabula,
534 1197 870 1267 Dulichiique
892 1196 1034 1250 lares
1058 1194 1380 1262 formantur,
1413 1202 1467 1248 et
1497 1193 1665 1261 ipsam

272 1292 585 1361 Penelopen
615 1289 793 1345 tardas
825 1289 960 1344 texit
987 1288 1263 1343 distexere
1294 1287 1444 1341 telas.

268 1385 544 1440 Taenaron
574 1382 661 1438 hic
693 1381 913 1448 frustra,
945 1381 1026 1435 bis
1051 1388 1203 1449 rapta
1228 1376 1477 1447 conjuge,
1508 1375 1690 1445 pulsat

268 1476 461 1531 Thrax
490 1472 706 1537 fidibus,
737 1472 908 1541 legem
931 1478 1212 1540 pzistquam
1242 1466 1524 1522 temeravit
1544 1464 1762 1529 Averni,

274 1568 355 1624 Et
375 1566 625 1637 prodesse
654 1572 866 1634 putans,
900 1562 1092 1616 iterum
1116 1574 1221 1614 non
1245 1557 1461 1628 respicit
1491 1556 1733 1611 umbram

281 1659 386 1713 Hic
412 1665 568 1711 vovet
595 1655 807 1709 Alceste
832 1652 1053 1722 praelato
1076 1650 1304 1720 conjuge
1330 1650 1490 1703 vitam

276 1750 555 1816 Rumpere
589 1762 602 1798 :
637 1759 796 1814 quam
834 1756 1026 1799 cernas
1055 1742 1343 1796 Parcarum
1374 1739 1573 1795 vellere
1597 1737 1653 1793 in
1680 1737 1798 1808 ipso

274 1837 530 1894 Nondum
562 1844 865 1905 pernetam,
894 1832 1005 1887 fato
1032 1839 1317 1901 praestante
1345 1832 1590 1885 salutem.

274 1934 382 1988 llic
408 1946 511 1987 nox
537 1938 780 1985 natarum
808 1929 969 1983 Danai
996 1927 1209 1983 lucebat
1241 1928 1296 1981 in
1327 1940 1482 1991 auro,

281 2024 682 2094 Quinquaginta
711 2036 867 2077 enses
895 2022 1105 2091 genitor
1133 2020 1327 2091 quibus
1352 2019 1547 2089 impius
1575 2026 1745 2086 aptat,

284 2116 365 2171 Et
387 2115 477 2169 dat
502 2112 823 2169 concordem
849 2111 1115 2167 discordia
1145 2110 1291 2181 jussa
1322 2112 1575 2164 furorem.

280 2206 449 2263 Solus
470 2205 903 2273 Hypermnestrae
931 2211 1177 2257 servatus
1206 2214 1429 2255 munere
1459 2199 1705 2269 Lynceus

274 2298 507 2368 Effugit,
537 2295 767 2366 aspicias
791 2294 937 2349 illam
970 2292 1075 2349 sibi
1104 2308 1263 2363 parva
1285 2300 1593 2362 paventem,

274 2388 354 2442 Bt
379 2402 472 2457 pro
501 2386 723 2441 dimisso
746 2392 949 2438 tantum
977 2383 1179 2453 pallere
1200 2381 1409 2436 marito.

273 2479 512 2546 Jamque
531 2477 718 2531 Jovem
748 2476 800 2530 in
825 2474 1027 2529 formas
1055 2482 1242 2537 mutat,
1267 2474 1462 2544 quibus
1492 2474 1585 2528 ille
1616 2482 1799 2528 tenere

270 2566 446 2637 380
488 2566 914 2636 Mnemosynem,
966 2564 1257 2634 Europam,
1309 2564 1579 2628 Semelen,
1640 2562 1865 2627 Ledam,

1410 2654 1791 2728 [Cynosuram,

276 2746 551 2816 Serpens,
584 2746 703 2813 bos,
730 2745 954 2814 fulmen,
983 2760 1210 2818 cygnus,
1238 2747 1497 2818 Dictynna
1524 2746 1752 2803 solebat.

280 2838 518 2909 Jamque
557 2853 689 2910 opus
719 2839 771 2894 in
801 2848 1005 2897 turrem
1051 2840 1265 2904 Danam,
1295 2839 1640 2910 pluviamque
1669 2839 1870 2894 metalli

273 2931 421 2993 Ibat,
450 2942 505 2986 et
529 2932 613 2985 hic
635 2931 739 2985 alio
766 2931 1000 2985 stillabat
1025 2930 1270 3001 Iuppiter
1290 2944 1443 2986 auro.

274 3021 419 3075 Cum
452 3023 601 3091 virgo
628 3020 896 3091 aspiciens
926 3022 1057 3077 vidit
1083 3023 1362 3077 Tritonida
1384 3036 1544 3079 verso

275 3110 534 3180 Lumine,
560 3111 866 3165 doctisenas
893 3123 1137 3180 spectare
1160 3111 1416 3167 libentius
1442 3121 1587 3167 artes
1618 3129 1630 3163 :

275 3202 597 3257 Commutat
621 3213 887 3257 commota
917 3216 1127 3267 manus,
1161 3217 1224 3257 ac
1251 3203 1444 3272 pollice
1471 3202 1633 3258 docto

277 3296 516 3365 Pingere
542 3305 569 3332 ι
596 3294 898 3364 philosophi
922 3293 1197 3349 victricem
1228 3296 1243 3326 ¹
1268 3294 1434 3349 Laida
1462 3293 1649 3363 erepit,

279 3387 417 3453 Quae
447 3384 632 3455 Cynici
664 3399 758 3454 per
785 3394 965 3438 menta
994 3383 1116 3449 feri,
1142 3394 1445 3455 rugOsaque
1470 3386 1627 3451 colla,

281 3476 449 3545 Rupit
470 3474 746 3529 odoratam
772 3475 1032 3529 redolenti
1059 3473 1264 3545 forcipe
1294 3475 1537 3530 barbam.

280 3566 521 3621 Subrisit
550 3562 748 3630 Pallas,
771 3574 1027 3636 castoque
1057 3566 1171 3621 haec
1196 3566 1402 3621 addidit
1428 3581 1525 3622 ore
1553 3583 1568 3622 :

282 3658 401 3712 Non
425 3665 613 3711 nostra
645 3656 870 3711 ulterius
900 3656 1102 3711 ridebis
1129 3657 1397 3727 dogmata,
1426 3660 1580 3729 virgo

280 3748 616 3817 Philosomto
647 3756 879 3818 nuptura
902 3763 1055 3814 meo;
1090 3764 1243 3819 mage
1276 3751 1523 3806 ﬂammea
1554 3766 1797 3817 sumens,

281 3841 398 3897 lloc
429 3850 604 3895 mater
630 3841 749 3895 sine
775 3850 917 3895 texat
942 3854 1097 3910 opus.
1131 3840 1406 3911 Consurge
1437 3842 1729 3912 sophorum

283 3932 577 4001 Egregium
603 3929 809 3986 Polemi
832 3933 1016 3997 det-us,
1049 3946 1112 3987 ac
1144 3947 1285 3988 nunc
1307 3933 1474 3988 stoica
1505 3934 1719 3990 tandem

282 4024 432 4081 Pone
471 4023 785 4091 supercilia,
818 4031 873 4078 et
901 4020 1132 4093 Cynicos
1166 4024 1401 4080 imitatus
1428 4035 1694 4092 amantes,

282 4115 519 4186 Incipias
558 4115 752 4169 iterum
786 4130 1007 4185 parvum
1038 4116 1166 4170 mihi
1202 4117 1345 4173 ferre
1374 4118 1622 4173 Platona.

282 4206 592 4262 "terentem
620 4206 712 4259 tali
741 4206 1026 4275 compellat
1052 4221 1185 4262 voce
1224 4208 1513 4277 magister;

284 4297 457 4368 Perge
487 4295 689 4363 libens,
719 4312 821 4353 neu
855 4307 908 4352 lu
930 4298 1152 4352 damnes
1175 4297 1595 4369 fortassejugari

354 4522 412 4577 Is
450 4521 552 4576 fuit
590 4536 762 4576 annus
802 4519 1394 4593 ChristiDinnysianus
1421 4523 1546 4579 418.
1606 4524 1663 4578 In
1704 4523 1876 4580 altero

287 4593 480 4651 codice
508 4592 935 4664 Antisiodorensi
973 4594 1159 4646 eadem
1182 4592 1518 4649 constitutio
1553 4594 1747 4648 factum
1787 4610 1883 4664 ap—

289 4666 550 4735 pellatur,
582 4663 960 4735 abiﬂincmaro
1004 4664 1258 4718 edictum.
1292 4664 1369 4735 Ex
1401 4666 1530 4735 ipsis
1558 4676 1735 4719 autem
1765 4663 1882 4735 ejus

289 4732 497 4805 verbis,
529 4741 584 4785 ut
621 4733 929 4805 aliadesint
951 4744 1287 4801 argumenta,
1316 4732 1470 4788 facile
1494 4744 1579 4789 est
1605 4732 1880 4805 colligere,

292 4804 572 4874 illamnec
610 4803 674 4857 ad
703 4803 1113 4874 ,Con5tantintnn
1148 4813 1432 4874 tyranuum
1463 4805 1653 4859 referri
1696 4803 1878 4874 posse,

290 4889 418 4928 cum
450 4873 610 4940 hujus
648 4873 979 4941 aliorumque
1007 4873 1351 4943 tyrannorum
1391 4875 1651 4929 desidiam
1694 4873 1878 4941 natet;

294 4959 397 4997 nec
412 4944 492 5015 ad
521 4944 927 5015 constantinum
959 4943 1229 5009 Magnum,
1258 4945 1500 5013 quamvis
1534 4947 1620 4999 hic
1651 4947 1882 5015 primum

294 5012 714 5085 Arelatensium
742 5013 860 5066 urbi
892 5012 1262 5068 Constantina:
1304 5030 1496 5069 nomen
1538 5012 1879 5085 imposuerit,

298 5098 423 5135 cum
474 5081 611 5136 infra
669 5082 784 5150 ejus
850 5092 1063 5136 :etatrm
1109 5099 1213 5138 non
1272 5085 1446 5138 soluat
1496 5081 1778 5141 Petronius
1831 5081 1884 5141 et

303 5152 465 5222 148
511 5152 754 5225 Agricola
794 5151 1276 5225 prmfecti,_vcrum
1308 5158 1466 5209 etiam
1505 5166 1709 5225 septem
1756 5157 1884 5212 Gal-

298 5220 397 5274 l'tle'
417 5220 810 5289 provinciarum
843 5221 1036 5276 divisio
1061 5222 1239 5276 fuerit.

372 5294 703 5366 ‘_Diogeni_s,
727 5307 763 5366 _a
796 5308 901 5360 quo
941 5292 1156 5366 Laidem
1201 5308 1421 5348 uxorem
1459 5294 1671 5349 ductam
1704 5297 1884 5366 prodit

299 5360 587 5445 LUCiilltus,
609 5363 835 5449 ’Δλρθρῦς
859 5364 1105 5449 ‘laropia;
1128 5379 1183 5449 lt".
1215 5367 1443 5434 Διογένης
1464 5366 1608 5449 μένηὸ
1631 5360 1881 5449 numera-bc

297 5438 541 5506 τοσοῦςτον
552 5432 795 5506 μεῖέϐαλξ
808 5432 1121 5506 τῇοῦᾼτρᾶπου,
1144 5436 1275 5488 ὥστε
1293 5432 1630 5506 ἀήμαιλαῖδα
1639 5443 1728 5496 τὴν
1745 5439 1884 5492 ἑταί-

298 5521 417 5574 ραν,
441 5503 717 5577 ὀρχεῖσθαι
744 5504 795 5557 τί
821 5503 922 5556 ὐπὸ
944 5503 1108 5575 μέθης
1138 5503 1464 5576 ἀνιστάμὲνον
1490 5510 1568 5561 καὶ
1594 5517 1878 5581 παροινεῖν.

370 5636 383 5665 ¹
416 5633 693 5709 Fabricius
731 5632 866 5709 Bibl.
899 5634 1005 5709 Gr1
1025 5645 1152 5691 tom.
1192 5637 1280 5701 Ill,
1322 5654 1440 5709 pag.
1470 5639 1597 5704 497,
1645 5638 1878 5693 miratur

301 5701 645 5757 Sirmondum
692 5704 759 5758 ad
799 5705 937 5759 hunc
975 5706 1176 5761 Sidonii
1210 5701 1702 5764 lo-n'tn'adnotasse
1747 5710 1873 5765 Lai-

301 5776 420 5830 dem
447 5775 503 5829 in
523 5787 747 5830 uxorem
766 5774 978 5829 ductam
1007 5792 1037 5833 a
1070 5778 1299 5846 Diogene
1330 5780 1527 5850 Cynico
1550 5796 1616 5835 ex
1647 5780 1867 5835 Luciani

1714 339 2041 397 CARMINA.

1888 462 1940 518 Α
1967 454 2116 520 Quod
2147 462 2331 508 noster
2353 451 2508 521 jubet
2530 449 2619 505 ille
2642 464 2826 516 senex,
2851 451 2939 521 qui
2962 464 3066 506 non
3099 450 3249 521 piger
3270 450 3448 505 hausit

1904 4465 1959 4526 D

3448 337 3550 391 713

1967 548 2196 603 Numina
2223 545 2589 601 condemnans
2616 543 2795 612 Anyto
2824 543 3054 612 pallente
3083 556 3371 599 venenum.

1967 642 2223 705 Dixerat;
2256 639 2353 694 ille
2386 637 2544 693 simul
2573 636 2765 706 surgit,
2794 636 3053 706 vultuque
3076 637 3321 692 modesto

1967 731 2182 788 Tetrica
2210 730 2430 785 nodosae
2458 727 2802 785 commendat
2832 728 2991 796 pallia
3018 730 3203 784 clavae.

1969 823 2265 879 Amborum
2297 829 2407 876 tum
2434 819 2560 875 diva
2587 832 2770 873 comas
2796 817 3080 873 viridantis
3112 818 3271 874 olivae

1969 913 2106 967 Pace
2138 913 2287 981 ligat,
2319 908 2487 965 nectit
2513 909 2749 973 dextras,
2781 923 2842 962 ac
2867 907 3069 963 fcedera
3098 908 3337 976 mandat,

1967 1002 2321 1073 Nymphidius
2350 1016 2470 1072 qua:
2500 1008 2685 1055 cernat
2714 1013 2874 1063 avus,
2905 1000 3096 1068 probat
3120 1001 3355 1070 Atropos
3374 1018 3552 1070 omen,

1969 1093 2238 1164 Fulvaque
2264 1090 2563 1149 concordes
2583 1090 2885 1160 junxerunt
2918 1090 3006 1145 ﬁla
3036 1090 3285 1148 Sorores.

2420 1221 2591 1293 κει
2625 1219 2909 1277 CARMEN
2951 1220 3092 1275 xvr.

2015 1336 2041 1375 δ
2074 1350 2494 1393 Ευοελιιιετιουη
2524 1351 2593 1389 an
2632 1349 2871 1390 raus'ruu
2902 1350 3166 1390 ItElENSl-Ilt
3206 1351 3511 1394 EPISCOPUII.

1971 1469 2233 1525 Pbmbum
2262 1477 2316 1524 et
2344 1478 2426 1523 ter
2459 1474 2640 1522 ternas
2669 1466 2876 1522 decima
2906 1482 3026 1522 cum
3058 1467 3273 1525 Pallade
3295 1470 3495 1536 Musas,

1969 1562 2313 1633 Orpheaque,
2342 1569 2398 1616 et
2424 1561 2637 1615 laticem
2660 1560 2966 1615 simulatum
3000 1561 3158 1617 fontis
3184 1563 3385 1632 equini,

1970 1652 2578 1725 Ogygiamque’chelyn,
2602 1652 2731 1723 jquas
2760 1667 2889 1707 saxa
2920 1654 3169 1723 sequacia
3195 1654 3419 1711 ﬂectens
3444 1645 3450 1651 ’

1971 1746 2249 1814 Cantibus,
2287 1746 2494 1801 auritos
2522 1746 2698 1801 erexit
2725 1747 2964 1801 carmine
2992 1762 3196 1816 muros,

1894 1824 1941 1885 Β
1970 1838 2179 1908 Sperne
2209 1838 2357 1903 fidis;
2384 1837 2555 1908 magis
2582 1838 2672 1893 ille
2698 1839 2819 1893 veni
2851 1854 2993 1895 nunc
3020 1841 3240 1911 spiritus
3259 1857 3355 1898 oro

1971 1926 2285 1983 Pontificem
2316 1926 2529 1981 dicture
2560 1935 2732 1996 tuum,
2765 1928 2856 1997 qui
2880 1937 3101 1996 pectora
3139 1931 3331 1999 prisca:

1973 2017 2186 2073 Intrasti
2216 2016 2418 2083 Maria,
2454 2016 2672 2086 rapiens
2694 2031 2814 2071 cum
2848 2026 3100 2088 tympana
3128 2020 3307 2078 siccus

1973 2106 2133 2162 Israel
2155 2106 2382 2176 appensi
2408 2120 2504 2175 per
2532 2120 2765 2161 concava
2794 2107 3017 2179 gurgitis
3047 2109 3170 2173 iret,

1972 2196 2273 2268 Aggeribus
2295 2196 2525 2253 vallatus
2546 2211 2724 2267 aqum,
2749 2197 3060 2269 mediasque
3090 2215 3190 2270 per
3217 2202 3388 2258 undas

1975 2288 2353 2344 Pulverulenta
2377 2296 2527 2342 tuum
2557 2288 2817 2344 clamaret
2848 2290 3004 2345 turba
3036 2291 3389 2362 triumphum.

1973 2379 2180 2450 Quique
2215 2395 2432 2435 manum
2456 2378 2641 2435 Judith
2672 2381 2951 2437 ferientem
2979 2384 3118 2439 colla
3149 2384 3454 2443 Holofernis

1974 2470 2196 2537 Juvisti,
2228 2476 2417 2527 exciso
2440 2472 2610 2543 jacuit
2634 2487 2754 2528 cum
2783 2482 3002 2545 gutture
3026 2484 3268 2544 truncus,

1973 2560 2272 2633 Effragilis
2298 2564 2477 2619 valido
2506 2565 2661 2620 latuit
2692 2565 2831 2622 bene
2866 2581 3027 2623 sexus
3061 2570 3114 2623 in
3144 2570 3276 2626 ictu.

1973 2656 2240 2724 Expresso
2262 2656 2344 2710 vel
2373 2655 2464 2724 qui
2495 2656 2778 2724 complens
2804 2655 2871 2711 de
2897 2657 3096 2713 vellere
3124 2659 3346 2728 pellem,

1971 2745 2318 2815 lnliciensque
2343 2746 2537 2801 dehinc
2562 2760 2669 2801 non
2692 2756 2831 2802 tacto
2853 2747 3056 2805 vellere
3081 2758 3301 2817 terram,

1976 2838 2225 2893 Firmasti
2252 2836 2529 2907 Gedeona,
2562 2837 2701 2893 tubis
2732 2838 2933 2895 inserte
2972 2842 3203 2909 canoris,

1974 2927 2230 2998 Spiritus,
2256 2936 2311 2983 et
2331 2929 2448 2984 solo
2472 2929 2617 2984 venit
2643 2928 2864 2984 victoria
2894 2938 3073 2987 cantu.

1973 3019 2180 3090 Quique
2201 3020 2361 3074 etiam
2388 3028 2721 3089 assumptum
2754 3021 2997 3089 pecorosi
3022 3020 3090 3077 de
3116 3038 3277 3095 grege
3303 3035 3324 3065 ε
3356 3026 3507 3083 Jesse

1974 3110 2182 3165 Alliain
2210 3125 2415 3181 regem,
2442 3111 2685 3181 plaustro
2715 3125 2839 3165 cum
2867 3111 3092 3169 foederis
3124 3129 3305 3173 arcam

1898 3190 1945 3255 C
1978 3204 2264 3274 lmponens
2287 3202 2478 3272 hostis,
2511 3203 2658 3257 nullo
2682 3203 2999 3260 moderante
3025 3204 3279 3275 bubulco,

1976 3294 2234 3349 Proderet
2257 3294 2549 3348 obscenum
2580 3294 2813 3363 turgenti
2848 3295 3039 3363 podice
3066 3298 3333 3354 morbum.

1975 3387 2183 3457 Quique
2211 3385 2369 3440 trium
2392 3384 2659 3456 quondam
2684 3400 2969 3455 puerorum
3003 3388 3054 3441 in
3089 3390 3240 3446 fauce
3266 3395 3488 3459 sonasti,

1976 3479 2125 3544 Quos
2159 3476 2212 3529 in
2242 3474 2476 3529 Chaldaei
2509 3475 2716 3543 positos
2739 3474 2954 3531 fornace
2980 3479 3216 3547 tyranni,

1979 3568 2208 3623 Roscida
2234 3565 2517 3621 combusto
2541 3564 2827 3620 madefecit
2857 3566 3067 3621 ﬂamma
3095 3570 3327 3625 camino.

1976 3659 2138 3731 382
2169 3657 2376 3726 Quique
2403 3654 2727 3711 volubilibus
2751 3656 3069 3726 spatiantem
3103 3661 3361 3718 tractibus
3384 3663 3491 3719 alvi

1979 3749 2270 3820 Complesti
2302 3747 2516 3813 Jonam,
2548 3756 2805 3803 resonant
2835 3748 2963 3804 dum
2993 3749 3202 3806 viscera
3234 3756 3457 3810 monstri

1982 3844 2275 3899 lntrorsum
2300 3841 2562 3912 psallente
2585 3840 2726 3906 cibo,
2750 3841 2835 3895 vel
2867 3842 3101 3911 pondera
3131 3846 3335 3901 ventris

1975 3935 2174 4006 .Injuni,
2202 3933 2454 4004 plenique
2481 3942 2656 3988 tamen
2679 3941 2800 3988 vate
2824 3932 3170 4001 intemerato,

1979 4026 2173 4080 Ructat
2200 4022 2362 4079 cruda
2392 4022 2590 4087 fames;
2622 4036 2783 4093 quem
2810 4021 3220 4092 singultantibus
3245 4027 3385 4081 extis

1978 4115 2237 4171 Esuriens
2261 4111 2465 4168 vomuit
2498 4124 2764 4181 suspenso
2795 4111 2978 4167 bellua
3005 4126 3208 4167 morsu.

1980 4207 2187 4277 Quique
2213 4204 2407 4275 duplex
2437 4201 2704 4272 quondam
2736 4201 2928 4258 venisti
2953 4206 3005 4257 in
3038 4211 3223 4273 pectus
3254 4204 3442 4276 Elisei,

1985 4297 2278 4355 Thesbiten
2309 4309 2433 4349 cum
2457 4293 2597 4350 forte
2624 4308 2806 4350 senem
2829 4292 2940 4363 jam
2966 4294 3245 4351 flammeus
3273 4298 3389 4353 axis

2053 4458 2081 4497 δ
2116 4457 2194 4512 De
2240 4455 2438 4509 Fausto
2476 4454 2729 4509 Reiorum
2770 4452 3157 4524 Apollinarium
3200 4452 3453 4524 episcopo
3482 4457 3567 4511 di-

2056 4468 2081 4497 υ
2116 4468 2194 4512 De
2242 4468 2438 4509 r'austo
2476 4468 2729 4509 lictorum
2770 4468 3157 4577 AEmnnarium
3200 4468 3453 4524 episcopo
3482 4468 3567 4511 tn-

1984 4539 2131 4585 ctum
2177 4526 2243 4579 ad
2283 4527 2442 4595 epist.
2487 4527 2543 4589 5,
2585 4524 2679 4578 lib.
2710 4540 2783 4577 IX.
2862 4524 2874 4575 i
2920 4538 3071 4595 nunc
3100 4526 3299 4592 gratias
3337 4525 3448 4594 agit
3474 4528 3574 4583 du-

1985 4599 2109 4670 plici
2134 4598 2204 4670 de
2237 4592 2420 4670 causa,
2449 4604 2560 4649 tum
2600 4595 2743 4670 quod
2780 4594 3019 4670 germani
3049 4592 3228 4649 fratris
3267 4594 3349 4670 sui
3376 4592 3570 4670 adole-

1987 4662 2273 4732 scentiam,
2318 4665 2371 4720 id
2406 4662 2753 4736 est‘amicam
2799 4662 2942 4736 vitiis
2991 4672 3227 4729 aetatem,
3272 4666 3574 4736 disciplina:

1984 4755 2096 4794 sua:
2124 4736 2464 4792 commissam
2484 4733 2723 4806 tideliter
2755 4734 2983 4798 rexerit;
3016 4743 3125 4789 tum
3158 4736 3301 4804 quod
3332 4733 3572 4806 seipsum

1987 4810 2151 4864 Reios
2198 4808 2327 4862 olim
2373 4804 2670 4875 profectum
2710 4811 2956 4875 amanter
3000 4806 3294 4875 exceperit,
3344 4804 3432 4862 ad‘
3460 4824 3573 4865 ma-

1986 4890 2232 4945 tremque
2260 4874 2599 4929 salutandam
2624 4873 2928 4945 deduxerit.

2059 4958 2083 4988 ε
2127 4942 2397 5012 Memoria:
2424 4945 2623 5013 lapsus.
2652 4942 2817 5015 David
2839 4946 2980 4998 enim
3004 4959 3183 4999 coram
3204 4960 3324 5000 area
3353 4948 3573 5015 cecinit,

1986 5028 2042 5074 et
2061 5018 2275 5073 saltavit
2295 5032 2417 5071 cum
2441 5016 2528 5068 illa
2547 5029 2611 5067 ex
2629 5013 3122 5069 aedibusAbinadab
3139 5016 3203 5069 ad
3220 5013 3572 5083 Obed-Edon,

1987 5089 2218 5153 indeque
2239 5088 2290 5141 in
2314 5086 2501 5140 urbem
2528 5083 2753 5139 deducta
2781 5092 2883 5139 est.
2917 5084 2957 5138 ll
2989 5084 3213 5155 Regum,
3246 5101 3321 5141 vr.
3348 5088 3417 5141 At
3448 5089 3575 5143 Phi-

1989 5158 2148 5213 listaai
2186 5168 2311 5212 ante
2343 5155 2578 5226 Davidis,
2612 5155 2720 5226 imo
2748 5164 2873 5208 ante
2902 5155 3076 5210 Saulis
3126 5158 3265 5225 regis
3292 5158 3576 5226 inaugura-

1988 5230 2212 5294 tionem,
2258 5225 2401 5282 foedo
2436 5225 2532 5280 illo
2567 5225 2789 5298 vulnere
2827 5227 3092 5293 percussi,
3125 5242 3305 5281 arcam
3339 5225 3575 5298 plaustro

1987 5302 2106 5354 sine
2149 5308 2361 5353 rectore
2397 5295 2708 5349 vectandam
2752 5295 3117 5367 imposuerant
3150 5316 3163 5351 :
3192 5314 3299 5367 quo
3328 5295 3571 5365 tempore

1986 5385 2105 5423 enm
2137 5369 2190 5422 in
2218 5382 2345 5437 agro
2372 5375 2562 5435 sponte
2593 5365 2947 5433 constitisset,
2982 5368 3124 5422 illata
3156 5365 3238 5422 est
3268 5368 3321 5421 in
3348 5366 3569 5423 domum

1987 5438 2285 5493 Abinadab.
2317 5437 2337 5491 ι
2365 5438 2591 5505 ltegum,
2624 5451 2675 5490 vr
2701 5442 2759 5491 et
2786 5451 2879 5490 vn.

1988 5606 2494 5715 .Akn90§;.fl_arop_iag
2527 5640 2619 5695 lib.
2655 5654 2713 5705 ιι,
2748 5639 2900 5715 quasi
2936 5654 3060 5715 vere
3090 5638 3191 5695 hoc
3216 5643 3568 5715 contigisset;

1988 5727 2110 5793 cum
2152 5713 2205 5779 in
2247 5712 2315 5766 iis
2364 5708 2518 5767 libris
2561 5711 2894 5767 narrationes
2946 5708 3097 5768 ﬁctas
3136 5708 3415 5783 scripserit
3458 5708 3568 5775 ιιι-ἓ

1988 5796 2193 5837 manus.
