4002 6188
428 330 533 386 Ἱιθ

384 438 395 447 ’
433 440 686 502 Tolleret,
713 443 767 490 et
794 434 1016 489 scissam
1039 427 1285 497 linquens
1310 437 1406 495 pro
1438 437 1661 478 munere
1695 421 1911 492 pellem.

438 529 689 599 lliSpidns
731 525 979 580 ardentes
1007 520 1188 589 auriga
1220 520 1444 572 intraret
1476 517 1731 570 habenas.

435 623 640 691 Quique
668 618 830 674 etiam
858 614 1023 669 Eliam
1046 611 1203 666 terris
1226 610 1456 664 missure
1487 604 1807 675 secundum,

435 709 706 767 Zachariae
730 706 861 776 justi
888 704 1117 773 linguam
1151 700 1356 770 placate
1384 696 1579 767 ligasti,

440 804 571 857 llum
602 800 802 855 faceret
819 810 995 852 serum
1026 805 1217 863 rugosa
1246 803 1504 860 puerpera
1535 800 1769 857 patrem,

440 895 591 949 Edita
620 890 925 961 signiﬁcans
949 885 1101 956 jusso
1130 882 1357 937 reticere
1383 879 1663 950 propheta,

441 985 621 1040 Gratia
650 996 770 1037 cum
803 978 970 1043 fulsit,
1003 981 1183 1029 nosset
1204 986 1263 1027 se
1293 979 1351 1026 ut
1375 972 1459 1025 lex
1493 972 1794 1025 tacituram.

443 1074 652 1144 Quique
676 1072 836 1127 etiam
869 1079 1094 1121 nascens
1122 1079 1189 1116 cx
1217 1062 1423 1132 virgine
1451 1060 1659 1115 semine
1689 1059 1854 1123 nullo,

448 1166 587 1219 Ante
616 1162 778 1216 ullum
806 1165 1013 1225 tempus
1036 1154 1198 1219 Deus,
1228 1160 1389 1221 atque
1418 1151 1468 1204 in
1495 1158 1741 1219 tempore
1760 1146 2020 1209 Christus,

450 1253 530 1309 Ad
555 1264 749 1321 corpus
779 1255 1033 1317 quantum
1063 1251 1269 1312 spectat
1301 1249 1358 1296 tu
1383 1251 1433 1296 te
1461 1241 1575 1311 ipse
1593 1238 1809 1294 creasti.

450 1342 551 1411 Qui
580 1342 751 1395 visum
784 1336 963 1401 caecis,
996 1348 1237 1405 gressum
1265 1345 1477 1403 quoque
1506 1329 1733 1386 reddere
1761 1326 1989 1393 claudis,

451 1433 707 1491 Auditum
736 1427 933 1495 surdis,
959 1425 1119 1480 mutis
1144 1424 1323 1478 laxare
1349 1421 1617 1492 loquelam

452 1527 665 1590 Suetus,
699 1521 764 1576 ad
797 1521 898 1575 hoc
933 1519 1092 1573 etiam
1124 1513 1339 1580 veniSIi,
1364 1523 1421 1568 ut
1449 1520 1657 1567 mortua
1685 1510 1925 1567 membra

455 1616 639 1679 Lecto,
663 1599 964 1678 sandapila,
995 1606 1194 1661 tumulo
1223 1617 1547 1673 consurgere
1574 1602 1798 1672 possint.

458 1709 666 1778 Quique
688 1706 845 1761 etiam
878 1714 1063 1773 pcenas
1086 1708 1335 1768 suscepta
1363 1698 1415 1752 in
1440 1711 1604 1752 carne
1630 1695 1819 1761 tulisti,

455 1802 773 1857 Sustentaus
798 1796 1000 1863 alapas,
1030 1790 1275 1855 ludibria,
1307 1789 1553 1855 verbera,
1586 1800 1803 1856 vepres.

460 1888 698 1955 Sortem,
728 1885 921 1948 vincla,
945 1896 1181 1946 crucem,
1210 1880 1409 1944 clavos,
1428 1876 1523 1945 fel,
1555 1876 1783 1942 missile,
1803 1882 2034 1935 acetum.

462 1984 738 2037 P05tremo
765 1986 1014 2040 mortem,
1044 1972 1138 2029 sed
1163 1980 1519 2037 surrecturus,
1548 1968 1729 2033 adisti,

464 2070 710 2141 Eripiens
734 2065 989 2137 quidquid
1019 2064 1215 2120 veteris
1238 2063 1565 2132 migraverat
1593 2060 1764 2116 hostis

462 2163 521 2220 ln
543 2162 653 2233 jus,
682 2174 778 2231 per
806 2166 1049 2213 nostrum
1076 2155 1299 2219 facinus,
1324 2168 1444 2209 cum
1468 2152 1661 2207 femina
1696 2152 1867 2219 prima

464 2253 799 2322 Prmeeptum
826 2247 1044 2303 solvens
1073 2244 1226 2314 culpa
1255 2258 1354 2297 nos
1385 2250 1606 2313 perpete
1632 2240 1829 2297 vinxit.

466 2344 569 2412 Qui
597 2357 718 2398 cum
747 2350 797 2395 te
818 2337 1035 2393 interitu
1063 2336 1230 2406 petiit,
1261 2348 1361 2390 nec
1390 2334 1625 2404 repperit
1652 2333 1705 2388 in
1729 2342 1780 2388 te

474 2436 635 2508 383
685 2432 836 2502 Quod
887 2437 1068 2501 posset
1112 2414 1381 2498 proprium
1428 2426 1767 2505 convincere,
1816 2422 2047 2493 perdidit

1534 2516 1539 2522 ’
1770 2515 1971 2587 [omnm

469 2617 622 2687 Quod
652 2617 800 2688 lapsu
828 2614 974 2671 dedit
999 2615 1107 2669 Eva
1134 2627 1233 2669 suo
1260 2630 1272 2665 :
1302 2611 1693 2682 chirographon
1720 2609 1871 2677 illud,

471 2712 589 2778 Quo
622 2722 878 2780 pervasus
907 2706 1069 2760 homo
1092 2711 1198 2771 est,
1228 2704 1343 2758 haec
1370 2702 1736 2771 compensatio
1760 2700 1922 2770 rupit.

471 2802 677 2870 Expers
705 2798 930 2869 peccati,
956 2811 1052 2869 pro
1074 2795 1447 2866 peccatoribus
1473 2793 1707 2864 amplum

470 2893 561 2947 Fis
591 2891 841 2961 pretium,
872 2899 1214 2957 veteremque
1244 2900 1415 2941 novus
1454 2886 1571 2940 vice
1610 2883 1815 2955 fenoris
1843 2883 2013 2940 Adam

471 2984 606 3040 Dum
630 2983 858 3037 moreris
886 2980 951 3035 de
982 2988 1152 3034 morte
1181 2978 1359 3048 rapis;
1390 2978 1469 3032 sic
1495 2985 1703 3033 mortua
1734 2992 1880 3032 mors
1908 2986 2011 3044 est,

470 3072 559 3129 Sic
588 3087 708 3127 sese
733 3070 943 3125 insidiis
967 3082 1100 3139 quas
1128 3067 1326 3123 fecerat
1350 3067 1488 3135 ipsa,
1521 3065 1730 3123 fefellit.

471 3162 603 3220 Nam
634 3161 761 3217 dum
790 3158 1080 3214 indiscrete
1110 3159 1239 3227 petit
1261 3158 1633 3228 insontemque
1660 3172 1908 3229 reosque,

473 3254 593 3324 Egit
621 3262 678 3309 ut
704 3250 908 3306 absolvi
938 3257 1164 3320 possent
1191 3258 1245 3304 et
1267 3249 1492 3306 crimine
1518 3249 1662 3305 nexi.

473 3344 680 3414 Quique
707 3342 867 3399 etiam
892 3341 1067 3411 justos
1091 3340 1156 3396 ad
1188 3348 1395 3409 tempus
1422 3354 1643 3410 surgere
1668 3350 1840 3398 tecum

474 3434 689 3492 Jussisti
711 3434 941 3502 eineres,
972 3447 1095 3488 cum
1126 3432 1279 3488 tectis
1309 3441 1550 3503 tempore
1576 3433 1737 3506 longo

474 3528 672 3599 Irrupit
698 3526 888 3582 festina
915 3526 1082 3590 salus,
1114 3523 1393 3593 infusaque
1417 3526 1609 3596 raptim

476 3618 728 3675 Excussit
752 3616 971 3671 tumulis
1001 3616 1254 3670 solidatas
1278 3614 1386 3670 viia
1416 3613 1642 3669 favillas.

476 3712 553 3766 Da
583 3710 835 3765 Faustum
857 3707 1077 3762 laudare
1104 3714 1273 3774 tuum,
1298 3706 1364 3761 da
1394 3707 1608 3762 solvere
1633 3719 1813 3779 grates

478 3800 619 3868 Quas
641 3810 692 3854 et
715 3806 837 3869 post
864 3797 1062 3853 debere
1085 3798 1256 3866 juvat.
1287 3796 1364 3851 Te
1392 3812 1585 3869 magne
1611 3800 1891 3872 sacerdos,

479 3891 728 3948 Barbitus
757 3890 843 3945 hic
873 3898 1055 3945 noster
1080 3890 1284 3968 plectro
1311 3890 1438 3948 licet
1464 3889 1668 3963 impare
1690 3902 1887 3949 cantat.

563 4096 592 4127 ι
612 4086 728 4143 Lib.
756 4082 999 4161 tt,‘_epist.
1022 4083 1078 4161 ᾖ,
1095 4083 1277 4161 hiulcis
1296 4088 1547 4161 arentium
1567 4090 1816 4144 rimarum
1840 4093 2057 4161 ﬂexibus

482 4172 615 4217 terra
643 4154 989 4229 perscribitur.
1021 4154 1172 4229 Quod
1205 4170 1372 4229 genus
1398 4158 1540 4229 tropi
1565 4160 1794 4229 antiquis
1823 4154 2059 4219 usitatis-

482 4223 695 4301 simutn.
730 4226 904 4301 Varro
920 4223 1251 4301 Marcipore’;
1284 4223 1559 4301 Astrologi
1572 4244 1671 4280 non
1694 4223 1812 4286 sunt
1832 4234 1918 4301 qui
1939 4248 2056 4287 con-

483 4298 829 4359 scribillarunt
852 4295 1111 4366 pingentes
1143 4296 1347 4348 caelum.
1378 4296 1627 4365 Virgilius
1652 4314 1666 4351 :

844 4418 1085 4463 ....versa
1111 4406 1269 4473 pulvis
1291 4409 1575 4473 inscribitur
1599 4410 1755 4473 hasta,

486 4476 801 4549 Lyeophron
826 4495 839 4533 :
862 4477 1097 4554 Πτεροῐσι
1129 4472 1322 4545 χέρσον
1347 4472 1513 4531 αἰετὸς
1540 4471 1844 4547 διαγράφων.

553 4588 583 4627 δ
615 4592 723 4644 Aut
745 4587 972 4645 vocandi
1000 4600 1125 4658 casu
1155 4581 1309 4658 dixit,
1356 4590 1448 4635 aut
1488 4583 1850 4658 Anacnoronta
1880 4587 2062 4658 legen-

487 4658 661 4712 dum:
707 4658 860 4727 cujus
903 4655 1149 4712 lectionis
1196 4652 1402 4727 harent
1446 4662 1587 4707 notae
1639 4655 1693 4709 in
1744 4652 2059 4725 quibusdam

488 4727 658 4783 libris.
684 4724 1055 4797 Anaehoronta
1079 4724 1683 4797 autem,a‘zvazzaipo§vm,
1707 4724 1771 4779 ea
1792 4728 1959 4797 forma
1981 4729 2062 4783 di-

491 4811 611 4852 cere
653 4798 823 4865 potuit
857 4811 959 4865 qua
999 4793 1271 4851 Juvenalis
1305 4802 1360 4847 et
1384 4793 1636 4850 Sidonius
1662 4795 1777 4865 ipse
1807 4794 2061 4853 Chirona-

491 4876 683 4921 manta.

564 4946 587 4974 ε
621 4936 731 5007 Etsi
758 4949 863 4990 non
889 4932 1105 4990 defuere
1135 4932 1273 4987 inter
1301 4931 1518 5003 [Egypti
1545 4934 1833 5007 monachos
1859 4938 1949 5007 qui
1980 4938 2064 4995 his

492 5006 798 5060 nominibus
818 5012 1192 5067 censerentur,
1226 5011 1403 5057 tamen
1434 5017 1554 5057 cum
1584 5004 1680 5058 hos
1706 5004 1918 5061 caeteris
1943 5022 2062 5062 om-
2099 5015 2102 5018 ’

493 5076 649 5146 nibus
680 5083 972 5146 praeponat,
994 5073 1213 5146 dubium
1235 5086 1340 5146 non
1363 5072 1574 5146 videtur
1595 5076 1719 5141 quin
1745 5076 1912 5131 Eliam
1941 5092 2067 5146 pro-

493 5142 709 5216 phetam
738 5153 793 5216 et
819 5145 1082 5216 Joannem
1110 5142 1401 5216 Baptistam
1429 5143 1676 5216 designet
1706 5162 1719 5197 :
1751 5162 1888 5216 quos
1914 5142 2066 5202 insti-

494 5212 593 5270 tuti
617 5214 698 5269 sui
723 5214 886 5269 duces
913 5227 975 5268 ac
1008 5212 1272 5281 principes
1299 5212 1591 5279 praedicant
1615 5212 1976 5279 anachoreta,
2008 5227 2067 5272 ut

495 5285 853 5357 Hieronymus
884 5286 937 5339 in
967 5281 1117 5338 Pauli
1145 5281 1258 5336 Vita
1292 5290 1536 5349 testatur,
1559 5293 1611 5339 et
1632 5286 1884 5342 Socrates
1911 5287 2006 5341 lib.
2026 5303 2063 5358 ι,

565 5425 582 5455 ¹
605 5422 757 5478 Hunc
777 5418 981 5475 Sidonii
1010 5417 1183 5472 locum
1210 5418 1277 5473 de
1305 5418 1475 5471 insula
1498 5418 1771 5473 Lerinensi
1799 5428 1925 5474 sunt
1946 5420 2067 5475 imi-

490 5494 591 5547 tati
614 5492 879 5547 Czesarius
902 5489 1228 5544 Arelatensis
1256 5498 1309 5541 et
1338 5488 1610 5541 Ennodius
1640 5490 1955 5546 Ticinensis.
1973 5491 2067 5547 llle

496 5564 708 5629 quidem
753 5560 944 5615 llnmil.
998 5560 1069 5631 25
1117 5557 1432 5631 (ΒίὺΙΑηΡΡΑ.
1473 5558 1815 5631 Paris._tom.
1850 5561 1913 5624 ll,
1946 5576 2064 5631 pag.

499 5627 657 5701 518):
688 5631 867 5695 Beata,
916 5630 1101 5699 inquit,
1128 5627 1184 5686 "et
1237 5628 1360 5698 felix
1404 5629 1569 5701 insula
1608 5627 1908 5701 Lirinensis,
1947 5627 2071 5700 qua:

497 5698 613 5755 cuni
658 5702 870 5765 paruula
920 5710 964 5753 et
1010 5714 1174 5754 eum
1222 5715 1326 5756 esse
1373 5698 1625 5763 uideatur,
1674 5698 2066 5756 innumerabiles

1700 308 1945 367 SIDONII
1986 308 2434 366 APOLLINARIS

2036 424 2085 483 Δ

3599 306 3699 361 720

2187 422 2314 477 llaec
2343 423 2501 491 igitur
2531 422 2699 491 prima
2727 429 2809 476 est
2839 420 2925 475 vel
2955 434 3137 484 causa,
3179 420 3263 473 Vri
3291 419 3432 473 actio
3461 420 3698 489 laudum,

2119 513 2270 580 Quod
2299 514 2426 568 mihi
2456 513 2715 583 germani,
2747 512 2870 566 dutu
2898 511 3105 566 lubrica
3133 512 3363 566 volvitur
3393 522 3543 579 artas,

2118 603 2372 659 Servatus
2402 613 2576 659 tecum
2607 601 2807 657 domini
2842 616 2936 670 per
2963 603 3101 655 dona
3135 602 3390 670 probatur

2121 697 2229 753 Nec
2255 695 2392 751 fama
2419 697 2679 751 titubante
2706 694 2903 764 pudor;
2929 703 2979 750 te
3005 696 3221 763 respicit
3251 695 3393 749 istud

2123 792 2599 858 Quantumcunque
2622 790 2851 849 bonum;
2880 802 3090 842 merces
3115 787 3398 841 debebitur
3428 785 3523 851 illi,

2127 880 2219 935 Ille
2246 879 2376 945 tibi;
2408 880 2477 933 sit
2499 879 2632 943 laus,
2669 880 2714 933 si
2744 877 2849 933 labi
2873 878 3065 943 noluit,
3096 876 3211 946 ejus
3243 894 3257 929 :

2126 970 2257 1026 Nam
2288 970 2428 1040 quod
2453 984 2552 1026 nec
2579 969 2767 1038 potuit,
2798 977 2968 1023 totum
2999 968 3065 1022 ad
3098 977 3150 1024 te
3172 969 3293 1038 jure
3318 968 3601 1024 redundat.

2199 1063 2483 1125 Praeterea,
2513 1059 2654 1130 quod
2686 1075 2771 1115 me
2799 1060 3005 1129 pridem
3039 1059 3200 1115 Reios
3224 1060 3493 1126 veniente,

2128 1153 2263 1210 Cum
2295 1154 2537 1225 Procyon
2564 1151 2782 1219 fureret,
2817 1166 2939 1206 eum
2968 1150 3099 1206 solis
3129 1150 3365 1207 torridus
3394 1149 3534 1221 ignis

2134 1244 2423 1301 Flexilibus
2452 1246 2602 1300 rimis
2631 1244 2877 1299 sitientes
2908 1251 2935 1281 α
2965 1243 3229 1298 scriberet
3254 1257 3434 1312 agros,

2132 1338 2355 1408 Hospite
2378 1347 2431 1394 te
2458 1346 2671 1392 nostros
2694 1337 2906 1407 excepit
2929 1337 3169 1409 protinus
3190 1344 3354 1391 aestus

2134 1431 2264 1495 Pax,
2286 1429 2498 1494 domus,
2514 1428 2725 1489 umbra,
2754 1426 2926 1491 latex,
2950 1425 3279 1506 benedictio,
3295 1423 3720 1494 mensa,eubile.

2135 1521 2393 1578 Omnibus
2422 1530 2662 1575 attamen
2693 1520 2775 1575 his
2806 1527 2888 1574 sat
2918 1525 3158 1589 praestat,
3186 1519 3328 1588 quod
3358 1518 3573 1573 voluisti

2137 1617 2208 1673 Ut
2228 1624 2427 1671 sancta:
2452 1614 2640 1669 matris
2666 1623 2908 1668 sanctum
2940 1627 3155 1681 quoque
3183 1612 3344 1666 limen
3378 1611 3608 1666 adirem.

2138 1705 2301 1778 385,
2326 1705 2546 1775 Dirigui,
2579 1704 2771 1767 fateor,
2801 1702 2931 1757 mihi
2959 1703 3233 1770 conscius,
3273 1710 3432 1772 atque
3461 1710 3691 1771 repente

2069 1794 2116 1854 B
2142 1796 2320 1850 Tinxit
2341 1794 2652 1850 adorantem
2680 1792 2877 1864 pavido
2905 1792 3211 1848 reverentia
3238 1792 3462 1845 vultum.

2141 1884 2251 1940 Nec
2277 1899 2433 1940 secus
2463 1884 2736 1959 intremui,
2762 1897 2921 1952 quam
2951 1882 2997 1937 si
3028 1896 3115 1937 me
3144 1881 3284 1937 forte
3320 1881 3579 1936 Rebeccae

2141 1975 2327 2043 Israel,
2359 1985 2450 2031 aut
2478 1975 2694 2031 Samuel
2716 1974 2940 2029 crinitus
2968 1973 3192 2029 duceret
3211 1974 3402 2027 Annae.

2213 2070 2548 2139 Quapropter
2571 2068 2657 2123 vel
2689 2075 2738 2121 te
2766 2066 2906 2121 votis
2939 2066 3054 2121 siue
3079 2064 3186 2120 fine
3215 2064 3473 2131 colentes,

2144 2161 2407 2217 All'ectum
2439 2174 2691 2229 magnum
2718 2173 2814 2228 per
2839 2157 3075 2212 carmina
3104 2171 3263 2226 parva
3294 2157 3539 2212 fatemur.

2146 2251 2253 2308 Seu
2282 2261 2333 2306 te
2360 2251 2645 2305 ﬂammata:
2674 2248 2881 2320 Syrtes,
2915 2259 2966 2304 et
3004 2247 3272 2318 inhospita
3304 2256 3513 2318 tesqua,

2144 2343 2251 2401 Seu
2280 2358 2436 2400 cteno
2462 2343 2732 2398 viridante
2762 2341 2934 2411 palus,
2962 2352 3057 2395 seu
3088 2340 3236 2410 nigra
3265 2355 3479 2395 recessu

2147 2434 2410 2492 incultum
2434 2449 2585 2503 mage
2611 2448 2740 2488 saxa
2771 2440 2973 2497 tenent,
3006 2432 3093 2488 ubi
3121 2432 3235 2487 sole
3257 2440 3463 2488 remoto

2148 2529 2395 2585 Concava
2417 2526 2692 2596 longaevas
2719 2533 2999 2580 asservant
3023 2534 3175 2580 antra
3199 2526 3466 2580 tenebras.

2148 2621 2253 2677 Seu
2276 2628 2329 2676 te
2354 2621 2637 2690 praruptis
2662 2627 2904 2689 porrecta
2925 2619 2977 2672 in
3001 2618 3220 2688 rupibus
3249 2618 3419 2687 Alpis,

2151 2714 2469 2771 Succinctos
2496 2712 2673 2783 gelido
2703 2711 2954 2766 libantem
2978 2710 3185 2780 cespite
3213 2723 3448 2774 somnos,

2151 2806 2181 2846 ιο
2209 2805 2543 2862 Anachoreta
2571 2804 2776 2871 tremit,
2806 2818 2923 2874 quae
2950 2817 3252 2874 quanquam
3275 2801 3473 2872 frigora
3501 2809 3703 2871 portet,

2152 2899 2481 2969 Conceptum
2511 2897 2711 2953 ChriSIi
2738 2911 3007 2966 nunquam
3038 2894 3222 2949 domat
3252 2895 3340 2947 illa
3367 2893 3629 2949 calorem.

2158 3000 2182 3031 ο
2210 2990 2321 3059 Qua
2352 3004 2496 3045 nunc
2520 2988 2687 3053 Elias,
2714 3001 2855 3042 nunc
2880 2997 2931 3042 te
2958 2987 3109 3057 jubet
3134 2986 3214 3042 ire
3241 2985 3499 3053 Joannes,

2154 3083 2309 3139 Nunc
2333 3081 2441 3137 duo
2462 3080 2699 3147 Macarii,
2729 3094 2871 3135 nunc
2897 3089 2951 3135 et
2971 3078 3306 3149 Paphnutius
3332 3078 3512 3142 heros,

2074 3155 2126 3221 θ
2156 3173 2310 3230 Nunc
2329 3174 2424 3241 Or,
2440 3187 2583 3228 nunc
2605 3172 3009 3239 Ammon,nunc
3023 3171 3448 3237 Sarmata,nune
3476 3169 3720 3225 Hilarion

2155 3265 2309 3322 Nunc
2334 3273 2487 3319 vocat
2509 3264 2563 3318 in
2596 3264 2771 3318 tunica
2803 3262 2978 3318 nudus
3009 3272 3062 3318 te
3088 3262 3353 3319 Antonius
3378 3262 3488 3333 illa,

2158 3358 2326 3427 Quam
2353 3357 2478 3413 fecit
2497 3356 2689 3427 palmm
2708 3355 2853 3413 foliis
2884 3370 3072 3411 manus
3094 3355 3235 3410 alma
3262 3354 3526 3424 magistri.

2158 3447 2187 3486 τι
2215 3448 2325 3506 Seu
2355 3457 2406 3505 te
2426 3448 2639 3504 Lirinus
2662 3448 2898 3517 priscum
2925 3448 3204 3517 complexa
3227 3454 3500 3515 parentem
3529 3452 3639 3510 est,

2163 3543 2278 3610 Qua
2308 3551 2366 3598 tu
2392 3541 2502 3611 jam
2531 3541 2726 3596 fractus
2753 3555 2853 3610 pro
2873 3554 3062 3608 magna
3090 3553 3234 3608 saepe
3254 3539 3435 3609 quiete

2164 3631 2449 3701 Discipulis
2475 3631 2680 3686 servire
2708 3630 2879 3696 venis,
2910 3631 3105 3698 vixque
3126 3629 3235 3684 otia
3260 3628 3433 3683 somni

2167 3721 2264 3777 Vix
2289 3730 2471 3778 coctos
2495 3730 2716 3792 capture
2738 3722 2910 3787 cibos,
2939 3720 3237 3775 abstemius
3266 3733 3438 3774 savum

2166 3814 2347 3882 Ducis,
2373 3822 2430 3870 et
2449 3813 2665 3869 insertis
2688 3814 2861 3884 pingis
2888 3813 3088 3882 jejunia
3128 3811 3368 3881 psalmis.

2165 3905 2447 3962 Fratribus
2477 3905 2774 3969 insinuans,
2808 3906 2824 3937 ⁸
2851 3912 3080 3975 quantos
3100 3902 3189 3958 illa
3220 3902 3391 3959 insula
3416 3900 3576 3973 plana

2168 4099 2255 4155 l2.
2280 4100 2397 4165 Quo
2424 4107 2674 4169 spectans
2693 4099 2985 4167 Gregorius
3009 4099 3375 4154 Nazianzenus
3403 4097 3458 4153 in
3490 4097 3751 4169 Agnolozia

2165 4179 2287 4246 post
2314 4168 2565 4246 reditum,
2595 4172 2775 4246 Ἠλίου,
2811 4171 3015 4246 inquit,
3036 4171 3332 4246 περιενὸουπί
3347 4169 3433 4225 τὸν
3467 4168 3751 4246 ιξᾶρμστλᾳν,

2166 4239 2251 4295 ita}.
2270 4241 2496 4316 Ἰῳὰκςνου
2518 4247 2609 4316 τῂν
2632 4241 2841 4316 ἔρημον.
3050 4239 3131 4295 xuii
3155 4250 3254 4295 τῶν
3276 4242 3410 4296 οὕτω
3425 4239 3756 4314 φιλοὼίςούνο

2166 4333 2266 4384 των
2290 4313 2347 4384 ro
2377 4308 2737 4384 timpxooyt'ov.

2240 4381 2265 4415 ά
2297 4378 2616 4434 Notissima!
2648 4389 2773 4436 sunt
2818 4381 2868 4434 in
2915 4382 3046 4435 mari
3091 4380 3299 4436 Gallico
3328 4380 3516 4436 insula:
3548 4378 3693 4444 dum,
3722 4393 3757 4434 e

2169 4451 2387 4521 regione
2427 4450 2697 4521 Antipolis
2726 4450 2907 4521 oppidi
2948 4450 3236 4518 provincia:
3284 4450 3325 4508 ll
3366 4449 3753 4521 Narbonensis,

2088 4509 2143 4569 D
2169 4509 2305 4575 Lero
2328 4529 2388 4597 et_
2410 4509 2655 4597 Lerinus.
2686 4509 2985 4597 lli_:i__.Aripw-v
3017 4521 3291 4584 Straboni,
3329 4526 3530 4597 Δηρώνη
3577 4509 3756 4597 (Iole;

2170 4605 2307 4644 maio
2332 4604 2346 4642 :
2377 4591 2491 4645 haec
2517 4590 2709 4645 Lerina
2728 4590 2932 4656 Plinio;
2965 4600 3244 4657 utramque
3269 4590 3548 4645 nominant
3576 4590 3761 4645 Ethi-

2169 4674 2264 4714 cus
2304 4660 2354 4713 in
2403 4661 2703 4723 ltinerario,
2748 4669 2802 4713 et
2844 4660 3115 4715 Ennodius
3160 4660 3213 4714 in
3263 4661 3387 4714 Vita'
3418 4660 3758 4728 Epiphanii:

2172 4729 2379 4794 Tolosa,
2401 4729 2595 4799 inquit,
2616 4730 2905 4799 regrediens
2928 4731 3131 4798 singula
3157 4740 3451 4784 sanctarum
3477 4730 3763 4783 habitatio-

2167 4815 2289 4853 num
2312 4800 2425 4853 loca
2448 4798 2683 4854 uisitauit.
2705 4798 2762 4853 Μ
2764 4800 2972 4854 edianas
2987 4801 3202 4866 insulas,
3220 4800 3546 4865 Sta'chadas,
3568 4799 3761 4852 Lerum

2164 4870 2423 4993 ipsamque
2452 4870 2698 4923 nutricem
2728 4886 3044 4943 summorum
3087 4871 3335 4923 montium
3377 4872 3593 4938 planam
3622 4869 3765 4921 Liri-

2167 4956 2315 4993 num.
2367 4940 2424 4993 lli
2447 4939 2603 4993 hodie
2630 4954 2824 4993 nomen
2857 4954 2884 4992 a
2912 4939 2969 4993 S.
3004 4938 3308 4993 Margarila.
3343 4941 3467 4993 huic
3498 4956 3527 4993 a
3559 4939 3619 4993 S.
3653 4938 3765 4993 Hn-

2167 4934 2315 4993 num.
2342 4934 2424 4993 llli
2447 4939 2603 4993 hodie
2630 4954 2824 4993 nomen
2857 4934 2884 4992 ἐι
2912 4939 2969 4995 S.
3004 4938 3308 5008 Margarila,
3343 4934 3467 4994 huic
3498 4956 3527 4993 a
3559 4939 3619 4993 S.
3653 4938 3766 4993 Hn-

2170 5018 2381 5071 nnrato,
2412 5014 2500 5076 qui
2534 5012 2582 5062 in
2606 5023 2669 5065 ea
2701 5010 2903 5076 primus
2924 5010 3261 5064 celeberrimi
3293 5011 3419 5065 olim
3452 5018 3561 5064 tota
3585 5008 3760 5063 Gallia

2170 5080 2401 5134 cmnnbii
2430 5078 2771 5134 fundamenta
2801 5081 2958 5147 jeeit;
3007 5080 3089 5135 cui
3137 5079 3328 5136 tertius
3370 5081 3437 5134 ab
3481 5080 3765 5133 Honorato

2171 5150 2335 5204 abbas
2374 5150 2585 5216 praefuit
2615 5149 2860 5215 Faustus,
2893 5164 3051 5218 quem
3085 5161 3367 5218 propterea
3397 5151 3633 5218 priscum
3668 5150 3757 5203 Li-

2172 5218 2276 5273 rini
2307 5229 2511 5287 patrem
2537 5231 2713 5283 vocat,
2745 5222 2866 5288 quia
2898 5220 2999 5274 hoc
3023 5230 3264 5289 tempore
3305 5235 3413 5275 non
3445 5220 3634 5283 abbas,
3668 5218 3765 5273 sid

2174 5293 2456 5359 episeOpus
2487 5298 2603 5345 erat
2628 5289 2897 5345 Reiensis.

2173 5431 2341 5495 tamen
2368 5438 2575 5495 nonres
2601 5425 2671 5477 ad
2698 5426 2878 5477 calum
2905 5425 3100 5479 misisse
3128 5425 3472 5495 cognoscitur.
3498 5424 3607 5481 Istc
3636 5442 3769 5482 vero

2173 5493 2227 5566 in
2268 5494 2363 5547 Vit.
2483 5494 2765 5566 Διξρὶρζιᾳηίἱ
2792 5495 2959 5548 Ticin.
2992 5493 3310 5566 (intcropp.
3329 5496 3603 5549 Sirmondi
3632 5509 3764 5552 tom.

2173 5562 2213 5629 1,
2246 5579 2369 5645 ρειξςἶ
2399 5562 2597 5630 1668),
2616 5564 2882 5645 Medianas
2912 5562 3127 5631 insulas,
3157 5562 3264 5629 ait,
3283 5565 3626 5631 Stoechadas,
3672 5567 3769 5621 Le-

2174 5648 2310 5755 vium,
2353 5636 2611 5755 ipsantzique
2649 5636 2896 5690 nutricem
2942 5652 3255 5691 summorum
3285 5650 3523 5691 nomen
3557 5652 3766 5692 rusus

2223 5719 2421 5755 ermum
2452 5721 2482 5755 a
2524 5714 2599 5755 ut.

2223 5719 2421 5758 ermum
2452 5714 2599 5759 ααηι.
