4002 6188
225 308 336 362 τὲι

227 417 444 473 Miserit
468 416 520 473 in
548 416 748 473 caelum
778 420 992 471 montes
1024 429 1038 468 :
1068 426 1188 484 qua
1211 418 1397 468 sancta
1430 418 1453 447 οι
1483 405 1705 478 Caprasi

228 509 362 565 Vita
389 509 557 577 senis,
584 508 613 548 δ
631 507 949 580 juvenisque
977 506 1138 575 Lupi:
1164 520 1283 575 quae
1309 504 1477 575 gratia
1503 513 1524 541 ε
1559 509 1761 571 patrem

232 601 439 656 Mansit
466 601 834 665 Honoratum;
861 598 1021 653 fuerit
1041 594 1065 634 ’³
1093 597 1213 667 quis
1238 596 1497 650 Maximus
1527 593 1638 657 ille,

235 694 446 749 Urbem
474 702 530 748 tu
555 692 710 763 cujus
737 688 1137 758 monachosque
1166 687 1391 742 antistes
1422 693 1476 741 et
1502 682 1669 739 abbas

240 796 269 824 θ
310 787 398 841 Bis
420 800 705 841 successor
729 785 842 856 agis
870 800 883 837 :
916 782 1197 837 celebrans
1220 794 1436 850 quoque
1461 776 1708 832 laudibus
1732 773 1838 828 illis

235 881 411 952 385
445 876 463 916 ί
502 877 758 933 Eucherii
788 872 1056 929 venientis
1087 872 1212 937 iter,
1239 882 1262 918 ιε
1295 867 1566 925 redeuntis
1600 865 1781 921 llilari.

236 973 353 1027 Seu
380 982 431 1025 te
452 970 777 1024 commissus
800 965 1025 1037 populus
1057 973 1225 1032 tenet,
1250 970 1305 1017 et
1333 962 1508 1015 minor
1534 956 1693 1012 audet

239 1065 329 1120 Te
355 1062 529 1118 medio
558 1060 793 1116 tumidos
817 1056 1079 1126 majorum
1107 1064 1348 1131 temnere
1376 1066 1575 1107 mores.

242 1159 359 1213 Seu
388 1167 442 1211 tu
464 1154 726 1210 sollicitus
755 1166 933 1215 curas,
959 1164 1061 1220 qua
1093 1145 1377 1217 languidus
1403 1157 1551 1207 esca,

243 1252 435 1316 Quave
460 1245 776 1318 peregrinus
798 1242 962 1307 vivat,
987 1239 1112 1311 quid
1139 1246 1322 1309 pascat
1350 1246 1405 1291 et
1431 1234 1602 1300 illum,

245 1341 485 1398 Lubrica
507 1353 665 1394 crura
688 1336 771 1392 cui
805 1342 987 1389 tenuat
1019 1332 1119 1388 sub
1148 1328 1408 1398 compede
1437 1339 1641 1382 career.

248 1433 365 1489 Seu
394 1446 545 1499 mage
567 1428 845 1483 funeribus
870 1434 1106 1479 mentem
1137 1420 1429 1477 distractus
1461 1414 1773 1479 humandis,

252 1521 445 1576 Livida
470 1518 706 1574 defuncti
736 1518 778 1571 si
804 1513 1054 1585 pauperis
1084 1526 1205 1567 ossa
1232 1510 1501 1567 virescant

260 1611 627 1667 infastiditum
656 1608 764 1663 fers
796 1608 909 1676 ipse
938 1605 1004 1660 ad
1033 1605 1188 1659 busta
1217 1603 1465 1658 cadaver.

254 1705 369 1762 Seu
401 1713 451 1759 te
476 1701 778 1771 conSpiculs
810 1695 836 1735 ιλ
865 1696 1121 1768 gradibus
1152 1693 1474 1751 venerabilis
1509 1704 1619 1745 ara:
1698 1730 1707 1737 .

1714 284 2045 348 CARMINA.

1859 409 1907 470 Α
1935 398 2389 455 Concionaturum
2421 394 2432 431 ί
2472 393 2625 465 plebs
2651 392 2836 449 sedula
2867 394 3236 463 circumsistit,

3427 284 3532 341 722

1948 488 2223 557 Exposita:
2255 484 2387 554 legis
2414 483 2559 539 bibat
2591 484 2809 539 auribus
2833 492 2893 538 ut
2917 485 3262 541 medicinam.

1949 576 2213 648 Quidquid
2266 575 2422 645 agis,
2466 588 2786 645 quocunque
2830 575 2929 630 loci
2971 590 3071 643 es,
3128 591 3346 647 semper
3400 576 3530 631 mihi

3194 668 3466 741 [Faustus,

1954 760 2179 831 Semper
2209 757 2535 825 Honoratus,
2566 770 2781 826 semper
2805 771 3019 828 quoque
3041 757 3299 815 Maximus
3321 770 3460 817 esto.

2498 889 2783 946 CARMEN
2826 890 2987 947 XVII.

1951 1020 2163 1062 INVlTAT
2204 1005 2219 1056 ί
2259 1020 2536 1060 οωιλτιωι
2570 1012 2623 1059 γέ
2665 1018 2716 1059 C.
2760 1019 2827 1059 AD
2865 1019 3117 1059 NATALEI
3149 1021 3275 1060 DIEII
3313 1020 3537 1061 ςυοιιυιι.

1956 1139 2219 1208 Quattuor
2245 1147 2369 1194 ante
2400 1138 2544 1205 dies,
2576 1153 2734 1208 quam
2762 1138 2849 1192 lux
2877 1138 3100 1194 Sextilis
3125 1138 3305 1195 adusti

2024 1231 2199 1285 Prima
2228 1230 2535 1300 spiciferum
2563 1230 2800 1299 proferat
2829 1230 2963 1286 orbe
2991 1243 3171 1301 caput,

1956 1322 2155 1377 Natalis
2185 1322 2382 1377 nostris
2409 1322 2651 1378 decimus
2673 1332 2966 1395 sextusque
2992 1324 3221 1395 coletur,

2031 1414 2278 1470 Adventu
2310 1414 2435 1470 felix
2467 1415 2559 1484 qui
2592 1415 2724 1484 petit
2748 1430 2870 1471 esse
2901 1426 3012 1471 tuo.

1960 1503 2076 1560 Non
2109 1504 2201 1560 tibi
2224 1505 2504 1574 gemmatis
2537 1513 2803 1573 ponentur
2826 1504 3045 1574 prandia
3075 1508 3299 1576 mensis,

2032 1596 2287 1666 Assyrius
2311 1610 2506 1651 murex
2536 1610 2637 1650 nec
2660 1596 2756 1650 tibi
2781 1595 2951 1666 sigma
2982 1596 3153 1653 dabit.
3296 1579 3305 1587 ’

1964 1684 2070 1741 Nec
2100 1702 2194 1756 per
2222 1686 2548 1756 multiplices
2569 1687 2737 1742 abaco
2763 1687 3083 1757 splendente
3111 1703 3371 1745 cavernas

336 1827 363 1854 ι
393 1816 562 1883 Quem
592 1804 1577 1883 religiosaeivitzemagistrumhabuit
1608 1803 1852 1883 nonora—
1886 1798 1933 1858 B
1962 1808 2141 1883 ctores
2173 1798 2390 1883 docent.
2432 1798 2846 1883 Prudentiusde
2872 1801 2929 1856 S.
2954 1801 3229 1883 ilippolyti
3269 1805 3494 1883 ecclesia
3522 1843 3537 1872 ,

258 1900 354 1943 tus
394 1872 636 1946 :wtirum,
669 1872 725 1937 ιιῖ
767 1882 820 1935 in
867 1880 1047 1934 llilarii
1074 1872 1404 1933 Arelatensis
1453 1874 1569 1928 Vita
1599 1872 1853 1946 scriptum

260 1942 373 2023 est,
395 1942 633 2025 angelica
654 1955 705 2025 in
726 1952 911 2025 insulis
927 1949 1299 2025 conuersatione
1310 1946 1595 2025 degentem.
1633 1942 1857 2025 Venera-

264 2013 533 2093 buémﬁu
566 2024 857 2077 Eucherius
901 2022 950 2074 in
978 2020 1165 2093 libello
1211 2019 1280 2073 de
1310 2013 1492 2071 Laude
1538 2013 1707 2069 eremi
1758 2013 1854 2075 ait,

261 2092 515 2171 gravitate
546 2093 793 2171 veteribus
823 2092 1011 2171 sanctis
1044 2105 1236 2171 parent:

346 2151 380 2206 δέ
407 2167 649 2236 Episcopi
684 2172 866 2236 postea
894 2151 1206 2236 Tricassini.
1224 2157 1519 2236 Eucherius
1546 2154 1772 2236 ibidem,
1791 2151 1859 2206 de

269 2223 465 2295 Lirind
490 2223 661 2291 insula
686 2223 700 2288 Ξ
736 2233 861 2286 Πίιέ
888 2232 1063 2283 habuit
1104 2229 1358 2283 reverendi
1383 2227 1603 2281 nominis
1634 2223 1858 2290 Lupum,

265 2312 361 2379 qui
382 2308 525 2363 nobis
547 2306 696 2361 illum
725 2320 787 2357 ea:
818 2302 950 2357 tribu
978 2300 1249 2373 Benjamin
1273 2299 1477 2369 Lupum
1502 2295 1702 2350 retulit.

350 2414 373 2442 ε
409 2400 703 2456 Lirinensis
753 2396 1099 2458 monasterii,
1150 2400 1209 2448 ut
1256 2393 1516 2457 diximus,
1565 2397 1859 2443 auctorem.

269 2473 573 2529 Eucherius
615 2469 683 2524 de
734 2467 921 2539 eadem
951 2466 1185 2539 insulae
1211 2462 1386 2539 Digna
1424 2476 1539 2531 quae
1595 2459 1865 2539 Honoran

271 2553 488 2597 auctore
509 2540 726 2609 fundata
752 2538 854 2601 sit;
876 2552 989 2609 quae
1016 2536 1144 2609 tanti
1170 2534 1386 2587 instituti
1413 2540 1611 2609 tanturn
1636 2539 1783 2583 nacta
1802 2534 1867 2583 sit

278 2600 799 2684 patrm,'apo_stoliri
830 2600 1040 2684 spiritus
1067 2606 1235 2684 vigore
1256 2678 1264 2684 _
1284 2612 1329 2657 et
1358 2603 1526 2684 vultus
1555 2600 1750 2684 [innare
1778 2615 1866 2684 ra:

274 2668 508 2737 Biantem
534 2668 737 2749 :'digna
765 2668 887 2749 qua}
903 2676 1050 2749 illum
1076 2668 1379 2749 suscipiens,
1403 2674 1475 2726 ita
1500 2671 1741 2749 emitteret
1762 2684 1781 2723 :
1804 2668 1868 2749 ad

274 2753 590 2809 cathedram
630 2738 835 2804 scilicet
865 2738 1256 2811 Arelatensem,
1286 2743 1356 2799 ad
1394 2757 1553 2813 quam
1580 2740 1649 2796 ab
1680 2738 1871 2795 insula:

277 2824 603 2896 prafectura
632 2829 849 2875 evectus
881 2826 982 2873 est.

354 2914 381 2955 δ
425 2912 679 2969 Honorati
732 2913 783 2964 in
833 2908 1145 2964 monasterii
1194 2907 1512 2977 prcefectura
1560 2915 1869 2977 successor,

277 2989 571 3054 episcopus
615 2982 739 3037 inde
783 2979 1060 3054 Reiensis.
1092 2975 1400 3054 Eucherius
1441 2977 1509 3054 de
1558 2975 1870 3053 llonorato:

280 3046 418 3113 Haec
462 3046 599 3108 nunc
636 3066 974 3107 successorem
1015 3051 1124 3121 ejus
1172 3057 1301 3121 tenet
1346 3046 1634 3121 Maximum
1674 3046 1876 3121 nomine

280 3112 507 3190 clarum,
548 3125 667 3194 quia
697 3136 809 3190 post
856 3112 1249 3194 ipsum'meruit
1277 3118 1501 3194 _asc_isci.
1536 3115 1765 3194 Faustus
1808 3112 1875 3194 de

283 3183 523 3254 Maximo
551 3183 570 3249 ε’
600 3183 795 3265 Dignus
825 3183 909 3245 cui
935 3193 1133 3265 primus
1151 3188 1238 3243 ille
1266 3189 1509 3265 fundator
1530 3183 1874 3265 guberna-cuia

284 3268 572 3324 Lirinensis
602 3254 742 3318 nauis
774 3271 902 3332 post
925 3254 978 3315 se
1016 3254 1333 3332 moderanda
1369 3254 1724 3332 committeret.
1744 3254 1876 3332 μςο

285 3323 384 3395 ille
414 3341 466 3392 in
502 3323 957 3406 pseudepigrapha
990 3330 1203 3406 Eusebii
1222 3329 1454 3406 Emiseni
1479 3325 1698 3382 homilia
1726 3323 1873 3406 ἀεὶ-ξ.

285 3393 545 3471 Maximo,
589 3393 872 3471 quam'ut'
896 3402 1093 3456 Fausto
1141 3400 1513 3474 vindicandam
1561 3407 1743 3474 putent
1789 3393 1879 3448 hic

285 3484 408 3548 eius
436 3470 584 3532 locus
608 3470 748 3548 inter
775 3471 1323 3548 enitet-apersuadet:
1356 3470 1562 3535 Merito,
1598 3470 1879 3546 ittquit,.se

287 3537 426 3604 vbbis
448 3551 661 3617 imputet
685 3545 827 3619 beata
857 3542 949 3596 illa
977 3537 1146 3619 insula
1176 3557 1238 3595 ex
1268 3543 1363 3595 hoc
1392 3555 1491 3619 uno
1531 3549 1682 3619 atque
1729 3537 1880 3619 unicn

288 3606 536 3685 munere;
562 3618 676 3671 licet
717 3618 930 3687 inuitum
970 3614 1333 3687 erubesgat__e:c
1375 3609 1559 3687 nliero.
1600 3606 1882 3687 Significat

290 3694 438 3746 enim
469 3678 709 3743 Lirinum
735 3686 963 3739 insulam
989 3682 1124 3735 duos
1149 3682 1293 3737 liciis
1321 3682 1603 3750 episcOpos
1631 3678 1879 3750 dedisse:

292 3760 610 3825 Maximum,
642 3758 710 3811 de
740 3769 847 3824 quo
872 3756 991 3823 jure
1040 3752 1258 3825 gloriari
1291 3749 1506 3825 ApOs_sit._
1529 3759 1584 3804 et
1627 3749 1882 3803 Faustum

293 3834 472 3896 ipsum
502 3829 570 3884 de
594 3820 697 3896 quo
722 3820 1019 3881 erubescat.
1035 3824 1166 3889 Quae
1192 3823 1355 3877 verba
1375 3821 1443 3877 de
1466 3820 1663 3875 Fausto
1691 3826 1886 3889 prmter

296 3902 557 3958 Faustum
588 3898 760 3967 ipsum
791 3910 948 3949 nemo
976 3900 1302 3963 usurpasset.

370 4001 397 4029 ε
428 3988 704 4046 Successit
731 3986 872 4041 enim
897 3984 1126 4038 Maximo
1157 3984 1405 4049 Faustus,
1433 3982 1663 4051 primum
1695 3981 1746 4035 in
1774 3997 1888 4035 mu-

296 4077 435 4119 nere
465 4060 698 4124 abbatis,
728 4072 847 4112 cum
886 4055 1146 4108 Maximus
1190 4068 1220 4107 a
1266 4054 1531 4109 Lirinensi
1573 4056 1889 4124 praefectura

300 4135 367 4187 ad
402 4132 691 4187 Beiensem
721 4126 1030 4181 cathedram
1075 4126 1276 4179 ascitus
1314 4133 1416 4177 est.
1454 4125 1658 4179 Deinde
1697 4123 1889 4177 iterum

298 4206 355 4258 in
389 4204 725 4269 episcopatu,
755 4211 874 4251 cum
899 4205 1111 4250 mortuo
1137 4196 1367 4269 maxime
1396 4195 1650 4250 Reiurum
1682 4194 1893 4269 episco-

300 4289 407 4343 pus
454 4287 521 4343 ex
567 4267 758 4343 abbate
802 4276 1012 4343 creatus
1051 4267 1277 4343 est.__lta
1330 4282 1457 4343 erge
1503 4275 1556 4320 et
1600 4267 1893 4320 monachos

304 4336 546 4403 Maximi,
577 4349 631 4394 et
659 4338 850 4393 urbem
874 4337 989 4406 ejus
1020 4346 1139 4407 post
1168 4336 1315 4389 illum
1341 4337 1496 4390 rexit.

385 4434 408 4472 τ
432 4434 584 4505 151
604 4430 973 4505 Lugdunensis
990 4437 1171 4505 postea
1190 4428 1448 4505 episcopi.
1468 4427 1763 4505 Lirinensis
1782 4442 1893 4505 sua:

306 4498 656 4561 habiTaiitTnis
687 4498 856 4557 vtestis
901 4510 985 4554 est
1027 4498 1319 4553 Eucherius
1351 4502 1461 4565 ipse
1508 4501 1559 4552 in
1606 4498 1787 4553 libello
1828 4502 1893 4552 tle

312 4576 591 4632 Laudibus
619 4572 807 4628 eremi.
842 4570 1116 4639 Equidem,
1142 4569 1335 4637 inquit,
1363 4570 1558 4623 cunctis
1584 4570 1739 4640 eremi
1769 4568 1894 4640 iocis

311 4664 427 4719 quw
453 4648 650 4717 piorum
678 4638 1037 4719 illuininurttur
1062 4655 1279 4719 secessu,
1324 4641 1655 4719 reverentiam
1695 4638 1852 4692 debeo
1881 4656 1895 4690 :

314 4710 580 4789 praecipue
594 4724 760 4789 tamen
786 4711 1018 4789 Liriuum
1039 4726 1205 4789 ineant
1232 4710 1423 4789 honore
1442 4711 1769 4789 complectar,
1786 4724 1899 4775 qua:

315 4779 583 4857 irroceilnsi
615 4783 901 4853 naufragiis
923 4780 1100 4835 mundi
1117 4779 1305 4848 effusos
1329 4782 1574 4853 piissimis
1597 4781 1734 4835 ulnis
1764 4795 1901 4833 rece-

316 4869 460 4929 perat
492 4858 761 4911 renientes.

2086 1876 2270 1926 Fronte
2293 1877 2385 1925 sub
2410 1880 2614 1926 adversa
2637 1878 2872 1937 gradibus
2895 1879 3104 1928 sublime
3133 1880 3345 1930 tribunal

2147 1938 2373 1999 Tollitur,
2402 1939 2609 1987 antistes
2634 1938 2867 2000 prmdicat
2890 1940 3023 1990 unde
3058 1939 3238 1991 Deum.

1964 2040 2227 2097 Eumdem
2265 2042 2426 2097 etiam
2468 2040 2670 2096 Graecis
2715 2056 2922 2097 morem
2955 2042 3142 2109 fuisse,
3177 2052 3232 2099 et
3263 2044 3554 2103 hodiernus

1964 2127 2149 2167 eorum
2176 2111 2598 2185 mos_ostendit,
2631 2120 2690 2185 et_
2703 2114 2852 2185 quod
2884 2114 3364 2185 deChrysostomo
3394 2132 3422 2171 a
3454 2116 3554 2173 So-

1964 2194 2111 2238 crate
2157 2189 2213 2237 et
2240 2181 2388 2249 aliis,
2433 2191 2492 2237 ut
2538 2181 2811 2251 peculiare
2842 2181 3111 2252 proditum
3160 2193 3266 2251 est,
3320 2186 3469 2241 illum
3500 2187 3554 2243 in

1966 2254 2251 2307 ambonem
2301 2252 2686 2308 conscendisse
2750 2264 2808 2308 ut
2863 2268 2894 2307 a
2955 2256 3200 2322 pluribus
3260 2258 3555 2315 audiretur.

1966 2322 2439 2393 Coneionabantur
2483 2338 2614 2391 ergo
2663 2337 2762 2393 pro
2801 2324 3054 2392 gradibus
3078 2328 3225 2392 'aras,
3260 2326 3397 2381 intra
3427 2343 3557 2382 can-

1969 2392 2282 2475 cellos,.qui
2316 2394 2458 2475 ρῆμα
2489 2407 2582 2475 seu
2605 2392 2881 2475 ‘iepartiou,
2912 2396 3012 2449 hoc
3036 2396 3416 2475 estutribunal,
3443 2398 3557 2475 sivo

1970 2464 2268 2535 sacrarium
2299 2464 2621 2535 dirimebant
2648 2464 2676 2515 a
2700 2478 2884 2535 capso,
2910 2464 3051 2530 quod
3083 2464 3156 2535 illi
3186 2468 3298 2520 ναὸν
3324 2468 3558 2535 appella-

1976 2533 2305 2605 bantsliunc
2327 2533 2673 2605 enimlocum
2703 2534 2902 2589 indicat
2930 2534 3220 2605 Gregorius
3249 2533 3556 2605 theologus.

1975 2619 2099 2676 cum
2123 2603 2192 2676 de
2213 2604 2817 2676 Constantinopolitanis
2838 2603 3319 2676 concionibussuis
3338 2603 3559 2676 loquens

1974 2674 2025 2729 in
2050 2674 2293 2729 oratione
2313 2672 2379 2727 ad
2405 2674 2686 2742 episcopos
2709 2673 2829 2739 150,
2860 2675 3131 2730 cancellos
3158 2675 3225 2731 ab
3252 2672 3558 2733 auditorum

1974 2759 2099 2801 sese
2122 2743 2510 2813 impellentiurr.
2540 2745 2699 2797 turba
2729 2745 2835 2798 vim
2868 2759 3056 2813 passos
3082 2746 3300 2811 scribit,
3332 2746 3416 2800 his
3441 2762 3560 2802 ver-

1975 2816 2056 2869 bis
2082 2834 2103 2893 Ξ
2128 2819 2335 2893 Χαίρετε
2364 2822 2467 2893 ⁴ζῶν
2513 2817 2644 2893 infra
2688 2815 2847 2886 λόγων
2869 2817 3118 2893 ῥρασηιὶ,
3140 2820 3257 2893 erati
3286 2816 3561 2893 σύνδρομοξ

1979 2885 2287 2960 ςυνδρομὰὶ,
2305 2885 2649 2960 καὶλγραᾳίίδες
2673 2885 3020 2960 φανεραὶξ-κᾳὶ
3044 2887 3399 2955 ᾈανθάνουσαι,
3414 2885 3509 2943 ’κὰὶ
3532 2890 3563 2947 ἦ

1977 2955 2247 3030 βιοξζρμἕνη
2276 2955 2462 3030 κςγκᾘξ
2486 2955 2616 3013 αὕτη
2642 2955 2899 3030 τὸῖς-τὶερὶ
2925 2957 3069 3030 λόγον
3090 2961 3422 3030 ᾠθιζρμένοιβ

2056 3024 2073 3063 ί
2107 3024 2291 3095 Neque
2314 3024 2415 3080 lioc
2444 3024 2878 3094 praetereundum
2905 3024 3022 3081 eam
3051 3029 3177 3082 olim
3201 3024 3366 3083 fuisse
3394 3027 3566 3083 divini

1981 3097 2129 3168 verbi
2158 3096 2539 3168 reverentiam,
2592 3105 2650 3150 ut
2698 3105 2925 3164 stantes,
2967 3111 3072 3151 non
3114 3096 3391 3167 sedentes,
3423 3097 3566 3168 quod

1903 3161 1951 3225 C
1984 3165 2179 3236 passim
2209 3165 2369 3220 hodie
2400 3166 2478 3231 tit,
2512 3180 2696 3221 sacras
2726 3161 3016 3223 conciones
3055 3169 3325 3223 audirent.
3361 3161 3569 3223 Au'etor

1985 3236 2248 3307 imprimis
2276 3236 2628 3306 Augustinus,
2672 3237 2725 3291 in
2756 3252 3006 3293 sermone
3035 3238 3102 3293 de
3133 3239 3419 3294 honestate
3449 3239 3566 3294 cle-

1985 3308 2244 3366 ricorum.
2281 3315 2337 3361 et
2367 3307 2583 3361 humilia
2610 3307 2704 3361 26.
2752 3307 2817 3362 Et
2853 3308 3035 3377 colligi
3083 3309 3209 3363 licet
3238 3326 3303 3365 ex
3347 3308 3484 3364 libro
3520 3324 3572 3362 tv

1982 3378 2161 3447 Optati
2192 3377 2504 3443 Milevitani,
2532 3377 2622 3445 qui
2658 3379 2912 3445 populum
2945 3380 2998 3432 in
3032 3379 3261 3434 ecclesia
3297 3388 3456 3445 negat
3476 3379 3574 3432 ha-

1981 3449 2111 3503 bere
2136 3446 2359 3517 sedendi
2388 3447 2680 3517 licentiam.
2709 3450 2780 3517 ita
2804 3457 2859 3502 et
2882 3448 3291 3503 Constantinum
3324 3449 3571 3517 Magnum

1984 3516 2249 3574 Eusebius
2274 3516 2410 3570 libro
2440 3516 2680 3590 Yitaeiv,
2708 3514 3133 3590 3p9tov_t'a'r€irat,
3171 3528 3398 3573 stantem
3412 3514 3575 3574 'inter

1990 3596 2241 3651 cazteros,
2294 3587 2467 3641 oranti
2499 3587 2601 3641 sibi
2621 3587 2814 3642 ‘aures
2868 3588 3082 3643 dedisse
3145 3597 3395 3653 testatur,
3451 3594 3575 3645 cum

1986 3672 2200 3725 aequum
2228 3657 2456 3725 diceret,
2505 3666 2565 3711 ut
2607 3657 2799 3711 stando
2827 3657 3004 3711 divina
3034 3658 3336 3724 audiantur,
3372 3661 3575 3723 ἑστῶτα

1985 3730 2084 3806 γὰρ
2112 3726 2387 3806 ὑπακούειν
2402 3736 2501 3783 τῶν
2522 3729 2662 3806 eain?
2690 3726 2841 3806 dare».
2870 3728 3186 3806 Nectamen
3196 3728 3414 3806 inficias
3442 3745 3578 3806 eun~

1990 3799 2117 3854 dum
2174 3814 2269 3853 sua
2314 3802 2474 3854 etiam
2529 3800 2863 3854 auditoribus
2901 3799 3095 3854 sedilia
3138 3800 3264 3854 olim
3312 3799 3479 3855 fuisse
3523 3800 3579 3857 in

1990 3869 2311 3939 quibusdam
2342 3868 2609 3925 ecclesiis.
2644 3869 2769 3939 Hoc
2797 3869 2942 3923 enim
2969 3869 3149 3936 docet,
3198 3871 3483 3939 aptiusque
3510 3870 3579 3929 ad

1991 3938 2345 4011 attentionem
2371 3939 2573 4011 judicat
2601 3938 2744 3995 idem
2779 3939 3110 4011 Augustinus
3137 3940 3190 3996 in
3219 3938 3359 3995 libro
3388 3938 3454 3995 de
3475 3941 3582 3996 Ca-

1993 4010 2331 4081 techizandis
2357 4010 2598 4081 rudibus,
2626 4025 2746 4081 cap.
2783 4010 3193 4081 15.’Longeque,
3238 4012 3349 4079 ait,
3381 4012 3581 4064 consut-

1993 4082 2096 4135 tius
2125 4082 2179 4133 in
2224 4079 2531 4151 quibusdam
2575 4079 2929 4135 transmarinis
2976 4079 3221 4147 ecclesiis,
3273 4096 3377 4151 non
3416 4081 3583 4134 solum

1993 4150 2245 4223 antistites
2292 4152 2447 4221 152
2474 4150 2700 4223 sedentes
2747 4151 3024 4223 loquuntur
3072 4151 3141 4204 ad
3186 4150 3454 4223 populum,
3494 4154 3583 4223 sed

1995 4222 2097 4289 ipsi
2126 4222 2281 4276 etiam
2312 4223 2503 4289 populo
2548 4221 2733 4275 sedilia
2762 4221 3027 4293 subjacent
3051 4262 3067 4287 ,
3099 4237 3160 4293 ne
3188 4221 3474 4293 'quisquam
3502 4222 3587 4283 in-

1997 4293 2196 4360 ﬁrmior
2224 4294 2407 4345 stando
2440 4293 2659 4345 lassatus
2690 4308 2721 4344 a
2748 4291 3086 4346 saluberrima
3110 4292 3391 4345 intentione
3438 4306 3586 4344 aver-

1998 4372 2158 4429 tatur,
2189 4370 2277 4415 aut
2306 4365 2457 4416 etiam
2480 4374 2692 4433 eogatur
2718 4362 3010 4418 abscedere.

2074 4434 2087 4481 ἱ
2124 4426 2451 4488 Ommatium
2482 4426 2684 4487 Ruricii
2716 4447 2960 4487 socerum
2991 4432 3173 4487 docuit
3222 4446 3321 4487 nos
3365 4426 3589 4488 carmen

1922 4534 1975 4594 Β
2005 4503 2225 4594 ξηειυο
2246 4502 2365 4583 loco
2394 4506 2694 4584 Arvernum
2726 4503 2875 4594 illnrm
2902 4503 3063 4556 fuisse
3093 4504 3415 4585 monuimus.
3442 4502 3589 4594 l'dem

2001 4575 2070 4628 de
2092 4572 2359 4627 Ommatio
2390 4572 2635 4641 juniore,
2683 4573 2773 4640 qui
2802 4571 3141 4626 Turonorum
3184 4574 3408 4629 antistes
3452 4572 3589 4639 fuit,

2002 4654 2185 4697 monet
2211 4643 2504 4711 Gregorius
2554 4642 2648 4696 lib.
2678 4658 2712 4695 ι
2761 4642 3027 4697 Historiae.
3062 4643 3214 4698 Hunc
3253 4659 3386 4701 vero
3431 4643 3592 4699 Sidu-

2004 4714 2128 4769 nius
2154 4728 2376 4767 suorum
2410 4712 2641 4783 natalem
2688 4712 2968 4783 celebrans
2999 4714 3187 4768 invitat
3226 4715 3591 4783 pulcherrimo

2003 4785 2390 4853 epigrammate
2420 4800 2434 4839 :
2466 4782 2609 4852 quod
2651 4782 2868 4852 quidem
2910 4783 3139 4838 Martino
3169 4782 3441 4841 Dumiensi
3464 4783 3592 4838 olint

2005 4854 2261 4926 episcopo
2287 4856 2361 4926 ita
2409 4854 2692 4926 probatum
2740 4862 2848 4919 est,
2874 4863 2935 4908 ut
2964 4855 3195 4909 triclinio
3237 4872 3357 4922 suo,
3408 4854 3595 4926 paucis

387 4959 413 4996 ,ς
445 4946 692 5018 Episcopi
712 4944 1059 5018 Αι-ειριςηδῖε,
1087 4943 1264 5018 [mm-il
1285 4942 1542 4998 Hilarium
1563 4942 1906 5018 “ripensem
2004 4925 2243 4992 mutatis,
2267 4923 2677 4980 describendum
2696 4928 2899 4980 curarit
2926 4926 2978 4981 in
3015 4926 3155 4982 hunc
3177 4923 3419 4981 modum.

316 5014 549 5075 insulam
591 5014 672 5071 bis
717 5015 1048 5078 incoluisse;
1087 5014 1228 5084 quod
1273 5030 1460 5070 verum
1509 5024 1610 5071 est.
1659 5016 1898 5071 Primum

320 5090 581 5159 siquidem
610 5086 866 5159 lloiiprati
885 5086 1148 5159 precibus
1177 5086 1382 5141 evictus
1409 5101 1475 5159 eo
1503 5088 1729 5159 seCessit
1747 5128 1763 5153 ,
1789 5088 1897 5140 ibi-

320 5146 423 5229 que
452 5146 760 5227 aliquandiu
789 5146 921 5229 vixit
950 5171 1068 5209 cum
1102 5155 1391 5211 lionorato.
1423 5158 1590 5224 Quem
1620 5146 1814 5213 deinde
1834 5159 1902 5213 ad

325 5227 689 5285 Arelatensem
714 5227 1021 5282 cathedram
1048 5229 1359 5298 translatum
1382 5241 1500 5282 cum
1528 5228 1695 5298 ipsius
1716 5239 1902 5298 rogatu

324 5301 507 5355 relicta
538 5298 712 5353 insula
752 5309 968 5353 s-scutus
999 5306 1172 5361 esset,
1224 5297 1447 5366 pristino
1492 5297 1703 5353 tandem
1739 5297 1905 5356 eremi

326 5386 507 5425 amore
550 5379 759 5436 captus,
806 5368 1044 5423 Liriuum
1078 5368 1255 5433 rediit,
1288 5383 1394 5437 quo
1425 5377 1663 5439 tempore
1695 5371 1904 5426 Euche-

328 5444 433 5495 rius
459 5441 757 5510 elegantem
787 5440 854 5493 de
882 5439 1038 5510 laude
1066 5441 1233 5493 eremi
1276 5440 1511 5510 libellum
1546 5441 1747 5496 llilario
1775 5442 1909 5497 scri-

329 5513 449 5580 psit,
483 5511 571 5579 qui
602 5511 718 5565 haac
746 5509 925 5582 omnia
957 5510 1273 5564 confirmat:
1306 5518 1359 5564 et
1391 5509 1623 5566 llilarius
1665 5519 1778 5582 ipse
1811 5512 1910 5569 ho-

329 5583 469 5637 milia
497 5582 563 5636 de
593 5588 778 5637 sancto
809 5581 1098 5635 llonorato.

396 5674 426 5713 δ
454 5674 583 5729 lude
612 5676 753 5729 enim
787 5674 1034 5729 sedentes
1058 5673 1106 5726 in
1138 5672 1392 5728 cathedra
1418 5673 1669 5729 tribunali
1694 5678 1913 5731 concio-

333 5748 445 5803 nari
488 5746 769 5802 solebant:
805 5744 943 5816 quod
991 5744 1259 5799 ritualium
1292 5760 1500 5816 quoque
1530 5745 1787 5802 librorum
1819 5764 1913 5803 au-

2209 5046 2268 5099 B.
2314 5044 2601 5099 MARTINI
2646 5045 3009 5101 DUMIENSIS
3052 5045 3385 5104 EPISCOPI.

2522 5115 2588 5169 IN
2630 5115 3084 5172 REFECTORIO.

2136 5206 2242 5270 Non
2266 5206 2344 5255 hic
2366 5207 2547 5255 auratis
2570 5212 2806 5257 ornantur
2832 5208 3028 5270 prandia
3049 5208 3231 5265 fulcris.

2200 5268 2425 5329 Assyrius
2448 5282 2622 5331 murex
2647 5280 2740 5318 nec
2765 5268 2851 5318 tibi
2877 5271 3033 5331 sigma
3052 5274 3212 5321 dedit.

2137 5328 2240 5402 Nec
2263 5328 2351 5389 per
2372 5330 2665 5402 multiplices
2688 5331 2838 5402 abaco
2850 5328 3147 5402 splendente
3166 5343 3399 5381 cavernas

2206 5390 2457 5456 Ponentur
2481 5390 2646 5456 nitidae
2666 5393 2843 5442 codicis
2866 5390 2973 5456 arte
3004 5395 3168 5456 dapes.

2143 5451 2246 5514 Non
2270 5454 2477 5514 scyphus
2501 5455 2577 5501 hic
2602 5455 2817 5511 dabitur,
2842 5455 2990 5504 rutilo
3015 5448 3089 5504 cui
3116 5456 3239 5503 forte
3264 5448 3463 5501 metallo

2199 5512 2470 5563 Crustatum
2490 5518 2697 5577 stringat
2716 5516 2893 5567 tortilis
2911 5530 3023 5565 ansa
3053 5517 3193 5577 latus.

2142 5575 2262 5624 Vina
2286 5578 2401 5624 mihi
2427 5589 2521 5625 non
2546 5575 2659 5627 sunt
2678 5578 2920 5633 Gazetica,
2946 5578 3082 5636 Chia,
3111 5576 3333 5633 Falerna,

2204 5640 2423 5701 Quasque
2446 5638 2720 5701 Sarepteno
2746 5638 3107 5701 palntitc_missa
3133 5638 3283 5685 hibus.

2140 5698 2237 5763 Sed
2254 5698 2483 5763 quidquid
2510 5698 2674 5750 tenuis
2692 5698 2786 5747 non
2806 5699 3175 5763 completeopia
3196 5709 3400 5763 mellam,

2205 5760 2439 5825 Supplcat
2462 5764 2546 5814 hoc
2573 5764 2783 5826 petimus
2811 5762 2967 5825 gratia
2989 5760 3133 5823 plena
3157 5761 3263 5814 tibi.
