4002 6188
447 302 550 357 725

516 418 736 489 Argenti
762 418 896 488 nigri
924 416 1157 487 pondera
1199 414 1484 470 defodiam.

448 512 554 567 Nec
581 510 813 581 scyphus
842 508 927 562 hic
945 506 1179 571 dabitur,
1209 506 1369 561 rutilo
1391 506 1474 559 cui
1504 505 1639 559 forte
1670 502 1889 571 metallo

516 602 819 655 Crustatum
846 600 1071 667 stringat
1104 596 1296 651 tortilis
1321 610 1448 650 ansa
1474 595 1633 649 latus.

450 690 673 746 Fercula
695 699 820 744 sunt
851 688 1003 743 nobis
1026 686 1284 741 mediocri
1304 704 1340 749 ι,
1370 700 1478 739 non
1507 685 1577 737 ita
1612 682 1774 747 facta,

518 782 681 851 336
706 780 965 835 Mensura:
993 786 1052 833 ut
1076 776 1293 847 grandis
1322 774 1568 844 suppleat
1593 789 1679 828 ars
1704 774 1950 843 pretium.

456 872 569 927 Non
599 887 761 941 panes
785 871 981 940 Libyca
1007 869 1193 923 SOIIlOS
1218 868 1502 921 ﬂavescere
1527 866 1682 937 Syrte

526 961 766 1030 Accipiet
789 969 813 998 ⁸
845 959 983 1016 Galli
1017 959 1212 1013 rustica
1244 972 1425 1011 mensa
1451 956 1545 1010 tui.

456 1054 589 1109 Vina
619 1053 747 1107 mihi
778 1066 882 1107 non
912 1060 1038 1106 sunt
1062 1049 1089 1088 δ
1119 1049 1389 1116 Gazetica,
1410 1047 1563 1113 Chia,
1599 1047 1845 1115 Falerna,

527 1146 761 1213 Quaeque
786 1144 1083 1212 Sarcptano
1109 1140 1325 1211 palmite
1353 1141 1515 1195 missa
1550 1139 1717 1194 bibas.

458 1248 481 1276 ε
510 1237 703 1292 Pocula
725 1251 831 1290 non
859 1235 946 1289 hic
971 1242 1093 1288 sunt
1111 1232 1337 1287 illustria
1372 1232 1585 1286 nomine
1613 1233 1754 1300 pagi,

524 1326 674 1393 Quod
709 1323 885 1393 posuit
915 1324 1114 1377 nostris
1136 1321 1253 1391 ipse
1282 1321 1555 1375 Triutnvir
1582 1320 1746 1391 agris.

457 1414 534 1469 Tu
564 1424 735 1468 tamen
766 1422 824 1467 ut
853 1411 1036 1467 venias
1060 1453 1073 1476 ,
1106 1411 1339 1480 petimus
1364 1428 1378 1464 :
1410 1410 1555 1464 dabit
1578 1409 1757 1489 omnia
1783 1407 2029 1463 Christus

526 1500 553 1540 ιι
584 1503 682 1557 llic
708 1502 836 1557 mihi
863 1502 952 1572 qui
974 1500 1198 1572 patriam
1222 1501 1348 1557 fecit
1376 1514 1560 1554 amore
1588 1508 1698 1553 tuo.

986 1633 1265 1689 CARMEN
1313 1632 1497 1687 XVIII.

527 1737 553 1766 ⁸
593 1744 660 1783 DB
698 1741 916 1783 BALNEIS
954 1742 1125 1783 νιιιηιε
1165 1742 1280 1783 SUE
1320 1740 1485 1781 SUPBA
1522 1738 1693 1779 LACU!
1735 1735 1949 1778 POSI'I'E.

455 1840 509 1898 Si
539 1839 657 1909 quis
684 1839 967 1895 Avitacum
998 1839 1236 1910 dignaris
1259 1839 1436 1894 visere
1462 1848 1722 1903 neStram,

526 1934 639 1988 Non
665 1935 759 1988 tibi
792 1934 1106 2005 diSpliceat:
1139 1932 1183 1987 si
1210 1932 1351 2003 quod
1383 1930 1545 1985 habes
1568 1930 1793 1999 placeat,

459 2023 673 2079 1Emula
703 2024 905 2078 Baiano
933 2022 1193 2078 tolluntur
1221 2020 1449 2076 culmina
1478 2033 1636 2094 cono,

530 2117 740 2185 Parque
775 2115 1095 2170 cothurnato
1123 2112 1323 2168 vertice
1354 2111 1518 2180 fulget
1549 2125 1709 2178 apex.

457 2206 678 2262 Garrnla
706 2206 969 2263 Gauranis
996 2207 1115 2275 plus
1140 2211 1442 2259 murmurat
1464 2200 1600 2256 unda
1632 2200 1863 2266 liuentis,

523 2298 768 2368 Contigui
799 2297 955 2352 collis
982 2297 1128 2365 lapsa
1156 2295 1469 2366 supercilio.

458 2389 746 2445 Lucrinum
776 2388 924 2444 dives
952 2398 1196 2459 stagnum
1228 2388 1522 2456 Campania
1556 2385 1741 2447 nollet,

526 2482 761 2552 IEquora
784 2482 828 2536 si
852 2481 1019 2536 nostri
1046 2489 1293 2536 cerneret
1313 2480 1402 2535 illa
1436 2479 1605 2533 lacus.

457 2573 590 2630 Illud
613 2572 850 2642 puniceis
880 2581 1101 2625 ornatur
1124 2572 1276 2625 littus
1299 2569 1529 2635 echin’s,

527 2663 768 2717 Piscibus
794 2661 846 2715 in
879 2661 1077 2715 nvstris
1106 2660 1303 2729 hospes
1332 2667 1614 2727 utrumque
1638 2657 1805 2721 vides,

458 2749 514 2807 Si
541 2752 686 2819 libet,
712 2760 764 2808 et
786 2750 995 2821 placido
1016 2750 1231 2822 partiris
1260 2749 1449 2821 gaudia
1480 2749 1661 2813 corde,

529 2979 555 3008 ⁸
578 2971 633 3025 ld
655 2979 736 3025 est
756 2970 919 3025 Celtae
947 2968 1334 3038 Lugdunensis.
1361 2969 1435 3023 De
1456 2967 1663 3023 Sidonii
1686 2968 1826 3023 enim
1854 2967 2024 3038 patria

1706 291 1946 347 SIDONII
1986 286 2433 343 APOLLINARIS

2055 414 2100 468 Α
2198 408 2448 477 Quisquis
2476 406 2624 474 ades,
2654 407 2888 463 Baiasm
2908 406 3046 463 facis
3070 405 3165 462 hic
3184 406 3389 463 animo.

2059 1774 2106 1834 Β

3606 284 3707 340 Ὶὶι

2580 521 2740 591 337
2776 519 3058 575 cannas
3101 518 3243 573 χιχ.

2459 628 2864 667 τετιιΛετιειιωί
2905 626 3074 667 δυιιωι
3108 626 3371 666 Ριεειαω.

2127 727 2326 781 Intrate
2355 726 2596 795 algentes
2624 733 2746 794 post
2774 724 2963 778 balnea
2996 722 3194 778 torrida
3225 722 3453 785 fluctus,

2198 815 2266 870 Ut
2289 815 2485 870 solidet
2514 815 2741 869 calidam
2776 813 2973 883 frigore
3002 813 3216 884 lympha
3247 822 3445 866 cutem.

2131 908 2193 962 Et
2218 907 2343 962 licet
2371 907 2472 961 hoc
2493 906 2609 962 solo
2634 905 2893 974 mergatis
2925 905 3169 959 membra
3193 903 3418 973 liquore,

2197 999 2300 1055 Per
2321 1007 2565 1068 stagnum
2596 1006 2841 1052 nostrum
2872 996 3075 1051 lumina
3106 1003 3284 1049 vestra
3321 1001 3528 1047 natant.

2696 1110 2983 1167 CARMEN
3022 1109 3144 1165 XX.

2459 1201 2477 1240 ί
2524 1220 2590 1258 sn
2627 1217 2887 1258 soaomuu
2925 1217 3066 1257 suum
3102 1215 3370 1255 εουιειωι.

2131 1318 2331 1375 Natalis
2354 1325 2537 1372 noster
2566 1329 2734 1371 nonas
2762 1314 2963 1370 instare
2989 1312 3323 1368 Novembres

2211 1408 2483 1466 Admonet
2517 1425 2531 1461 :
2574 1419 2827 1461 occurras
2853 1420 2960 1459 non
2987 1417 3145 1473 rogo,
3178 1402 3274 1457 sed
3296 1401 3495 1471 jubeo:

2132 1501 2213 1558 Sit
2238 1511 2412 1555 tecum
2442 1497 2658 1567 conjux,
2686 1496 2793 1552 duo
2816 1510 2955 1551 nunc
2975 1501 3290 1565 properate;
3316 1492 3409 1549 sed
3438 1490 3570 1548 illud

2207 1589 2333 1645 Post
2359 1602 2554 1643 annum
2580 1595 2826 1658 optamus
2858 1589 3049 1651 tertius
3073 1594 3131 1641 ut
3156 1585 3358 1640 venias.

2693 1694 2976 1751 CARMEN
3000 1694 3143 1749 XXI.

2531 1805 2597 1844 DE
2629 1801 2855 1843 PISCIBUS
2892 1802 3064 1842 NOCTE
3102 1799 3301 1841 CAPTIS.

2134 1907 2397 1975 Quattuor
2425 1903 2541 1959 haec
2567 1904 2797 1973 primum
2815 1903 2988 1973 pisces
3015 1914 3125 1954 nox
3160 1900 3319 1954 insuit
3346 1898 3535 1952 hamis.

2208 1994 2335 2051 Inde
2358 1995 2489 2049 duos
2513 1994 2681 2059 tenui,
2712 2002 2769 2049 tu
2791 2007 3000 2064 quoque
3029 2006 3184 2047 sume
3210 1991 3365 2045 duos.

2134 2090 2278 2156 Quos
2308 2088 2431 2141 misi
2463 2094 2586 2141 sunt
2610 2085 2844 2155 majores
2876 2102 2888 2137 :
2920 2083 3259 2139 rectissimus
3288 2082 3420 2136 ordo
3440 2090 3545 2138 est.

2204 2179 2444 2250 Namque
2464 2179 2655 2233 anima:
2676 2187 2875 2232 nostrae
2902 2175 3076 2247 portio
3103 2174 3274 2243 major
3294 2188 3433 2229 eras.

2133 2311 2296 2382 388
2349 2309 2547 2367 Sollius
2602 2308 2930 2430 Apollinaris!
2969 2306 3215 2362 Sidonius
3272 2304 3457 2360 Pontio
3503 2304 3722 2359 Leontio

2796 2396 2853 2430 sa
2880 2396 2909 2430 ιι
2936 2394 3034 2430 em.

2796 2394 3034 2432 salutem.

2203 2472 2336 2526 Dum
2361 2472 2501 2542 apud
2532 2480 2557 2519 Β
2586 2470 2882 2525 Narbonem
2912 2469 3171 2539 quondam
3211 2466 3459 2520 Martium
3498 2467 3710 2534 dictum,

2127 2563 2215 2618 sed
2257 2578 2419 2627 nuper
2447 2563 2669 2631 factum,
2716 2576 2883 2614 moras
2916 2568 3057 2613 necto
3083 2600 3097 2624 ,
3128 2559 3282 2612 subiit
3308 2557 3535 2610 animum
3561 2574 3712 2628 quos-

2132 2656 2275 2721 piam
2304 2654 2584 2707 secundum
2612 2668 2832 2707 amorem
2860 2664 3002 2706 tuum
3041 2653 3358 2705 hexametros
3387 2652 3710 2720 concinnare,

2132 2744 2314 2812 quibus
2336 2744 2481 2799 lectis
2512 2743 2701 2813 oppido
2727 2743 2880 2798 scires
2900 2784 2915 2809 ,
2944 2743 3035 2797 etsi
3059 2744 3257 2812 utrique
3291 2751 3517 2796 nostrum
3543 2744 3711 2813 dispa-

2142 2980 2260 3021 mus
2297 2965 2438 3018 enim
2468 2978 2535 3019 ex
2575 2963 2758 3018 Dionis
2802 2962 2871 3018 46
2900 2962 3270 3029 Lugdunensis
3295 2964 3519 3020 coloniae
3548 2964 3715 3020 dedu-

457 3054 620 3107 cogor
648 3055 677 3093 a
705 3034 1339 3095 doctissimo'Savarone
1393 3040 1483 3106 qui
1528 3040 1827 3093 Arvernum
1856 3034 2022 3100 facit,
2056 3039 2100 3101 C
2132 3036 2316 3089 cendaa
2347 3034 2849 3107 triumvirosfuisse
2878 3034 3139 3107 Silanum,
3165 3034 3420 3107 Lepidum
3460 3045 3531 3107 et_
3554 3035 3713 3090 Plan-

458 3108 738 3164 dissidere.
772 3110 900 3162 Cum
934 3109 1122 3176 religio
1150 3110 1220 3162 sit
1257 3108 1413 3161 aliter
1441 3110 1641 3162 sentire
1668 3123 1827 3177 quam
1872 3107 2031 3162 Sido-

456 3178 574 3234 nius
598 3178 710 3245 ipse
736 3178 1020 3247 signiticet,
1051 3178 1144 3244 qui
1173 3192 1232 3232 se
1263 3178 1458 3247 passim
1482 3177 1893 3247 Lugdunensem
1940 3187 2022 3229 te-

458 3254 652 3310 statur,
686 3246 856 3299 utlib.
886 3261 922 3299 I.
952 3247 1106 3312 epist.
1142 3247 1175 3301 5
1200 3258 1254 3301 et
1296 3248 1356 3311 8;
1385 3246 1482 3299 lib.
1512 3262 1585 3313 tv,
1612 3249 1769 3315 epist.
1794 3247 1885 3313 ‘25,
1913 3260 2031 3300 car-

461 3316 606 3370 mine
627 3316 680 3383 5,
709 3316 792 3369 15.
821 3315 1144 3382 Apollinaris
1174 3317 1255 3369 avi
1279 3317 1534 3370 tumulum
1559 3332 1662 3370 non
1682 3317 2028 3381 inAivernis,

458 3395 514 3440 ut
552 3385 723 3440 eidem
759 3386 1059 3455 videbatur,
1100 3388 1193 3441 sed
1233 3388 1283 3440 in
1330 3385 1670 3455 Lugdunensi
1699 3401 1827 3455 agro
1870 3386 2031 3440 fuisse

456 3456 561 3527 jam
584 3454 914 3527 ostendimus
938 3471 1001 3510 ex
1032 3458 1191 3527 epist.
1222 3456 1307 3521 l2,
1331 3454 1431 3527 lib.
1457 3471 1535 3510 ut.
1555 3457 1706 3511 Nunc
1732 3454 2027 3511 Arvernum

457 3524 576 3579 iirtu
624 3524 899 3579 Sidonium
946 3541 1050 3580 non
1082 3526 1246 3580 fuisse
1291 3526 1377 3580 hic
1425 3526 1574 3581 locus
1627 3528 1857 3594 indicat,
1908 3541 2029 3581 cum

458 3595 666 3649 Gallum
693 3609 765 3666 se,
785 3594 1053 3666 nominat,
1104 3595 1530 3661 diversamsibi,
1564 3612 1719 3666 quam
1764 3596 2030 3651 Ommatio

457 3666 719 3729 Arverno,
754 3664 805 3718 id
829 3674 909 3735 est
939 3666 1221 3732 Aquitano,
1253 3667 1478 3735 patriam
1503 3664 1828 3735 significans.
1858 3666 2029 3735 Aqui-

456 3745 610 3805 tanos
636 3736 775 3805 enim
808 3750 836 3787 a
867 3734 1034 3789 Gallis
1075 3737 1162 3788 illa
1192 3734 1322 3790 aetas
1349 3734 1727 3805 distinguebat.
1763 3734 2030 3803 Sulpicius

455 3802 961 3875 Bcverusllistorite
990 3820 1063 3858 ιιι
1099 3805 1204 3875 S_ed
1254 3807 1307 3857 in
1354 3802 1559 3870 nastrii,
1610 3806 1799 3875 inquit,
1848 3802 1901 3859 id
1939 3815 2026 3875 est

456 3872 755 3942 Aquitanis,
799 3871 963 3926 Gallis
1015 3890 1075 3927 ac
1119 3873 1380 3928 Britannis
1436 3871 1887 3931 indecetts'rimm.
1922 3873 2029 3930 Au-

456 3942 639 3996 sonius
663 3942 718 3995 in
749 3943 966 3995 Arelate
985 3981 1002 4009 ,

802 4032 1002 4094 populos
1024 4032 1143 4084 alios
1166 4039 1217 4084 et
1240 4038 1417 4086 moenia
1436 4038 1560 4087 ditas
1584 4053 1596 4085 :

577 4091 731 4143 Gallia
753 4091 893 4157 queis
915 4093 1103 4159 fruitur,
1126 4098 1415 4161 gremioque
1438 4098 1702 4161 Aquitania
1726 4097 1838 4148 lato.

457 4221 641 4293 quue
667 4231 892 4291 spectat,
916 4222 1056 4288 quod
1082 4225 1132 4278 in
1154 4223 1356 4280 Ethici
1387 4224 1670 4279 ltinerario
1698 4225 2020 4293 descriptum

456 4292 557 4347 iter
584 4300 668 4347 est
705 4292 772 4364 de
815 4293 968 4364 153
1001 4295 1282 4361 Aquitania
1320 4295 1372 4348 in
1413 4294 1633 4359 Gallias,
1667 4311 1695 4349 a
1727 4292 2021 4358 Burdegala

455 4362 1072 4433 Augustodunurﬁ.’lloc
1097 4365 1275 4433 itaque
1304 4379 1495 4431 sensu,
1528 4365 1734 4419 Gallum
1765 4380 1824 4419 se
1867 4367 2019 4420 Sido-

456 4434 592 4499 nius,
622 4433 748 4503 quia
778 4432 1534 4501 Lugdunensis{Ommatium
1579 4451 1730 4501 vero,
1770 4435 1892 4504 quia
1915 4437 2018 4490 Ar-

454 4517 648 4556 vernus
677 4512 823 4564 erat,
867 4504 1189 4572 Aquitanum
1221 4504 1459 4573 quidem,
1509 4507 1601 4559 sed
1652 4522 1756 4559 non
1808 4507 2015 4561 Gallum

454 4572 835 4651 vultjntelligi:
861 4572 1306 4651 quemadmodum
1334 4576 1471 4651 apud
1485 4574 2018 4651 Severumeumdem

454 4642 789 4712 iuidialogis,
816 4644 1030 4712 quidam
1060 4660 1117 4698 re
1142 4661 1204 4699 ac
1235 4642 1448 4699 nomine
1477 4645 1689 4711 Gallus,
1718 4648 1792 4699 ait
1834 4660 1893 4700 se
1924 4646 2021 4699 ho-

454 4711 656 4791 minem
678 4711 1053 4791 Galluminter
1074 4716 1375 4791 Aquitanos
1394 4716 1552 4791 verba
1570 4715 1872 4791 facturum;
1896 4716 2016 4785 quia

455 4782 707 4834 nimirum
758 4782 1003 4850 Aquitani
1044 4798 1106 4838 ea
1137 4782 1292 4853 quam
1325 4784 1433 4840 dixi
1474 4789 1692 4841 notione
1738 4784 1874 4839 Galli
1913 4782 2019 4841 non

459 4859 621 4903 erant.

525 4917 553 4957 δ
573 4919 827 4993 Gazetum
852 4920 1026 4993 vinum
1057 4921 1279 4993 Isidoro,
1298 4938 1326 4975 a
1352 4925 1570 4993 regione
1598 4925 1736 4979 unde
1759 4925 2019 4990 defertur,

458 4987 559 5064 hoc
587 4998 669 5064 est
697 5005 723 5041 a
757 4988 894 5044 Gaza
919 4989 1244 5064 Palmstinm:
1280 5004 1332 5045 ut
1358 4987 1707 5064 Sfreptaunm
1741 5012 1767 5045 a
1798 4987 2020 5064 Sarepta

458 5058 825 5137 Sidimiornm,
851 5060 989 5137 quod
1037 5064 1319 5137 Σερεφθῑνογ
1347 5059 1475 5137 ρῖνον
1495 5058 1753 5137 ’θρβοιιειι
1782 5058 2021 5137 Alexan-

453 5126 893 5201 der_'I‘ralliauus.
920 5126 1212 5201 Utrumque
1237 5134 1508 5187 celebrant
1534 5126 1797 5201 Gorippus
1826 5136 1913 5189 lib.
1965 5150 2021 5188 Ill

453 5206 508 5251 et
544 5196 869 5251 Fortunatus
898 5200 989 5253 lib.
1024 5216 1073 5253 IV
1103 5196 1169 5255 de
1202 5202 1313 5255 Vita
1340 5202 1573 5257 Martini.
1607 5196 1860 5259 Gaietum
1891 5220 2020 5257 vero

457 5268 975 5339 GregoriusﬂTurnn.
1002 5270 1068 5322 de
1100 5270 1277 5325 Gloria
1300 5273 1666 5329 confcssoruzn
1702 5275 1803 5339 65,
1844 5286 1897 5329 et
1921 5274 2013 5329 Se-

452 5348 606 5392 nator
636 5353 705 5391 xu
740 5337 940 5392 Variar.
975 5340 1056 5392 t2.
1200 5391 1213 5401 ,

531 5407 656 5485 °_De_
679 5407 1045 5485 Arvernorum
1069 5410 1203 5465 vinis
1235 5427 1338 5465 non
1365 5412 1616 5482 loquitur.
1645 5413 1854 5483 Alioqui
1889 5432 2021 5485 quo-

456 5478 695 5549 modoin
720 5481 970 5533 Arvernis
997 5480 1115 5533 vina
1141 5495 1241 5533 non
1273 5478 1469 5546 esseni,
1504 5499 1622 5549 qum
1653 5478 2015 5538 Arvérnoi'um

455 5547 639 5621 erant?
667 5549 758 5621 sed
790 5550 855 5603 de
885 5549 1328 5619 Lugdunensibus
1356 5547 1537 5621 patrite
1563 5568 1693 5606 sum.
1718 5555 2014 5620 Quemnam

456 5617 1039 5695 v'cro_l.ugdu_t1ensiutn
1076 5636 1263 5695 pagum
1307 5617 1499 5695 vinetis
1539 5617 1803 5677 celebrem
1851 5626 2011 5690 dicat,

456 5685 539 5736 cui
575 5684 835 5743 'I‘riumvir
878 5684 1349 5761 nonien'imposuit
1393 5696 1733 5763 qumrenslum
1766 5705 1865 5750 est.
1900 5684 2012 5752 Sci;

2132 3120 2273 3166 cum,
2307 3114 2359 3158 rt.
2388 3104 2552 3157 multa
2574 3105 2641 3156 ab
2664 3103 2775 3157 illis
2810 3104 3041 3167 potuisse
3064 3106 3277 3158 nomina
3305 3103 3556 3159 derivari.

2205 3173 2228 3209 ἀ
2264 3173 2417 3238 Apud
2447 3173 2743 3240 Arvernos,
2777 3174 2912 3228 Alibi
2937 3188 3065 3240 ergo
3086 3183 3261 3238 natus,
3288 3177 3373 3243 qui
3404 3174 3503 3227 huc
3529 3187 3713 3241 postea

2132 3244 2393 3313 migrarit.
2428 3244 2601 3309 Quare
2650 3252 2867 3313 maneat
2915 3244 3194 3298 Sidonium
3236 3255 3357 3299 ortu
3389 3244 3712 3310 Lugdunen-

2130 3312 2268 3379 sem,
2299 3314 2547 3382 conjugio
2578 3321 2633 3367 et
2659 3312 2913 3367 cathedra
2938 3315 3236 3368 Arvernum
3280 3314 3465 3368 fuisse.
3493 3313 3602 3367 Nec
3632 3315 3714 3366 in-

2130 3384 2415 3452 dignentur
2457 3384 2687 3437 Arverni
2741 3385 2905 3438 nostri
2953 3399 3056 3436 nnn
3108 3394 3275 3437 totum
3321 3384 3421 3437 sibi
3461 3385 3707 3447 concedi,

2131 3455 2217 3518 qui
2246 3452 2466 3506 meliore
2494 3453 2635 3506 illius
2662 3461 2812 3521 parte
2834 3453 2985 3520 potiti
3015 3464 3138 3506 sunt
3166 3468 3288 3506 cum
3318 3468 3377 3507 ea
3423 3453 3585 3506 fuerit
3625 3454 3712 3509 Si-

2130 3523 2275 3577 dnnii
2312 3524 2542 3591 dignitas
2564 3532 2618 3576 et
2662 3522 2944 3593 splendor,
2977 3538 3080 3592 quo
3107 3538 3211 3578 non
3242 3525 3452 3578 unicam
3476 3524 3708 3592 patriam

2132 3594 2383 3647 illustrari
2420 3607 2515 3658 par
2544 3604 2679 3646 erat.

2205 3671 2229 3698 ε
2260 3663 2537 3716 Avitacum
2574 3663 2773 3727 villam,
2829 3661 3049 3783 ejusque
3090 3661 3309 3717 balneas
3351 3671 3405 3716 et
3449 3661 3706 3731 piscinam

2210 3732 2357 3783 niose
2384 3731 2660 3783 descripsit
2684 3734 2838 3783 enist.
2870 3731 2928 3783 2-
2984 3731 3054 3783 ib.
3081 3747 3138 3783 ιι.

2140 3732 2357 3798 copiose
2384 3731 2838 3801 descripsitepist.
2870 3731 2928 3799 2,
2962 3731 3054 3785 lih.
3081 3747 3138 3785 ιι.

2203 3801 2439 3857 tEcdicii
2455 3799 2639 3855 sorOrc
2656 3799 2755 3855 fuit
2772 3801 3086 3867 Papianilla,
3105 3816 3238 3853 uxor
3257 3799 3482 3855 Sidonii.
3503 3800 3707 3857 Sidonii

2129 3885 2260 3940 ergo
2275 3872 2511 3925 sororius
2527 3871 2791 3935 Ecdicius;
2808 3870 3004 3926 Ecdicii
3026 3886 3149 3925 vero
3163 3881 3416 3940 cognatus
3432 3871 3700 3927 Silonius.

2129 3942 2377 3997 Sororius
2425 3943 2567 3995 enim
2622 3942 2837 4009 proprie
2883 3941 3047 3994 frater
3076 3942 3277 4009 uxoris,
3327 3950 3585 4009 cognatus
3625 3944 3703 3995 vir

2130 4012 2355 4065 sororis.
2404 4012 2579 4075 Quare
2630 4012 2769 4065 inter
2794 4025 2854 4065 se
2899 4020 3258 4077 opponuntur,
3315 4022 3372 4064 ut
3400 4011 3451 4063 in
3485 4013 3699 4078 antiquo

2130 4081 2303 4147 lapide
2338 4080 2529 4135 Brixia:
2555 4096 2569 4134 :
2602 4079 2882 4135 Cosanus
2911 4095 3243 4135 nuncnssmus
3272 4079 3506 4136 Soaomo
3532 4098 3699 4136 anx-

2129 4165 2357 4205 TISSIIO.

2200 4229 2226 4267 ι
2269 4221 2430 4274 Vetus
2450 4219 2723 4289 inscriptio
2746 4219 2977 4273 nondum
3003 4219 3216 4289 vulgata
3237 4218 3502 4286 Narbone,
3528 4219 3578 4273 in
3601 4234 3697 4286 qra

2127 4289 2422 4358 singulares
2453 4288 2641 4344 litteris
2669 4288 2943 4344 Coloniam
2971 4288 3160 4344 Iuliam
3193 4289 3473 4344 Paternam
3500 4290 3696 4344 Narbo.

2127 4373 2246 4413 nem
2279 4360 2519 4415 Martium
2548 4361 2821 4413 denotant.
2865 4359 2957 4414 His
2986 4362 3129 4415 enim
3160 4358 3472 4415 nominibus
3503 4362 3557 4415 in
3584 4359 3695 4415 aliis

2050 4411 2097 4471 Ι)
2122 4411 2956 4500 quasi;semanimem;
2981 4446 2996 4483 :

2618 4564 2678 4619 C.
2720 4564 3021 4620 MANLIUS
3059 4564 3119 4618 C.
3162 4563 3202 4617 F

2496 4635 2627 4689 PAP
2667 4634 2889 4690 RUFUS
2927 4634 3163 4689 UMBER
3204 4631 3335 4687 EXS

2405 4704 2707 4759 DECURIA
2784 4704 3127 4758 LICTURUM
3213 4702 3417 4758 VIATO

2471 4774 2618 4829 RUM
2638 4774 2798 4841 QUAE
2824 4774 2945 4828 EST
2968 4772 3026 4828 C.
3053 4775 3091 4828 I.
3117 4774 3175 4827 P.
3200 4774 3261 4826 N.
3285 4772 3334 4826 Μ

2583 4844 2781 4898 FECIT
2808 4845 2930 4899 SIBI
2974 4844 3061 4897 ET
3090 4843 3241 4899 SUIS

2122 4998 2228 5074 Sed
2255 4998 2445 5074 Juliam
2481 4998 2759 5074 Paternam
2805 4999 2873 5074 de
2913 4998 3033 5055 Julii
3064 5000 3292 5074 Caesaris
3329 5004 3570 5068 nomine,
3611 5004 3697 5074 qui

2123 5070 2388 5124 coloniam
2428 5082 2527 5138 eo,
2561 5080 2617 5123 ut
2644 5070 2931 5125 Suetonius
2971 5082 3177 5137 narrat,
3226 5073 3418 5127 iterum
3459 5070 3694 5138 deduxit,

2122 5140 2440 5209 appellatam
2484 5137 2650 5194 fuisse
2694 5138 2916 5209 ambigit
2964 5156 3143 5194 nemo.
3192 5141 3266 5194 De
3310 5142 3481 5197 Martii
3525 5137 3696 5197 autem

2124 5216 2475 5278 cognomento
2502 5248 2515 5273 ,
2548 5210 2637 5277 qui
2667 5225 2695 5260 a
2729 5209 2792 5275 Q.
2824 5210 3012 5264 Martio
3037 5251 3050 5271 ,
3080 5225 3184 5276 quo
3212 5213 3431 5265 consule
3471 5213 3695 5267 deducta

2124 5284 2351 5345 primum
2380 5280 2581 5332 colonia
2613 5279 2811 5343 fuerat,
2843 5279 3188 5333 derivandum
3216 5292 3421 5347 censet,
3451 5292 3507 5335 et
3532 5285 3698 5336 mani-

2123 5348 2292 5411 festis,
2325 5356 2383 5401 ut
2410 5347 2497 5401 alii
2526 5348 2775 5412 docuere,
2806 5348 3103 5403 rationibus
3133 5354 3501 5416 revincuntur,
3527 5362 3583 5405 et
3606 5353 3698 5405 ad-

2123 5426 2439 5489 versantem
2458 5420 2655 5472 habent
2685 5416 2785 5489 hoc
2814 5418 2932 5489 loco
2971 5420 3248 5473 Sidonium
3274 5462 3291 5485 ,
3339 5421 3429 5489 qui
3470 5436 3573 5475 non
3602 5423 3697 5475 ob-

2121 5503 2279 5542 scure
2306 5489 2371 5541 ad
2400 5488 2615 5541 Martem
2650 5487 2832 5542 refert.
2886 5488 2965 5542 Eo
2990 5492 3130 5543 enim
3161 5487 3409 5557 Spectat—is
3430 5531 3445 5556 ,
3493 5491 3695 5545 Narbo-

2123 5573 2243 5611 nem
2276 5558 2447 5626 reipsa
2477 5557 2720 5612 Martium
2753 5572 2921 5625 nuper
2951 5558 3144 5614 factum
3182 5562 3257 5614 ait
3278 5600 3294 5625 ,
3342 5575 3464 5614 cum
3503 5564 3698 5615 acerrio

2122 5642 2260 5680 mam
2308 5625 2599 5700 Gothorum
2640 5627 2969 5700 obsidionem
3014 5630 3080 5685 de
3103 5644 3205 5700 qua
3245 5631 3437 5687 iterum
3467 5632 3696 5688 carmine

2128 5698 2392 5765 sequenti,
2426 5698 2713 5752 fortissime
2743 5698 3011 5755 .ustinuit.
