  <div class='ocr_page' id='page_1' title='image "/cluster/home/n/w/nwhite01/storage/ocr_20150623/58/hvd.32044073505109/388.png"; bbox 0 0 4002 6188; ppageno 0'>
   <div class='ocr_carea' id='block_1_1' title="bbox 313 266 426 319">
    <p class='ocr_par' dir='ltr' id='par_1_1' title="bbox 313 266 426 319">
     <span class='ocr_line' id='line_1_1' title="bbox 313 266 426 319; baseline 0.027 -3"><span class='ocrx_word' id='word_1_1' title='bbox 313 266 426 319; x_wconf 63' lang='grc' dir='ltr'><strong><em>ἶεὶδ</em></strong></span> 
     </span>
    </p>
   </div>
   <div class='ocr_carea' id='block_1_2' title="bbox 1789 262 2109 320">
    <p class='ocr_par' dir='ltr' id='par_1_2' title="bbox 1789 262 2109 320">
     <span class='ocr_line' id='line_1_2' title="bbox 1789 262 2109 320; baseline -0.003 0"><span class='ocrx_word' id='word_1_2' title='bbox 1789 262 2083 320; x_wconf 76' lang='lat' dir='ltr'><strong><em>CARMINA</em></strong></span> <span class='ocrx_word' id='word_1_3' title='bbox 2095 304 2109 319; x_wconf 93' lang='lat'><strong><em>.</em></strong></span> 
     </span>
    </p>
   </div>
   <div class='ocr_carea' id='block_1_3' title="bbox 3485 266 3585 324">
    <p class='ocr_par' dir='ltr' id='par_1_3' title="bbox 3485 266 3585 324">
     <span class='ocr_line' id='line_1_3' title="bbox 3485 266 3585 324; baseline 0.02 -4"><span class='ocrx_word' id='word_1_4' title='bbox 3485 266 3585 324; x_wconf 71' lang='lat'><strong><em>726</em></strong></span> 
     </span>
    </p>
   </div>
   <div class='ocr_carea' id='block_1_4' title="bbox 310 360 3304 451">
    <p class='ocr_par' dir='ltr' id='par_1_4' title="bbox 310 360 3304 451">
     <span class='ocr_line' id='line_1_4' title="bbox 310 360 3304 451; baseline 0 -17"><span class='ocrx_word' id='word_1_5' title='bbox 310 385 445 436; x_wconf 65' lang='lat' dir='ltr'><strong><em>rutis</em></strong></span> <span class='ocrx_word' id='word_1_6' title='bbox 474 398 615 451; x_wconf 77' lang='lat' dir='ltr'><strong><em>tequo</em></strong></span> <span class='ocrx_word' id='word_1_7' title='bbox 642 360 932 451; x_wconf 72' lang='lat' dir='ltr'><strong><em>plusculum</em></strong></span> <span class='ocrx_word' id='word_1_8' title='bbox 960 380 1085 434; x_wconf 87' lang='lat' dir='ltr'><strong><em>locis</em></strong></span> <span class='ocrx_word' id='word_1_9' title='bbox 1113 380 1191 433; x_wconf 91' lang='lat' dir='ltr'><strong><em>lar</em></strong></span> <span class='ocrx_word' id='word_1_10' title='bbox 1220 379 1489 451; x_wconf 83' lang='lat' dir='ltr'><strong><em>familiaris</em></strong></span> <span class='ocrx_word' id='word_1_11' title='bbox 1511 379 1771 444; x_wconf 75' lang='lat' dir='ltr'><strong><em>incolitur,</em></strong></span> <span class='ocrx_word' id='word_1_12' title='bbox 1800 394 1901 432; x_wconf 88' lang='lat' dir='ltr'><strong><em>non</em></strong></span> <span class='ocrx_word' id='word_1_13' title='bbox 1931 380 1982 437; x_wconf 77' lang='grc' dir='ltr'>Α</span> <span class='ocrx_word' id='word_1_14' title='bbox 2009 378 2192 433; x_wconf 90' lang='lat' dir='ltr'><strong><em>Sudati</em></strong></span> <span class='ocrx_word' id='word_1_15' title='bbox 2223 377 2290 433; x_wconf 90' lang='lat' dir='ltr'><strong><em>de</em></strong></span> <span class='ocrx_word' id='word_1_16' title='bbox 2316 392 2437 433; x_wconf 90' lang='lat' dir='ltr'><strong><em>rore</em></strong></span> <span class='ocrx_word' id='word_1_17' title='bbox 2467 378 2599 435; x_wconf 90' lang='lat' dir='ltr'><strong><em>meri</em></strong></span> <span class='ocrx_word' id='word_1_18' title='bbox 2636 396 2649 431; x_wconf 86' lang='lat'><strong>:</strong></span> <span class='ocrx_word' id='word_1_19' title='bbox 2682 388 2837 450; x_wconf 90' lang='lat' dir='ltr'><strong><em>caput</em></strong></span> <span class='ocrx_word' id='word_1_20' title='bbox 2866 394 3025 436; x_wconf 89' lang='lat' dir='ltr'><strong><em>aurea</em></strong></span> <span class='ocrx_word' id='word_1_21' title='bbox 3053 388 3304 449; x_wconf 72' lang='lat' dir='ltr'><strong><em>rumpunt</em></strong></span> 
     </span>
    </p>
   </div>
   <div class='ocr_carea' id='block_1_5' title="bbox 306 470 1898 539">
    <p class='ocr_par' dir='ltr' id='par_1_5' title="bbox 306 470 1898 539">
     <span class='ocr_line' id='line_1_5' title="bbox 306 470 1898 539; baseline -0.004 -11"><span class='ocrx_word' id='word_1_22' title='bbox 306 475 510 529; x_wconf 75' lang='lat' dir='ltr'><strong><em>idcirco</em></strong></span> <span class='ocrx_word' id='word_1_23' title='bbox 552 482 657 527; x_wconf 88' lang='lat' dir='ltr'><strong><em>tam</em></strong></span> <span class='ocrx_word' id='word_1_24' title='bbox 707 471 849 525; x_wconf 84' lang='lat' dir='ltr'><strong><em>nobis</em></strong></span> <span class='ocrx_word' id='word_1_25' title='bbox 903 470 1130 524; x_wconf 85' lang='lat' dir='ltr'><strong><em>animant</em></strong></span> <span class='ocrx_word' id='word_1_26' title='bbox 1175 470 1421 523; x_wconf 84' lang='lat' dir='ltr'><strong><em>dissidere</em></strong></span> <span class='ocrx_word' id='word_1_27' title='bbox 1470 486 1619 539; x_wconf 88' lang='lat' dir='ltr'><strong><em>quant</em></strong></span> <span class='ocrx_word' id='word_1_28' title='bbox 1662 472 1898 538; x_wconf 87' lang='lat' dir='ltr'><strong><em>patriant.</em></strong></span> 
     </span>
    </p>
   </div>
   <div class='ocr_carea' id='block_1_6' title="bbox 314 558 1904 632">
    <p class='ocr_par' dir='ltr' id='par_1_6' title="bbox 314 558 1904 632">
     <span class='ocr_line' id='line_1_6' title="bbox 314 558 1904 632; baseline -0.005 -14"><span class='ocrx_word' id='word_1_29' title='bbox 314 564 491 617; x_wconf 75' lang='lat' dir='ltr'><strong><em>[Iabes</em></strong></span> <span class='ocrx_word' id='word_1_30' title='bbox 520 578 637 632; x_wconf 88' lang='lat' dir='ltr'><strong><em>ergo</em></strong></span> <span class='ocrx_word' id='word_1_31' title='bbox 666 561 748 614; x_wconf 86' lang='lat' dir='ltr'><strong><em>hic</em></strong></span> <span class='ocrx_word' id='word_1_32' title='bbox 773 558 1079 629; x_wconf 75' lang='lat' dir='ltr'><strong><em>Dionysium</em></strong></span> <span class='ocrx_word' id='word_1_33' title='bbox 1116 558 1247 612; x_wconf 88' lang='lat' dir='ltr'><strong><em>inter</em></strong></span> <span class='ocrx_word' id='word_1_34' title='bbox 1276 558 1519 629; x_wconf 74' lang='lat' dir='ltr'><strong><em>triumphi</em></strong></span> <span class='ocrx_word' id='word_1_35' title='bbox 1566 558 1736 612; x_wconf 77' lang='lat' dir='ltr'><strong><em>Indici</em></strong></span> <span class='ocrx_word' id='word_1_36' title='bbox 1766 558 1904 611; x_wconf 88' lang='lat' dir='ltr'><strong><em>oble-</em></strong></span> 
     </span>
    </p>
   </div>
   <div class='ocr_carea' id='block_1_7' title="bbox 2008 469 3473 541">
    <p class='ocr_par' dir='ltr' id='par_1_7' title="bbox 2008 469 3473 541">
     <span class='ocr_line' id='line_1_7' title="bbox 2008 469 3473 541; baseline -0.001 -17"><span class='ocrx_word' id='word_1_37' title='bbox 2008 470 2240 535; x_wconf 86' lang='lat' dir='ltr'><strong><em>Cornua,</em></strong></span> <span class='ocrx_word' id='word_1_38' title='bbox 2274 477 2328 525; x_wconf 86' lang='lat' dir='ltr'><strong><em>et</em></strong></span> <span class='ocrx_word' id='word_1_39' title='bbox 2358 469 2658 539; x_wconf 77' lang='lat' dir='ltr'><strong><em>indigenam</em></strong></span> <span class='ocrx_word' id='word_1_40' title='bbox 2686 470 2987 539; x_wconf 88' lang='lat' dir='ltr'><strong><em>jaculantur</em></strong></span> <span class='ocrx_word' id='word_1_41' title='bbox 3015 470 3249 526; x_wconf 88' lang='lat' dir='ltr'><strong><em>fulminis</em></strong></span> <span class='ocrx_word' id='word_1_42' title='bbox 3278 473 3473 541; x_wconf 88' lang='lat' dir='ltr'><strong><em>ignem.</em></strong></span> 
     </span>
    </p>
   </div>
   <div class='ocr_carea' id='block_1_8' title="bbox 2007 559 3510 631">
    <p class='ocr_par' dir='ltr' id='par_1_8' title="bbox 2007 559 3510 631">
     <span class='ocr_line' id='line_1_8' title="bbox 2007 559 3510 631; baseline -0.001 -15"><span class='ocrx_word' id='word_1_43' title='bbox 2007 559 2316 629; x_wconf 88' lang='lat' dir='ltr'><strong><em>Sumpserat</em></strong></span> <span class='ocrx_word' id='word_1_44' title='bbox 2338 561 2439 615; x_wconf 89' lang='lat' dir='ltr'><strong><em>hoc</em></strong></span> <span class='ocrx_word' id='word_1_45' title='bbox 2464 561 2691 631; x_wconf 89' lang='lat' dir='ltr'><strong><em>primum</em></strong></span> <span class='ocrx_word' id='word_1_46' title='bbox 2722 575 2967 627; x_wconf 87' lang='lat' dir='ltr'><strong><em>nascens,</em></strong></span> <span class='ocrx_word' id='word_1_47' title='bbox 2999 576 3119 617; x_wconf 90' lang='lat' dir='ltr'><strong><em>cum</em></strong></span> <span class='ocrx_word' id='word_1_48' title='bbox 3151 563 3359 617; x_wconf 90' lang='lat' dir='ltr'><strong><em>transiit</em></strong></span> <span class='ocrx_word' id='word_1_49' title='bbox 3385 562 3510 616; x_wconf 89' lang='lat' dir='ltr'><strong><em>olim</em></strong></span> 
     </span>
    </p>
   </div>
   <div class='ocr_carea' id='block_1_9' title="bbox 308 648 3511 723">
    <p class='ocr_par' dir='ltr' id='par_1_9' title="bbox 308 648 3511 723">
     <span class='ocr_line' id='line_1_9' title="bbox 308 648 3511 723; baseline 0 -16"><span class='ocrx_word' id='word_1_50' title='bbox 308 661 568 707; x_wconf 84' lang='lat' dir='ltr'><strong><em>ctamenta</em></strong></span> <span class='ocrx_word' id='word_1_51' title='bbox 597 658 934 715; x_wconf 78' lang='lat' dir='ltr'><strong><em>marcentem;</em></strong></span> <span class='ocrx_word' id='word_1_52' title='bbox 963 649 1117 703; x_wconf 82' lang='lat' dir='ltr'><strong><em>habes</em></strong></span> <span class='ocrx_word' id='word_1_53' title='bbox 1138 659 1185 703; x_wconf 91' lang='lat' dir='ltr'><strong><em>et</em></strong></span> <span class='ocrx_word' id='word_1_54' title='bbox 1211 648 1482 717; x_wconf 68' lang='lat' dir='ltr'><strong><em>Phoebum,</em></strong></span> <span class='ocrx_word' id='word_1_55' title='bbox 1509 666 1653 720; x_wconf 89' lang='lat' dir='ltr'><strong><em>quem</em></strong></span> <span class='ocrx_word' id='word_1_56' title='bbox 1680 648 1769 702; x_wconf 89' lang='lat' dir='ltr'><strong><em>tibi</em></strong></span> <span class='ocrx_word' id='word_1_57' title='bbox 1788 651 1907 719; x_wconf 79' lang='lat' dir='ltr'><strong><em>jure</em></strong></span> <span class='ocrx_word' id='word_1_58' title='bbox 2008 651 2063 705; x_wconf 93' lang='lat' dir='ltr'><strong>In</strong></span> <span class='ocrx_word' id='word_1_59' title='bbox 2096 651 2322 721; x_wconf 90' lang='lat' dir='ltr'><strong><em>patrium</em></strong></span> <span class='ocrx_word' id='word_1_60' title='bbox 2352 650 2418 706; x_wconf 93' lang='lat' dir='ltr'><strong><em>de</em></strong></span> <span class='ocrx_word' id='word_1_61' title='bbox 2443 660 2611 705; x_wconf 90' lang='lat' dir='ltr'><strong><em>matre</em></strong></span> <span class='ocrx_word' id='word_1_62' title='bbox 2638 650 2839 715; x_wconf 90' lang='lat' dir='ltr'><strong><em>femur;</em></strong></span> <span class='ocrx_word' id='word_1_63' title='bbox 2873 650 2974 705; x_wconf 87' lang='lat' dir='ltr'><strong><em>fert</em></strong></span> <span class='ocrx_word' id='word_1_64' title='bbox 2998 662 3202 722; x_wconf 80' lang='lat' dir='ltr'><strong><em>tempus</em></strong></span> <span class='ocrx_word' id='word_1_65' title='bbox 3228 661 3511 723; x_wconf 89' lang='lat' dir='ltr'><strong><em>utrumque</em></strong></span> 
     </span>
    </p>
   </div>
   <div class='ocr_carea' id='block_1_10' title="bbox 310 738 1903 812">
    <p class='ocr_par' dir='ltr' id='par_1_10' title="bbox 310 738 1903 812">
     <span class='ocr_line' id='line_1_10' title="bbox 310 738 1903 812; baseline -0.004 -16"><span class='ocrx_word' id='word_1_66' title='bbox 310 745 513 812; x_wconf 86' lang='lat' dir='ltr'><strong><em>poetico</em></strong></span> <span class='ocrx_word' id='word_1_67' title='bbox 559 742 861 810; x_wconf 80' lang='lat' dir='ltr'><strong><em>inquilinum</em></strong></span> <span class='ocrx_word' id='word_1_68' title='bbox 891 739 1087 808; x_wconf 77' lang='lat' dir='ltr'><strong><em>factum</em></strong></span> <span class='ocrx_word' id='word_1_69' title='bbox 1131 748 1323 795; x_wconf 84' lang='lat' dir='ltr'><strong><em>constat</em></strong></span> <span class='ocrx_word' id='word_1_70' title='bbox 1362 756 1428 795; x_wconf 78' lang='lat' dir='ltr'><strong><em>ea:</em></strong></span> <span class='ocrx_word' id='word_1_71' title='bbox 1472 740 1677 793; x_wconf 88' lang='lat' dir='ltr'><strong><em>numine</em></strong></span> <span class='ocrx_word' id='word_1_72' title='bbox 1708 754 1727 793; x_wconf 92' lang='lat'><strong><em>:</em></strong></span> <span class='ocrx_word' id='word_1_73' title='bbox 1757 738 1903 792; x_wconf 90' lang='lat' dir='ltr'><strong><em>illum</em></strong></span> 
     </span>
    </p>
   </div>
   <div class='ocr_carea' id='block_1_11' title="bbox 305 830 1904 901">
    <p class='ocr_par' dir='ltr' id='par_1_11' title="bbox 305 830 1904 901">
     <span class='ocr_line' id='line_1_11' title="bbox 305 830 1904 901; baseline -0.003 -12"><span class='ocrx_word' id='word_1_74' title='bbox 305 835 504 889; x_wconf 74' lang='lat' dir='ltr'><strong><em>scilicet</em></strong></span> <span class='ocrx_word' id='word_1_75' title='bbox 533 832 781 886; x_wconf 84' lang='lat' dir='ltr'><strong><em>Pluebum</em></strong></span> <span class='ocrx_word' id='word_1_76' title='bbox 800 875 814 899; x_wconf 90' lang='lat'><strong><em>,</em></strong></span> <span class='ocrx_word' id='word_1_77' title='bbox 850 839 877 868; x_wconf 76' lang='grc' dir='ltr'>ἰ</span> <span class='ocrx_word' id='word_1_78' title='bbox 902 830 1146 884; x_wconf 83' lang='lat' dir='ltr'><strong><em>Anthedii</em></strong></span> <span class='ocrx_word' id='word_1_79' title='bbox 1175 832 1273 885; x_wconf 88' lang='lat' dir='ltr'><strong><em>mei</em></strong></span> <span class='ocrx_word' id='word_1_80' title='bbox 1304 830 1726 901; x_wconf 76' lang='lat' dir='ltr'><strong><em>perfamiliarem,</em></strong></span> <span class='ocrx_word' id='word_1_81' title='bbox 1757 831 1904 899; x_wconf 82' lang='lat' dir='ltr'><strong><em>cujus</em></strong></span> 
     </span>
    </p>
   </div>
   <div class='ocr_carea' id='block_1_12' title="bbox 309 920 1902 994">
    <p class='ocr_par' dir='ltr' id='par_1_12' title="bbox 309 920 1902 994">
     <span class='ocr_line' id='line_1_12' title="bbox 309 920 1902 994; baseline -0.003 -17"><span class='ocrx_word' id='word_1_82' title='bbox 309 924 531 994; x_wconf 83' lang='lat' dir='ltr'><strong><em>collegio</em></strong></span> <span class='ocrx_word' id='word_1_83' title='bbox 560 924 636 977; x_wconf 83' lang='lat' dir='ltr'><strong><em>vir</em></strong></span> <span class='ocrx_word' id='word_1_84' title='bbox 664 922 957 992; x_wconf 60' lang='lat' dir='ltr'><strong><em>praefectus,</em></strong></span> <span class='ocrx_word' id='word_1_85' title='bbox 987 937 1090 974; x_wconf 72' lang='lat' dir='ltr'><strong><em>non</em></strong></span> <span class='ocrx_word' id='word_1_86' title='bbox 1121 920 1273 975; x_wconf 90' lang='lat' dir='ltr'><strong><em>modo</em></strong></span> <span class='ocrx_word' id='word_1_87' title='bbox 1300 921 1517 974; x_wconf 87' lang='lat' dir='ltr'><strong><em>musicos</em></strong></span> <span class='ocrx_word' id='word_1_88' title='bbox 1544 934 1787 990; x_wconf 86' lang='lat' dir='ltr'><strong><em>quosque,</em></strong></span> <span class='ocrx_word' id='word_1_89' title='bbox 1818 934 1902 972; x_wconf 85' lang='lat' dir='ltr'><strong><em>ve-</em></strong></span> 
     </span>
    </p>
   </div>
   <div class='ocr_carea' id='block_1_13' title="bbox 308 1009 1904 1083">
    <p class='ocr_par' dir='ltr' id='par_1_13' title="bbox 308 1009 1904 1083">
     <span class='ocr_line' id='line_1_13' title="bbox 308 1009 1904 1083; baseline -0.004 -16"><span class='ocrx_word' id='word_1_90' title='bbox 308 1031 428 1067; x_wconf 86' lang='lat' dir='ltr'><strong><em>rum</em></strong></span> <span class='ocrx_word' id='word_1_91' title='bbox 456 1015 607 1069; x_wconf 88' lang='lat' dir='ltr'><strong><em>etiam</em></strong></span> <span class='ocrx_word' id='word_1_92' title='bbox 635 1022 943 1083; x_wconf 78' lang='lat' dir='ltr'><strong><em>geometras,</em></strong></span> <span class='ocrx_word' id='word_1_93' title='bbox 983 1011 1331 1065; x_wconf 87' lang='lat' dir='ltr'><strong><em>arithmeticos</em></strong></span> <span class='ocrx_word' id='word_1_94' title='bbox 1360 1020 1407 1065; x_wconf 93' lang='lat' dir='ltr'><strong><em>et</em></strong></span> <span class='ocrx_word' id='word_1_95' title='bbox 1441 1011 1723 1081; x_wconf 70' lang='lat' dir='ltr'><strong><em>astrologos</em></strong></span> <span class='ocrx_word' id='word_1_96' title='bbox 1747 1009 1904 1064; x_wconf 79' lang='lat' dir='ltr'><strong><em>disse-</em></strong></span> 
     </span>
    </p>
   </div>
   <div class='ocr_carea' id='block_1_14' title="bbox 311 1101 1901 1172">
    <p class='ocr_par' dir='ltr' id='par_1_14' title="bbox 311 1101 1901 1172">
     <span class='ocr_line' id='line_1_14' title="bbox 311 1101 1901 1172; baseline -0.004 -13"><span class='ocrx_word' id='word_1_97' title='bbox 311 1104 467 1159; x_wconf 82' lang='lat' dir='ltr'><strong><em>rendi</em></strong></span> <span class='ocrx_word' id='word_1_98' title='bbox 496 1114 601 1159; x_wconf 88' lang='lat' dir='ltr'><strong><em>arte</em></strong></span> <span class='ocrx_word' id='word_1_99' title='bbox 638 1104 944 1172; x_wconf 73' lang='lat' dir='ltr'><strong><em>supervenit.</em></strong></span> <span class='ocrx_word' id='word_1_100' title='bbox 983 1101 1253 1170; x_wconf 85' lang='lat' dir='ltr'><strong><em>Siquidem</em></strong></span> <span class='ocrx_word' id='word_1_101' title='bbox 1296 1103 1495 1155; x_wconf 87' lang='lat' dir='ltr'><strong><em>nullum</em></strong></span> <span class='ocrx_word' id='word_1_102' title='bbox 1541 1102 1633 1155; x_wconf 80' lang='lat' dir='ltr'><strong><em>hoc</em></strong></span> <span class='ocrx_word' id='word_1_103' title='bbox 1677 1101 1901 1155; x_wconf 78' lang='lat' dir='ltr'><strong><em>exactius</em></strong></span> 
     </span>
    </p>
   </div>
   <div class='ocr_carea' id='block_1_15' title="bbox 310 1188 1903 1263">
    <p class='ocr_par' dir='ltr' id='par_1_15' title="bbox 310 1188 1903 1263">
     <span class='ocr_line' id='line_1_15' title="bbox 310 1188 1903 1263; baseline -0.004 -14"><span class='ocrx_word' id='word_1_104' title='bbox 310 1202 627 1263; x_wconf 72' lang='lat' dir='ltr'><strong><em>compertum</em></strong></span> <span class='ocrx_word' id='word_1_105' title='bbox 653 1192 836 1245; x_wconf 82' lang='lat' dir='ltr'><strong><em>habere</em></strong></span> <span class='ocrx_word' id='word_1_106' title='bbox 863 1190 1168 1253; x_wconf 86' lang='lat' dir='ltr'><strong><em>censuerim,</em></strong></span> <span class='ocrx_word' id='word_1_107' title='bbox 1189 1190 1312 1258; x_wconf 87' lang='lat' dir='ltr'><strong><em>quid</em></strong></span> <span class='ocrx_word' id='word_1_108' title='bbox 1325 1188 1351 1227; x_wconf 70' lang='grc' dir='ltr'>δ</span> <span class='ocrx_word' id='word_1_109' title='bbox 1368 1190 1536 1244; x_wconf 85' lang='lat' dir='ltr'><strong><em>sidera</em></strong></span> <span class='ocrx_word' id='word_1_110' title='bbox 1557 1190 1751 1243; x_wconf 82' lang='lat' dir='ltr'><strong><em>zodiaci</em></strong></span> <span class='ocrx_word' id='word_1_111' title='bbox 1773 1188 1903 1242; x_wconf 87' lang='lat' dir='ltr'><strong><em>obli-</em></strong></span> 
     </span>
    </p>
   </div>
   <div class='ocr_carea' id='block_1_16' title="bbox 310 1280 1902 1355">
    <p class='ocr_par' dir='ltr' id='par_1_16' title="bbox 310 1280 1902 1355">
     <span class='ocr_line' id='line_1_16' title="bbox 310 1280 1902 1355; baseline -0.002 -17"><span class='ocrx_word' id='word_1_112' title='bbox 310 1302 452 1355; x_wconf 88' lang='lat' dir='ltr'><strong><em>qua,</em></strong></span> <span class='ocrx_word' id='word_1_113' title='bbox 481 1284 603 1354; x_wconf 89' lang='lat' dir='ltr'><strong><em>quid</em></strong></span> <span class='ocrx_word' id='word_1_114' title='bbox 634 1283 952 1351; x_wconf 83' lang='lat' dir='ltr'><strong><em>planetarum</em></strong></span> <span class='ocrx_word' id='word_1_115' title='bbox 984 1297 1111 1351; x_wconf 86' lang='lat' dir='ltr'><strong><em>vaga</em></strong></span> <span class='ocrx_word' id='word_1_116' title='bbox 1131 1320 1147 1348; x_wconf 88' lang='lat'><strong><em>,</em></strong></span> <span class='ocrx_word' id='word_1_117' title='bbox 1177 1280 1303 1350; x_wconf 87' lang='lat' dir='ltr'><strong><em>quid</em></strong></span> <span class='ocrx_word' id='word_1_118' title='bbox 1329 1282 1525 1335; x_wconf 69' lang='lat' dir='ltr'><strong><em>exotica</em></strong></span> <span class='ocrx_word' id='word_1_119' title='bbox 1562 1297 1742 1351; x_wconf 89' lang='lat' dir='ltr'><strong><em>sparsa</em></strong></span> <span class='ocrx_word' id='word_1_120' title='bbox 1769 1296 1902 1349; x_wconf 79' lang='lat' dir='ltr'><strong><em>pra:-</em></strong></span> 
     </span>
    </p>
   </div>
   <div class='ocr_carea' id='block_1_17' title="bbox 308 1370 1897 1442">
    <p class='ocr_par' dir='ltr' id='par_1_17' title="bbox 308 1370 1897 1442">
     <span class='ocr_line' id='line_1_17' title="bbox 308 1370 1897 1442; baseline -0.003 -13"><span class='ocrx_word' id='word_1_121' title='bbox 308 1375 537 1429; x_wconf 72' lang='lat' dir='ltr'><strong><em>raleant.</em></strong></span> <span class='ocrx_word' id='word_1_122' title='bbox 566 1372 705 1427; x_wconf 85' lang='lat' dir='ltr'><strong><em>Nam</em></strong></span> <span class='ocrx_word' id='word_1_123' title='bbox 728 1374 821 1439; x_wconf 90' lang='lat' dir='ltr'><strong><em>ita,</em></strong></span> <span class='ocrx_word' id='word_1_124' title='bbox 849 1380 902 1425; x_wconf 89' lang='lat' dir='ltr'><strong><em>ut</em></strong></span> <span class='ocrx_word' id='word_1_125' title='bbox 934 1373 1007 1427; x_wconf 86' lang='lat' dir='ltr'><strong><em>sic</em></strong></span> <span class='ocrx_word' id='word_1_126' title='bbox 1033 1372 1272 1437; x_wconf 78' lang='lat' dir='ltr'><strong><em>dixerim,</em></strong></span> <span class='ocrx_word' id='word_1_127' title='bbox 1296 1370 1377 1424; x_wconf 88' lang='lat' dir='ltr'><strong><em>Itis</em></strong></span> <span class='ocrx_word' id='word_1_128' title='bbox 1410 1372 1644 1426; x_wconf 88' lang='lat' dir='ltr'><strong><em>memlris</em></strong></span> <span class='ocrx_word' id='word_1_129' title='bbox 1667 1372 1897 1442; x_wconf 80' lang='lat' dir='ltr'><strong><em>philoso-</em></strong></span> 
     </span>
    </p>
   </div>
   <div class='ocr_carea' id='block_1_18' title="bbox 311 1460 1899 1537">
    <p class='ocr_par' dir='ltr' id='par_1_18' title="bbox 311 1460 1899 1537">
     <span class='ocr_line' id='line_1_18' title="bbox 311 1460 1899 1537; baseline -0.002 -17"><span class='ocrx_word' id='word_1_130' title='bbox 311 1469 453 1537; x_wconf 79' lang='lat' dir='ltr'><strong><em>phia:</em></strong></span> <span class='ocrx_word' id='word_1_131' title='bbox 476 1468 661 1529; x_wconf 89' lang='lat' dir='ltr'><strong><em>claret,</em></strong></span> <span class='ocrx_word' id='word_1_132' title='bbox 696 1474 751 1519; x_wconf 91' lang='lat' dir='ltr'><strong><em>ut</em></strong></span> <span class='ocrx_word' id='word_1_133' title='bbox 776 1464 1007 1518; x_wconf 74' lang='lat' dir='ltr'><strong><em>rideatur</em></strong></span> <span class='ocrx_word' id='word_1_134' title='bbox 1033 1464 1160 1517; x_wconf 83' lang='lat' dir='ltr'><strong><em>nti/ti</em></strong></span> <span class='ocrx_word' id='word_1_135' title='bbox 1188 1462 1388 1517; x_wconf 86' lang='lat' dir='ltr'><strong><em>Julium</em></strong></span> <span class='ocrx_word' id='word_1_136' title='bbox 1411 1460 1716 1531; x_wconf 83' lang='lat' dir='ltr'><strong><em>Firmicum,</em></strong></span> <span class='ocrx_word' id='word_1_137' title='bbox 1747 1464 1899 1519; x_wconf 87' lang='lat' dir='ltr'><strong><em>Sam-</em></strong></span> 
     </span>
    </p>
   </div>
   <div class='ocr_carea' id='block_1_19' title="bbox 302 1551 1894 1624">
    <p class='ocr_par' dir='ltr' id='par_1_19' title="bbox 302 1551 1894 1624">
     <span class='ocr_line' id='line_1_19' title="bbox 302 1551 1894 1624; baseline -0.001 -13"><span class='ocrx_word' id='word_1_138' title='bbox 302 1559 588 1623; x_wconf 78' lang='lat' dir='ltr'><strong><em>mOnicum,</em></strong></span> <span class='ocrx_word' id='word_1_139' title='bbox 606 1555 875 1610; x_wconf 74' lang='lat' dir='ltr'><strong><em>lulianum</em></strong></span> <span class='ocrx_word' id='word_1_140' title='bbox 900 1554 1193 1621; x_wconf 82' lang='lat' dir='ltr'><strong><em>Vertacum,</em></strong></span> <span class='ocrx_word' id='word_1_141' title='bbox 1218 1551 1518 1609; x_wconf 81' lang='lat' dir='ltr'><strong><em>Fullonium</em></strong></span> <span class='ocrx_word' id='word_1_142' title='bbox 1535 1554 1894 1624; x_wconf 87' lang='lat' dir='ltr'><strong><em>Saturninum,</em></strong></span> 
     </span>
    </p>
   </div>
   <div class='ocr_carea' id='block_1_20' title="bbox 303 1648 1891 1718">
    <p class='ocr_par' dir='ltr' id='par_1_20' title="bbox 303 1648 1891 1718">
     <span class='ocr_line' id='line_1_20' title="bbox 303 1648 1891 1718; baseline 0 -15"><span class='ocrx_word' id='word_1_143' title='bbox 303 1652 362 1705; x_wconf 87' lang='lat' dir='ltr'><strong><em>in</em></strong></span> <span class='ocrx_word' id='word_1_144' title='bbox 393 1651 535 1705; x_wconf 82' lang='lat' dir='ltr'><strong><em>libris</em></strong></span> <span class='ocrx_word' id='word_1_145' title='bbox 563 1649 841 1703; x_wconf 79' lang='lat' dir='ltr'><strong><em>matheseos</em></strong></span> <span class='ocrx_word' id='word_1_146' title='bbox 867 1648 1195 1718; x_wconf 85' lang='lat' dir='ltr'><strong><em>peritissimos</em></strong></span> <span class='ocrx_word' id='word_1_147' title='bbox 1222 1649 1507 1703; x_wconf 83' lang='lat' dir='ltr'><strong><em>conditores</em></strong></span> <span class='ocrx_word' id='word_1_148' title='bbox 1532 1649 1717 1716; x_wconf 87' lang='lat' dir='ltr'><strong><em>absque</em></strong></span> <span class='ocrx_word' id='word_1_149' title='bbox 1740 1649 1891 1704; x_wconf 87' lang='lat' dir='ltr'><strong><em>inter-</em></strong></span> 
     </span>
    </p>
   </div>
   <div class='ocr_carea' id='block_1_21' title="bbox 2009 741 3331 812">
    <p class='ocr_par' dir='ltr' id='par_1_21' title="bbox 2009 741 3331 812">
     <span class='ocr_line' id='line_1_21' title="bbox 2009 741 3331 812; baseline 0.003 -18"><span class='ocrx_word' id='word_1_150' title='bbox 2009 742 2159 805; x_wconf 80' lang='lat' dir='ltr'><strong><em>Veris</em></strong></span> <span class='ocrx_word' id='word_1_151' title='bbox 2187 756 2316 811; x_wconf 90' lang='lat' dir='ltr'><strong><em>opes</em></strong></span> <span class='ocrx_word' id='word_1_152' title='bbox 2340 783 2353 804; x_wconf 90' lang='lat'><strong><em>.</em></strong></span> <span class='ocrx_word' id='word_1_153' title='bbox 2386 742 2680 811; x_wconf 88' lang='lat' dir='ltr'><strong><em>rutilosque</em></strong></span> <span class='ocrx_word' id='word_1_154' title='bbox 2706 742 2831 812; x_wconf 80' lang='lat' dir='ltr'><strong><em>ligat</em></strong></span> <span class='ocrx_word' id='word_1_155' title='bbox 2860 741 3124 797; x_wconf 84' lang='lat' dir='ltr'><strong><em>vindemia</em></strong></span> <span class='ocrx_word' id='word_1_156' title='bbox 3155 742 3331 798; x_wconf 90' lang='lat' dir='ltr'><strong><em>ﬂores.</em></strong></span> 
     </span>
    </p>
   </div>
   <div class='ocr_carea' id='block_1_22' title="bbox 2004 832 3436 905">
    <p class='ocr_par' dir='ltr' id='par_1_22' title="bbox 2004 832 3436 905">
     <span class='ocr_line' id='line_1_22' title="bbox 2004 832 3436 905; baseline 0.001 -16"><span class='ocrx_word' id='word_1_157' title='bbox 2004 834 2300 889; x_wconf 87' lang='lat' dir='ltr'><strong><em>Cantharus</em></strong></span> <span class='ocrx_word' id='word_1_158' title='bbox 2332 842 2383 888; x_wconf 88' lang='lat' dir='ltr'><strong><em>et</em></strong></span> <span class='ocrx_word' id='word_1_159' title='bbox 2428 834 2640 905; x_wconf 84' lang='lat' dir='ltr'><strong><em>thyrsus</em></strong></span> <span class='ocrx_word' id='word_1_160' title='bbox 2670 832 2856 889; x_wconf 84' lang='lat' dir='ltr'><strong><em>dextra</em></strong></span> <span class='ocrx_word' id='word_1_161' title='bbox 2890 834 3128 902; x_wconf 69' lang='lat' dir='ltr'><strong><em>lmvaque</em></strong></span> <span class='ocrx_word' id='word_1_162' title='bbox 3159 835 3436 891; x_wconf 90' lang='lat' dir='ltr'><strong><em>feruntur:</em></strong></span> 
     </span>
    </p>
   </div>
   <div class='ocr_carea' id='block_1_23' title="bbox 2003 923 3333 995">
    <p class='ocr_par' dir='ltr' id='par_1_23' title="bbox 2003 923 3333 995">
     <span class='ocr_line' id='line_1_23' title="bbox 2003 923 3333 995; baseline -0.002 -16"><span class='ocrx_word' id='word_1_163' title='bbox 2003 923 2112 979; x_wconf 86' lang='lat' dir='ltr'><strong><em>Nec</em></strong></span> <span class='ocrx_word' id='word_1_164' title='bbox 2142 925 2269 994; x_wconf 87' lang='lat' dir='ltr'><strong><em>tegit</em></strong></span> <span class='ocrx_word' id='word_1_165' title='bbox 2297 933 2569 992; x_wconf 80' lang='lat' dir='ltr'><strong><em>exsertos,</em></strong></span> <span class='ocrx_word' id='word_1_166' title='bbox 2600 923 2694 980; x_wconf 90' lang='lat' dir='ltr'><strong><em>sed</em></strong></span> <span class='ocrx_word' id='word_1_167' title='bbox 2726 924 2890 994; x_wconf 88' lang='lat' dir='ltr'><strong><em>tangit</em></strong></span> <span class='ocrx_word' id='word_1_168' title='bbox 2917 924 3056 995; x_wconf 85' lang='lat' dir='ltr'><strong><em>palla</em></strong></span> <span class='ocrx_word' id='word_1_169' title='bbox 3087 925 3333 979; x_wconf 89' lang='lat' dir='ltr'><strong><em>lacertos.</em></strong></span> 
     </span>
    </p>
   </div>
   <div class='ocr_carea' id='block_1_24' title="bbox 2006 1014 3475 1084">
    <p class='ocr_par' dir='ltr' id='par_1_24' title="bbox 2006 1014 3475 1084">
     <span class='ocr_line' id='line_1_24' title="bbox 2006 1014 3475 1084; baseline 0.001 -16"><span class='ocrx_word' id='word_1_170' title='bbox 2006 1014 2168 1069; x_wconf 85' lang='lat' dir='ltr'><strong><em>Dulce</em></strong></span> <span class='ocrx_word' id='word_1_171' title='bbox 2194 1023 2379 1070; x_wconf 89' lang='lat' dir='ltr'><strong><em>natant</em></strong></span> <span class='ocrx_word' id='word_1_172' title='bbox 2402 1016 2564 1083; x_wconf 88' lang='lat' dir='ltr'><strong><em>oculi,</em></strong></span> <span class='ocrx_word' id='word_1_173' title='bbox 2592 1029 2725 1084; x_wconf 92' lang='lat' dir='ltr'><strong><em>quos</em></strong></span> <span class='ocrx_word' id='word_1_174' title='bbox 2748 1015 2791 1070; x_wconf 92' lang='lat' dir='ltr'><strong><em>si</em></strong></span> <span class='ocrx_word' id='word_1_175' title='bbox 2822 1014 2931 1069; x_wconf 92' lang='lat' dir='ltr'><strong><em>fors</em></strong></span> <span class='ocrx_word' id='word_1_176' title='bbox 2960 1023 3133 1071; x_wconf 84' lang='lat' dir='ltr'><strong><em>vertat</em></strong></span> <span class='ocrx_word' id='word_1_177' title='bbox 3160 1016 3213 1069; x_wconf 92' lang='lat' dir='ltr'><strong><em>in</em></strong></span> <span class='ocrx_word' id='word_1_178' title='bbox 3245 1016 3366 1070; x_wconf 87' lang='lat' dir='ltr'><strong><em>host</em></strong></span> <span class='ocrx_word' id='word_1_179' title='bbox 3400 1030 3475 1081; x_wconf 91' lang='lat' dir='ltr'><strong><em>m,</em></strong></span> 
     </span>
    </p>
   </div>
   <div class='ocr_carea' id='block_1_25' title="bbox 2004 1102 3273 1160">
    <p class='ocr_par' dir='ltr' id='par_1_25' title="bbox 2004 1102 3273 1160">
     <span class='ocr_line' id='line_1_25' title="bbox 2004 1102 3273 1160; baseline 0.001 -4"><span class='ocrx_word' id='word_1_180' title='bbox 2004 1102 2269 1159; x_wconf 83' lang='lat' dir='ltr'><strong><em>Attonitos</em></strong></span> <span class='ocrx_word' id='word_1_181' title='bbox 2295 1105 2464 1159; x_wconf 88' lang='lat' dir='ltr'><strong><em>solum</em></strong></span> <span class='ocrx_word' id='word_1_182' title='bbox 2491 1104 2617 1159; x_wconf 86' lang='lat' dir='ltr'><strong><em>dum</em></strong></span> <span class='ocrx_word' id='word_1_183' title='bbox 2642 1105 2814 1160; x_wconf 87' lang='lat' dir='ltr'><strong><em>cernit</em></strong></span> <span class='ocrx_word' id='word_1_184' title='bbox 2845 1103 3067 1159; x_wconf 84' lang='lat' dir='ltr'><strong><em>inebriat</em></strong></span> <span class='ocrx_word' id='word_1_185' title='bbox 3097 1106 3273 1160; x_wconf 85' lang='lat' dir='ltr'><strong><em>Indos.</em></strong></span> 
     </span>
    </p>
   </div>
   <div class='ocr_carea' id='block_1_26' title="bbox 2003 1194 3352 1264">
    <p class='ocr_par' dir='ltr' id='par_1_26' title="bbox 2003 1194 3352 1264">
     <span class='ocr_line' id='line_1_26' title="bbox 2003 1194 3352 1264; baseline 0 -15"><span class='ocrx_word' id='word_1_186' title='bbox 2003 1194 2136 1249; x_wconf 89' lang='lat' dir='ltr'><strong><em>Tum</em></strong></span> <span class='ocrx_word' id='word_1_187' title='bbox 2163 1196 2386 1249; x_wconf 86' lang='lat' dir='ltr'><strong><em>salebris</em></strong></span> <span class='ocrx_word' id='word_1_188' title='bbox 2413 1194 2612 1252; x_wconf 84' lang='lat' dir='ltr'><strong><em>saliens</em></strong></span> <span class='ocrx_word' id='word_1_189' title='bbox 2641 1199 2847 1264; x_wconf 75' lang='lat' dir='ltr'><strong><em>quoties</em></strong></span> <span class='ocrx_word' id='word_1_190' title='bbox 2869 1210 2927 1251; x_wconf 92' lang='lat' dir='ltr'><strong><em>se</em></strong></span> <span class='ocrx_word' id='word_1_191' title='bbox 2955 1196 3190 1250; x_wconf 86' lang='lat' dir='ltr'><strong><em>concutit</em></strong></span> <span class='ocrx_word' id='word_1_192' title='bbox 3214 1196 3352 1262; x_wconf 82' lang='lat' dir='ltr'><strong><em>axis,</em></strong></span> 
     </span>
    </p>
   </div>
   <div class='ocr_carea' id='block_1_27' title="bbox 2003 1285 3251 1356">
    <p class='ocr_par' dir='ltr' id='par_1_27' title="bbox 2003 1285 3251 1356">
     <span class='ocr_line' id='line_1_27' title="bbox 2003 1285 3251 1356; baseline 0.002 -17"><span class='ocrx_word' id='word_1_193' title='bbox 2003 1286 2209 1341; x_wconf 85' lang='lat' dir='ltr'><strong><em>Passim</em></strong></span> <span class='ocrx_word' id='word_1_194' title='bbox 2235 1286 2462 1341; x_wconf 88' lang='lat' dir='ltr'><strong><em>deciduo</em></strong></span> <span class='ocrx_word' id='word_1_195' title='bbox 2491 1286 2824 1356; x_wconf 82' lang='lat' dir='ltr'><strong><em>perfunditur</em></strong></span> <span class='ocrx_word' id='word_1_196' title='bbox 2850 1285 3021 1341; x_wconf 89' lang='lat' dir='ltr'><strong><em>orbita</em></strong></span> <span class='ocrx_word' id='word_1_197' title='bbox 3054 1295 3251 1341; x_wconf 89' lang='lat' dir='ltr'><strong><em>musto.</em></strong></span> 
     </span>
    </p>
   </div>
   <div class='ocr_carea' id='block_1_28' title="bbox 2003 1376 3440 1448">
    <p class='ocr_par' dir='ltr' id='par_1_28' title="bbox 2003 1376 3440 1448">
     <span class='ocr_line' id='line_1_28' title="bbox 2003 1376 3440 1448; baseline 0.001 -18"><span class='ocrx_word' id='word_1_198' title='bbox 2003 1376 2333 1441; x_wconf 72' lang='lat' dir='ltr'><strong><em>Bassaridas,</em></strong></span> <span class='ocrx_word' id='word_1_199' title='bbox 2366 1378 2607 1448; x_wconf 78' lang='lat' dir='ltr'><strong><em>Satyros,</em></strong></span> <span class='ocrx_word' id='word_1_200' title='bbox 2648 1378 2839 1443; x_wconf 87' lang='lat' dir='ltr'><strong><em>Panas,</em></strong></span> <span class='ocrx_word' id='word_1_201' title='bbox 2873 1376 3190 1446; x_wconf 85' lang='lat' dir='ltr'><strong><em>Faunosque</em></strong></span> <span class='ocrx_word' id='word_1_202' title='bbox 3216 1376 3440 1432; x_wconf 85' lang='lat' dir='ltr'><strong><em>ducebat</em></strong></span> 
     </span>
    </p>
   </div>
   <div class='ocr_carea' id='block_1_29' title="bbox 2001 1465 3356 1538">
    <p class='ocr_par' dir='ltr' id='par_1_29' title="bbox 2001 1465 3356 1538">
     <span class='ocr_line' id='line_1_29' title="bbox 2001 1465 3356 1538; baseline 0.001 -17"><span class='ocrx_word' id='word_1_203' title='bbox 2001 1465 2212 1522; x_wconf 88' lang='lat' dir='ltr'><strong><em>Ludere</em></strong></span> <span class='ocrx_word' id='word_1_204' title='bbox 2237 1467 2449 1522; x_wconf 88' lang='lat' dir='ltr'><strong><em>Silenus</em></strong></span> <span class='ocrx_word' id='word_1_205' title='bbox 2468 1510 2482 1535; x_wconf 90' lang='lat'><strong><em>,</em></strong></span> <span class='ocrx_word' id='word_1_206' title='bbox 2511 1467 2622 1538; x_wconf 88' lang='lat' dir='ltr'><strong><em>jam</em></strong></span> <span class='ocrx_word' id='word_1_207' title='bbox 2652 1467 2869 1522; x_wconf 90' lang='lat' dir='ltr'><strong><em>numine</em></strong></span> <span class='ocrx_word' id='word_1_208' title='bbox 2895 1467 3085 1537; x_wconf 91' lang='lat' dir='ltr'><strong><em>plenus</em></strong></span> <span class='ocrx_word' id='word_1_209' title='bbox 3114 1468 3356 1536; x_wconf 89' lang='lat' dir='ltr'><strong><em>alumno,</em></strong></span> 
     </span>
    </p>
   </div>
   <div class='ocr_carea' id='block_1_30' title="bbox 2002 1556 3508 1628">
    <p class='ocr_par' dir='ltr' id='par_1_30' title="bbox 2002 1556 3508 1628">
     <span class='ocr_line' id='line_1_30' title="bbox 2002 1556 3508 1628; baseline 0.002 -15"><span class='ocrx_word' id='word_1_210' title='bbox 2002 1556 2107 1613; x_wconf 86' lang='lat' dir='ltr'><strong><em>Sed</em></strong></span> <span class='ocrx_word' id='word_1_211' title='bbox 2138 1566 2382 1628; x_wconf 89' lang='lat' dir='ltr'><strong><em>comptus</em></strong></span> <span class='ocrx_word' id='word_1_212' title='bbox 2422 1566 2596 1612; x_wconf 89' lang='lat' dir='ltr'><strong><em>tamen</em></strong></span> <span class='ocrx_word' id='word_1_213' title='bbox 2637 1559 2725 1615; x_wconf 90' lang='lat' dir='ltr'><strong><em>ille</em></strong></span> <span class='ocrx_word' id='word_1_214' title='bbox 2753 1566 2941 1628; x_wconf 89' lang='lat' dir='ltr'><strong><em>caput;</em></strong></span> <span class='ocrx_word' id='word_1_215' title='bbox 2984 1574 3107 1612; x_wconf 87' lang='lat' dir='ltr'><strong><em>nam</em></strong></span> <span class='ocrx_word' id='word_1_216' title='bbox 3139 1559 3337 1616; x_wconf 87' lang='lat' dir='ltr'><strong><em>vertice</em></strong></span> <span class='ocrx_word' id='word_1_217' title='bbox 3366 1560 3508 1616; x_wconf 86' lang='lat' dir='ltr'><strong><em>nudo</em></strong></span> 
     </span>
    </p>
   </div>
   <div class='ocr_carea' id='block_1_31' title="bbox 2001 1648 3190 1721">
    <p class='ocr_par' dir='ltr' id='par_1_31' title="bbox 2001 1648 3190 1721">
     <span class='ocr_line' id='line_1_31' title="bbox 2001 1648 3190 1721; baseline 0.004 -19"><span class='ocrx_word' id='word_1_218' title='bbox 2001 1648 2240 1705; x_wconf 89' lang='lat' dir='ltr'><strong><em>Amissos</em></strong></span> <span class='ocrx_word' id='word_1_219' title='bbox 2266 1650 2424 1705; x_wconf 90' lang='lat' dir='ltr'><strong><em>sertis</em></strong></span> <span class='ocrx_word' id='word_1_220' title='bbox 2450 1649 2628 1705; x_wconf 89' lang='lat' dir='ltr'><strong><em>studet</em></strong></span> <span class='ocrx_word' id='word_1_221' title='bbox 2663 1664 2920 1707; x_wconf 87' lang='lat' dir='ltr'><strong><em>excusare</em></strong></span> <span class='ocrx_word' id='word_1_222' title='bbox 2947 1651 3190 1721; x_wconf 89' lang='lat' dir='ltr'><strong><em>capillos.</em></strong></span> 
     </span>
    </p>
   </div>
   <div class='ocr_carea' id='block_1_32' title="bbox 304 1728 3414 1813">
    <p class='ocr_par' dir='ltr' id='par_1_32' title="bbox 304 1728 3414 1813">
     <span class='ocr_line' id='line_1_32' title="bbox 304 1728 3414 1813; baseline 0.002 -21"><span class='ocrx_word' id='word_1_223' title='bbox 304 1751 471 1805; x_wconf 85' lang='lat' dir='ltr'><strong><em>prete,</em></strong></span> <span class='ocrx_word' id='word_1_224' title='bbox 498 1738 699 1809; x_wconf 87' lang='lat' dir='ltr'><strong><em>ingenio</em></strong></span> <span class='ocrx_word' id='word_1_225' title='bbox 732 1746 929 1792; x_wconf 85' lang='lat' dir='ltr'><strong><em>tantum</em></strong></span> <span class='ocrx_word' id='word_1_226' title='bbox 956 1737 1292 1809; x_wconf 74' lang='lat' dir='ltr'><strong><em>su/fragante,</em></strong></span> <span class='ocrx_word' id='word_1_227' title='bbox 1320 1738 1578 1793; x_wconf 87' lang='lat' dir='ltr'><strong><em>didicisse.</em></strong></span> <span class='ocrx_word' id='word_1_228' title='bbox 1615 1738 1728 1794; x_wconf 87' lang='lat' dir='ltr'><strong><em>Nos</em></strong></span> <span class='ocrx_word' id='word_1_229' title='bbox 1748 1742 1895 1795; x_wconf 78' lang='lat' dir='ltr'><strong><em>uesti-</em></strong></span> <span class='ocrx_word' id='word_1_230' title='bbox 1924 1728 1971 1790; x_wconf 83' lang='grc' dir='ltr'><strong>Β</strong></span> <span class='ocrx_word' id='word_1_231' title='bbox 1997 1738 2254 1811; x_wconf 82' lang='lat' dir='ltr'><strong><em>Corniger</em></strong></span> <span class='ocrx_word' id='word_1_232' title='bbox 2281 1740 2406 1796; x_wconf 92' lang='lat' dir='ltr'><strong><em>inde</em></strong></span> <span class='ocrx_word' id='word_1_233' title='bbox 2435 1742 2558 1796; x_wconf 90' lang='lat' dir='ltr'><strong><em>novi</em></strong></span> <span class='ocrx_word' id='word_1_234' title='bbox 2595 1742 2808 1813; x_wconf 86' lang='lat' dir='ltr'><strong><em>Ganges</em></strong></span> <span class='ocrx_word' id='word_1_235' title='bbox 2834 1742 2892 1796; x_wconf 90' lang='lat' dir='ltr'><strong><em>fit</em></strong></span> <span class='ocrx_word' id='word_1_236' title='bbox 2918 1757 3111 1813; x_wconf 86' lang='lat' dir='ltr'><strong><em>pompa</em></strong></span> <span class='ocrx_word' id='word_1_237' title='bbox 3141 1743 3414 1813; x_wconf 81' lang='lat' dir='ltr'><strong><em>triumphi.</em></strong></span> 
     </span>
    </p>
   </div>
   <div class='ocr_carea' id='block_1_33' title="bbox 301 1829 1893 1903">
    <p class='ocr_par' dir='ltr' id='par_1_33' title="bbox 301 1829 1893 1903">
     <span class='ocr_line' id='line_1_33' title="bbox 301 1829 1893 1903; baseline 0.004 -23"><span class='ocrx_word' id='word_1_238' title='bbox 301 1831 394 1901; x_wconf 82' lang='lat' dir='ltr'><strong><em>gia</em></strong></span> <span class='ocrx_word' id='word_1_239' title='bbox 440 1830 684 1883; x_wconf 69' lang='lat' dir='ltr'><strong><em>doctrinm</em></strong></span> <span class='ocrx_word' id='word_1_240' title='bbox 722 1829 881 1899; x_wconf 89' lang='lat' dir='ltr'><strong><em>ipsius</em></strong></span> <span class='ocrx_word' id='word_1_241' title='bbox 928 1829 1201 1883; x_wconf 87' lang='lat' dir='ltr'><strong><em>adorantes</em></strong></span> <span class='ocrx_word' id='word_1_242' title='bbox 1225 1868 1241 1893; x_wconf 86' lang='lat'><strong><em>,</em></strong></span> <span class='ocrx_word' id='word_1_243' title='bbox 1291 1845 1463 1884; x_wconf 88' lang='lat' dir='ltr'><strong><em>coram</em></strong></span> <span class='ocrx_word' id='word_1_244' title='bbox 1507 1845 1694 1884; x_wconf 88' lang='lat' dir='ltr'><strong><em>canoro</em></strong></span> <span class='ocrx_word' id='word_1_245' title='bbox 1736 1848 1893 1903; x_wconf 83' lang='lat' dir='ltr'><strong><em>cycno</em></strong></span> 
     </span>
    </p>
   </div>
   <div class='ocr_carea' id='block_1_34' title="bbox 300 1918 1894 1993">
    <p class='ocr_par' dir='ltr' id='par_1_34' title="bbox 300 1918 1894 1993">
     <span class='ocr_line' id='line_1_34' title="bbox 300 1918 1894 1993; baseline 0.004 -22"><span class='ocrx_word' id='word_1_246' title='bbox 300 1934 523 1972; x_wconf 80' lang='lat' dir='ltr'><strong><em>raucum</em></strong></span> <span class='ocrx_word' id='word_1_247' title='bbox 564 1933 791 1973; x_wconf 86' lang='lat' dir='ltr'><strong><em>anserem</em></strong></span> <span class='ocrx_word' id='word_1_248' title='bbox 828 1918 1145 1988; x_wconf 81' lang='lat' dir='ltr'><strong><em>proﬁtemur.</em></strong></span> <span class='ocrx_word' id='word_1_249' title='bbox 1196 1919 1333 1988; x_wconf 84' lang='lat' dir='ltr'><strong><em>Quid</em></strong></span> <span class='ocrx_word' id='word_1_250' title='bbox 1353 1927 1401 1977; x_wconf 82' lang='lat' dir='ltr'><strong><em>te</em></strong></span> <span class='ocrx_word' id='word_1_251' title='bbox 1428 1922 1653 1993; x_wconf 84' lang='lat' dir='ltr'><strong><em>amplius</em></strong></span> <span class='ocrx_word' id='word_1_252' title='bbox 1678 1925 1894 1977; x_wconf 89' lang='lat' dir='ltr'><strong><em>moror?</em></strong></span> 
     </span>
    </p>
   </div>
   <div class='ocr_carea' id='block_1_35' title="bbox 300 2006 1891 2085">
    <p class='ocr_par' dir='ltr' id='par_1_35' title="bbox 300 2006 1891 2085">
     <span class='ocr_line' id='line_1_35' title="bbox 300 2006 1891 2085; baseline 0.006 -25"><span class='ocrx_word' id='word_1_253' title='bbox 300 2006 537 2077; x_wconf 85' lang='lat' dir='ltr'><strong><em>Burgum</em></strong></span> <span class='ocrx_word' id='word_1_254' title='bbox 576 2018 754 2077; x_wconf 88' lang='lat' dir='ltr'><strong><em>tuam,</em></strong></span> <span class='ocrx_word' id='word_1_255' title='bbox 797 2025 896 2079; x_wconf 91' lang='lat' dir='ltr'><strong><em>quo</em></strong></span> <span class='ocrx_word' id='word_1_256' title='bbox 916 2026 1040 2081; x_wconf 60' lang='lat' dir='ltr'><strong><em>jure</em></strong></span> <span class='ocrx_word' id='word_1_257' title='bbox 1074 2011 1295 2065; x_wconf 89' lang='lat' dir='ltr'><strong><em>amicum</em></strong></span> <span class='ocrx_word' id='word_1_258' title='bbox 1322 2013 1522 2079; x_wconf 87' lang='lat' dir='ltr'><strong><em>decuit,</em></strong></span> <span class='ocrx_word' id='word_1_259' title='bbox 1555 2031 1721 2068; x_wconf 88' lang='lat' dir='ltr'><strong><em>meam</em></strong></span> <span class='ocrx_word' id='word_1_260' title='bbox 1750 2017 1846 2085; x_wconf 74' lang='lat' dir='ltr'><strong><em>feci</em></strong></span> <span class='ocrx_word' id='word_1_261' title='bbox 1873 2032 1891 2071; x_wconf 91' lang='lat'><strong><em>:</em></strong></span> 
     </span>
    </p>
   </div>
   <div class='ocr_carea' id='block_1_36' title="bbox 300 2102 1885 2177">
    <p class='ocr_par' dir='ltr' id='par_1_36' title="bbox 300 2102 1885 2177">
     <span class='ocr_line' id='line_1_36' title="bbox 300 2102 1885 2177; baseline 0.003 -23"><span class='ocrx_word' id='word_1_262' title='bbox 300 2102 461 2170; x_wconf 85' lang='lat' dir='ltr'><strong><em>probe</em></strong></span> <span class='ocrx_word' id='word_1_263' title='bbox 495 2102 659 2173; x_wconf 78' lang='lat'><strong><em>389</em></strong></span> <span class='ocrx_word' id='word_1_264' title='bbox 692 2102 853 2158; x_wconf 87' lang='lat' dir='ltr'><strong><em>sciens</em></strong></span> <span class='ocrx_word' id='word_1_265' title='bbox 872 2142 889 2170; x_wconf 89' lang='lat'><strong><em>,</em></strong></span> <span class='ocrx_word' id='word_1_266' title='bbox 922 2102 999 2157; x_wconf 82' lang='lat' dir='ltr'><strong><em>uel</em></strong></span> <span class='ocrx_word' id='word_1_267' title='bbox 1026 2103 1289 2158; x_wconf 85' lang='lat' dir='ltr'><strong><em>materiam</em></strong></span> <span class='ocrx_word' id='word_1_268' title='bbox 1318 2105 1408 2159; x_wconf 89' lang='lat' dir='ltr'><strong><em>tibi</em></strong></span> <span class='ocrx_word' id='word_1_269' title='bbox 1432 2121 1540 2162; x_wconf 85' lang='lat' dir='ltr'><strong><em>esse</em></strong></span> <span class='ocrx_word' id='word_1_270' title='bbox 1561 2106 1885 2177; x_wconf 80' lang='lat' dir='ltr'><strong><em>placituram,</em></strong></span> 
     </span>
    </p>
   </div>
   <div class='ocr_carea' id='block_1_37' title="bbox 298 2195 1297 2265">
    <p class='ocr_par' dir='ltr' id='par_1_37' title="bbox 298 2195 1297 2265">
     <span class='ocr_line' id='line_1_37' title="bbox 298 2195 1297 2265; baseline 0.002 -16"><span class='ocrx_word' id='word_1_271' title='bbox 298 2196 506 2249; x_wconf 88' lang='lat' dir='ltr'><strong><em>etiamsi</em></strong></span> <span class='ocrx_word' id='word_1_272' title='bbox 531 2210 593 2250; x_wconf 76' lang='lat' dir='ltr'><strong><em>ea;</em></strong></span> <span class='ocrx_word' id='word_1_273' title='bbox 615 2195 780 2249; x_wconf 83' lang='lat' dir='ltr'><strong><em>solido</em></strong></span> <span class='ocrx_word' id='word_1_274' title='bbox 807 2211 985 2265; x_wconf 89' lang='lat' dir='ltr'><strong><em>poema</em></strong></span> <span class='ocrx_word' id='word_1_275' title='bbox 1009 2195 1297 2265; x_wconf 86' lang='lat' dir='ltr'><strong><em>displiceat.</em></strong></span> 
     </span>
    </p>
   </div>
   <div class='ocr_carea' id='block_1_38' title="bbox 854 2327 1339 2384">
    <p class='ocr_par' dir='ltr' id='par_1_38' title="bbox 854 2327 1339 2384">
     <span class='ocr_line' id='line_1_38' title="bbox 854 2327 1339 2384; baseline 0 0"><span class='ocrx_word' id='word_1_276' title='bbox 854 2327 1141 2384; x_wconf 80' lang='lat' dir='ltr'><strong><em>CARMEN</em></strong></span> <span class='ocrx_word' id='word_1_277' title='bbox 1168 2328 1339 2384; x_wconf 81' lang='lat' dir='ltr'><strong>XXII.</strong></span> 
     </span>
    </p>
   </div>
   <div class='ocr_carea' id='block_1_39' title="bbox 725 2450 1476 2497">
    <p class='ocr_par' dir='ltr' id='par_1_39' title="bbox 725 2450 1476 2497">
     <span class='ocr_line' id='line_1_39' title="bbox 725 2450 1476 2497; baseline 0.003 -2"><span class='ocrx_word' id='word_1_278' title='bbox 725 2450 749 2479; x_wconf 68' lang='lat' dir='ltr'><strong>c</strong></span> <span class='ocrx_word' id='word_1_279' title='bbox 790 2455 989 2497; x_wconf 79' lang='lat' dir='ltr'><strong><em>BURGUS</em></strong></span> <span class='ocrx_word' id='word_1_280' title='bbox 1027 2455 1205 2497; x_wconf 72' lang='lat' dir='ltr'><strong>PONTII</strong></span> <span class='ocrx_word' id='word_1_281' title='bbox 1242 2456 1476 2497; x_wconf 74' lang='lat' dir='ltr'><strong><em>LEONTII.</em></strong></span> 
     </span>
    </p>
   </div>
   <div class='ocr_carea' id='block_1_40' title="bbox 372 2574 1565 2646">
    <p class='ocr_par' dir='ltr' id='par_1_40' title="bbox 372 2574 1565 2646">
     <span class='ocr_line' id='line_1_40' title="bbox 372 2574 1565 2646; baseline 0.001 -15"><span class='ocrx_word' id='word_1_282' title='bbox 372 2575 594 2633; x_wconf 85' lang='lat' dir='ltr'><strong><em>Bistonii</em></strong></span> <span class='ocrx_word' id='word_1_283' title='bbox 622 2574 891 2631; x_wconf 85' lang='lat' dir='ltr'><strong><em>stabulum</em></strong></span> <span class='ocrx_word' id='word_1_284' title='bbox 921 2574 1062 2643; x_wconf 88' lang='lat' dir='ltr'><strong><em>regis</em></strong></span> <span class='ocrx_word' id='word_1_285' title='bbox 1083 2615 1099 2642; x_wconf 94' lang='lat'><strong><em>,</em></strong></span> <span class='ocrx_word' id='word_1_286' title='bbox 1130 2575 1390 2632; x_wconf 90' lang='lat' dir='ltr'><strong><em>Busiridis</em></strong></span> <span class='ocrx_word' id='word_1_287' title='bbox 1419 2591 1565 2646; x_wconf 88' lang='lat' dir='ltr'><strong><em>aras,</em></strong></span> 
     </span>
    </p>
   </div>
   <div class='ocr_carea' id='block_1_41' title="bbox 295 2665 1710 2738">
    <p class='ocr_par' dir='ltr' id='par_1_41' title="bbox 295 2665 1710 2738">
     <span class='ocr_line' id='line_1_41' title="bbox 295 2665 1710 2738; baseline 0 -16"><span class='ocrx_word' id='word_1_288' title='bbox 295 2668 598 2738; x_wconf 61' lang='lat' dir='ltr'><strong><em>Antiphatae</em></strong></span> <span class='ocrx_word' id='word_1_289' title='bbox 626 2678 870 2730; x_wconf 87' lang='lat' dir='ltr'><strong><em>mensas,</em></strong></span> <span class='ocrx_word' id='word_1_290' title='bbox 900 2672 954 2721; x_wconf 87' lang='lat' dir='ltr'><strong><em>et</em></strong></span> <span class='ocrx_word' id='word_1_291' title='bbox 982 2665 1206 2721; x_wconf 86' lang='lat' dir='ltr'><strong><em>Taurica</em></strong></span> <span class='ocrx_word' id='word_1_292' title='bbox 1236 2681 1398 2736; x_wconf 87' lang='lat' dir='ltr'><strong><em>regna</em></strong></span> <span class='ocrx_word' id='word_1_293' title='bbox 1432 2667 1710 2733; x_wconf 86' lang='lat' dir='ltr'><strong><em>Thoantis,</em></strong></span> 
     </span>
    </p>
   </div>
   <div class='ocr_carea' id='block_1_42' title="bbox 295 2752 1740 2829">
    <p class='ocr_par' dir='ltr' id='par_1_42' title="bbox 295 2752 1740 2829">
     <span class='ocr_line' id='line_1_42' title="bbox 295 2752 1740 2829; baseline 0 -17"><span class='ocrx_word' id='word_1_294' title='bbox 295 2764 477 2827; x_wconf 80' lang='lat' dir='ltr'><strong><em>Atque</em></strong></span> <span class='ocrx_word' id='word_1_295' title='bbox 511 2756 676 2812; x_wconf 85' lang='lat' dir='ltr'><strong><em>Itbaci</em></strong></span> <span class='ocrx_word' id='word_1_296' title='bbox 706 2755 921 2826; x_wconf 84' lang='lat' dir='ltr'><strong><em>ingenio</em></strong></span> <span class='ocrx_word' id='word_1_297' title='bbox 953 2752 1252 2811; x_wconf 78' lang='lat' dir='ltr'><strong><em>fraudatum</em></strong></span> <span class='ocrx_word' id='word_1_298' title='bbox 1284 2756 1401 2813; x_wconf 92' lang='lat' dir='ltr'><strong><em>luce</em></strong></span> <span class='ocrx_word' id='word_1_299' title='bbox 1429 2758 1740 2829; x_wconf 85' lang='lat' dir='ltr'><strong><em>cyclopem,</em></strong></span> 
     </span>
    </p>
   </div>
   <div class='ocr_carea' id='block_1_43' title="bbox 293 2847 1666 2917">
    <p class='ocr_par' dir='ltr' id='par_1_43' title="bbox 293 2847 1666 2917">
     <span class='ocr_line' id='line_1_43' title="bbox 293 2847 1666 2917; baseline 0.002 -15"><span class='ocrx_word' id='word_1_300' title='bbox 293 2848 608 2903; x_wconf 84' lang='lat' dir='ltr'><strong><em>Portantem</em></strong></span> <span class='ocrx_word' id='word_1_301' title='bbox 637 2847 831 2902; x_wconf 81' lang='lat' dir='ltr'><strong><em>frontis</em></strong></span> <span class='ocrx_word' id='word_1_302' title='bbox 859 2862 1048 2916; x_wconf 90' lang='lat' dir='ltr'><strong><em>campo</em></strong></span> <span class='ocrx_word' id='word_1_303' title='bbox 1082 2862 1179 2917; x_wconf 89' lang='lat' dir='ltr'><strong><em>per</em></strong></span> <span class='ocrx_word' id='word_1_304' title='bbox 1205 2862 1436 2903; x_wconf 86' lang='lat' dir='ltr'><strong><em>concava</em></strong></span> <span class='ocrx_word' id='word_1_305' title='bbox 1466 2850 1666 2905; x_wconf 81' lang='lat' dir='ltr'><strong><em>mantis</em></strong></span> 
     </span>
    </p>
   </div>
   <div class='ocr_carea' id='block_1_44' title="bbox 291 2937 1806 3008">
    <p class='ocr_par' dir='ltr' id='par_1_44' title="bbox 291 2937 1806 3008">
     <span class='ocr_line' id='line_1_44' title="bbox 291 2937 1806 3008; baseline 0.001 -14"><span class='ocrx_word' id='word_1_306' title='bbox 291 2940 401 2995; x_wconf 82' lang='lat' dir='ltr'><strong><em>Par</em></strong></span> <span class='ocrx_word' id='word_1_307' title='bbox 431 2954 598 3008; x_wconf 89' lang='lat' dir='ltr'><strong><em>prope</em></strong></span> <span class='ocrx_word' id='word_1_308' title='bbox 638 2937 918 2993; x_wconf 85' lang='lat' dir='ltr'><strong><em>transfossi</em></strong></span> <span class='ocrx_word' id='word_1_309' title='bbox 948 2937 1292 2993; x_wconf 87' lang='lat' dir='ltr'><strong><em>tenebrosum</em></strong></span> <span class='ocrx_word' id='word_1_310' title='bbox 1323 2939 1540 2995; x_wconf 88' lang='lat' dir='ltr'><strong><em>luminis</em></strong></span> <span class='ocrx_word' id='word_1_311' title='bbox 1576 2948 1806 3008; x_wconf 89' lang='lat' dir='ltr'><strong><em>antrum,</em></strong></span> 
     </span>
    </p>
   </div>
   <div class='ocr_carea' id='block_1_45' title="bbox 290 3028 1594 3100">
    <p class='ocr_par' dir='ltr' id='par_1_45' title="bbox 290 3028 1594 3100">
     <span class='ocr_line' id='line_1_45' title="bbox 290 3028 1594 3100; baseline -0.001 -14"><span class='ocrx_word' id='word_1_312' title='bbox 290 3032 504 3100; x_wconf 76' lang='lat' dir='ltr'><strong><em>lloSpes</em></strong></span> <span class='ocrx_word' id='word_1_313' title='bbox 528 3029 637 3097; x_wconf 88' lang='lat' dir='ltr'><strong><em>adi,</em></strong></span> <span class='ocrx_word' id='word_1_314' title='bbox 666 3028 834 3098; x_wconf 88' lang='lat' dir='ltr'><strong><em>siquis</em></strong></span> <span class='ocrx_word' id='word_1_315' title='bbox 857 3028 1088 3098; x_wconf 87' lang='lat' dir='ltr'><strong><em>Burgum</em></strong></span> <span class='ocrx_word' id='word_1_316' title='bbox 1113 3030 1370 3085; x_wconf 82' lang='lat' dir='ltr'><strong><em>taciturus</em></strong></span> <span class='ocrx_word' id='word_1_317' title='bbox 1394 3030 1553 3085; x_wconf 88' lang='lat' dir='ltr'><strong><em>adisti</em></strong></span> <span class='ocrx_word' id='word_1_318' title='bbox 1579 3048 1594 3085; x_wconf 89' lang='lat'><strong>:</strong></span> 
     </span>
    </p>
   </div>
   <div class='ocr_carea' id='block_1_46' title="bbox 293 3120 1624 3189">
    <p class='ocr_par' dir='ltr' id='par_1_46' title="bbox 293 3120 1624 3189">
     <span class='ocr_line' id='line_1_46' title="bbox 293 3120 1624 3189; baseline 0.002 -14"><span class='ocrx_word' id='word_1_319' title='bbox 293 3122 363 3176; x_wconf 86' lang='lat' dir='ltr'><strong><em>Et</em></strong></span> <span class='ocrx_word' id='word_1_320' title='bbox 394 3122 522 3177; x_wconf 90' lang='lat' dir='ltr'><strong><em>licet</em></strong></span> <span class='ocrx_word' id='word_1_321' title='bbox 547 3120 599 3175; x_wconf 93' lang='lat' dir='ltr'><strong><em>in</em></strong></span> <span class='ocrx_word' id='word_1_322' title='bbox 622 3134 839 3175; x_wconf 89' lang='lat' dir='ltr'><strong><em>carmen</em></strong></span> <span class='ocrx_word' id='word_1_323' title='bbox 867 3133 973 3174; x_wconf 92' lang='lat' dir='ltr'><strong><em>non</em></strong></span> <span class='ocrx_word' id='word_1_324' title='bbox 999 3120 1195 3189; x_wconf 84' lang='lat' dir='ltr'><strong><em>passim</em></strong></span> <span class='ocrx_word' id='word_1_325' title='bbox 1225 3120 1364 3175; x_wconf 83' lang='lat' dir='ltr'><strong><em>laxet</em></strong></span> <span class='ocrx_word' id='word_1_326' title='bbox 1391 3120 1624 3178; x_wconf 85' lang='lat' dir='ltr'><strong><em>habenas</em></strong></span> 
     </span>
    </p>
   </div>
   <div class='ocr_carea' id='block_1_47' title="bbox 291 3211 1734 3283">
    <p class='ocr_par' dir='ltr' id='par_1_47' title="bbox 291 3211 1734 3283">
     <span class='ocr_line' id='line_1_47' title="bbox 291 3211 1734 3283; baseline 0.001 -14"><span class='ocrx_word' id='word_1_327' title='bbox 291 3214 572 3278; x_wconf 74' lang='lat' dir='ltr'><strong><em>thbus,</em></strong></span> <span class='ocrx_word' id='word_1_328' title='bbox 604 3223 656 3267; x_wconf 94' lang='lat' dir='ltr'><strong><em>et</em></strong></span> <span class='ocrx_word' id='word_1_329' title='bbox 680 3211 767 3266; x_wconf 89' lang='lat' dir='ltr'><strong><em>hic</em></strong></span> <span class='ocrx_word' id='word_1_330' title='bbox 794 3212 917 3268; x_wconf 89' lang='lat' dir='ltr'><strong><em>totis</em></strong></span> <span class='ocrx_word' id='word_1_331' title='bbox 947 3225 1052 3266; x_wconf 92' lang='lat' dir='ltr'><strong><em>non</em></strong></span> <span class='ocrx_word' id='word_1_332' title='bbox 1080 3212 1276 3281; x_wconf 78' lang='lat' dir='ltr'><strong><em>pandat</em></strong></span> <span class='ocrx_word' id='word_1_333' title='bbox 1306 3212 1527 3267; x_wconf 87' lang='lat' dir='ltr'><strong><em>carbasa</em></strong></span> <span class='ocrx_word' id='word_1_334' title='bbox 1552 3213 1695 3270; x_wconf 88' lang='lat' dir='ltr'><strong><em>fandi</em></strong></span> <span class='ocrx_word' id='word_1_335' title='bbox 1720 3234 1734 3283; x_wconf 92' lang='lat'><strong><em>;</em></strong></span> 
     </span>
    </p>
   </div>
   <div class='ocr_carea' id='block_1_48' title="bbox 291 3301 1702 3376">
    <p class='ocr_par' dir='ltr' id='par_1_48' title="bbox 291 3301 1702 3376">
     <span class='ocr_line' id='line_1_48' title="bbox 291 3301 1702 3376; baseline 0.005 -21"><span class='ocrx_word' id='word_1_336' title='bbox 291 3306 536 3373; x_wconf 83' lang='lat' dir='ltr'><strong><em>Quisque</em></strong></span> <span class='ocrx_word' id='word_1_337' title='bbox 566 3312 740 3359; x_wconf 88' lang='lat' dir='ltr'><strong><em>tamen</em></strong></span> <span class='ocrx_word' id='word_1_338' title='bbox 772 3310 945 3357; x_wconf 89' lang='lat' dir='ltr'><strong><em>tantos</em></strong></span> <span class='ocrx_word' id='word_1_339' title='bbox 971 3315 1078 3357; x_wconf 91' lang='lat' dir='ltr'><strong><em>non</em></strong></span> <span class='ocrx_word' id='word_1_340' title='bbox 1115 3301 1337 3358; x_wconf 88' lang='lat' dir='ltr'><strong><em>laudans</em></strong></span> <span class='ocrx_word' id='word_1_341' title='bbox 1364 3319 1459 3361; x_wconf 89' lang='lat' dir='ltr'><strong><em>ore</em></strong></span> <span class='ocrx_word' id='word_1_342' title='bbox 1484 3312 1702 3376; x_wconf 88' lang='lat' dir='ltr'><strong><em>penates</em></strong></span> 
     </span>
    </p>
   </div>
   <div class='ocr_carea' id='block_1_49' title="bbox 292 3392 1772 3463">
    <p class='ocr_par' dir='ltr' id='par_1_49' title="bbox 292 3392 1772 3463">
     <span class='ocr_line' id='line_1_49' title="bbox 292 3392 1772 3463; baseline 0.002 -15"><span class='ocrx_word' id='word_1_343' title='bbox 292 3393 522 3463; x_wconf 89' lang='lat' dir='ltr'><strong><em>lnspicis</em></strong></span> <span class='ocrx_word' id='word_1_344' title='bbox 541 3434 557 3457; x_wconf 95' lang='lat'><strong><em>,</em></strong></span> <span class='ocrx_word' id='word_1_345' title='bbox 592 3392 874 3461; x_wconf 87' lang='lat' dir='ltr'><strong><em>inspiceris</em></strong></span> <span class='ocrx_word' id='word_1_346' title='bbox 902 3409 917 3447; x_wconf 90' lang='lat'><strong>:</strong></span> <span class='ocrx_word' id='word_1_347' title='bbox 944 3400 1163 3448; x_wconf 87' lang='lat' dir='ltr'><strong><em>resonat</em></strong></span> <span class='ocrx_word' id='word_1_348' title='bbox 1188 3393 1306 3449; x_wconf 90' lang='lat' dir='ltr'><strong><em>sine</em></strong></span> <span class='ocrx_word' id='word_1_349' title='bbox 1335 3409 1464 3450; x_wconf 88' lang='lat' dir='ltr'><strong><em>voce</em></strong></span> <span class='ocrx_word' id='word_1_350' title='bbox 1490 3396 1732 3453; x_wconf 80' lang='lat' dir='ltr'><strong><em>voluntas</em></strong></span> <span class='ocrx_word' id='word_1_351' title='bbox 1759 3416 1772 3451; x_wconf 89' lang='lat'><strong>:</strong></span> 
     </span>
    </p>
   </div>
   <div class='ocr_carea' id='block_1_50' title="bbox 292 3482 1595 3541">
    <p class='ocr_par' dir='ltr' id='par_1_50' title="bbox 292 3482 1595 3541">
     <span class='ocr_line' id='line_1_50' title="bbox 292 3482 1595 3541; baseline -0.001 -1"><span class='ocrx_word' id='word_1_352' title='bbox 292 3485 431 3540; x_wconf 80' lang='lat' dir='ltr'><strong><em>Nam</em></strong></span> <span class='ocrx_word' id='word_1_353' title='bbox 460 3490 550 3537; x_wconf 85' lang='lat' dir='ltr'><strong><em>tua</em></strong></span> <span class='ocrx_word' id='word_1_354' title='bbox 582 3490 634 3538; x_wconf 87' lang='lat' dir='ltr'><strong><em>te</em></strong></span> <span class='ocrx_word' id='word_1_355' title='bbox 665 3488 880 3537; x_wconf 87' lang='lat' dir='ltr'><strong><em>tac&#39;.tum</em></strong></span> <span class='ocrx_word' id='word_1_356' title='bbox 909 3482 1079 3538; x_wconf 85' lang='lat' dir='ltr'><strong><em>livere</em></strong></span> <span class='ocrx_word' id='word_1_357' title='bbox 1108 3483 1320 3539; x_wconf 88' lang='lat' dir='ltr'><strong><em>silentia</em></strong></span> <span class='ocrx_word' id='word_1_358' title='bbox 1344 3485 1595 3541; x_wconf 88' lang='lat' dir='ltr'><strong><em>clamant.</em></strong></span> 
     </span>
    </p>
   </div>
   <div class='ocr_carea' id='block_1_51' title="bbox 370 3572 1772 3643">
    <p class='ocr_par' dir='ltr' id='par_1_51' title="bbox 370 3572 1772 3643">
     <span class='ocr_line' id='line_1_51' title="bbox 370 3572 1772 3643; baseline 0.003 -15"><span class='ocrx_word' id='word_1_359' title='bbox 370 3574 512 3643; x_wconf 87' lang='lat' dir='ltr'><strong><em>Ergo</em></strong></span> <span class='ocrx_word' id='word_1_360' title='bbox 538 3588 656 3642; x_wconf 91' lang='lat' dir='ltr'><strong><em>age,</em></strong></span> <span class='ocrx_word' id='word_1_361' title='bbox 684 3572 886 3627; x_wconf 88' lang='lat' dir='ltr'><strong><em>Pierias</em></strong></span> <span class='ocrx_word' id='word_1_362' title='bbox 916 3573 1076 3627; x_wconf 85' lang='lat' dir='ltr'><strong><em>Erato</em></strong></span> <span class='ocrx_word' id='word_1_363' title='bbox 1106 3573 1234 3628; x_wconf 89' lang='lat' dir='ltr'><strong><em>mibi</em></strong></span> <span class='ocrx_word' id='word_1_364' title='bbox 1266 3584 1480 3642; x_wconf 89' lang='lat' dir='ltr'><strong><em>percute</em></strong></span> <span class='ocrx_word' id='word_1_365' title='bbox 1506 3575 1772 3633; x_wconf 83' lang='lat' dir='ltr'><strong><em>chordas:</em></strong></span> 
     </span>
    </p>
   </div>
   <div class='ocr_carea' id='block_1_52' title="bbox 292 3660 1878 3736">
    <p class='ocr_par' dir='ltr' id='par_1_52' title="bbox 292 3660 1878 3736">
     <span class='ocr_line' id='line_1_52' title="bbox 292 3660 1878 3736; baseline 0.004 -19"><span class='ocrx_word' id='word_1_366' title='bbox 292 3663 629 3733; x_wconf 78' lang='lat' dir='ltr'><strong><em>Responsent</em></strong></span> <span class='ocrx_word' id='word_1_367' title='bbox 653 3661 853 3731; x_wconf 82' lang='lat' dir='ltr'><strong><em>Satyri,</em></strong></span> <span class='ocrx_word' id='word_1_368' title='bbox 885 3660 1213 3732; x_wconf 80' lang='lat' dir='ltr'><strong><em>digitumque</em></strong></span> <span class='ocrx_word' id='word_1_369' title='bbox 1249 3664 1545 3736; x_wconf 84' lang='lat' dir='ltr'><strong><em>pedemque</em></strong></span> <span class='ocrx_word' id='word_1_370' title='bbox 1583 3674 1878 3733; x_wconf 88' lang='lat' dir='ltr'><strong><em>moventes,</em></strong></span> 
     </span>
    </p>
   </div>
   <div class='ocr_carea' id='block_1_53' title="bbox 292 3752 1721 3821">
    <p class='ocr_par' dir='ltr' id='par_1_53' title="bbox 292 3752 1721 3821">
     <span class='ocr_line' id='line_1_53' title="bbox 292 3752 1721 3821; baseline 0.001 -12"><span class='ocrx_word' id='word_1_371' title='bbox 292 3755 535 3819; x_wconf 86' lang='lat' dir='ltr'><strong><em>Ludant,</em></strong></span> <span class='ocrx_word' id='word_1_372' title='bbox 564 3760 620 3807; x_wconf 86' lang='lat' dir='ltr'><strong><em>et</em></strong></span> <span class='ocrx_word' id='word_1_373' title='bbox 650 3752 875 3807; x_wconf 86' lang='lat' dir='ltr'><strong><em>tremulo</em></strong></span> <span class='ocrx_word' id='word_1_374' title='bbox 904 3768 1008 3806; x_wconf 90' lang='lat' dir='ltr'><strong><em>non</em></strong></span> <span class='ocrx_word' id='word_1_375' title='bbox 1036 3764 1291 3821; x_wconf 88' lang='lat' dir='ltr'><strong><em>rumpant</em></strong></span> <span class='ocrx_word' id='word_1_376' title='bbox 1320 3757 1529 3811; x_wconf 88' lang='lat' dir='ltr'><strong><em>cantica</em></strong></span> <span class='ocrx_word' id='word_1_377' title='bbox 1561 3756 1721 3811; x_wconf 88' lang='lat' dir='ltr'><strong><em>saltu.</em></strong></span> 
     </span>
    </p>
   </div>
   <div class='ocr_carea' id='block_1_54' title="bbox 291 3840 1884 3916">
    <p class='ocr_par' dir='ltr' id='par_1_54' title="bbox 291 3840 1884 3916">
     <span class='ocr_line' id='line_1_54' title="bbox 291 3840 1884 3916; baseline 0.001 -17"><span class='ocrx_word' id='word_1_378' title='bbox 291 3842 563 3914; x_wconf 83' lang='lat' dir='ltr'><strong><em>Quidquid</em></strong></span> <span class='ocrx_word' id='word_1_379' title='bbox 605 3840 744 3897; x_wconf 86' lang='lat' dir='ltr'><strong><em>forte</em></strong></span> <span class='ocrx_word' id='word_1_380' title='bbox 788 3842 985 3912; x_wconf 86' lang='lat' dir='ltr'><strong><em>Dryas,</em></strong></span> <span class='ocrx_word' id='word_1_381' title='bbox 1028 3841 1113 3897; x_wconf 85' lang='lat' dir='ltr'><strong><em>vel</em></strong></span> <span class='ocrx_word' id='word_1_382' title='bbox 1147 3842 1405 3913; x_wconf 88' lang='lat' dir='ltr'><strong><em>quidquid</em></strong></span> <span class='ocrx_word' id='word_1_383' title='bbox 1434 3844 1759 3916; x_wconf 82' lang='lat' dir='ltr'><strong><em>Hamadryas</em></strong></span> <span class='ocrx_word' id='word_1_384' title='bbox 1788 3862 1884 3901; x_wconf 89' lang='lat' dir='ltr'><strong><em>un-</em></strong></span> 
     </span>
    </p>
   </div>
   <div class='ocr_carea' id='block_1_55' title="bbox 1635 3939 1813 4012">
    <p class='ocr_par' dir='ltr' id='par_1_55' title="bbox 1635 3939 1813 4012">
     <span class='ocr_line' id='line_1_55' title="bbox 1635 3939 1813 4012; baseline 0.011 -19"><span class='ocrx_word' id='word_1_385' title='bbox 1635 3939 1813 4012; x_wconf 75' lang='lat' dir='ltr'><strong><em>[quam</em></strong></span> 
     </span>
    </p>
   </div>
   <div class='ocr_carea' id='block_1_56' title="bbox 293 4028 1576 4099">
    <p class='ocr_par' dir='ltr' id='par_1_56' title="bbox 293 4028 1576 4099">
     <span class='ocr_line' id='line_1_56' title="bbox 293 4028 1576 4099; baseline -0.001 -14"><span class='ocrx_word' id='word_1_386' title='bbox 293 4029 568 4085; x_wconf 89' lang='lat' dir='ltr'><strong><em>Connexis</em></strong></span> <span class='ocrx_word' id='word_1_387' title='bbox 596 4028 809 4085; x_wconf 85' lang='lat' dir='ltr'><strong><em>sibimet</em></strong></span> <span class='ocrx_word' id='word_1_388' title='bbox 839 4028 1029 4083; x_wconf 89' lang='lat' dir='ltr'><strong><em>festum</em></strong></span> <span class='ocrx_word' id='word_1_389' title='bbox 1063 4028 1310 4098; x_wconf 88' lang='lat' dir='ltr'><strong><em>plausere</em></strong></span> <span class='ocrx_word' id='word_1_390' title='bbox 1344 4028 1576 4099; x_wconf 64' lang='lat' dir='ltr'><strong><em>Napaeis,</em></strong></span> 
     </span>
    </p>
   </div>
   <div class='ocr_carea' id='block_1_57' title="bbox 293 4118 1672 4189">
    <p class='ocr_par' dir='ltr' id='par_1_57' title="bbox 293 4118 1672 4189">
     <span class='ocr_line' id='line_1_57' title="bbox 293 4118 1672 4189; baseline -0.001 -13"><span class='ocrx_word' id='word_1_391' title='bbox 293 4121 609 4189; x_wconf 88' lang='lat' dir='ltr'><strong><em>Dependant</em></strong></span> <span class='ocrx_word' id='word_1_392' title='bbox 640 4120 819 4187; x_wconf 88' lang='lat' dir='ltr'><strong><em>inodo,</em></strong></span> <span class='ocrx_word' id='word_1_393' title='bbox 848 4120 1041 4189; x_wconf 86' lang='lat' dir='ltr'><strong><em>Burge,</em></strong></span> <span class='ocrx_word' id='word_1_394' title='bbox 1075 4118 1187 4186; x_wconf 89' lang='lat' dir='ltr'><strong><em>tibi,</em></strong></span> <span class='ocrx_word' id='word_1_395' title='bbox 1218 4119 1303 4174; x_wconf 89' lang='lat' dir='ltr'><strong><em>vel</em></strong></span> <span class='ocrx_word' id='word_1_396' title='bbox 1330 4120 1525 4176; x_wconf 85' lang='lat' dir='ltr'><strong><em>Naidas</em></strong></span> <span class='ocrx_word' id='word_1_397' title='bbox 1552 4120 1672 4175; x_wconf 88' lang='lat' dir='ltr'><strong><em>istic</em></strong></span> 
     </span>
    </p>
   </div>
   <div class='ocr_carea' id='block_1_58' title="bbox 294 4210 1774 4275">
    <p class='ocr_par' dir='ltr' id='par_1_58' title="bbox 294 4210 1774 4275">
     <span class='ocr_line' id='line_1_58' title="bbox 294 4210 1774 4275; baseline 0.001 -8"><span class='ocrx_word' id='word_1_398' title='bbox 294 4212 584 4267; x_wconf 83' lang='lat' dir='ltr'><strong><em>Nereidum</em></strong></span> <span class='ocrx_word' id='word_1_399' title='bbox 614 4212 810 4267; x_wconf 90' lang='lat' dir='ltr'><strong><em>chorus</em></strong></span> <span class='ocrx_word' id='word_1_400' title='bbox 838 4212 979 4265; x_wconf 89' lang='lat' dir='ltr'><strong><em>alme</em></strong></span> <span class='ocrx_word' id='word_1_401' title='bbox 1009 4210 1161 4275; x_wconf 90' lang='lat' dir='ltr'><strong><em>doce,</em></strong></span> <span class='ocrx_word' id='word_1_402' title='bbox 1192 4226 1314 4266; x_wconf 88' lang='lat' dir='ltr'><strong><em>cum</em></strong></span> <span class='ocrx_word' id='word_1_403' title='bbox 1341 4211 1476 4266; x_wconf 90' lang='lat' dir='ltr'><strong><em>forte</em></strong></span> <span class='ocrx_word' id='word_1_404' title='bbox 1502 4212 1774 4269; x_wconf 86' lang='lat' dir='ltr'><strong><em>Garumna</em></strong></span> 
     </span>
    </p>
   </div>
   <div class='ocr_carea' id='block_1_59' title="bbox 295 4301 1807 4371">
    <p class='ocr_par' dir='ltr' id='par_1_59' title="bbox 295 4301 1807 4371">
     <span class='ocr_line' id='line_1_59' title="bbox 295 4301 1807 4371; baseline -0.001 -13"><span class='ocrx_word' id='word_1_405' title='bbox 295 4305 410 4359; x_wconf 85' lang='lat' dir='ltr'><strong><em>lluc</em></strong></span> <span class='ocrx_word' id='word_1_406' title='bbox 438 4303 698 4358; x_wconf 77' lang='lat' dir='ltr'><strong><em>redeunte</em></strong></span> <span class='ocrx_word' id='word_1_407' title='bbox 730 4302 897 4366; x_wconf 89' lang='lat' dir='ltr'><strong><em>venis,</em></strong></span> <span class='ocrx_word' id='word_1_408' title='bbox 929 4308 1255 4371; x_wconf 87' lang='lat' dir='ltr'><strong><em>pontumque</em></strong></span> <span class='ocrx_word' id='word_1_409' title='bbox 1284 4303 1337 4356; x_wconf 91' lang='lat' dir='ltr'><strong><em>in</em></strong></span> <span class='ocrx_word' id='word_1_410' title='bbox 1366 4301 1585 4358; x_wconf 89' lang='lat' dir='ltr'><strong><em>ﬂumine</em></strong></span> <span class='ocrx_word' id='word_1_411' title='bbox 1614 4304 1807 4358; x_wconf 89' lang='lat' dir='ltr'><strong><em>sulcas.</em></strong></span> 
     </span>
    </p>
   </div>
   <div class='ocr_carea' id='block_1_60' title="bbox 296 4394 1640 4465">
    <p class='ocr_par' dir='ltr' id='par_1_60' title="bbox 296 4394 1640 4465">
     <span class='ocr_line' id='line_1_60' title="bbox 296 4394 1640 4465; baseline -0.001 -13"><span class='ocrx_word' id='word_1_412' title='bbox 296 4396 478 4452; x_wconf 75' lang='lat' dir='ltr'><strong><em>Pande</em></strong></span> <span class='ocrx_word' id='word_1_413' title='bbox 504 4396 667 4465; x_wconf 87' lang='lat' dir='ltr'><strong><em>igitur</em></strong></span> <span class='ocrx_word' id='word_1_414' title='bbox 692 4408 879 4449; x_wconf 87' lang='lat' dir='ltr'><strong><em>causas</em></strong></span> <span class='ocrx_word' id='word_1_415' title='bbox 910 4394 1091 4461; x_wconf 86' lang='lat' dir='ltr'><strong><em>Erato,</em></strong></span> <span class='ocrx_word' id='word_1_416' title='bbox 1120 4394 1424 4464; x_wconf 87' lang='lat' dir='ltr'><strong><em>laribusque</em></strong></span> <span class='ocrx_word' id='word_1_417' title='bbox 1449 4396 1519 4449; x_wconf 88' lang='lat' dir='ltr'><strong><em>sit</em></strong></span> <span class='ocrx_word' id='word_1_418' title='bbox 1544 4396 1640 4451; x_wconf 91' lang='lat' dir='ltr'><strong><em>ede</em></strong></span> 
     </span>
    </p>
   </div>
   <div class='ocr_carea' id='block_1_61' title="bbox 295 4484 1804 4555">
    <p class='ocr_par' dir='ltr' id='par_1_61' title="bbox 295 4484 1804 4555">
     <span class='ocr_line' id='line_1_61' title="bbox 295 4484 1804 4555; baseline 0.001 -17"><span class='ocrx_word' id='word_1_419' title='bbox 295 4486 427 4552; x_wconf 84' lang='lat' dir='ltr'><strong><em>Quis</em></strong></span> <span class='ocrx_word' id='word_1_420' title='bbox 453 4485 643 4555; x_wconf 85' lang='lat' dir='ltr'><strong><em>genius</em></strong></span> <span class='ocrx_word' id='word_1_421' title='bbox 668 4501 682 4537; x_wconf 90' lang='lat'><strong>:</strong></span> <span class='ocrx_word' id='word_1_422' title='bbox 708 4492 909 4538; x_wconf 85' lang='lat' dir='ltr'><strong><em>tantum</em></strong></span> <span class='ocrx_word' id='word_1_423' title='bbox 938 4498 1042 4538; x_wconf 90' lang='lat' dir='ltr'><strong><em>non</em></strong></span> <span class='ocrx_word' id='word_1_424' title='bbox 1069 4493 1152 4539; x_wconf 87' lang='lat' dir='ltr'><strong><em>est</em></strong></span> <span class='ocrx_word' id='word_1_425' title='bbox 1179 4484 1293 4538; x_wconf 91' lang='lat' dir='ltr'><strong><em>sine</em></strong></span> <span class='ocrx_word' id='word_1_426' title='bbox 1320 4486 1549 4553; x_wconf 66' lang='lat' dir='ltr'><strong><em>praesule</em></strong></span> <span class='ocrx_word' id='word_1_427' title='bbox 1574 4486 1804 4542; x_wconf 93' lang='lat' dir='ltr'><strong><em>culmen.</em></strong></span> 
     </span>
    </p>
   </div>
   <div class='ocr_carea' id='block_1_62' title="bbox 370 4572 1662 4644">
    <p class='ocr_par' dir='ltr' id='par_1_62' title="bbox 370 4572 1662 4644">
     <span class='ocr_line' id='line_1_62' title="bbox 370 4572 1662 4644; baseline 0.001 -15"><span class='ocrx_word' id='word_1_428' title='bbox 370 4576 533 4630; x_wconf 82' lang='lat' dir='ltr'><strong><em>Forte</em></strong></span> <span class='ocrx_word' id='word_1_429' title='bbox 561 4572 883 4644; x_wconf 86' lang='lat' dir='ltr'><strong><em>sagittiferas</em></strong></span> <span class='ocrx_word' id='word_1_430' title='bbox 907 4574 1053 4627; x_wconf 87' lang='lat' dir='ltr'><strong><em>Evan</em></strong></span> <span class='ocrx_word' id='word_1_431' title='bbox 1085 4573 1364 4643; x_wconf 82' lang='lat' dir='ltr'><strong><em>papulatus</em></strong></span> <span class='ocrx_word' id='word_1_432' title='bbox 1386 4575 1662 4644; x_wconf 74' lang='lat' dir='ltr'><strong><em>Erythras,</em></strong></span> 
     </span>
    </p>
   </div>
   <div class='ocr_carea' id='block_1_63' title="bbox 299 4664 1567 4736">
    <p class='ocr_par' dir='ltr' id='par_1_63' title="bbox 299 4664 1567 4736">
     <span class='ocr_line' id='line_1_63' title="bbox 299 4664 1567 4736; baseline -0.002 -16"><span class='ocrx_word' id='word_1_433' title='bbox 299 4666 417 4720; x_wconf 80' lang='lat' dir='ltr'><strong><em>Vite</em></strong></span> <span class='ocrx_word' id='word_1_434' title='bbox 446 4666 760 4736; x_wconf 85' lang='lat' dir='ltr'><strong><em>capistratas</em></strong></span> <span class='ocrx_word' id='word_1_435' title='bbox 789 4664 1010 4736; x_wconf 86' lang='lat' dir='ltr'><strong><em>cogebat</em></strong></span> <span class='ocrx_word' id='word_1_436' title='bbox 1039 4665 1104 4719; x_wconf 91' lang='lat' dir='ltr'><strong><em>ad</em></strong></span> <span class='ocrx_word' id='word_1_437' title='bbox 1141 4664 1332 4721; x_wconf 88' lang='lat' dir='ltr'><strong><em>esseda</em></strong></span> <span class='ocrx_word' id='word_1_438' title='bbox 1361 4666 1521 4736; x_wconf 88' lang='lat' dir='ltr'><strong><em>tigres</em></strong></span> <span class='ocrx_word' id='word_1_439' title='bbox 1556 4684 1567 4718; x_wconf 92' lang='lat'><strong>:</strong></span> 
     </span>
    </p>
   </div>
   <div class='ocr_carea' id='block_1_64' title="bbox 298 4755 1665 4827">
    <p class='ocr_par' dir='ltr' id='par_1_64' title="bbox 298 4755 1665 4827">
     <span class='ocr_line' id='line_1_64' title="bbox 298 4755 1665 4827; baseline 0.002 -18"><span class='ocrx_word' id='word_1_440' title='bbox 298 4755 533 4812; x_wconf 79' lang='lat' dir='ltr'><strong><em>Intrabat</em></strong></span> <span class='ocrx_word' id='word_1_441' title='bbox 560 4757 823 4827; x_wconf 87' lang='lat' dir='ltr'><strong><em>duplicem</em></strong></span> <span class='ocrx_word' id='word_1_442' title='bbox 852 4772 956 4826; x_wconf 88' lang='lat' dir='ltr'><strong><em>qua</em></strong></span> <span class='ocrx_word' id='word_1_443' title='bbox 980 4767 1120 4812; x_wconf 90' lang='lat' dir='ltr'><strong><em>temo</em></strong></span> <span class='ocrx_word' id='word_1_444' title='bbox 1145 4758 1425 4815; x_wconf 75' lang='lat' dir='ltr'><strong><em>racemifer</em></strong></span> <span class='ocrx_word' id='word_1_445' title='bbox 1448 4773 1629 4814; x_wconf 87' lang='lat' dir='ltr'><strong><em>arcum</em></strong></span> <span class='ocrx_word' id='word_1_446' title='bbox 1647 4799 1665 4825; x_wconf 92' lang='lat'><strong><em>,</em></strong></span> 
     </span>
    </p>
   </div>
   <div class='ocr_carea' id='block_1_65' title="bbox 297 4827 1878 4924">
    <p class='ocr_par' dir='ltr' id='par_1_65' title="bbox 297 4827 1878 4924">
     <span class='ocr_line' id='line_1_65' title="bbox 297 4827 1878 4924; baseline 0.001 -19"><span class='ocrx_word' id='word_1_447' title='bbox 297 4852 459 4924; x_wconf 82' lang='lat'><strong><em>390</em></strong></span> <span class='ocrx_word' id='word_1_448' title='bbox 485 4851 746 4906; x_wconf 79' lang='lat' dir='ltr'><strong><em>Marcidus</em></strong></span> <span class='ocrx_word' id='word_1_449' title='bbox 770 4850 881 4919; x_wconf 85' lang='lat' dir='ltr'><strong><em>ipse</em></strong></span> <span class='ocrx_word' id='word_1_450' title='bbox 906 4850 1057 4905; x_wconf 88' lang='lat' dir='ltr'><strong><em>sedet</em></strong></span> <span class='ocrx_word' id='word_1_451' title='bbox 1081 4863 1239 4905; x_wconf 91' lang='lat' dir='ltr'><strong><em>curru</em></strong></span> <span class='ocrx_word' id='word_1_452' title='bbox 1269 4868 1281 4903; x_wconf 90' lang='lat'><strong>:</strong></span> <span class='ocrx_word' id='word_1_453' title='bbox 1308 4851 1484 4907; x_wconf 87' lang='lat' dir='ltr'><strong><em>madet</em></strong></span> <span class='ocrx_word' id='word_1_454' title='bbox 1510 4851 1673 4906; x_wconf 86' lang='lat' dir='ltr'><strong><em>ardua</em></strong></span> <span class='ocrx_word' id='word_1_455' title='bbox 1697 4827 1878 4907; x_wconf 55' lang='lat' dir='ltr'><strong><em>cerv‘tx</em></strong></span> 
     </span>
    </p>
   </div>
   <div class='ocr_carea' id='block_1_66' title="bbox 370 5023 1877 5095">
    <p class='ocr_par' dir='ltr' id='par_1_66' title="bbox 370 5023 1877 5095">
     <span class='ocr_line' id='line_1_66' title="bbox 370 5023 1877 5095; baseline -0.002 -15"><span class='ocrx_word' id='word_1_456' title='bbox 370 5036 397 5065; x_wconf 80' lang='grc' dir='ltr'>ι</span> <span class='ocrx_word' id='word_1_457' title='bbox 436 5026 654 5082; x_wconf 90' lang='lat' dir='ltr'><strong><em>Dulcem</em></strong></span> <span class='ocrx_word' id='word_1_458' title='bbox 679 5033 887 5095; x_wconf 88' lang='lat' dir='ltr'><strong><em>poetam</em></strong></span> <span class='ocrx_word' id='word_1_459' title='bbox 909 5024 1033 5079; x_wconf 89' lang='lat' dir='ltr'><strong><em>alibi</em></strong></span> <span class='ocrx_word' id='word_1_460' title='bbox 1056 5023 1217 5091; x_wconf 90' lang='lat' dir='ltr'><strong><em>dixit;</em></strong></span> <span class='ocrx_word' id='word_1_461' title='bbox 1248 5024 1329 5079; x_wconf 86' lang='lat' dir='ltr'><strong><em>hic</em></strong></span> <span class='ocrx_word' id='word_1_462' title='bbox 1352 5032 1626 5095; x_wconf 89' lang='lat' dir='ltr'><strong><em>poetarum</em></strong></span> <span class='ocrx_word' id='word_1_463' title='bbox 1648 5023 1877 5095; x_wconf 89' lang='lat' dir='ltr'><strong><em>collegio</em></strong></span> 
     </span>
    </p>
   </div>
   <div class='ocr_carea' id='block_1_67' title="bbox 300 5096 777 5168">
    <p class='ocr_par' dir='ltr' id='par_1_67' title="bbox 300 5096 777 5168">
     <span class='ocr_line' id='line_1_67' title="bbox 300 5096 777 5168; baseline -0.004 -17"><span class='ocrx_word' id='word_1_464' title='bbox 300 5096 606 5168; x_wconf 68' lang='lat' dir='ltr'><strong><em>prmfectum</em></strong></span> <span class='ocrx_word' id='word_1_465' title='bbox 630 5096 777 5168; x_wconf 82' lang='lat' dir='ltr'><strong><em>facit.</em></strong></span> 
     </span>
    </p>
   </div>
   <div class='ocr_carea' id='block_1_68' title="bbox 368 5164 1877 5234">
    <p class='ocr_par' dir='ltr' id='par_1_68' title="bbox 368 5164 1877 5234">
     <span class='ocr_line' id='line_1_68' title="bbox 368 5164 1877 5234; baseline -0.001 -13"><span class='ocrx_word' id='word_1_466' title='bbox 368 5166 393 5205; x_wconf 76' lang='grc' dir='ltr'>δ</span> <span class='ocrx_word' id='word_1_467' title='bbox 436 5168 594 5221; x_wconf 81' lang='lat' dir='ltr'><strong><em>Extra</em></strong></span> <span class='ocrx_word' id='word_1_468' title='bbox 620 5166 897 5220; x_wconf 76' lang='lat' dir='ltr'><strong><em>zodiacum</em></strong></span> <span class='ocrx_word' id='word_1_469' title='bbox 931 5164 1123 5234; x_wconf 90' lang='lat' dir='ltr'><strong><em>posita.</em></strong></span> <span class='ocrx_word' id='word_1_470' title='bbox 1161 5164 1296 5219; x_wconf 86' lang='lat' dir='ltr'><strong><em>Tres</em></strong></span> <span class='ocrx_word' id='word_1_471' title='bbox 1323 5165 1463 5218; x_wconf 89' lang='lat' dir='ltr'><strong><em>enim</em></strong></span> <span class='ocrx_word' id='word_1_472' title='bbox 1494 5164 1713 5220; x_wconf 90' lang='lat' dir='ltr'><strong><em>Sidonio</em></strong></span> <span class='ocrx_word' id='word_1_473' title='bbox 1745 5164 1877 5220; x_wconf 87' lang='lat' dir='ltr'><strong><em>stel-</em></strong></span> 
     </span>
    </p>
   </div>
   <div class='ocr_carea' id='block_1_69' title="bbox 302 5234 1876 5305">
    <p class='ocr_par' dir='ltr' id='par_1_69' title="bbox 302 5234 1876 5305">
     <span class='ocr_line' id='line_1_69' title="bbox 302 5234 1876 5305; baseline 0.001 -16"><span class='ocrx_word' id='word_1_474' title='bbox 302 5237 469 5291; x_wconf 85' lang='lat' dir='ltr'><strong><em>larum</em></strong></span> <span class='ocrx_word' id='word_1_475' title='bbox 493 5236 733 5291; x_wconf 88' lang='lat' dir='ltr'><strong><em>classes:</em></strong></span> <span class='ocrx_word' id='word_1_476' title='bbox 760 5239 1007 5305; x_wconf 69' lang='lat' dir='ltr'><strong><em>planetae,</em></strong></span> <span class='ocrx_word' id='word_1_477' title='bbox 1030 5236 1119 5303; x_wconf 88' lang='lat' dir='ltr'><strong><em>qui</em></strong></span> <span class='ocrx_word' id='word_1_478' title='bbox 1144 5236 1257 5289; x_wconf 89' lang='lat' dir='ltr'><strong><em>suis</em></strong></span> <span class='ocrx_word' id='word_1_479' title='bbox 1280 5237 1329 5287; x_wconf 89' lang='lat' dir='ltr'><strong><em>in</em></strong></span> <span class='ocrx_word' id='word_1_480' title='bbox 1351 5234 1569 5289; x_wconf 89' lang='lat' dir='ltr'><strong><em>orbibus</em></strong></span> <span class='ocrx_word' id='word_1_481' title='bbox 1590 5244 1876 5305; x_wconf 78' lang='lat' dir='ltr'><strong><em>vagantur;</em></strong></span> 
     </span>
    </p>
   </div>
   <div class='ocr_carea' id='block_1_70' title="bbox 298 5304 1878 5375">
    <p class='ocr_par' dir='ltr' id='par_1_70' title="bbox 298 5304 1878 5375">
     <span class='ocr_line' id='line_1_70' title="bbox 298 5304 1878 5375; baseline -0.003 -14"><span class='ocrx_word' id='word_1_482' title='bbox 298 5308 471 5362; x_wconf 87' lang='lat' dir='ltr'><strong><em>sidera</em></strong></span> <span class='ocrx_word' id='word_1_483' title='bbox 500 5306 739 5372; x_wconf 86' lang='lat' dir='ltr'><strong><em>zodiaci,</em></strong></span> <span class='ocrx_word' id='word_1_484' title='bbox 766 5304 891 5375; x_wconf 63' lang='lat' dir='ltr'><strong><em>quae</em></strong></span> <span class='ocrx_word' id='word_1_485' title='bbox 927 5306 1204 5358; x_wconf 87' lang='lat' dir='ltr'><strong><em>duodecim</em></strong></span> <span class='ocrx_word' id='word_1_486' title='bbox 1242 5305 1357 5371; x_wconf 83' lang='lat' dir='ltr'><strong><em>ejus</em></strong></span> <span class='ocrx_word' id='word_1_487' title='bbox 1395 5305 1559 5373; x_wconf 89' lang='lat' dir='ltr'><strong><em>signis</em></strong></span> <span class='ocrx_word' id='word_1_488' title='bbox 1595 5304 1878 5359; x_wconf 77' lang='lat' dir='ltr'><strong><em>continen-</em></strong></span> 
     </span>
    </p>
   </div>
   <div class='ocr_carea' id='block_1_71' title="bbox 300 5375 1866 5445">
    <p class='ocr_par' dir='ltr' id='par_1_71' title="bbox 300 5375 1866 5445">
     <span class='ocr_line' id='line_1_71' title="bbox 300 5375 1866 5445; baseline -0.001 -16"><span class='ocrx_word' id='word_1_489' title='bbox 300 5386 415 5441; x_wconf 86' lang='lat' dir='ltr'><strong><em>tur;</em></strong></span> <span class='ocrx_word' id='word_1_490' title='bbox 456 5386 510 5431; x_wconf 91' lang='lat' dir='ltr'><strong><em>et</em></strong></span> <span class='ocrx_word' id='word_1_491' title='bbox 537 5376 739 5445; x_wconf 83' lang='lat' dir='ltr'><strong><em>reliqua</em></strong></span> <span class='ocrx_word' id='word_1_492' title='bbox 770 5384 917 5431; x_wconf 84' lang='lat' dir='ltr'><strong><em>extra</em></strong></span> <span class='ocrx_word' id='word_1_493' title='bbox 946 5375 1253 5445; x_wconf 78' lang='lat' dir='ltr'><strong><em>zodiacum.</em></strong></span> <span class='ocrx_word' id='word_1_494' title='bbox 1286 5389 1405 5442; x_wconf 64' lang='lat' dir='ltr'><strong><em>quae</em></strong></span> <span class='ocrx_word' id='word_1_495' title='bbox 1432 5383 1711 5445; x_wconf 82' lang='lat' dir='ltr'><strong><em>propterea</em></strong></span> <span class='ocrx_word' id='word_1_496' title='bbox 1740 5390 1866 5429; x_wconf 73' lang='lat' dir='ltr'><strong><em>exo-</em></strong></span> 
     </span>
    </p>
   </div>
   <div class='ocr_carea' id='block_1_72' title="bbox 301 5443 1409 5515">
    <p class='ocr_par' dir='ltr' id='par_1_72' title="bbox 301 5443 1409 5515">
     <span class='ocr_line' id='line_1_72' title="bbox 301 5443 1409 5515; baseline -0.002 -16"><span class='ocrx_word' id='word_1_497' title='bbox 301 5448 397 5501; x_wconf 82' lang='lat' dir='ltr'><strong><em>tica</em></strong></span> <span class='ocrx_word' id='word_1_498' title='bbox 427 5443 688 5510; x_wconf 76' lang='lat' dir='ltr'><strong><em>nominat,</em></strong></span> <span class='ocrx_word' id='word_1_499' title='bbox 721 5444 872 5515; x_wconf 86' lang='lat' dir='ltr'><strong><em>quasi</em></strong></span> <span class='ocrx_word' id='word_1_500' title='bbox 900 5447 995 5507; x_wconf 77' lang='grc' dir='ltr'><strong><em>ἔξω</em></strong></span> <span class='ocrx_word' id='word_1_501' title='bbox 1026 5451 1117 5501; x_wconf 83' lang='grc' dir='ltr'><strong><em>τοῦ</em></strong></span> <span class='ocrx_word' id='word_1_502' title='bbox 1142 5443 1409 5508; x_wconf 83' lang='grc' dir='ltr'><strong><em>ζωδιακοῦ.</em></strong></span> 
     </span>
    </p>
   </div>
   <div class='ocr_carea' id='block_1_73' title="bbox 371 5513 1877 5588">
    <p class='ocr_par' dir='ltr' id='par_1_73' title="bbox 371 5513 1877 5588">
     <span class='ocr_line' id='line_1_73' title="bbox 371 5513 1877 5588; baseline -0.001 -18"><span class='ocrx_word' id='word_1_503' title='bbox 371 5516 531 5588; x_wconf 57' lang='lat'><strong><em>155</em></strong></span> <span class='ocrx_word' id='word_1_504' title='bbox 561 5527 583 5554; x_wconf 78' lang='grc' dir='ltr'><strong><em>ο</em></strong></span> <span class='ocrx_word' id='word_1_505' title='bbox 610 5513 772 5588; x_wconf 78' lang='lat' dir='ltr'><strong><em>Burgi</em></strong></span> <span class='ocrx_word' id='word_1_506' title='bbox 794 5514 1133 5588; x_wconf 59' lang='lat' dir='ltr'><strong><em>Paulinianre,</em></strong></span> <span class='ocrx_word' id='word_1_507' title='bbox 1161 5528 1317 5584; x_wconf 82' lang='lat' dir='ltr'><strong><em>quant</em></strong></span> <span class='ocrx_word' id='word_1_508' title='bbox 1342 5515 1442 5569; x_wconf 89' lang='lat' dir='ltr'><strong><em>hoc</em></strong></span> <span class='ocrx_word' id='word_1_509' title='bbox 1461 5513 1646 5588; x_wconf 67' lang='lat' dir='ltr'><strong><em>idyllio</em></strong></span> <span class='ocrx_word' id='word_1_510' title='bbox 1674 5514 1877 5588; x_wconf 52' lang='lat' dir='ltr'><strong><em>du-scri-</em></strong></span> 
     </span>
    </p>
   </div>
   <div class='ocr_carea' id='block_1_74' title="bbox 302 5584 1877 5653">
    <p class='ocr_par' dir='ltr' id='par_1_74' title="bbox 302 5584 1877 5653">
     <span class='ocr_line' id='line_1_74' title="bbox 302 5584 1877 5653; baseline 0.001 -16"><span class='ocrx_word' id='word_1_511' title='bbox 302 5584 633 5649; x_wconf 45' lang='lat' dir='ltr'><strong><em>hitjito&#39;men</em></strong></span> <span class='ocrx_word' id='word_1_512' title='bbox 666 5584 941 5653; x_wconf 88' lang='lat' dir='ltr'><strong><em>antiquum</em></strong></span> <span class='ocrx_word' id='word_1_513' title='bbox 987 5584 1141 5639; x_wconf 86' lang='lat' dir='ltr'><strong><em>hodie</em></strong></span> <span class='ocrx_word' id='word_1_514' title='bbox 1189 5592 1403 5649; x_wconf 86' lang='lat' dir='ltr'><strong><em>manet;</em></strong></span> <span class='ocrx_word' id='word_1_515' title='bbox 1458 5585 1686 5652; x_wconf 84' lang='lat' dir='ltr'><strong><em>Burgum</em></strong></span> <span class='ocrx_word' id='word_1_516' title='bbox 1735 5586 1877 5639; x_wconf 87' lang='lat' dir='ltr'><strong><em>enim</em></strong></span> 
     </span>
    </p>
   </div>
   <div class='ocr_carea' id='block_1_75' title="bbox 299 5654 1875 5725">
    <p class='ocr_par' dir='ltr' id='par_1_75' title="bbox 299 5654 1875 5725">
     <span class='ocr_line' id='line_1_75' title="bbox 299 5654 1875 5725; baseline 0 -14"><span class='ocrx_word' id='word_1_517' title='bbox 299 5668 531 5713; x_wconf 76' lang='lat' dir='ltr'><strong><em>castrum</em></strong></span> <span class='ocrx_word' id='word_1_518' title='bbox 563 5666 775 5725; x_wconf 89' lang='lat' dir='ltr'><strong><em>vocant,</em></strong></span> <span class='ocrx_word' id='word_1_519' title='bbox 801 5656 866 5710; x_wconf 74' lang='lat' dir='ltr'><strong><em>ad</em></strong></span> <span class='ocrx_word' id='word_1_520' title='bbox 897 5655 1111 5712; x_wconf 89' lang='lat' dir='ltr'><strong><em>Duranii</em></strong></span> <span class='ocrx_word' id='word_1_521' title='bbox 1138 5654 1369 5711; x_wconf 87' lang='lat' dir='ltr'><strong><em>ﬂuminis</em></strong></span> <span class='ocrx_word' id='word_1_522' title='bbox 1397 5658 1587 5725; x_wconf 83' lang='lat' dir='ltr'><strong><em>ripam,</em></strong></span> <span class='ocrx_word' id='word_1_523' title='bbox 1618 5669 1723 5711; x_wconf 89' lang='lat' dir='ltr'><strong><em>non</em></strong></span> <span class='ocrx_word' id='word_1_524' title='bbox 1752 5670 1875 5725; x_wconf 85' lang='lat' dir='ltr'><strong><em>pro-</em></strong></span> 
     </span>
    </p>
   </div>
   <div class='ocr_carea' id='block_1_76' title="bbox 1998 1831 3439 1903">
    <p class='ocr_par' dir='ltr' id='par_1_76' title="bbox 1998 1831 3439 1903">
     <span class='ocr_line' id='line_1_76' title="bbox 1998 1831 3439 1903; baseline 0.001 -16"><span class='ocrx_word' id='word_1_525' title='bbox 1998 1831 2238 1888; x_wconf 88' lang='lat' dir='ltr'><strong><em>Cernuus</em></strong></span> <span class='ocrx_word' id='word_1_526' title='bbox 2268 1832 2533 1903; x_wconf 81' lang='lat' dir='ltr'><strong><em>impexam</em></strong></span> <span class='ocrx_word' id='word_1_527' title='bbox 2562 1832 2749 1889; x_wconf 88' lang='lat' dir='ltr'><strong><em>faciem</em></strong></span> <span class='ocrx_word' id='word_1_528' title='bbox 2778 1833 2926 1888; x_wconf 89' lang='lat' dir='ltr'><strong><em>stetit</em></strong></span> <span class='ocrx_word' id='word_1_529' title='bbox 2954 1848 3048 1889; x_wconf 89' lang='lat' dir='ltr'><strong><em>ore</em></strong></span> <span class='ocrx_word' id='word_1_530' title='bbox 3086 1833 3358 1899; x_wconf 89' lang='lat' dir='ltr'><strong><em>madenti,</em></strong></span> <span class='ocrx_word' id='word_1_531' title='bbox 3385 1843 3439 1888; x_wconf 89' lang='lat' dir='ltr'><strong><em>et</em></strong></span> 
     </span>
    </p>
   </div>
   <div class='ocr_carea' id='block_1_77' title="bbox 1995 1921 3116 1991">
    <p class='ocr_par' dir='ltr' id='par_1_77' title="bbox 1995 1921 3116 1991">
     <span class='ocr_line' id='line_1_77' title="bbox 1995 1921 3116 1991; baseline 0.002 -15"><span class='ocrx_word' id='word_1_532' title='bbox 1995 1922 2223 1977; x_wconf 77' lang='lat' dir='ltr'><strong><em>Arentes</em></strong></span> <span class='ocrx_word' id='word_1_533' title='bbox 2246 1922 2433 1978; x_wconf 82' lang='lat' dir='ltr'><strong><em>vitreis</em></strong></span> <span class='ocrx_word' id='word_1_534' title='bbox 2461 1921 2667 1991; x_wconf 81' lang='lat' dir='ltr'><strong><em>adjuvit</em></strong></span> <span class='ocrx_word' id='word_1_535' title='bbox 2689 1922 2901 1977; x_wconf 90' lang='lat' dir='ltr'><strong><em>ﬂetibus</em></strong></span> <span class='ocrx_word' id='word_1_536' title='bbox 2927 1923 3116 1978; x_wconf 88' lang='lat' dir='ltr'><strong><em>undas.</em></strong></span> 
     </span>
    </p>
   </div>
   <div class='ocr_carea' id='block_1_78' title="bbox 1992 2012 3370 2084">
    <p class='ocr_par' dir='ltr' id='par_1_78' title="bbox 1992 2012 3370 2084">
     <span class='ocr_line' id='line_1_78' title="bbox 1992 2012 3370 2084; baseline 0 -15"><span class='ocrx_word' id='word_1_537' title='bbox 1992 2014 2276 2082; x_wconf 75' lang='lat' dir='ltr'><strong><em>Coniectas</em></strong></span> <span class='ocrx_word' id='word_1_538' title='bbox 2305 2012 2357 2067; x_wconf 90' lang='lat' dir='ltr'><strong><em>in</em></strong></span> <span class='ocrx_word' id='word_1_539' title='bbox 2383 2012 2557 2068; x_wconf 87' lang='lat' dir='ltr'><strong><em>vincla</em></strong></span> <span class='ocrx_word' id='word_1_540' title='bbox 2588 2028 2777 2068; x_wconf 90' lang='lat' dir='ltr'><strong><em>manus</em></strong></span> <span class='ocrx_word' id='word_1_541' title='bbox 2806 2020 2927 2083; x_wconf 89' lang='lat' dir='ltr'><strong><em>post</em></strong></span> <span class='ocrx_word' id='word_1_542' title='bbox 2957 2021 3103 2084; x_wconf 89' lang='lat' dir='ltr'><strong><em>terga</em></strong></span> <span class='ocrx_word' id='word_1_543' title='bbox 3130 2015 3370 2071; x_wconf 77' lang='lat' dir='ltr'><strong><em>revinxit</em></strong></span> 
     </span>
    </p>
   </div>
   <div class='ocr_carea' id='block_1_79' title="bbox 1992 2101 3401 2173">
    <p class='ocr_par' dir='ltr' id='par_1_79' title="bbox 1992 2101 3401 2173">
     <span class='ocr_line' id='line_1_79' title="bbox 1992 2101 3401 2173; baseline 0.001 -16"><span class='ocrx_word' id='word_1_544' title='bbox 1992 2103 2319 2171; x_wconf 85' lang='lat' dir='ltr'><strong><em>Pampinus;</em></strong></span> <span class='ocrx_word' id='word_1_545' title='bbox 2360 2101 2449 2158; x_wconf 90' lang='lat' dir='ltr'><strong><em>hic</em></strong></span> <span class='ocrx_word' id='word_1_546' title='bbox 2470 2103 2672 2158; x_wconf 89' lang='lat' dir='ltr'><strong><em>sensim</em></strong></span> <span class='ocrx_word' id='word_1_547' title='bbox 2699 2104 2911 2173; x_wconf 87' lang='lat' dir='ltr'><strong><em>captivo</em></strong></span> <span class='ocrx_word' id='word_1_548' title='bbox 2938 2103 3162 2159; x_wconf 90' lang='lat' dir='ltr'><strong><em>humore</em></strong></span> <span class='ocrx_word' id='word_1_549' title='bbox 3192 2104 3401 2160; x_wconf 89' lang='lat' dir='ltr'><strong><em>refusus</em></strong></span> 
     </span>
    </p>
   </div>
   <div class='ocr_carea' id='block_1_80' title="bbox 1993 2191 3429 2264">
    <p class='ocr_par' dir='ltr' id='par_1_80' title="bbox 1993 2191 3429 2264">
     <span class='ocr_line' id='line_1_80' title="bbox 1993 2191 3429 2264; baseline 0 -15"><span class='ocrx_word' id='word_1_550' title='bbox 1993 2192 2197 2262; x_wconf 88' lang='lat' dir='ltr'><strong><em>Sponte</em></strong></span> <span class='ocrx_word' id='word_1_551' title='bbox 2221 2191 2577 2249; x_wconf 86' lang='lat' dir='ltr'><strong><em>refrondescit</em></strong></span> <span class='ocrx_word' id='word_1_552' title='bbox 2604 2208 2700 2263; x_wconf 90' lang='lat' dir='ltr'><strong><em>per</em></strong></span> <span class='ocrx_word' id='word_1_553' title='bbox 2726 2193 2939 2249; x_wconf 88' lang='lat' dir='ltr'><strong><em>brachia</em></strong></span> <span class='ocrx_word' id='word_1_554' title='bbox 2968 2194 3177 2251; x_wconf 87' lang='lat' dir='ltr'><strong><em>roscida</em></strong></span> <span class='ocrx_word' id='word_1_555' title='bbox 3207 2196 3429 2264; x_wconf 82' lang='lat' dir='ltr'><strong><em>palmes.</em></strong></span> 
     </span>
    </p>
   </div>
   <div class='ocr_carea' id='block_1_81' title="bbox 1991 2287 3179 2357">
    <p class='ocr_par' dir='ltr' id='par_1_81' title="bbox 1991 2287 3179 2357">
     <span class='ocr_line' id='line_1_81' title="bbox 1991 2287 3179 2357; baseline 0.002 -15"><span class='ocrx_word' id='word_1_556' title='bbox 1991 2287 2098 2343; x_wconf 83' lang='lat' dir='ltr'><strong><em>Nec</em></strong></span> <span class='ocrx_word' id='word_1_557' title='bbox 2125 2303 2229 2342; x_wconf 89' lang='lat' dir='ltr'><strong><em>non</em></strong></span> <span class='ocrx_word' id='word_1_558' title='bbox 2256 2297 2311 2343; x_wconf 89' lang='lat' dir='ltr'><strong><em>et</em></strong></span> <span class='ocrx_word' id='word_1_559' title='bbox 2332 2287 2467 2357; x_wconf 87' lang='lat' dir='ltr'><strong><em>rapti</em></strong></span> <span class='ocrx_word' id='word_1_560' title='bbox 2492 2288 2686 2357; x_wconf 88' lang='lat' dir='ltr'><strong><em>conjux</em></strong></span> <span class='ocrx_word' id='word_1_561' title='bbox 2706 2289 2777 2345; x_wconf 91' lang='lat' dir='ltr'><strong><em>ibi</em></strong></span> <span class='ocrx_word' id='word_1_562' title='bbox 2802 2288 2979 2344; x_wconf 88' lang='lat' dir='ltr'><strong><em>vincta</em></strong></span> <span class='ocrx_word' id='word_1_563' title='bbox 3005 2290 3179 2344; x_wconf 90' lang='lat' dir='ltr'><strong><em>mariti</em></strong></span> 
     </span>
    </p>
   </div>
   <div class='ocr_carea' id='block_1_82' title="bbox 1990 2380 3292 2451">
    <p class='ocr_par' dir='ltr' id='par_1_82' title="bbox 1990 2380 3292 2451">
     <span class='ocr_line' id='line_1_82' title="bbox 1990 2380 3292 2451; baseline 0.002 -17"><span class='ocrx_word' id='word_1_564' title='bbox 1990 2381 2035 2435; x_wconf 91' lang='lat' dir='ltr'><strong><em>lt</em></strong></span> <span class='ocrx_word' id='word_1_565' title='bbox 2063 2395 2279 2437; x_wconf 86' lang='lat' dir='ltr'><strong><em>croceas</em></strong></span> <span class='ocrx_word' id='word_1_566' title='bbox 2305 2380 2534 2436; x_wconf 89' lang='lat' dir='ltr'><strong><em>demissa</em></strong></span> <span class='ocrx_word' id='word_1_567' title='bbox 2562 2394 2749 2451; x_wconf 89' lang='lat' dir='ltr'><strong><em>genas,</em></strong></span> <span class='ocrx_word' id='word_1_568' title='bbox 2783 2382 3051 2450; x_wconf 85' lang='lat' dir='ltr'><strong><em>vetitaque</em></strong></span> <span class='ocrx_word' id='word_1_569' title='bbox 3078 2384 3292 2437; x_wconf 90' lang='lat' dir='ltr'><strong><em>recondi</em></strong></span> 
     </span>
    </p>
   </div>
   <div class='ocr_carea' id='block_1_83' title="bbox 1990 2474 3287 2544">
    <p class='ocr_par' dir='ltr' id='par_1_83' title="bbox 1990 2474 3287 2544">
     <span class='ocr_line' id='line_1_83' title="bbox 1990 2474 3287 2544; baseline -0.002 -14"><span class='ocrx_word' id='word_1_570' title='bbox 1990 2474 2259 2544; x_wconf 86' lang='lat' dir='ltr'><strong><em>Lampade</em></strong></span> <span class='ocrx_word' id='word_1_571' title='bbox 2278 2520 2290 2540; x_wconf 87' lang='lat'><strong><em>,</em></strong></span> <span class='ocrx_word' id='word_1_572' title='bbox 2320 2489 2441 2528; x_wconf 89' lang='lat' dir='ltr'><strong><em>cum</em></strong></span> <span class='ocrx_word' id='word_1_573' title='bbox 2471 2475 2601 2529; x_wconf 88' lang='lat' dir='ltr'><strong><em>solis</em></strong></span> <span class='ocrx_word' id='word_1_574' title='bbox 2628 2474 2792 2529; x_wconf 87' lang='lat' dir='ltr'><strong><em>radiis</em></strong></span> <span class='ocrx_word' id='word_1_575' title='bbox 2821 2489 3011 2530; x_wconf 90' lang='lat' dir='ltr'><strong><em>aurora</em></strong></span> <span class='ocrx_word' id='word_1_576' title='bbox 3041 2474 3287 2530; x_wconf 90' lang='lat' dir='ltr'><strong><em>rubebat.</em></strong></span> 
     </span>
    </p>
   </div>
   <div class='ocr_carea' id='block_1_84' title="bbox 1988 2564 3375 2634">
    <p class='ocr_par' dir='ltr' id='par_1_84' title="bbox 1988 2564 3375 2634">
     <span class='ocr_line' id='line_1_84' title="bbox 1988 2564 3375 2634; baseline -0.003 -14"><span class='ocrx_word' id='word_1_577' title='bbox 1988 2564 2169 2620; x_wconf 88' lang='lat' dir='ltr'><strong><em>Adfuit</em></strong></span> <span class='ocrx_word' id='word_1_578' title='bbox 2200 2564 2285 2618; x_wconf 89' lang='lat' dir='ltr'><strong><em>hic</em></strong></span> <span class='ocrx_word' id='word_1_579' title='bbox 2309 2564 2467 2619; x_wconf 85' lang='lat' dir='ltr'><strong><em>etiam</em></strong></span> <span class='ocrx_word' id='word_1_580' title='bbox 2496 2574 2617 2634; x_wconf 90' lang='lat' dir='ltr'><strong><em>post</em></strong></span> <span class='ocrx_word' id='word_1_581' title='bbox 2639 2564 2843 2634; x_wconf 88' lang='lat' dir='ltr'><strong><em>perdita</em></strong></span> <span class='ocrx_word' id='word_1_582' title='bbox 2866 2564 3106 2618; x_wconf 88' lang='lat' dir='ltr'><strong><em>cinnama</em></strong></span> <span class='ocrx_word' id='word_1_583' title='bbox 3137 2565 3375 2634; x_wconf 81' lang='lat' dir='ltr'><strong><em>phmnix,</em></strong></span> 
     </span>
    </p>
   </div>
   <div class='ocr_carea' id='block_1_85' title="bbox 1989 2653 3498 2723">
    <p class='ocr_par' dir='ltr' id='par_1_85' title="bbox 1989 2653 3498 2723">
     <span class='ocr_line' id='line_1_85' title="bbox 1989 2653 3498 2723; baseline -0.001 -13"><span class='ocrx_word' id='word_1_584' title='bbox 1989 2655 2305 2711; x_wconf 85' lang='lat' dir='ltr'><strong><em>Formidans</em></strong></span> <span class='ocrx_word' id='word_1_585' title='bbox 2335 2662 2561 2709; x_wconf 89' lang='lat' dir='ltr'><strong><em>mortem</em></strong></span> <span class='ocrx_word' id='word_1_586' title='bbox 2606 2653 2707 2708; x_wconf 90' lang='lat' dir='ltr'><strong><em>sibi</em></strong></span> <span class='ocrx_word' id='word_1_587' title='bbox 2738 2668 2844 2708; x_wconf 91' lang='lat' dir='ltr'><strong><em>non</em></strong></span> <span class='ocrx_word' id='word_1_588' title='bbox 2872 2667 3154 2723; x_wconf 91' lang='lat' dir='ltr'><strong><em>superesse</em></strong></span> <span class='ocrx_word' id='word_1_589' title='bbox 3185 2654 3498 2708; x_wconf 89' lang='lat' dir='ltr'><strong><em>secundam.</em></strong></span> 
     </span>
    </p>
   </div>
   <div class='ocr_carea' id='block_1_86' title="bbox 1986 2744 3258 2815">
    <p class='ocr_par' dir='ltr' id='par_1_86' title="bbox 1986 2744 3258 2815">
     <span class='ocr_line' id='line_1_86' title="bbox 1986 2744 3258 2815; baseline -0.002 -13"><span class='ocrx_word' id='word_1_590' title='bbox 1986 2746 2233 2802; x_wconf 90' lang='lat' dir='ltr'><strong><em>Succedit</em></strong></span> <span class='ocrx_word' id='word_1_591' title='bbox 2263 2746 2469 2815; x_wconf 90' lang='lat' dir='ltr'><strong><em>captiva</em></strong></span> <span class='ocrx_word' id='word_1_592' title='bbox 2500 2744 2711 2809; x_wconf 87' lang='lat' dir='ltr'><strong><em>cohors,</em></strong></span> <span class='ocrx_word' id='word_1_593' title='bbox 2742 2759 2859 2813; x_wconf 79' lang='lat' dir='ltr'><strong><em>qua:</em></strong></span> <span class='ocrx_word' id='word_1_594' title='bbox 2891 2745 3085 2799; x_wconf 89' lang='lat' dir='ltr'><strong><em>fercula</em></strong></span> <span class='ocrx_word' id='word_1_595' title='bbox 3112 2745 3258 2814; x_wconf 87' lang='lat' dir='ltr'><strong><em>gazis</em></strong></span> 
     </span>
    </p>
   </div>
   <div class='ocr_carea' id='block_1_87' title="bbox 1986 2833 3544 2905">
    <p class='ocr_par' dir='ltr' id='par_1_87' title="bbox 1986 2833 3544 2905">
     <span class='ocr_line' id='line_1_87' title="bbox 1986 2833 3544 2905; baseline -0.004 -12"><span class='ocrx_word' id='word_1_596' title='bbox 1986 2839 2112 2893; x_wconf 92' lang='lat' dir='ltr'><strong><em>Fert</em></strong></span> <span class='ocrx_word' id='word_1_597' title='bbox 2136 2846 2355 2893; x_wconf 90' lang='lat' dir='ltr'><strong><em>onerata</em></strong></span> <span class='ocrx_word' id='word_1_598' title='bbox 2383 2836 2493 2890; x_wconf 90' lang='lat' dir='ltr'><strong><em>suis</em></strong></span> <span class='ocrx_word' id='word_1_599' title='bbox 2516 2853 2529 2890; x_wconf 92' lang='lat'>:</span> <span class='ocrx_word' id='word_1_600' title='bbox 2551 2835 2681 2890; x_wconf 91' lang='lat' dir='ltr'><strong><em>ebur</em></strong></span> <span class='ocrx_word' id='word_1_601' title='bbox 2702 2834 2811 2900; x_wconf 89' lang='lat' dir='ltr'><strong><em>hic,</em></strong></span> <span class='ocrx_word' id='word_1_602' title='bbox 2838 2833 3201 2905; x_wconf 90' lang='lat' dir='ltr'><strong><em>hebenusque,</em></strong></span> <span class='ocrx_word' id='word_1_603' title='bbox 3226 2834 3309 2889; x_wconf 88' lang='lat' dir='ltr'><strong><em>vel</em></strong></span> <span class='ocrx_word' id='word_1_604' title='bbox 3333 2847 3544 2900; x_wconf 76' lang='lat' dir='ltr'><strong><em>aurum,</em></strong></span> 
     </span>
    </p>
   </div>
   <div class='ocr_carea' id='block_1_88' title="bbox 1986 2924 3187 2997">
    <p class='ocr_par' dir='ltr' id='par_1_88' title="bbox 1986 2924 3187 2997">
     <span class='ocr_line' id='line_1_88' title="bbox 1986 2924 3187 2997; baseline -0.003 -14"><span class='ocrx_word' id='word_1_605' title='bbox 1986 2928 2052 2983; x_wconf 89' lang='lat' dir='ltr'><strong><em>Et</em></strong></span> <span class='ocrx_word' id='word_1_606' title='bbox 2082 2929 2253 2984; x_wconf 80' lang='lat' dir='ltr'><strong><em>niveae</em></strong></span> <span class='ocrx_word' id='word_1_607' title='bbox 2283 2928 2434 2997; x_wconf 90' lang='lat' dir='ltr'><strong><em>piceo</em></strong></span> <span class='ocrx_word' id='word_1_608' title='bbox 2471 2934 2637 2995; x_wconf 71' lang='lat' dir='ltr'><strong><em>rapta:</em></strong></span> <span class='ocrx_word' id='word_1_609' title='bbox 2666 2924 2733 2980; x_wconf 85' lang='lat' dir='ltr'><strong><em>de</em></strong></span> <span class='ocrx_word' id='word_1_610' title='bbox 2761 2932 2979 2995; x_wconf 89' lang='lat' dir='ltr'><strong><em>pectore</em></strong></span> <span class='ocrx_word' id='word_1_611' title='bbox 3008 2925 3187 2980; x_wconf 71' lang='lat' dir='ltr'><strong><em>bacca:</em></strong></span> 
     </span>
    </p>
   </div>
   <div class='ocr_carea' id='block_1_89' title="bbox 1986 3016 3567 3091">
    <p class='ocr_par' dir='ltr' id='par_1_89' title="bbox 1986 3016 3567 3091">
     <span class='ocr_line' id='line_1_89' title="bbox 1986 3016 3567 3091; baseline -0.006 -14"><span class='ocrx_word' id='word_1_612' title='bbox 1986 3020 2144 3091; x_wconf 79' lang='lat'><strong><em>391</em></strong></span> <span class='ocrx_word' id='word_1_613' title='bbox 2196 3019 2512 3082; x_wconf 88' lang='lat' dir='ltr'><strong><em>Gestantur;</em></strong></span> <span class='ocrx_word' id='word_1_614' title='bbox 2557 3018 2857 3087; x_wconf 85' lang='lat' dir='ltr'><strong><em>quicunque</em></strong></span> <span class='ocrx_word' id='word_1_615' title='bbox 2896 3016 3027 3072; x_wconf 89' lang='lat' dir='ltr'><strong><em>nihil</em></strong></span> <span class='ocrx_word' id='word_1_616' title='bbox 3067 3024 3330 3073; x_wconf 86' lang='lat' dir='ltr'><strong><em>sustentat</em></strong></span> <span class='ocrx_word' id='word_1_617' title='bbox 3366 3016 3567 3078; x_wconf 80' lang='lat' dir='ltr'><strong><em>odoris,</em></strong></span> 
     </span>
    </p>
   </div>
   <div class='ocr_carea' id='block_1_90' title="bbox 1903 3089 3201 3179">
    <p class='ocr_par' dir='ltr' id='par_1_90' title="bbox 1903 3089 3201 3179">
     <span class='ocr_line' id='line_1_90' title="bbox 1903 3089 3201 3179; baseline -0.005 -7"><span class='ocrx_word' id='word_1_618' title='bbox 1903 3089 1948 3153; x_wconf 59' lang='grc' dir='ltr'><strong>(ἶ</strong></span> <span class='ocrx_word' id='word_1_619' title='bbox 1982 3089 2203 3171; x_wconf 65' lang='lat' dir='ltr'><strong><em>Mitti—tur</em></strong></span> <span class='ocrx_word' id='word_1_620' title='bbox 2230 3111 2285 3167; x_wconf 91' lang='lat' dir='ltr'><strong><em>in</em></strong></span> <span class='ocrx_word' id='word_1_621' title='bbox 2307 3124 2495 3168; x_wconf 86' lang='lat' dir='ltr'><strong><em>nexus.</em></strong></span> <span class='ocrx_word' id='word_1_622' title='bbox 2528 3110 2717 3165; x_wconf 77' lang='lat' dir='ltr'><strong><em>Videas</em></strong></span> <span class='ocrx_word' id='word_1_623' title='bbox 2741 3107 2827 3166; x_wconf 90' lang='lat' dir='ltr'><strong><em>hic</em></strong></span> <span class='ocrx_word' id='word_1_624' title='bbox 2854 3109 2965 3178; x_wconf 89' lang='lat' dir='ltr'><strong><em>ipsa</em></strong></span> <span class='ocrx_word' id='word_1_625' title='bbox 2991 3109 3201 3179; x_wconf 89' lang='lat' dir='ltr'><strong><em>placere</em></strong></span> 
     </span>
    </p>
   </div>
   <div class='ocr_carea' id='block_1_91' title="bbox 1988 3202 3266 3275">
    <p class='ocr_par' dir='ltr' id='par_1_91' title="bbox 1988 3202 3266 3275">
     <span class='ocr_line' id='line_1_91' title="bbox 1988 3202 3266 3275; baseline -0.006 -12"><span class='ocrx_word' id='word_1_626' title='bbox 1988 3207 2283 3275; x_wconf 79' lang='lat' dir='ltr'><strong><em>Supplicia,</em></strong></span> <span class='ocrx_word' id='word_1_627' title='bbox 2322 3214 2376 3261; x_wconf 90' lang='lat' dir='ltr'><strong><em>et</em></strong></span> <span class='ocrx_word' id='word_1_628' title='bbox 2404 3203 2604 3259; x_wconf 89' lang='lat' dir='ltr'><strong><em>virides</em></strong></span> <span class='ocrx_word' id='word_1_629' title='bbox 2635 3202 2789 3259; x_wconf 84' lang='lat' dir='ltr'><strong><em>violis</em></strong></span> <span class='ocrx_word' id='word_1_630' title='bbox 2819 3202 3003 3258; x_wconf 88' lang='lat' dir='ltr'><strong><em>balare</em></strong></span> <span class='ocrx_word' id='word_1_631' title='bbox 3028 3210 3266 3258; x_wconf 89' lang='lat' dir='ltr'><strong><em>catenas.</em></strong></span> 
     </span>
    </p>
   </div>
   <div class='ocr_carea' id='block_1_92' title="bbox 1982 3293 3280 3368">
    <p class='ocr_par' dir='ltr' id='par_1_92' title="bbox 1982 3293 3280 3368">
     <span class='ocr_line' id='line_1_92' title="bbox 1982 3293 3280 3368; baseline -0.006 -14"><span class='ocrx_word' id='word_1_632' title='bbox 1982 3299 2177 3355; x_wconf 88' lang='lat' dir='ltr'><strong><em>Ultima</em></strong></span> <span class='ocrx_word' id='word_1_633' title='bbox 2206 3297 2478 3368; x_wconf 88' lang='lat' dir='ltr'><strong><em>nigrantes</em></strong></span> <span class='ocrx_word' id='word_1_634' title='bbox 2508 3295 2756 3351; x_wconf 90' lang='lat' dir='ltr'><strong><em>incedunt</em></strong></span> <span class='ocrx_word' id='word_1_635' title='bbox 2779 3294 2959 3363; x_wconf 64' lang='lat' dir='ltr'><strong><em>praeda</em></strong></span> <span class='ocrx_word' id='word_1_636' title='bbox 2990 3293 3280 3362; x_wconf 82' lang='lat' dir='ltr'><strong><em>elephanti.</em></strong></span> 
     </span>
    </p>
   </div>
   <div class='ocr_carea' id='block_1_93' title="bbox 1980 3388 3353 3459">
    <p class='ocr_par' dir='ltr' id='par_1_93' title="bbox 1980 3388 3353 3459">
     <span class='ocr_line' id='line_1_93' title="bbox 1980 3388 3353 3459; baseline -0.004 -10"><span class='ocrx_word' id='word_1_637' title='bbox 1980 3392 2229 3449; x_wconf 91' lang='lat' dir='ltr'><strong><em>Informis</em></strong></span> <span class='ocrx_word' id='word_1_638' title='bbox 2254 3391 2341 3446; x_wconf 91' lang='lat' dir='ltr'><strong><em>cui</em></strong></span> <span class='ocrx_word' id='word_1_639' title='bbox 2368 3390 2540 3445; x_wconf 87' lang='lat' dir='ltr'><strong><em>forma</em></strong></span> <span class='ocrx_word' id='word_1_640' title='bbox 2568 3391 2747 3459; x_wconf 86' lang='lat' dir='ltr'><strong><em>gregi;</em></strong></span> <span class='ocrx_word' id='word_1_641' title='bbox 2785 3389 2922 3457; x_wconf 87' lang='lat' dir='ltr'><strong><em>riget</em></strong></span> <span class='ocrx_word' id='word_1_642' title='bbox 2951 3388 3159 3457; x_wconf 79' lang='lat' dir='ltr'><strong><em>hiSpida</em></strong></span> <span class='ocrx_word' id='word_1_643' title='bbox 3189 3388 3353 3443; x_wconf 89' lang='lat' dir='ltr'><strong><em>dorso</em></strong></span> 
     </span>
    </p>
   </div>
   <div class='ocr_carea' id='block_1_94' title="bbox 1988 3477 3493 3550">
    <p class='ocr_par' dir='ltr' id='par_1_94' title="bbox 1988 3477 3493 3550">
     <span class='ocr_line' id='line_1_94' title="bbox 1988 3477 3493 3550; baseline -0.004 -13"><span class='ocrx_word' id='word_1_644' title='bbox 1988 3484 2083 3537; x_wconf 76' lang='lat' dir='ltr'><strong><em>Vix</em></strong></span> <span class='ocrx_word' id='word_1_645' title='bbox 2111 3482 2313 3544; x_wconf 83' lang='lat' dir='ltr'><strong><em>ferrum</em></strong></span> <span class='ocrx_word' id='word_1_646' title='bbox 2343 3494 2562 3550; x_wconf 89' lang='lat' dir='ltr'><strong><em>passura</em></strong></span> <span class='ocrx_word' id='word_1_647' title='bbox 2588 3479 2727 3534; x_wconf 87' lang='lat' dir='ltr'><strong><em>cutis</em></strong></span> <span class='ocrx_word' id='word_1_648' title='bbox 2759 3496 2772 3532; x_wconf 92' lang='lat'><strong>:</strong></span> <span class='ocrx_word' id='word_1_649' title='bbox 2806 3478 3002 3548; x_wconf 86' lang='lat' dir='ltr'><strong><em>quipp&#39;e</em></strong></span> <span class='ocrx_word' id='word_1_650' title='bbox 3023 3477 3262 3547; x_wconf 88' lang='lat' dir='ltr'><strong><em>improba</em></strong></span> <span class='ocrx_word' id='word_1_651' title='bbox 3292 3486 3493 3533; x_wconf 89' lang='lat' dir='ltr'><strong><em>cratem</em></strong></span> 
     </span>
    </p>
   </div>
   <div class='ocr_carea' id='block_1_95' title="bbox 1982 3568 3283 3635">
    <p class='ocr_par' dir='ltr' id='par_1_95' title="bbox 1982 3568 3283 3635">
     <span class='ocr_line' id='line_1_95' title="bbox 1982 3568 3283 3635; baseline -0.005 -7"><span class='ocrx_word' id='word_1_652' title='bbox 1982 3573 2223 3628; x_wconf 85' lang='lat' dir='ltr'><strong><em>Nativam</em></strong></span> <span class='ocrx_word' id='word_1_653' title='bbox 2250 3584 2351 3627; x_wconf 88' lang='lat' dir='ltr'><strong><em>nec</em></strong></span> <span class='ocrx_word' id='word_1_654' title='bbox 2378 3570 2483 3626; x_wconf 88' lang='lat' dir='ltr'><strong><em>tela</em></strong></span> <span class='ocrx_word' id='word_1_655' title='bbox 2513 3569 2717 3635; x_wconf 82' lang='lat' dir='ltr'><strong><em>forant,</em></strong></span> <span class='ocrx_word' id='word_1_656' title='bbox 2748 3578 3024 3624; x_wconf 85' lang='lat' dir='ltr'><strong><em>contracta</em></strong></span> <span class='ocrx_word' id='word_1_657' title='bbox 3051 3568 3283 3623; x_wconf 90' lang='lat' dir='ltr'><strong><em>vicissim</em></strong></span> 
     </span>
    </p>
   </div>
   <div class='ocr_carea' id='block_1_96' title="bbox 1984 3658 3390 3733">
    <p class='ocr_par' dir='ltr' id='par_1_96' title="bbox 1984 3658 3390 3733">
     <span class='ocr_line' id='line_1_96' title="bbox 1984 3658 3390 3733; baseline -0.006 -14"><span class='ocrx_word' id='word_1_658' title='bbox 1984 3664 2265 3733; x_wconf 89' lang='lat' dir='ltr'><strong><em>Tensaque</em></strong></span> <span class='ocrx_word' id='word_1_659' title='bbox 2296 3671 2440 3731; x_wconf 89' lang='lat' dir='ltr'><strong><em>terga</em></strong></span> <span class='ocrx_word' id='word_1_660' title='bbox 2469 3659 2598 3715; x_wconf 90' lang='lat' dir='ltr'><strong><em>feris</em></strong></span> <span class='ocrx_word' id='word_1_661' title='bbox 2622 3658 2908 3728; x_wconf 84' lang='lat' dir='ltr'><strong><em>crepitant,</em></strong></span> <span class='ocrx_word' id='word_1_662' title='bbox 2935 3672 3139 3727; x_wconf 90' lang='lat' dir='ltr'><strong><em>usuque</em></strong></span> <span class='ocrx_word' id='word_1_663' title='bbox 3167 3658 3390 3713; x_wconf 89' lang='lat' dir='ltr'><strong><em>cavendi</em></strong></span> 
     </span>
    </p>
   </div>
   <div class='ocr_carea' id='block_1_97' title="bbox 1985 3748 3210 3820">
    <p class='ocr_par' dir='ltr' id='par_1_97' title="bbox 1985 3748 3210 3820">
     <span class='ocr_line' id='line_1_97' title="bbox 1985 3748 3210 3820; baseline -0.005 -10"><span class='ocrx_word' id='word_1_664' title='bbox 1985 3755 2196 3810; x_wconf 84' lang='lat' dir='ltr'><strong><em>Pellunt</em></strong></span> <span class='ocrx_word' id='word_1_665' title='bbox 2218 3751 2457 3809; x_wconf 77' lang='lat' dir='ltr'><strong><em>excussis</em></strong></span> <span class='ocrx_word' id='word_1_666' title='bbox 2488 3750 2773 3818; x_wconf 88' lang='lat' dir='ltr'><strong><em>impactum</em></strong></span> <span class='ocrx_word' id='word_1_667' title='bbox 2813 3749 3015 3804; x_wconf 90' lang='lat' dir='ltr'><strong><em>missile</em></strong></span> <span class='ocrx_word' id='word_1_668' title='bbox 3043 3748 3210 3820; x_wconf 88' lang='lat' dir='ltr'><strong><em>rugis.</em></strong></span> 
     </span>
    </p>
   </div>
   <div class='ocr_carea' id='block_1_98' title="bbox 2054 3840 3565 3914">
    <p class='ocr_par' dir='ltr' id='par_1_98' title="bbox 2054 3840 3565 3914">
     <span class='ocr_line' id='line_1_98' title="bbox 2054 3840 3565 3914; baseline -0.005 -13"><span class='ocrx_word' id='word_1_669' title='bbox 2054 3844 2276 3914; x_wconf 81' lang='lat' dir='ltr'><strong><em>Jamque</em></strong></span> <span class='ocrx_word' id='word_1_670' title='bbox 2307 3844 2407 3897; x_wconf 88' lang='lat' dir='ltr'><strong><em>iter</em></strong></span> <span class='ocrx_word' id='word_1_671' title='bbox 2434 3840 2500 3897; x_wconf 88' lang='lat' dir='ltr'><strong><em>ad</em></strong></span> <span class='ocrx_word' id='word_1_672' title='bbox 2528 3840 2739 3895; x_wconf 88' lang='lat' dir='ltr'><strong><em>Thebas</em></strong></span> <span class='ocrx_word' id='word_1_673' title='bbox 2767 3854 2862 3911; x_wconf 90' lang='lat' dir='ltr'><strong><em>per</em></strong></span> <span class='ocrx_word' id='word_1_674' title='bbox 2891 3855 3141 3911; x_wconf 85' lang='lat' dir='ltr'><strong><em>magnum</em></strong></span> <span class='ocrx_word' id='word_1_675' title='bbox 3179 3840 3350 3896; x_wconf 89' lang='lat' dir='ltr'><strong><em>victor</em></strong></span> <span class='ocrx_word' id='word_1_676' title='bbox 3378 3840 3565 3911; x_wconf 85' lang='lat' dir='ltr'><strong><em>agebat</em></strong></span> 
     </span>
    </p>
   </div>
   <div class='ocr_carea' id='block_1_99' title="bbox 1983 3940 3282 4011">
    <p class='ocr_par' dir='ltr' id='par_1_99' title="bbox 1983 3940 3282 4011">
     <span class='ocr_line' id='line_1_99' title="bbox 1983 3940 3282 4011; baseline 0 -14"><span class='ocrx_word' id='word_1_677' title='bbox 1983 3943 2145 4009; x_wconf 84' lang='lat' dir='ltr'><strong><em>Aera,</em></strong></span> <span class='ocrx_word' id='word_1_678' title='bbox 2177 3949 2233 3997; x_wconf 93' lang='lat' dir='ltr'><strong><em>et</em></strong></span> <span class='ocrx_word' id='word_1_679' title='bbox 2259 3940 2327 3995; x_wconf 90' lang='lat' dir='ltr'><strong><em>ad</em></strong></span> <span class='ocrx_word' id='word_1_680' title='bbox 2352 3953 2591 3995; x_wconf 85' lang='lat' dir='ltr'><strong><em>summas</em></strong></span> <span class='ocrx_word' id='word_1_681' title='bbox 2616 3948 2871 3996; x_wconf 82' lang='lat' dir='ltr'><strong><em>erexerat</em></strong></span> <span class='ocrx_word' id='word_1_682' title='bbox 2898 3940 3044 4011; x_wconf 90' lang='lat' dir='ltr'><strong><em>orgia</em></strong></span> <span class='ocrx_word' id='word_1_683' title='bbox 3071 3940 3239 3996; x_wconf 87' lang='lat' dir='ltr'><strong><em>nubes</em></strong></span> <span class='ocrx_word' id='word_1_684' title='bbox 3267 3959 3282 3997; x_wconf 87' lang='lat'><strong>:</strong></span> 
     </span>
    </p>
   </div>
   <div class='ocr_carea' id='block_1_100' title="bbox 1983 4031 3207 4088">
    <p class='ocr_par' dir='ltr' id='par_1_100' title="bbox 1983 4031 3207 4088">
     <span class='ocr_line' id='line_1_100' title="bbox 1983 4031 3207 4088; baseline -0.002 0"><span class='ocrx_word' id='word_1_685' title='bbox 1983 4032 2115 4088; x_wconf 83' lang='lat' dir='ltr'><strong><em>Cum</em></strong></span> <span class='ocrx_word' id='word_1_686' title='bbox 2145 4032 2291 4088; x_wconf 87' lang='lat' dir='ltr'><strong><em>videt</em></strong></span> <span class='ocrx_word' id='word_1_687' title='bbox 2318 4032 2487 4087; x_wconf 88' lang='lat' dir='ltr'><strong><em>Aonia</em></strong></span> <span class='ocrx_word' id='word_1_688' title='bbox 2516 4031 2815 4087; x_wconf 88' lang='lat' dir='ltr'><strong><em>venientem</em></strong></span> <span class='ocrx_word' id='word_1_689' title='bbox 2846 4032 3034 4087; x_wconf 86' lang='lat' dir='ltr'><strong><em>Delion</em></strong></span> <span class='ocrx_word' id='word_1_690' title='bbox 3063 4047 3207 4087; x_wconf 87' lang='lat' dir='ltr'><strong><em>arce.</em></strong></span> 
     </span>
    </p>
   </div>
   <div class='ocr_carea' id='block_1_101' title="bbox 1986 4121 3388 4195">
    <p class='ocr_par' dir='ltr' id='par_1_101' title="bbox 1986 4121 3388 4195">
     <span class='ocr_line' id='line_1_101' title="bbox 1986 4121 3388 4195; baseline -0.004 -17"><span class='ocrx_word' id='word_1_691' title='bbox 1986 4124 2193 4195; x_wconf 87' lang='lat' dir='ltr'><strong><em>Grypas</em></strong></span> <span class='ocrx_word' id='word_1_692' title='bbox 2221 4131 2274 4179; x_wconf 88' lang='lat' dir='ltr'><strong><em>et</em></strong></span> <span class='ocrx_word' id='word_1_693' title='bbox 2304 4122 2419 4193; x_wconf 90' lang='lat' dir='ltr'><strong><em>ipse</em></strong></span> <span class='ocrx_word' id='word_1_694' title='bbox 2449 4129 2595 4177; x_wconf 90' lang='lat' dir='ltr'><strong><em>tenet</em></strong></span> <span class='ocrx_word' id='word_1_695' title='bbox 2621 4138 2635 4175; x_wconf 90' lang='lat'><strong>:</strong></span> <span class='ocrx_word' id='word_1_696' title='bbox 2670 4121 2850 4176; x_wconf 88' lang='lat' dir='ltr'><strong><em>vultus</em></strong></span> <span class='ocrx_word' id='word_1_697' title='bbox 2875 4121 2959 4175; x_wconf 91' lang='lat' dir='ltr'><strong><em>his</em></strong></span> <span class='ocrx_word' id='word_1_698' title='bbox 2986 4121 3165 4175; x_wconf 89' lang='lat' dir='ltr'><strong><em>laurea</em></strong></span> <span class='ocrx_word' id='word_1_699' title='bbox 3196 4136 3388 4176; x_wconf 85' lang='lat' dir='ltr'><strong><em>curvos</em></strong></span> 
     </span>
    </p>
   </div>
   <div class='ocr_carea' id='block_1_102' title="bbox 1984 4210 3493 4283">
    <p class='ocr_par' dir='ltr' id='par_1_102' title="bbox 1984 4210 3493 4283">
     <span class='ocr_line' id='line_1_102' title="bbox 1984 4210 3493 4283; baseline -0.005 -12"><span class='ocrx_word' id='word_1_700' title='bbox 1984 4214 2197 4271; x_wconf 84' lang='lat' dir='ltr'><strong><em>Fronde</em></strong></span> <span class='ocrx_word' id='word_1_701' title='bbox 2227 4215 2403 4282; x_wconf 91' lang='lat' dir='ltr'><strong><em>lupata</em></strong></span> <span class='ocrx_word' id='word_1_702' title='bbox 2432 4213 2620 4283; x_wconf 89' lang='lat' dir='ltr'><strong><em>ligant,</em></strong></span> <span class='ocrx_word' id='word_1_703' title='bbox 2646 4210 2860 4267; x_wconf 90' lang='lat' dir='ltr'><strong><em>hederis</em></strong></span> <span class='ocrx_word' id='word_1_704' title='bbox 2888 4226 3099 4282; x_wconf 90' lang='lat' dir='ltr'><strong><em>quoque</em></strong></span> <span class='ocrx_word' id='word_1_705' title='bbox 3121 4210 3493 4281; x_wconf 69' lang='lat' dir='ltr'><strong><em>circumplexis</em></strong></span> 
     </span>
    </p>
   </div>
   <div class='ocr_carea' id='block_1_103' title="bbox 1985 4300 3353 4368">
    <p class='ocr_par' dir='ltr' id='par_1_103' title="bbox 1985 4300 3353 4368">
     <span class='ocr_line' id='line_1_103' title="bbox 1985 4300 3353 4368; baseline -0.002 -9"><span class='ocrx_word' id='word_1_706' title='bbox 1985 4304 2219 4360; x_wconf 89' lang='lat' dir='ltr'><strong><em>Pendula</em></strong></span> <span class='ocrx_word' id='word_1_707' title='bbox 2240 4304 2355 4359; x_wconf 90' lang='lat' dir='ltr'><strong><em>lora</em></strong></span> <span class='ocrx_word' id='word_1_708' title='bbox 2376 4303 2585 4368; x_wconf 82' lang='lat' dir='ltr'><strong><em>virent;</em></strong></span> <span class='ocrx_word' id='word_1_709' title='bbox 2616 4302 2812 4357; x_wconf 91' lang='lat' dir='ltr'><strong><em>sensim</em></strong></span> <span class='ocrx_word' id='word_1_710' title='bbox 2839 4300 2949 4356; x_wconf 87' lang='lat' dir='ltr'><strong><em>fera</em></strong></span> <span class='ocrx_word' id='word_1_711' title='bbox 2975 4301 3219 4355; x_wconf 85' lang='lat' dir='ltr'><strong><em>subvolat</em></strong></span> <span class='ocrx_word' id='word_1_712' title='bbox 3242 4300 3353 4356; x_wconf 90' lang='lat' dir='ltr'><strong><em>ales</em></strong></span> 
     </span>
    </p>
   </div>
   <div class='ocr_carea' id='block_1_104' title="bbox 1986 4394 3067 4467">
    <p class='ocr_par' dir='ltr' id='par_1_104' title="bbox 1986 4394 3067 4467">
     <span class='ocr_line' id='line_1_104' title="bbox 1986 4394 3067 4467; baseline -0.006 -13"><span class='ocrx_word' id='word_1_713' title='bbox 1986 4400 2172 4456; x_wconf 87' lang='lat' dir='ltr'><strong><em>Aerias</em></strong></span> <span class='ocrx_word' id='word_1_714' title='bbox 2204 4408 2462 4467; x_wconf 64' lang='lat' dir='ltr'><strong><em>terraique</em></strong></span> <span class='ocrx_word' id='word_1_715' title='bbox 2491 4397 2626 4462; x_wconf 89' lang='lat' dir='ltr'><strong><em>vias,</em></strong></span> <span class='ocrx_word' id='word_1_716' title='bbox 2650 4410 2717 4452; x_wconf 90' lang='lat' dir='ltr'><strong><em>ne</em></strong></span> <span class='ocrx_word' id='word_1_717' title='bbox 2743 4394 2881 4451; x_wconf 86' lang='lat' dir='ltr'><strong><em>forte</em></strong></span> <span class='ocrx_word' id='word_1_718' title='bbox 2904 4394 3067 4451; x_wconf 91' lang='lat' dir='ltr'><strong><em>citato</em></strong></span> 
     </span>
    </p>
   </div>
   <div class='ocr_carea' id='block_1_105' title="bbox 1986 4483 3207 4556">
    <p class='ocr_par' dir='ltr' id='par_1_105' title="bbox 1986 4483 3207 4556">
     <span class='ocr_line' id='line_1_105' title="bbox 1986 4483 3207 4556; baseline -0.007 -13"><span class='ocrx_word' id='word_1_719' title='bbox 1986 4490 2199 4544; x_wconf 83' lang='lat' dir='ltr'><strong><em>Alarum</em></strong></span> <span class='ocrx_word' id='word_1_720' title='bbox 2222 4488 2449 4556; x_wconf 87' lang='lat' dir='ltr'><strong><em>strepitu</em></strong></span> <span class='ocrx_word' id='word_1_721' title='bbox 2470 4487 2701 4555; x_wconf 89' lang='lat' dir='ltr'><strong><em>lignosas</em></strong></span> <span class='ocrx_word' id='word_1_722' title='bbox 2725 4485 2932 4554; x_wconf 89' lang='lat' dir='ltr'><strong><em>frangat</em></strong></span> <span class='ocrx_word' id='word_1_723' title='bbox 2952 4483 3207 4537; x_wconf 88' lang='lat' dir='ltr'><strong><em>habenas.</em></strong></span> 
     </span>
    </p>
   </div>
   <div class='ocr_carea' id='block_1_106' title="bbox 1985 4572 3351 4647">
    <p class='ocr_par' dir='ltr' id='par_1_106' title="bbox 1985 4572 3351 4647">
     <span class='ocr_line' id='line_1_106' title="bbox 1985 4572 3351 4647; baseline -0.007 -13"><span class='ocrx_word' id='word_1_724' title='bbox 1985 4580 2262 4634; x_wconf 60' lang='lat' dir='ltr'><strong><em>IEternum</em></strong></span> <span class='ocrx_word' id='word_1_725' title='bbox 2292 4577 2422 4633; x_wconf 90' lang='lat' dir='ltr'><strong><em>nitet</em></strong></span> <span class='ocrx_word' id='word_1_726' title='bbox 2453 4578 2565 4647; x_wconf 86' lang='lat' dir='ltr'><strong><em>ipse</em></strong></span> <span class='ocrx_word' id='word_1_727' title='bbox 2593 4589 2756 4645; x_wconf 88' lang='lat' dir='ltr'><strong><em>genas</em></strong></span> <span class='ocrx_word' id='word_1_728' title='bbox 2788 4591 2802 4628; x_wconf 93' lang='lat'>:</span> <span class='ocrx_word' id='word_1_729' title='bbox 2833 4587 3053 4629; x_wconf 84' lang='lat' dir='ltr'><strong><em>crevere</em></strong></span> <span class='ocrx_word' id='word_1_730' title='bbox 3081 4572 3351 4643; x_wconf 84' lang='lat' dir='ltr'><strong><em>corymbis</em></strong></span> 
     </span>
    </p>
   </div>
   <div class='ocr_carea' id='block_1_107' title="bbox 1985 4667 3488 4743">
    <p class='ocr_par' dir='ltr' id='par_1_107' title="bbox 1985 4667 3488 4743">
     <span class='ocr_line' id='line_1_107' title="bbox 1985 4667 3488 4743; baseline -0.005 -14"><span class='ocrx_word' id='word_1_731' title='bbox 1985 4675 2245 4743; x_wconf 89' lang='lat' dir='ltr'><strong><em>Tempora</em></strong></span> <span class='ocrx_word' id='word_1_732' title='bbox 2265 4715 2281 4741; x_wconf 91' lang='lat'><strong><em>,</em></strong></span> <span class='ocrx_word' id='word_1_733' title='bbox 2310 4680 2367 4728; x_wconf 88' lang='lat' dir='ltr'><strong><em>et</em></strong></span> <span class='ocrx_word' id='word_1_734' title='bbox 2392 4679 2632 4726; x_wconf 88' lang='lat' dir='ltr'><strong><em>auratum</em></strong></span> <span class='ocrx_word' id='word_1_735' title='bbox 2661 4669 2825 4725; x_wconf 89' lang='lat' dir='ltr'><strong><em>verrit</em></strong></span> <span class='ocrx_word' id='word_1_736' title='bbox 2850 4682 3006 4723; x_wconf 90' lang='lat' dir='ltr'><strong><em>coma</em></strong></span> <span class='ocrx_word' id='word_1_737' title='bbox 3030 4667 3282 4721; x_wconf 88' lang='lat' dir='ltr'><strong><em>concolor</em></strong></span> <span class='ocrx_word' id='word_1_738' title='bbox 3312 4681 3488 4722; x_wconf 83' lang='lat' dir='ltr'><strong><em>axem.</em></strong></span> 
     </span>
    </p>
   </div>
   <div class='ocr_carea' id='block_1_108' title="bbox 1985 4759 3204 4833">
    <p class='ocr_par' dir='ltr' id='par_1_108' title="bbox 1985 4759 3204 4833">
     <span class='ocr_line' id='line_1_108' title="bbox 1985 4759 3204 4833; baseline -0.007 -13"><span class='ocrx_word' id='word_1_739' title='bbox 1985 4765 2139 4820; x_wconf 74' lang='lat' dir='ltr'><strong><em>Lmva</em></strong></span> <span class='ocrx_word' id='word_1_740' title='bbox 2164 4774 2314 4833; x_wconf 90' lang='lat' dir='ltr'><strong><em>parte</em></strong></span> <span class='ocrx_word' id='word_1_741' title='bbox 2342 4769 2486 4817; x_wconf 89' lang='lat' dir='ltr'><strong><em>tenet</em></strong></span> <span class='ocrx_word' id='word_1_742' title='bbox 2512 4767 2660 4815; x_wconf 87' lang='lat' dir='ltr'><strong><em>vasta</em></strong></span> <span class='ocrx_word' id='word_1_743' title='bbox 2682 4759 2963 4815; x_wconf 89' lang='lat' dir='ltr'><strong><em>dulcedine</em></strong></span> <span class='ocrx_word' id='word_1_744' title='bbox 2991 4772 3204 4812; x_wconf 89' lang='lat' dir='ltr'><strong><em>raucam</em></strong></span> 
     </span>
    </p>
   </div>
   <div class='ocr_carea' id='block_1_109' title="bbox 1986 4847 3260 4921">
    <p class='ocr_par' dir='ltr' id='par_1_109' title="bbox 1986 4847 3260 4921">
     <span class='ocr_line' id='line_1_109' title="bbox 1986 4847 3260 4921; baseline -0.005 -13"><span class='ocrx_word' id='word_1_745' title='bbox 1986 4854 2187 4909; x_wconf 70' lang='lat' dir='ltr'><strong><em>Caelata</em></strong></span> <span class='ocrx_word' id='word_1_746' title='bbox 2210 4852 2436 4908; x_wconf 87' lang='lat' dir='ltr'><strong><em>Pithone</em></strong></span> <span class='ocrx_word' id='word_1_747' title='bbox 2462 4850 2655 4921; x_wconf 86' lang='lat' dir='ltr'><strong><em>lyram,</em></strong></span> <span class='ocrx_word' id='word_1_748' title='bbox 2684 4862 2807 4919; x_wconf 90' lang='lat' dir='ltr'><strong><em>pars</em></strong></span> <span class='ocrx_word' id='word_1_749' title='bbox 2835 4847 3019 4904; x_wconf 87' lang='lat' dir='ltr'><strong><em>dextra</em></strong></span> <span class='ocrx_word' id='word_1_750' title='bbox 3043 4847 3260 4918; x_wconf 82' lang='lat' dir='ltr'><strong><em>sagittas</em></strong></span> 
     </span>
    </p>
   </div>
   <div class='ocr_carea' id='block_1_110' title="bbox 1982 5022 3561 5082">
    <p class='ocr_par' dir='ltr' id='par_1_110' title="bbox 1982 5022 3561 5082">
     <span class='ocr_line' id='line_1_110' title="bbox 1982 5022 3561 5082; baseline -0.001 -1"><span class='ocrx_word' id='word_1_751' title='bbox 1982 5027 2068 5081; x_wconf 91' lang='lat' dir='ltr'><strong><em>cul</em></strong></span> <span class='ocrx_word' id='word_1_752' title='bbox 2095 5026 2162 5082; x_wconf 92' lang='lat' dir='ltr'><strong><em>ab</em></strong></span> <span class='ocrx_word' id='word_1_753' title='bbox 2188 5025 2333 5081; x_wconf 89' lang='lat' dir='ltr'><strong><em>illius</em></strong></span> <span class='ocrx_word' id='word_1_754' title='bbox 2361 5034 2415 5080; x_wconf 91' lang='lat' dir='ltr'><strong><em>et</em></strong></span> <span class='ocrx_word' id='word_1_755' title='bbox 2453 5022 2736 5079; x_wconf 74' lang='lat' dir='ltr'><strong><em>Garumna:</em></strong></span> <span class='ocrx_word' id='word_1_756' title='bbox 2764 5022 3175 5079; x_wconf 80' lang='lat' dir='ltr'><strong><em>conﬂuentibus.</em></strong></span> <span class='ocrx_word' id='word_1_757' title='bbox 3227 5022 3299 5077; x_wconf 92' lang='lat' dir='ltr'><strong><em>De</em></strong></span> <span class='ocrx_word' id='word_1_758' title='bbox 3339 5022 3561 5079; x_wconf 81' lang='lat' dir='ltr'><strong><em>Leontio</em></strong></span> 
     </span>
    </p>
   </div>
   <div class='ocr_carea' id='block_1_111' title="bbox 1987 5092 3556 5218">
    <p class='ocr_par' dir='ltr' id='par_1_111' title="bbox 1987 5092 3556 5218">
     <span class='ocr_line' id='line_1_111' title="bbox 1987 5092 3556 5218; baseline -0.003 -67"><span class='ocrx_word' id='word_1_759' title='bbox 1987 5109 2163 5151; x_wconf 85' lang='lat' dir='ltr'><strong><em>autem</em></strong></span> <span class='ocrx_word' id='word_1_760' title='bbox 2185 5136 2200 5160; x_wconf 88' lang='lat'><strong><em>,</em></strong></span> <span class='ocrx_word' id='word_1_761' title='bbox 2234 5098 2287 5151; x_wconf 91' lang='lat' dir='ltr'><strong><em>in</em></strong></span> <span class='ocrx_word' id='word_1_762' title='bbox 2316 5095 2466 5165; x_wconf 84' lang='lat' dir='ltr'><strong><em>cujus</em></strong></span> <span class='ocrx_word' id='word_1_763' title='bbox 2494 5097 2718 5218; x_wconf 59' lang='lat' dir='ltr'><strong><em>gratiam</em></strong></span> <span class='ocrx_word' id='word_1_764' title='bbox 2750 5094 2861 5146; x_wconf 66' lang='lat' dir='ltr'><strong><em>haec</em></strong></span> <span class='ocrx_word' id='word_1_765' title='bbox 2891 5093 3140 5162; x_wconf 87' lang='lat' dir='ltr'><strong><em>scripsit,</em></strong></span> <span class='ocrx_word' id='word_1_766' title='bbox 3173 5092 3371 5148; x_wconf 89' lang='lat' dir='ltr'><strong><em>dictum</em></strong></span> <span class='ocrx_word' id='word_1_767' title='bbox 3398 5093 3556 5162; x_wconf 90' lang='lat' dir='ltr'><strong><em>epist.</em></strong></span> 
     </span>
     <span class='ocr_line' id='line_1_112' title="bbox 1988 5163 3556 5218; baseline -0.001 0"><span class='ocrx_word' id='word_1_768' title='bbox 1988 5168 2046 5218; x_wconf 84' lang='grc' dir='ltr'>Η</span> <span class='ocrx_word' id='word_1_769' title='bbox 2074 5177 2128 5218; x_wconf 85' lang='lat' dir='ltr'><strong><em>et</em></strong></span> <span class='ocrx_word' id='word_1_770' title='bbox 2155 5167 2220 5218; x_wconf 74' lang='lat'><strong><em>12</em></strong></span> <span class='ocrx_word' id='word_1_771' title='bbox 2242 5167 2334 5218; x_wconf 89' lang='lat' dir='ltr'><strong><em>lib.</em></strong></span> <span class='ocrx_word' id='word_1_772' title='bbox 2360 5181 2469 5218; x_wconf 86' lang='lat' dir='ltr'><strong><em>vut.</em></strong></span> <span class='ocrx_word' id='word_1_773' title='bbox 2538 5166 2648 5218; x_wconf 76' lang='lat' dir='ltr'><strong><em>urai</em></strong></span> <span class='ocrx_word' id='word_1_774' title='bbox 2671 5164 2818 5218; x_wconf 88' lang='lat' dir='ltr'><strong><em>vocis</em></strong></span> <span class='ocrx_word' id='word_1_775' title='bbox 2844 5163 3023 5217; x_wconf 77' lang='lat' dir='ltr'><strong><em>Graeca</em></strong></span> <span class='ocrx_word' id='word_1_776' title='bbox 3049 5171 3131 5217; x_wconf 90' lang='lat' dir='ltr'><strong><em>est</em></strong></span> <span class='ocrx_word' id='word_1_777' title='bbox 3154 5163 3556 5218; x_wconf 77' lang='lat' dir='ltr'><strong><em>oriuo.Glossa-</em></strong></span> 
     </span>
    </p>
   </div>
   <div class='ocr_carea' id='block_1_112' title="bbox 1988 5163 3557 5231">
    <p class='ocr_par' dir='ltr' id='par_1_112' title="bbox 1988 5163 3557 5231">
     <span class='ocr_line' id='line_1_113' title="bbox 1988 5163 3557 5231; baseline -0.003 -11"><span class='ocrx_word' id='word_1_778' title='bbox 1988 5168 2046 5220; x_wconf 83' lang='grc' dir='ltr'>Η</span> <span class='ocrx_word' id='word_1_779' title='bbox 2074 5177 2128 5221; x_wconf 89' lang='lat' dir='ltr'><strong><em>et</em></strong></span> <span class='ocrx_word' id='word_1_780' title='bbox 2155 5167 2220 5221; x_wconf 73' lang='lat'><strong><em>12</em></strong></span> <span class='ocrx_word' id='word_1_781' title='bbox 2242 5167 2334 5220; x_wconf 90' lang='lat' dir='ltr'><strong><em>lib.</em></strong></span> <span class='ocrx_word' id='word_1_782' title='bbox 2360 5163 2469 5219; x_wconf 78' lang='lat' dir='ltr'><strong><em>vui.</em></strong></span> <span class='ocrx_word' id='word_1_783' title='bbox 2494 5163 2648 5231; x_wconf 84' lang='lat' dir='ltr'><strong><em>Burgi</em></strong></span> <span class='ocrx_word' id='word_1_784' title='bbox 2671 5164 2818 5218; x_wconf 88' lang='lat' dir='ltr'><strong><em>vocis</em></strong></span> <span class='ocrx_word' id='word_1_785' title='bbox 2844 5163 3023 5217; x_wconf 77' lang='lat' dir='ltr'><strong><em>Graeca</em></strong></span> <span class='ocrx_word' id='word_1_786' title='bbox 3049 5171 3131 5217; x_wconf 90' lang='lat' dir='ltr'><strong><em>est</em></strong></span> <span class='ocrx_word' id='word_1_787' title='bbox 3154 5163 3557 5231; x_wconf 85' lang='lat' dir='ltr'><strong><em>origo.Glossa-</em></strong></span> 
     </span>
    </p>
   </div>
   <div class='ocr_carea' id='block_1_113' title="bbox 1984 5233 3559 5315">
    <p class='ocr_par' dir='ltr' id='par_1_113' title="bbox 1984 5233 3559 5315">
     <span class='ocr_line' id='line_1_114' title="bbox 1984 5233 3559 5315; baseline -0.004 -24"><span class='ocrx_word' id='word_1_788' title='bbox 1984 5237 2120 5291; x_wconf 89' lang='lat' dir='ltr'><strong><em>rium</em></strong></span> <span class='ocrx_word' id='word_1_789' title='bbox 2151 5246 2302 5315; x_wconf 62' lang='lat' dir='ltr'><strong><em>vettts</em></strong></span> <span class='ocrx_word' id='word_1_790' title='bbox 2334 5254 2346 5288; x_wconf 91' lang='lat'><strong>:</strong></span> <span class='ocrx_word' id='word_1_791' title='bbox 2380 5234 2605 5315; x_wconf 47' lang='lat' dir='ltr'><strong><em>uince,</em></strong></span> <span class='ocrx_word' id='word_1_792' title='bbox 2638 5233 3062 5315; x_wconf 73' lang='lat' dir='ltr'><strong><em>turris,_burg_us.</em></strong></span> <span class='ocrx_word' id='word_1_793' title='bbox 3097 5233 3223 5289; x_wconf 87' lang='lat' dir='ltr'><strong><em>Inde</em></strong></span> <span class='ocrx_word' id='word_1_794' title='bbox 3252 5233 3441 5315; x_wconf 76' lang='lat' dir='ltr'><strong><em>burgos</em></strong></span> <span class='ocrx_word' id='word_1_795' title='bbox 3466 5246 3559 5312; x_wconf 78' lang='lat' dir='ltr'><strong><em>vo-</em></strong></span> 
     </span>
    </p>
   </div>
   <div class='ocr_carea' id='block_1_114' title="bbox 1983 5302 3555 5371">
    <p class='ocr_par' dir='ltr' id='par_1_114' title="bbox 1983 5302 3555 5371">
     <span class='ocr_line' id='line_1_115' title="bbox 1983 5302 3555 5371; baseline -0.002 -13"><span class='ocrx_word' id='word_1_796' title='bbox 1983 5316 2173 5359; x_wconf 81' lang='lat' dir='ltr'><strong><em>carunt</em></strong></span> <span class='ocrx_word' id='word_1_797' title='bbox 2221 5302 2663 5359; x_wconf 78' lang='lat' dir='ltr'><strong><em>Bomani&#39;iurres</em></strong></span> <span class='ocrx_word' id='word_1_798' title='bbox 2710 5320 2804 5358; x_wconf 90' lang='lat' dir='ltr'><strong><em>seu</em></strong></span> <span class='ocrx_word' id='word_1_799' title='bbox 2834 5302 3017 5358; x_wconf 80' lang='lat' dir='ltr'><strong><em>turrita</em></strong></span> <span class='ocrx_word' id='word_1_800' title='bbox 3070 5302 3461 5371; x_wconf 87' lang='lat' dir='ltr'><strong><em>propugnacula</em></strong></span> <span class='ocrx_word' id='word_1_801' title='bbox 3503 5302 3555 5355; x_wconf 87' lang='lat' dir='ltr'><strong><em>in</em></strong></span> 
     </span>
    </p>
   </div>
   <div class='ocr_carea' id='block_1_115' title="bbox 1984 5372 3557 5443">
    <p class='ocr_par' dir='ltr' id='par_1_115' title="bbox 1984 5372 3557 5443">
     <span class='ocr_line' id='line_1_116' title="bbox 1984 5372 3557 5443; baseline -0.005 -14"><span class='ocrx_word' id='word_1_802' title='bbox 1984 5375 2239 5431; x_wconf 84' lang='lat' dir='ltr'><strong><em>limitibus</em></strong></span> <span class='ocrx_word' id='word_1_803' title='bbox 2265 5375 2571 5430; x_wconf 89' lang='lat' dir='ltr'><strong><em>constituta.</em></strong></span> <span class='ocrx_word' id='word_1_804' title='bbox 2597 5376 2678 5429; x_wconf 89' lang='lat' dir='ltr'><strong><em>Ab</em></strong></span> <span class='ocrx_word' id='word_1_805' title='bbox 2705 5374 2787 5429; x_wconf 91' lang='lat' dir='ltr'><strong><em>bis</em></strong></span> <span class='ocrx_word' id='word_1_806' title='bbox 2817 5389 2995 5443; x_wconf 87' lang='lat' dir='ltr'><strong><em>porro,</em></strong></span> <span class='ocrx_word' id='word_1_807' title='bbox 3019 5373 3211 5443; x_wconf 82' lang='lat' dir='ltr'><strong><em>similia</em></strong></span> <span class='ocrx_word' id='word_1_808' title='bbox 3237 5372 3417 5443; x_wconf 69' lang='lat' dir='ltr'><strong><em>omnia</em></strong></span> <span class='ocrx_word' id='word_1_809' title='bbox 3441 5384 3557 5423; x_wconf 85' lang='lat' dir='ltr'><strong><em>mu-</em></strong></span> 
     </span>
    </p>
   </div>
   <div class='ocr_carea' id='block_1_116' title="bbox 1984 5438 3557 5515">
    <p class='ocr_par' dir='ltr' id='par_1_116' title="bbox 1984 5438 3557 5515">
     <span class='ocr_line' id='line_1_117' title="bbox 1984 5438 3557 5515; baseline -0.003 -17"><span class='ocrx_word' id='word_1_810' title='bbox 1984 5446 2174 5500; x_wconf 87' lang='lat' dir='ltr'><strong><em>nitiora</em></strong></span> <span class='ocrx_word' id='word_1_811' title='bbox 2198 5447 2311 5500; x_wconf 88' lang='lat' dir='ltr'><strong><em>loca</em></strong></span> <span class='ocrx_word' id='word_1_812' title='bbox 2336 5446 2617 5514; x_wconf 80' lang='lat' dir='ltr'><strong><em>burgorum</em></strong></span> <span class='ocrx_word' id='word_1_813' title='bbox 2640 5438 3064 5515; x_wconf 24' lang='lat' dir='ltr'><strong><em>quoqueinomen</em></strong></span> <span class='ocrx_word' id='word_1_814' title='bbox 3094 5442 3345 5496; x_wconf 84' lang='lat' dir='ltr'><strong><em>tulerunt.</em></strong></span> <span class='ocrx_word' id='word_1_815' title='bbox 3374 5438 3557 5515; x_wconf 54' lang='lat' dir='ltr'><strong><em>quue</em></strong></span> 
     </span>
    </p>
   </div>
   <div class='ocr_carea' id='block_1_117' title="bbox 1984 5508 3554 5583">
    <p class='ocr_par' dir='ltr' id='par_1_117' title="bbox 1984 5508 3554 5583">
     <span class='ocr_line' id='line_1_118' title="bbox 1984 5508 3554 5583; baseline -0.006 -13"><span class='ocrx_word' id='word_1_816' title='bbox 1984 5516 2119 5570; x_wconf 83' lang='lat' dir='ltr'><strong><em>ratio</em></strong></span> <span class='ocrx_word' id='word_1_817' title='bbox 2146 5515 2247 5569; x_wconf 88' lang='lat' dir='ltr'><strong><em>alia</em></strong></span> <span class='ocrx_word' id='word_1_818' title='bbox 2276 5508 2590 5583; x_wconf 65' lang='lat' dir='ltr'><strong><em>requirenda</em></strong></span> <span class='ocrx_word' id='word_1_819' title='bbox 2619 5508 2711 5568; x_wconf 81' lang='lat' dir='ltr'><strong><em>cur</em></strong></span> <span class='ocrx_word' id='word_1_820' title='bbox 2737 5508 2805 5569; x_wconf 61' lang='lat' dir='ltr'><strong><em>it&#39;a</em></strong></span> <span class='ocrx_word' id='word_1_821' title='bbox 2836 5514 3065 5583; x_wconf 81' lang='lat' dir='ltr'><strong><em>Burgum</em></strong></span> <span class='ocrx_word' id='word_1_822' title='bbox 3095 5524 3245 5583; x_wconf 79' lang='lat' dir='ltr'><strong><em>suam</em></strong></span> <span class='ocrx_word' id='word_1_823' title='bbox 3274 5508 3554 5583; x_wconf 80' lang='lat' dir='ltr'><strong><em>appellarit</em></strong></span> 
     </span>
    </p>
   </div>
   <div class='ocr_carea' id='block_1_118' title="bbox 1987 5579 3557 5650">
    <p class='ocr_par' dir='ltr' id='par_1_118' title="bbox 1987 5579 3557 5650">
     <span class='ocr_line' id='line_1_119' title="bbox 1987 5579 3557 5650; baseline -0.004 -10"><span class='ocrx_word' id='word_1_824' title='bbox 1987 5586 2203 5640; x_wconf 77' lang='lat' dir='ltr'><strong><em>Pontius</em></strong></span> <span class='ocrx_word' id='word_1_825' title='bbox 2234 5579 2485 5639; x_wconf 78' lang='lat' dir='ltr'><strong><em>Paulinus</em></strong></span> <span class='ocrx_word' id='word_1_826' title='bbox 2529 5585 2805 5650; x_wconf 87' lang='lat' dir='ltr'><strong><em>conditor,</em></strong></span> <span class='ocrx_word' id='word_1_827' title='bbox 2847 5579 2967 5637; x_wconf 82' lang='lat' dir='ltr'><strong><em>cum</em></strong></span> <span class='ocrx_word' id='word_1_828' title='bbox 3010 5581 3143 5635; x_wconf 90' lang='lat' dir='ltr'><strong><em>hanc</em></strong></span> <span class='ocrx_word' id='word_1_829' title='bbox 3170 5579 3338 5650; x_wconf 78' lang='lat' dir='ltr'><strong><em>ipsum</em></strong></span> <span class='ocrx_word' id='word_1_830' title='bbox 3371 5580 3557 5650; x_wconf 84' lang='lat' dir='ltr'><strong><em>prodat</em></strong></span> 
     </span>
    </p>
   </div>
   <div class='ocr_carea' id='block_1_119' title="bbox 1988 5654 2575 5725">
    <p class='ocr_par' dir='ltr' id='par_1_119' title="bbox 1988 5654 2575 5725">
     <span class='ocr_line' id='line_1_120' title="bbox 1988 5654 2575 5725; baseline 0 -16"><span class='ocrx_word' id='word_1_831' title='bbox 1988 5664 2092 5713; x_wconf 84' lang='lat' dir='ltr'><strong><em>tota</em></strong></span> <span class='ocrx_word' id='word_1_832' title='bbox 2124 5656 2236 5724; x_wconf 57' lang='grc' dir='ltr'><strong><em>αλιι,</em></strong></span> <span class='ocrx_word' id='word_1_833' title='bbox 2269 5654 2575 5725; x_wconf 82' lang='lat' dir='ltr'><strong><em>descriptio.</em></strong></span> 
     </span>
    </p>
   </div>
  </div>
