4002 6188
467 297 566 350 7:37
1725 284 1966 342 SlDONll
2007 283 2460 343 APOLLINARlS
3615 291 3701 346 7'28

461 409 738 474 Continet,
769 415 926 477 atque
965 406 1066 461 alio
1106 412 1416 460 resonantes
1444 413 1718 455 murmure
1746 410 1960 451 nervos.
2061 397 2112 454 Λ
2138 396 2350 467 incipit;
2391 407 2446 453 at
2475 399 2658 454 fractis
2682 399 2878 454 saliens
2904 414 2934 455 ε
2955 399 3198 455 cautibus
3227 399 3390 455 auum

461 502 611 556 Ibant
642 499 961 569 Pimpliades
991 498 1208 568 pariter,
1237 495 1577 561 mediumque
1607 505 1815 545 noveno
2145 487 2422 541 Excutitur
2446 496 2678 555 torrens,
2723 489 2958 558 ipsisque
2987 492 3266 561 aspergine
3295 491 3447 548 tectis

460 592 929 648 Circumsistentcs
961 589 1276 642 umbrabant
1309 595 1542 656 syrmate
1574 571 1813 636 currum.
2144 575 2373 646 lmpluit,
2406 594 2468 633 ac
2501 580 2636 634 tollit
2664 589 2869 647 nautas,
2903 589 2958 636 et
2982 596 3125 652 saepe
3150 583 3336 650 iocoso

462 684 663 738 Pendet
694 696 788 750 per
818 690 1011 734 teretes
1042 679 1275 747 tripodas
1305 673 1624 744 Epidaurius
1653 671 1865 740 anguis,
2145 669 2299 723 Ludit
2330 671 2634 741 naufragio;
2664 689 2785 727 nam
2815 681 3134 744 tempestate
3152 684 3365 743 peracta

463 774 692 828 Diﬂ‘usus
717 782 958 827 sanctum
985 786 1079 840 per
1099 769 1234 824 colla
1263 765 1492 820 salubria
1519 766 1686 817 virus.
2146 759 2393 815 Destituit
2423 764 2653 818 reﬂuens
2681 765 2871 819 missas
2897 768 2951 820 in
2984 767 3172 822 balnea
3200 768 3416 826 classes.

461 873 485 900 ι·
516 864 614 921 llic
641 873 693 918 et
722 862 1000 917 crinisatas
1020 860 1269 930 jungebat
1294 857 1527 926 Pegasus
1552 855 1685 918 alas,
2147 852 2258 918 lpSa
2287 862 2460 906 autem
2489 855 2719 922 quantis,
2745 857 2937 923 quibus
2962 865 3050 909 aut
3073 866 3198 910 sunt
3227 855 3353 911 fu‘ta
3383 857 3672 916 columnis?

461 953 688 1009 Portans
712 953 1014 1022 doctiloquo
1046 950 1329 1005 facundum
1355 962 1509 1002 crure
1536 945 1842 1000 Creontem.
2143 940 2307 995 Cedat
2337 943 2558 1009 puniceo
2589 945 2848 1010 pretiosus
2875 946 3007 999 livor
3034 947 3088 999 in
3118 954 3272 1000 antro

534 1045 602 1099 Ut
629 1059 749 1099 sese
769 1044 995 1113 junxere
1023 1040 1210 1107 chori,
1243 1039 1515 1108 consurgit
1537 1049 1760 1105 uterque
2142 1033 2438 1104 Synnados,
2471 1047 2522 1089 et
2552 1035 2848 1090 Numadum
2881 1038 2968 1106 qui
3002 1046 3175 1106 portat
3203 1038 3434 1094 eburnea
3467 1055 3591 1095 saxa

463 1135 664 1192 Fratris
694 1136 744 1188 in
778 1134 1086 1203 amplexus;
1131 1130 1224 1185 sed
1258 1129 1412 1199 paulo
1444 1127 1655 1195 segnior
1683 1126 1827 1179 Evan
1846 1164 1861 1188 ,
2142 1123 2337 1193 Collis,
2362 1137 2414 1181 et
2447 1127 2688 1184 herbosis
2716 1143 2833 1198 quas
2859 1139 3084 1183 vernant
3121 1143 3387 1185 marmora
3408 1133 3574 1186 venis.

464 1231 624 1302 392
641 1231 770 1283 Dum
796 1228 955 1298 pudet
975 1223 1327 1290 instabiles,si
1346 1220 1788 1291 surgat,prodere
1809 1218 2039 1288 plantas.
2143 1218 2470 1273 Caudeutem
2489 1220 2600 1287 jam
2634 1221 2756 1274 nolo
2786 1219 2980 1286 Paron,
3004 1219 3112 1289 jam
3143 1220 3268 1274 nolo
3293 1221 3572 1292 Cary-ton.

463 1325 597 1378 Tum
625 1321 858 1376 Phoebus
889 1337 901 1372 :
933 1318 1048 1385 Quo
1073 1316 1286 1386 pergis?
1325 1315 1397 1368 ait
1428 1331 1440 1367 :
1471 1327 1595 1367 num
1627 1312 1759 1365 forte
1788 1319 2039 1363 nocentes
2149 1308 2314 1362 Vilior
2343 1319 2422 1364 est
2445 1311 2607 1366 rubro
2637 1327 2752 1380 quae
2782 1312 2976 1380 pendet
3010 1327 3239 1380 purpura
3270 1326 3421 1366 saxo.

465 1415 672 1469 Bacche
705 1413 837 1483 petis
867 1411 1111 1466 Thebas?
1154 1420 1204 1462 te
1235 1415 1412 1462 cretus
1443 1404 1678 1458 Echione
1708 1416 1900 1470 nempe
2147 1399 2209 1453 Et
2231 1414 2296 1453 ne
2320 1388 2600 1468 posteritas
2623 1401 2846 1467 dubitet,
2880 1402 2996 1471 quis
3023 1395 3268 1456 conditor
3296 1411 3499 1470 exstet,

463 1506 706 1574 Abnegat
734 1517 852 1558 esse
881 1500 1270 1568 deum;linque
1299 1499 1381 1564 iis,
1401 1509 1546 1565 rogo,
1576 1495 1794 1558 moenia,
1824 1493 2033 1562 linque;
2145 1489 2304 1544 Fixus
2330 1492 2379 1544 in
2413 1492 2629 1546 introitu
2662 1491 2795 1561 lapis
2825 1500 2905 1546 est
2935 1511 2948 1542 :
2982 1491 3067 1546 hic
3099 1493 3308 1546 numina
3334 1495 3506 1559 signat

466 1597 535 1650 Et
559 1610 768 1651 mecum
797 1609 946 1664 mage
971 1593 1126 1647 ﬂecte
1152 1601 1329 1655 rotas;
1365 1588 1606 1659 despexit
1634 1589 1814 1655 Agave
2144 1581 2462 1646 Auctorum;
2494 1582 2587 1636 sed
2618 1592 2836 1652 prepter
2861 1598 3016 1652 aqua,
3050 1593 3103 1636 et
3127 1583 3343 1652 vestigia
3371 1597 3550 1651 pressa

465 1687 540 1742 Te
567 1687 767 1754 colere,
792 1697 844 1740 et
874 1691 1084 1740 nosmet
1112 1683 1316 1746 Niobe;
1349 1682 1485 1750 riget
1509 1679 1632 1753 inde
1659 1675 1968 1746 superbum,
2144 1672 2307 1742 39h.
2334 1673 2462 1738 Quae
2493 1674 2661 1742 rapit,
2688 1683 2734 1728 et
2766 1674 2883 1728 fuso
2911 1674 3149 1743 deterget
3177 1674 3383 1742 gurgite
3413 1689 3621 1729 caenum
3651 1692 3667 1730 ;

465 1776 697 1832 Vulnera
728 1787 803 1830 tot
839 1775 1074 1845 patiens,
1106 1782 1234 1844 quot
1257 1779 1459 1842 spectat
1486 1772 1706 1840 pignora
1732 1771 1962 1827 ventris.
2070 1756 2117 1816 Β
2144 1764 2422 1819 Sectilibus
2449 1765 2622 1834 paries
2651 1765 2846 1820 tabulis
2874 1774 3142 1821 crustatus
3164 1766 3228 1819 ad
3260 1781 3421 1820 aurea

466 1869 857 1936 Optantemque
879 1867 1011 1921 mori
1041 1865 1253 1934 gravius
1281 1863 1557 1918 clementia
1587 1861 1725 1914 ﬂxit.
2146 1857 2307 1912 Tecta
2335 1859 2499 1922 venit,
2525 1858 2668 1913 fulvo
2698 1859 2855 1913 nimis
2878 1859 3248 1914 abscondenda
3276 1859 3515 1913 tnetallo.

467 1959 693 2014 Parcere
719 1973 862 2027 saepe
891 1957 1091 2011 malum
1119 1964 1202 2010 est
1223 1998 1236 2022 ,
1269 1967 1592 2021 sensumque
1624 1952 1820 2006 inferre
1849 1949 2040 2005 dolori.
2145 1949 2276 2003 Nam
2303 1949 2534 2019 locuples
2563 1949 2770 2005 fortuna
2794 1949 2983 2005 domus
3015 1966 3119 2005 non
3153 1965 3306 2020 passa
3331 1952 3504 2006 latere
3527 1995 3543 2020 ,

465 2047 584 2116 Ipsa
614 2057 790 2102 autem
822 2057 947 2100 nato
975 2045 1153 2100 occiso
1184 2043 1439 2098 Pentheia
1481 2050 1654 2096 mater
2147 2040 2365 2095 Divitias
2392 2041 2564 2110 prodit
2587 2057 2704 2096 cum
2733 2042 2812 2096 sic
2839 2057 2933 2096 sua
2961 2042 3193 2096 culmina
3222 2043 3384 2097 celat.

466 2141 712 2211 Amplius
749 2149 808 2195 ut
836 2138 1025 2204 furiat,
1059 2135 1296 2208 nunquid
1326 2150 1518 2190 vesana
1547 2133 1720 2188 futura
1749 2131 1866 2187 est?
2219 2132 2342 2186 llaec
2368 2141 2485 2201 post
2509 2133 2758 2203 assurgit,
2795 2119 3174 2202 duplicemque
3201 2133 3514 2202 supervenit
3533 2131 3690 2185 aedem

467 2233 735 2302 Ergonec
759 2232 959 2286 Aonios
989 2229 1153 2284 colles
1182 2228 1420 2282 habitare
1444 2226 1722 2291 valemus,
2147 2223 2405 2290 Porticus,
2437 2225 2548 2292 ipsa
2590 2225 2808 2293 duplex,
2854 2223 3049 2293 duplici
3095 2239 3199 2279 non
3226 2223 3437 2294 cognita
3471 2225 3692 2294 plaustro

466 2328 601 2382 Cum
629 2328 795 2396 patris
819 2325 1338 2408 exstincti.thalamis
1367 2324 1598 2394 potietur
1619 2322 1862 2386 adulter,
2146 2313 2376 2378 Quarum
2406 2329 2563 2368 “nam
2593 2315 2739 2368 ωοιιὶ
2769 2314 3082 2369 ευὺάυοιδῐη
3107 2315 3306 2370 νεῐῑὶοθ
3333 2329 3515 2370 curva“:

467 2419 654 2474 Frater
689 2427 931 2472 natorum
951 2459 966 2484 ,
999 2418 1194 2484 coniux
1227 2415 1502 2485 genitricis
1534 2413 1809 2466 habendus
1829 2452 1844 2476 ,
2145 2411 2393 2466 Obversis
2420 2410 2632 2480 paulum
2660 2419 2966 2480 respectant
2994 2410 3248 2464 cornibus
3280 2411 3398 2466 ahe.

468 2511 700 2565 Vitricus
722 2509 834 2579 ipse
860 2525 1008 2564 suus.
1037 2509 1197 2563 Cordi
1228 2516 1310 2562 est
1336 2507 1378 2560 si
1399 2506 1623 2576 jungere
1649 2519 1890 2574 gressum
1917 2545 1933 2569 ,
2147 2501 2261 2569 Ipsa
2291 2499 2431 2555 diem
2455 2510 2636 2554 natum
2660 2500 2836 2554 cernit
2864 2498 3164 2555 sinuamine
3191 2499 3404 2563 dextro,

467 2600 670 2665 Dicam,
699 2614 801 2667 qua
831 2599 1032 2668 pariter
1059 2598 1238 2652 sedem
1272 2596 1465 2650 tellure
1491 2595 1754 2649 locemus.
2147 2589 2342 2644 Fronte
2368 2590 2552 2645 videns
2579 2589 2836 2655 medium,
2866 2589 2999 2645 laevo
3035 2590 3212 2644 visura
3236 2590 3543 2644 cadentem.

533 2689 562 2728 b
602 2690 697 2744 Est
721 2690 890 2755 locus,
923 2689 1113 2758 irrigua
1143 2703 1244 2758 qua
1272 2701 1406 2756 rupe
1432 2684 1700 2740 Garumna
1729 2692 1929 2748 rotate,
2145 2680 2259 2734 Non
2292 2679 2463 2749 perdit
2490 2680 2773 2750 quidquam
2806 2680 2943 2735 trino
2970 2680 3035 2735 de
3059 2679 3278 2735 cardine
3321 2681 3481 2747 cmli,

465 2781 530 2835 Et
553 2791 628 2849 tu,
665 2782 753 2850 qui
777 2780 936 2834 simili
965 2779 1188 2834 feSIinus
1210 2780 1262 2833 in
1296 2793 1510 2848 mquora
1532 2776 1684 2846 lapsu
2149 2773 2212 2826 Et
2235 2781 2405 2826 totum
2435 2772 2600 2826 solem
2630 2772 2805 2826 lunata
2841 2788 2933 2841 per
2953 2773 3084 2826 atria
3115 2781 3318 2827 servat.

462 2871 620 2936 Exis,
646 2879 860 2926 curvata
889 2870 1085 2924 Durani
1113 2883 1355 2924 muscose
1385 2868 1604 2923 saburra
1627 2906 1643 2933 ,
2144 2865 2305 2921 Sacra
2336 2864 2651 2920 tridentiferi
2682 2864 2830 2919 Jovis
2861 2864 2949 2920 hic
2975 2874 3215 2919 armenta
3245 2863 3521 2934 profundo

463 2962 581 3016 Jam
613 2962 973 3030 pigrescentes
1000 2961 1197 3014 sensim
1227 2959 1551 3030 confunditis
1572 2969 1781 3012 amnes.
2145 2955 2434 3012 Pharnacis
2454 2955 2717 3025 immergit
2740 2955 2979 3024 genitor;
3017 2969 3269 3026 percussa
3300 2957 3479 3010 securi

464 3054 642 3108 Currit
669 3049 719 3106 in
749 3053 1029 3106 adversum
1058 3052 1143 3106 hie
1170 3063 1361 3120 pontus
1381 3097 1394 3118 ,
1423 3053 1696 3120 multoque
1723 3065 1941 3105 recursu
2074 3112 2109 3120 _
2145 3049 2378 3118 Corpora
2397 3047 2766 3118 cornipedum,
2789 3055 3071 3116 certasque
3099 3045 3386 3102 rubescere
3409 3047 3591 3116 plagas

461 3143 703 3196 Flumina
733 3156 864 3210 quas
888 3141 1123 3206 volvunt,
1157 3112 1211 3194 et
1240 3112 1440 3209 spernit
1469 3151 1522 3195 et
1542 3112 1959 3210 expeditundas.
2064 3112 2110 3175 θ
2141 3112 2445 3212 Sanguineo
2469 3141 2536 3196 de
2551 3112 2680 3196 rore
2711 3112 2900 3212 putes;
2932 3112 3038 3194 stat
3066 3140 3307 3195 vulneris
3337 3112 3536 3194 horror

460 3236 528 3288 At
551 3247 673 3285 cum
695 3242 1005 3297 summotus
1035 3230 1307 3285 lunaribus
1337 3231 1680 3286 incrementis
2139 3232 2331 3298 Verus,
2361 3240 2416 3285 et
2437 3231 2629 3286 occisis
2651 3232 2779 3284 vivit
2808 3231 3012 3299 pictura
3037 3229 3332 3298 quadrigis.

461 3321 579 3390 Ipse
601 3321 866 3375 Garumna
895 3336 1020 3374 suos
1051 3321 1101 3374 in
1125 3321 1280 3375 dorsa
1312 3321 1567 3392 recolligit
1599 3331 1782 3384 aestus,
2139 3323 2391 3377 Ponticus
2421 3323 2544 3377 hinc
2575 3332 2750 3377 rector
2781 3321 3082 3376 numerosis
3112 3319 3342 3391 Cyzicon
3383 3319 3554 3375 armis

463 3412 726 3482 Praecipiti
752 3410 914 3465 ﬂuctu
943 3411 1132 3480 raptim
1165 3411 1334 3479 redit,
1363 3425 1522 3482 atque
1545 3412 1754 3467 videtur
2136 3414 2374 3479 Claudit;
2408 3423 2463 3468 at
2489 3415 2613 3468 hinc
2634 3414 2794 3466 sociis
2817 3412 3004 3468 consul
3032 3411 3284 3466 Lucullus
3311 3426 3470 3481 opem
3499 3411 3614 3476 fert,

463 3502 519 3557 ln
545 3503 740 3556 fontem
764 3503 874 3570 jam
914 3517 1018 3556 non
1044 3503 1262 3566 reﬂuus,
1296 3502 1386 3556 sed
1419 3502 1624 3558 deﬂuus
1653 3503 1750 3559 ire.
2136 3504 2563 3575 Compulsusque
2595 3505 2748 3559 famis
2779 3503 3088 3558 discrimina
3123 3518 3332 3559 summa
3361 3503 3579 3569 subire,

460 3596 595 3648 Tum
628 3593 813 3662 recipit
838 3594 1068 3657 laticem,
1100 3594 1341 3663 quamvis
1369 3594 1544 3647 minor
1571 3595 1692 3660 ille,
1720 3593 1927 3650 minore
2137 3598 2342 3654 Invidet
2367 3597 2587 3651 obsesso
2613 3595 2765 3650 miles
2796 3593 3183 3649 Mithridaticus
3211 3593 3372 3675 hosti.

461 3684 739 3753 Stagnanti
778 3684 846 3738 de
869 3683 1030 3739 fratre
1055 3697 1230 3753 suum,
1255 3686 1509 3753 turgescit
1533 3693 1585 3738 et
1611 3683 1725 3752 ipse
2136 3689 2330 3743 Enatat
2356 3689 2440 3741 hic
2460 3687 2674 3756 pelagus
2700 3686 2923 3738 Romani
2956 3685 3139 3738 militis
3165 3684 3347 3752 ardor,

466 3767 700 3829 Oceano,
731 3770 1073 3839 propriasque
1101 3772 1226 3826 facit
1256 3774 1355 3826 sibi
1381 3775 1555 3828 littora
1579 3779 1741 3847 ripas.

2136 3781 2202 3835 Et
2224 3780 2462 3834 chartam
2495 3778 3069 3845 madido'transportat
3099 3790 3326 3845 corpore
3353 3777 3573 3828 siccam.

465 3853 575 3907 "05
601 3855 738 3908 ίηιεΐ
761 3856 979 3942 “ullos.
1009 3860 1099 3912 uni
1129 3877 1280 3932 mage
1309 3867 1582 3934 proximus
1613 3870 1749 3924 unde
1779 3881 1862 3925 ett
2136 3871 2372 3940 Desuper
2401 3871 2453 3924 in
2482 3871 2696 3939 lingum
2735 3869 2996 3937 porrectis
3019 3868 3208 3922 horrea
3244 3867 3396 3921 tectis

464 3943 622 4014 393
646 3944 867 3999 [Ethcra
901 3963 1053 4002 mons
1081 3966 1358 4018 rumpens,
1391 3958 1493 4009 alta
1516 3960 1824 4025 Spectabilis
1852 3977 1996 4030 arce,
2134 3960 2417 4025 Crescunt,
2448 3971 2607 4030 atque
2639 3960 2826 4027 amplis
2855 3966 3142 4027 angustant
3171 3957 3436 4012 fructibus
3469 3957 3610 4011 mdes

463 4033 591 4088 Plus
620 4037 792 4090 celsos
818 4037 1094 4094 habiturus
1126 4043 1305 4108 heros,
1347 4061 1670 4117 vernamque
1698 4062 1960 4108 senatum.
2137 4052 2250 4106 lluc
2274 4053 2452 4106 veniet
2480 4051 2664 4105 calidis
2691 4058 2945 4119 quantum
2975 4050 3126 4103 metit
3150 4049 3327 4103 Africa
3355 4048 3516 4102 terris
3536 4089 3552 4112 ,

461 4128 629 4194 Quem
658 4131 866 4198 generis
891 4132 1138 4202 princeps
1161 4134 1413 4190 Paulinus
1440 4138 1494 4190 Ι).
1516 4142 1658 4193 ntius
1682 4143 1827 4206 olim,
2135 4144 2401 4210 Quantum
2418 4142 2500 4196 vel
2523 4141 2774 4207 Calaber,
2799 4150 3051 4210 quantum
3083 4139 3212 4194 colit
3240 4139 3440 4208 Apulus
3471 4154 3615 4205 acer,

459 4217 588 4271 Cum
615 4218 794 4273 Latius
826 4222 1009 4289 patria:
1037 4223 1397 4278 dominabitur
1423 4267 1435 4289 ,
1459 4228 1650 4281 ambiet
1678 4231 1799 4285 aliis
2134 4233 2340 4300 Quanta
2368 4232 2629 4286 Leontino
2655 4232 2906 4300 turgescit
2930 4231 3119 4284 messis
3147 4245 3363 4294 acervo,

456 4307 737 4376 Moenibus,
766 4320 817 4364 et
839 4311 994 4365 celsae
1020 4314 1378 4367 transmittent
1398 4329 1517 4367 aera
1543 4326 1736 4371 turres.
2134 4325 2399 4389 Quantum
2433 4322 2712 4392 Mygdonio
2734 4321 3073 4375 committunt
3101 4321 3337 4390 Gargara
3368 4321 3552 4385 sulco,

458 4400 689 4464 Quarum
722 4402 1044 4457 culminibus
1068 4404 1288 4458 sedeant
1317 4419 1600 4462 commune
1631 4409 1888 4468 micantes
2062 4471 2108 4487 λ
2137 4416 2296 4487 395
2325 4414 2613 4479 Quantum,
2642 4428 2760 4482 quae
2787 4399 2959 4465 tacitis
2975 4411 3224 4466 Cererem
3244 4419 3496 4466 venerata
3511 4407 3710 4466 choreis

455 4491 684 4560 Pompa,-
711 4491 794 4546 vcl
834 4491 1124 4558 auxilium;
1159 4506 1266 4545 non
1296 4490 1416 4544 illos
1448 4491 1690 4546 machina
1717 4509 1897 4551 muros
2061 4471 2113 4532 Β
2138 4471 2311 4559 Attica
2341 4471 2672 4573 Triptolemo
2697 4503 2798 4556 civi
2827 4501 3087 4556 condebat
3111 4500 3327 4556 Eleusin
3347 4505 3366 4566 ‘,

455 4583 570 4637 Non
603 4584 759 4648 aries,
793 4600 895 4639 non
921 4587 1024 4640 alta
1056 4596 1260 4652 strues,
1286 4587 1372 4641 vel
1406 4589 1680 4655 proximus
1706 4603 1885 4658 agger,
2138 4593 2270 4648 Cum
2299 4595 2507 4662 pepulis
2530 4594 2803 4648 hominum
2835 4592 3081 4661 glandem
3109 4592 3467 4660 linquentibus
3494 4592 3618 4646 olim

455 4673 569 4729 Non
601 4689 718 4741 quae
757 4675 1044 4730 stridentes
1074 4685 1284 4746 torquet
1306 4679 1570 4747 catapulta
1601 4681 1853 4746 molares,
2139 4686 2300 4740 Fulva
2333 4685 2481 4754 fruge
2507 4685 2624 4738 dati
2647 4686 2757 4754 jazn
2789 4686 2983 4738 sacula
3016 4684 3160 4738 fulva
3193 4684 3434 4752 perirent

455 4765 559 4820 Sed
586 4780 682 4819 nec
715 4766 945 4832 ῑθειυάο»
977 4783 1074 4822 nec
1104 4769 1276 4834 Vinea,
1308 4786 1407 4826 nec
1428 4781 1542 4824 reta
1573 4786 1814 4842 currens,
2211 4780 2453 4836 Porticus
2484 4781 2548 4831 ad
2579 4779 2784 4848 gelidos
2815 4788 2963 4846 patet
2995 4778 3118 4832 hinc
3144 4779 3331 4831 :rstiva
3360 4777 3583 4833 triones.

452 4855 569 4910 Jatn
601 4857 786 4926 positis
812 4856 966 4910 scalis
995 4873 1221 4925 unquam
1247 4874 1502 4926 quassare
1533 4863 1808 4917 valebunt.

2139 4872 2268 4926 llinc
2294 4873 2438 4926 calor
2465 4872 2726 4924 innocuus
2755 4871 2978 4924 thermis
3008 4869 3323 4923 hiemalibus
3351 4870 3479 4934 exit,

433 4995 439 5002 .
523 4948 887 5018 Cernerejam
913 4950 1096 5004 videor
1121 4967 1239 5020 quae
1269 4953 1374 5006 sint
1402 4953 1517 5018 tibi,
1545 4955 1736 5024 Burge,
1766 4958 1956 5011 futura.
2139 4965 2309 5034 Atque
2339 4965 2516 5018 locum
2551 4972 2759 5030 tempus
2787 4961 2991 5027 mollit;
3021 4961 3216 5030 quippe
3248 4942 3335 5014 illa
3364 4962 3524 5029 rigori

453 5040 656 5094 Diceris
685 5040 794 5106 sic;
828 5055 1054 5111 namque
1084 5041 1272 5097 domus
1294 5043 1360 5098 de
1384 5044 1605 5099 ﬂumine
1636 5057 1886 5116 surgunt,
2142 5056 2268 5110 Pars
2293 5062 2374 5109 est
2403 5063 2522 5122 apta
2551 5053 2752 5122 magis;
2785 5067 2906 5105 nam
2939 5050 3077 5120 quod
3107 5050 3238 5118 fugit
3267 5065 3364 5104 ora
3388 5051 3586 5111 leonis;

452 5132 904 5202 Splendentesque
939 5135 1125 5188 sedent
1156 5151 1250 5205 per
1281 5140 1676 5206 propugnacula
1710 5143 1953 5196 thermae.
2143 5148 2266 5202 Inde
2289 5146 2570 5214 Lycaoniae
2600 5145 2802 5198 rabiem
2833 5143 2971 5198 male
2997 5143 3223 5197 sustinet
3248 5157 3409 5196 ursat.

453 5223 549 5276 llic
571 5238 693 5277 cum
718 5235 940 5277 vexatur
971 5224 1131 5292 piceis
1164 5228 1503 5294 aquilonibus
1529 5240 1712 5297 aestus,
2140 5240 2294 5291 Areis
2315 5249 2368 5290 at
2391 5238 2441 5289 in
2468 5238 2706 5290 thermas
2729 5236 2885 5302 longe
2915 5233 3064 5287 venit
3094 5232 3250 5286 altior
3272 5231 3468 5297 amnis,

452 5316 719 5386 Scrttpeus
745 5323 955 5385 asprata
986 5315 1179 5370 latrare
1215 5319 1484 5388 crepidine
1517 5337 1710 5390 pumex
2143 5331 2206 5384 Et
2226 5331 2366 5384 cadit
2393 5330 2445 5384 in
2475 5340 2731 5395 montem,
2762 5326 3062 5397 patulisque
3089 5324 3364 5378 canalibus
3381 5332 3545 5392 actus,

591 5471 937 5559 Rectius‘alii,
972 5473 1072 5559 Ific
1103 5486 1147 5526 et
1175 5474 1443 5529 crinisatas
1474 5494 1492 5531 :
1523 5489 1769 5550 tanquam
1802 5500 1864 5538 ex
1902 5486 2027 5554 ipsis
2135 5492 2277 5554 sive,
2311 5500 2366 5545 ut
2410 5488 2699 5559 Gregorius
2748 5485 2813 5540 ad
2838 5484 3200 5559 hodiernum
3227 5481 3338 5559 fere
3381 5493 3564 5559 sonum
3611 5474 3698 5559 lii}.

453 5539 634 5607 Pegasi
662 5542 895 5597 crinibus
929 5553 1096 5597 natas.
1630 5539 1644 5550 ’
1919 5539 1934 5554 ⁸
2011 5539 2020 5540 ί

529 5611 674 5631 ’μ’
721 5612 744 5631 ι.
783 5613 884 5631 η“.ν
935 5617 966 5631 .I
1036 5615 1068 5631 ,’
1241 5615 1269 5631 Λ
1405 5619 1416 5629 ο
1559 5619 1596 5631 ἰ
1743 5622 1770 5631 ,α
1923 5624 1952 5631 .-

2129 5539 2566 5631 {sin'tiuiictﬁiai‘j
2583 5539 2918 5615 Dor—ettoniat.
2946 5555 3092 5610 Nunc
3119 5553 3260 5609 enim
3277 5552 3594 5609 Dordoniam
3624 5545 3697 5600 di-

529 5611 681 5680 155
721 5612 1100 5687 b_'l‘o;mthesia
1136 5615 1510 5671 ροηίιιιιιηιίιιιη
1559 5619 1771 5674 Duranii
1823 5634 1875 5677 et
1914 5624 2022 5678 Ga-

455 5697 678 5748 tumuaa,
719 5682 802 5737 ubi
834 5685 988 5740 sitam
1029 5688 1254 5744 diximus
1295 5688 1524 5760 Burgum
1557 5691 1609 5746 in
1654 5693 1770 5760 ripa
1803 5694 2017 5749 Duranii
