4002 6188
268 306 387 363 729

265 415 599 475 Circumfert
625 414 865 471 clausum
893 426 1024 468 cava
1057 428 1152 483 per
1181 412 1411 468 divortia
1438 412 1655 468 flumen.

343 507 637 562 Occiduum
667 505 734 559 ad
765 505 957 569 solem,
984 512 1102 573 post
1132 505 1343 570 horrea,
1371 505 1537 573 surgit
1567 520 1729 573 Opaca

260 598 403 664 Qua
425 597 654 651 dominis
670 595 892 649 hiberna
914 594 1135 657 domus;
1164 596 1354 662 strepit
1388 595 1472 648 hic
1488 597 1623 649 bona
1651 596 1866 649 flamma

263 689 558 759 Appositas
589 687 807 756 depasta
844 684 1055 750 trabes;
1096 686 1301 739 sinuati
1333 684 1548 740 camino

260 782 526 837 Ardentis
556 779 699 849 perit
729 776 871 832 unda
901 778 1074 846 globi,
1110 776 1386 846 fractoque
1418 777 1631 847 flagello

260 871 487 941 Spargit
520 880 545 907 λ
572 871 835 924 lentatum
862 882 957 936 per
986 868 1217 921 culmina
1244 878 1351 921 tota
1383 882 1656 936 vaporem.

259 962 589 1015 Continuata
609 959 802 1015 dehinc
833 957 1038 1023 videas,
1063 974 1183 1028 quae
1210 957 1457 1011 conditor
1482 973 1647 1013 ausus

260 1053 488 1109 IEmula
518 1052 772 1107 Palladiis
798 1050 1034 1106 textrina
1058 1050 1289 1104 educere
1310 1050 1539 1117 templis.

259 1145 377 1201 Hac
410 1145 541 1201 celsi
571 1142 838 1213 quondam
861 1142 1056 1212 conjux
1086 1143 1391 1195 veneranda
1424 1142 1647 1208 Leonti,

260 1235 377 1301 Qua
404 1249 512 1289 non
545 1233 654 1289 ulla
684 1224 1049 1301 magis'nurus
1077 1246 1311 1301 unquam
1344 1231 1533 1285 Pontia
1561 1232 1756 1302 gaudet

259 1326 496 1381 lllustris
527 1340 624 1395 pro
646 1334 796 1380 sorte
825 1323 955 1389 viri,
998 1322 1364 1378 celebrabitur
1396 1322 1511 1378 aede

260 1417 357 1473 Vel
391 1417 579 1489 Syrias
608 1429 865 1473 vacuasse
894 1415 1065 1479 colus,
1099 1415 1180 1469 vel
1212 1415 1383 1470 serica
1421 1415 1509 1469 fila

259 1507 364 1562 Per
391 1520 598 1561 cannas
620 1507 843 1562 torsisse
869 1507 1039 1571 leves,
1074 1505 1158 1560 vel
1183 1506 1410 1560 Stamine
1438 1504 1582 1560 fulvo

258 1597 601 1667 Prmgnantis
629 1596 729 1651 fusi
762 1598 1027 1651 mollitum
1056 1611 1217 1652 nesse
1244 1597 1543 1651 metallum.

256 1688 570 1743 Parietibus
598 1695 717 1756 post
741 1688 866 1742 hinc
893 1688 1077 1742 rutilat
1104 1703 1223 1758 qua“:
1247 1688 1491 1742 machina
1519 1687 1756 1758 junctis,

256 1778 395 1834 Fert
425 1780 777 1834 recutitorum
800 1778 1089 1849 primordia
1115 1778 1447 1833 Judzeorum.

256 1872 591 1942 Perpetuum
622 1872 826 1940 pictura
858 1871 1041 1935 micat,
1070 1886 1169 1926 nec
1200 1880 1441 1941 tempore
1462 1871 1621 1940 longo

261 1964 583 2034 Depretiata
613 1979 738 2018 suas
763 1971 982 2032 turpant
1008 1964 1277 2032 pigmenta
1310 1962 1535 2030 figuras.

258 2054 527 2111 Flecteris
559 2054 623 2107 ad
648 2054 879 2109 Imvam?
910 2062 961 2109 te
988 2054 1227 2123 porticus
1255 2053 1453 2122 accipit
1477 2056 1654 2122 ampla

254 2148 427 2218 396
456 2145 685 2202 Directis
706 2155 924 2200 curvata
955 2146 1087 2211 viis;
1117 2146 1206 2200 ubi
1238 2134 1478 2215 margine
1507 2161 1718 2200 summo

252 2242 488 2303 l‘endet,
521 2248 575 2293 et
598 2239 812 2293 arctatis
844 2247 947 2292 stat
975 2253 1142 2293 saxea
1166 2237 1301 2291 silva
1325 2237 1606 2293 columnis.

253 2331 379 2386 Alta
408 2330 737 2385 volubilibus
764 2339 910 2400 patet
940 2328 1068 2385 hinc
1088 2329 1321 2385 cmnatio
1351 2329 1539 2383 valvis.

253 2422 459 2476 Fusilis
504 2422 723 2492 euripus
754 2419 1001 2491 propter;
1034 2421 1177 2476 cadit
1206 2421 1343 2475 undi
1378 2435 1611 2490 superne

250 2517 402 2569 Ante
431 2513 579 2569 fores
607 2513 876 2583 pendente
898 2513 1037 2583 lacu,
1070 2527 1368 2583 venamque
1391 2512 1561 2567 secuti

255 2604 481 2659 Undosa
505 2604 783 2658 inveniunt
812 2614 1004 2659 nantes
1030 2605 1306 2659 cmnacula
1338 2606 1536 2674 pisces.

250 2694 522 2750 Cominus
547 2694 771 2764 erigitur
791 2694 875 2749 vel
902 2695 1097 2764 prima,
1131 2694 1213 2750 vel
1238 2695 1435 2751 extima
1468 2694 1650 2747 turris.

248 2788 400 2843 Mors
430 2788 537 2842 erit
563 2787 650 2841 hic
680 2786 914 2841 dominis
944 2787 1226 2842 hibernum
1251 2788 1418 2856 sigma
1451 2787 1659 2853 locare;

248 2878 430 2947 Hujus
456 2878 751 2945 conspicuo
773 2878 1014 2933 residens
1039 2881 1090 2932 in
1121 2880 1375 2943 culmine,
1409 2893 1555 2947 saepe

249 2970 529 3026 Dilectum
555 2970 755 3024 nostris
784 2969 950 3024 musis
972 2970 1131 3024 simul
1160 2979 1321 3039 atque
1342 2970 1568 3040 capellis

248 3061 536 3132 Aspiciam
571 3069 807 3115 montem
840 3060 975 3114 lauri
1009 3076 1022 3112 :
1050 3059 1322 3129 spatiabor
1350 3061 1402 3114 in
1430 3061 1549 3115 istis

249 3150 604 3219 Frondibus,
669 3150 756 3205 hic
803 3148 1065 3218 trepidam
1115 3149 1333 3204 credam
1382 3151 1514 3205 mihi
1565 3151 1788 3206 credere

1463 3241 1785 3311 [Daphnem.

247 3335 371 3390 Jam
394 3334 441 3390 si
473 3332 612 3389 forte
640 3332 837 3402 gradus
861 3333 1129 3403 geminam
1158 3333 1432 3388 convertis
1461 3333 1528 3386 ad
1548 3333 1781 3399 Arcton,

248 3428 319 3485 Ut
349 3428 543 3483 venias
574 3425 626 3481 in
667 3427 859 3495 templa
893 3426 1011 3496 dei,
1045 3429 1137 3497 qui
1173 3427 1439 3480 maximus
1466 3425 1553 3479 ille
1580 3438 1659 3480 εει
1696 3443 1708 3479 :

246 3518 480 3573 Deliciis
498 3517 743 3571 redolent
765 3518 965 3587 junctis
991 3519 1249 3586 apotheca
1284 3531 1577 3586 penusque.

248 3609 353 3665 llic
396 3608 596 3662 multus
622 3616 678 3662 tu
708 3608 875 3663 frater
902 3608 1014 3663 eris
1061 3612 1179 3666 Jam
1208 3608 1386 3662 divide
1408 3608 1612 3671 sedem,

246 3702 525 3756 Cessurus
549 3700 677 3755 mihi
707 3701 853 3754 fonte
885 3715 1029 3762 meo,
1056 3715 1216 3769 quem
1247 3707 1429 3755 monte
1460 3696 1710 3753 fluentem

247 3792 489 3847 Umbrat
518 3792 835 3847 multicavus
864 3791 1098 3861 spatioso
1128 3793 1314 3846 circite
1348 3792 1542 3846 fornix.

246 3883 372 3938 Non
398 3893 519 3952 eget
542 3882 629 3936 hic
651 3882 818 3947 cultu,
843 3882 993 3937 dedit
1026 3882 1149 3936 huic
1175 3892 1366 3935 natura
1401 3884 1674 3936 decorem.

246 3974 333 4029 Nil
374 3973 557 4027 fictum
588 3974 849 4041 placuisse
873 3974 1068 4043 placet,
1093 3989 1199 4028 non
1230 3988 1421 4044 pompa
1454 3988 1549 4042 per
1570 3982 1740 4027 artem

246 4066 400 4132 Ulla,
433 4067 713 4121 resultanti
743 4082 848 4121 non
880 4075 1061 4122 comet
1083 4068 1305 4122 malleus
1348 4068 1457 4121 ictu

246 4158 434 4225 Saxa,
468 4173 569 4214 nec
591 4173 810 4214 exesum
833 4160 1157 4229 supplebunt
1186 4172 1453 4213 marmora
1485 4156 1730 4229 t0phum.

244 4253 350 4308 llic
378 4253 499 4307 fons
526 4252 773 4309 Castalia:
802 4254 956 4309 nobis
985 4254 1102 4308 vice
1127 4254 1325 4309 sufficit
1353 4254 1528 4318 undae,

245 4341 463 4399 Caetera
486 4343 636 4398 dives
660 4344 795 4399 habe
830 4362 846 4401 :
873 4345 1040 4399 colles
1071 4353 1158 4399 tua
1188 4345 1308 4414 jura
1337 4346 1673 4400 tremiscant.

1754 300 2083 358 CARMINA.

3450 301 3552 362 750

1902 420 1950 476 Α
1986 412 2241 483 Captivos
2264 412 2351 469 hic
2375 412 2527 469 solve
2558 421 2698 480 tuos,
2731 422 2786 468 et
2814 427 2910 483 per
2930 414 3057 485 juga
3089 414 3245 486 Burgi

1896 1786 1941 1844 Β

1886 3150 1932 3212 C

1979 507 2123 561 Laeta
2158 507 2411 562 relaxata:
2443 507 2572 560 fiant
2601 506 2779 560 vincta
2813 517 3038 561 catenae.

2044 598 2343 653 Conﬁrmat
2368 613 2553 653 vocem
2573 597 2792 667 jamjam
2822 612 2985 667 prope
3014 597 3228 653 sobrius
3258 598 3414 653 istam

1974 690 2207 756 Silenus,
2241 692 2545 760 pariterque
2583 690 2735 744 chori
2776 691 3021 744 cecinere
3051 694 3310 744 faventes.

1972 780 2112 851 Nysa
2144 781 2261 835 vale
2288 779 2524 846 Bromio,
2558 779 2762 833 Phoebo
2792 779 3060 833 Parnasse
3088 778 3349 833 bivertex.

1971 871 2088 926 Non
2119 871 2264 925 illum
2296 870 2505 938 Naxus,
2539 886 2642 924 non
2674 871 2836 925 istum
2869 868 3074 939 Cyrrha
3115 868 3392 937 requirat:

1971 962 2129 1033 397
2163 961 2270 1018 Sed
2306 975 2459 1031 mage
2501 968 2760 1031 perpetuo
2790 960 2996 1029 Burgus
3036 958 3297 1029 placitura
3330 965 3561 1028 petatur.

2042 1173 2196 1238 Ecce,
2233 1174 2425 1241 quoties
2458 1172 2547 1226 tibi
2580 1173 2781 1226 libuerit
2806 1174 2995 1243 pateris
3029 1172 3385 1243 capacioribus
3415 1172 3558 1227 hila-

1968 1283 2084 1321 rare
2112 1266 2415 1331 convivium,
2444 1265 2557 1318 misi
2596 1264 2733 1335 quod
2763 1265 2895 1318 inter
2932 1263 3152 1334 scyphos
3190 1273 3236 1318 et
3280 1266 3562 1333 amystidas

1970 1370 2080 1415 tuas
2112 1358 2272 1431 legas.
2310 1358 2613 1413 Subveneris
2648 1357 2967 1411 verecundia
3005 1373 3150 1423 mete,
3190 1358 3236 1412 si
3271 1358 3325 1412 in
3362 1356 3561 1411 sobrias

1970 1467 2122 1505 aures
2150 1451 2250 1506 ista
2280 1465 2382 1503 non
2405 1448 2667 1513 venerint;
2695 1464 2787 1501 nec
2818 1448 3011 1517 injuria
3038 1447 3133 1501 hoc
3159 1465 3219 1501 ac
3244 1463 3384 1501 secus
3413 1455 3560 1515 atque

1967 1559 2168 1609 (equum
2210 1552 2283 1596 est
2330 1542 2507 1613 ﬂagito
2539 1557 2558 1595 :
2589 1539 3002 1610 quandoquidem
3035 1539 3238 1594 Baccho
3282 1555 3391 1593 meo
3412 1538 3558 1610 judi-

1966 1636 2101 1687 cium
2134 1633 2466 1687 decemvirale
2496 1648 2735 1701 passuro,
2775 1632 3119 1702 tempestivius
3145 1647 3299 1702 quam
3325 1630 3560 1685 convenit

1970 1725 2194 1779 tribunal
2217 1726 2451 1795 erigitur.
2482 1724 2545 1779 Si
2573 1724 2686 1795 quis
2707 1732 2878 1777 autem
2904 1739 3111 1776 carmen
3141 1723 3393 1795 prolixius
3418 1731 3560 1777 eate-

1969 1835 2064 1872 nus
2091 1818 2297 1872 duxerit
2325 1834 2432 1871 esse
2459 1816 2798 1886 culpandum,
2821 1814 2958 1883 quod
2980 1816 3358 1886 epigrammatis
3389 1829 3559 1868 exces-

1963 1909 2087 1962 serit
2122 1909 2449 1977 paucitatem,
2496 1908 2653 1960 istum
2692 1905 2893 1974 liquido
2934 1914 3104 1974 patet,
3151 1921 3311 1974 neque
3353 1904 3559 1960 balneas

1966 2000 2191 2065 Etrusci,
2226 2016 2385 2068 neque
2410 1998 2692 2053 Herculem
2723 1997 3109 2063 Surrentinum,
3138 2009 3300 2067 neque
3326 1995 3354 2034 δ
3386 2012 3560 2052 comas

1964 2088 2135 2144 Flavii
2173 2088 2387 2157 Earini,
2434 2105 2601 2158 neque,
2642 2088 2814 2158 Tybur
2862 2087 3094 2156 Vopisci,
3142 2103 3301 2158 neque
3346 2088 3558 2143 omnino

1962 2181 2243 2251 quidquam
2287 2180 2350 2234 de
2378 2178 2591 2250 Papinii
2634 2180 2795 2233 nostri
2836 2178 3032 2233 silvulis
3079 2176 3333 2232 lectitasse
3377 2194 3397 2233 :
3433 2195 3560 2248 quas

1965 2290 2138 2329 omnes
2191 2272 2556 2343 descriptiones
2599 2272 2675 2325 vir
2721 2272 2808 2325 ille
2845 2270 3399 2342 prtejudicatissimus,
3454 2286 3559 2324 non

1963 2364 2298 2420 distichorum
2341 2374 2431 2418 aut
2475 2362 2884 2419 tetrastichorum
2922 2364 3125 2435 stringit
3169 2363 3441 2433 angustiis,
3471 2363 3560 2417 sed

1962 2459 2155 2528 potius,
2200 2464 2257 2509 ut
2303 2455 2495 2526 lyricus
2526 2452 2748 2507 Flaccus
2788 2454 2843 2507 in
2890 2453 3016 2507 artis
3058 2452 3268 2523 poetica:
3308 2451 3560 2506 volumine

1962 2550 2217 2620 prtecipit,
2246 2549 2426 2601 multis
2456 2547 2738 2616 iisdemque
2762 2545 3031 2614 purpureis
3057 2544 3402 2597 communium
3423 2557 3560 2614 pan-

1962 2640 2040 2693 nis
2065 2638 2222 2692 semel
2263 2636 2529 2690 inchoatas
2571 2634 2815 2687 materias
2864 2633 3097 2686 decenter
3135 2632 3383 2687 extendit.
3430 2629 3559 2683 Haec

1962 2749 2042 2786 me
2075 2731 2143 2784 ad
2178 2728 2487 2801 defensionis
2522 2727 2813 2797 exeniplum
2837 2726 3065 2797 posuisse
3101 2725 3343 2795 sufﬁciat,
3366 2740 3427 2778 ne
3448 2723 3558 2779 haec

1960 2825 2072 2893 ipsa
2100 2821 2435 2894 longitudinis
2462 2818 2755 2890 deprecatio
2782 2818 2934 2888 longa
2964 2816 3222 2872 videatur.
3261 2814 3412 2873 Vale.

2500 2996 2783 3053 CABMEN
2821 2992 3009 3051 XXIII.

2005 3122 2026 3151 ⁸
2055 3125 2247 3167 ΝΑιιιιο.
2280 3126 2348 3165 Δί)
2376 3123 2710 3165 αοκδειιτιωι
2748 3123 2800 3161 ν.
2832 3122 2883 3162 C.
2916 3122 3077 3162 CIVBI
3113 3119 3516 3163 NABBONENSBI.

2040 3245 2174 3302 Cum
2200 3245 2311 3315 jam
2343 3259 2442 3314 pro
2468 3244 2674 3298 meritis
2717 3243 2822 3298 tuis
2854 3256 3099 3311 pararem

1962 3341 2254 3408 Consenti,
2284 3340 2533 3395 columen
2564 3338 2838 3407 decusque
2868 3352 3111 3399 morum,

1963 3431 2128 3501 398
2160 3431 2365 3485 Vestra:
2391 3428 2637 3482 laudibus
2664 3425 3048 3494 hospitalitatis

1962 3521 2189 3576 Cautum
2228 3520 2538 3589 impendere
2580 3517 2831 3588 pauperis
2864 3517 3090 3581 cicutae;

1966 3611 2117 3667 Ultro
2144 3612 2198 3665 in
2228 3610 2468 3665 carmina
2500 3620 2554 3663 tu
2586 3608 2767 3663 tubam
2801 3606 3085 3661 recludens
3107 3646 3123 3673 ,

1961 3699 2238 3765 Converso
2263 3698 2476 3766 ordine,
2505 3697 2752 3752 versibus
2777 3694 2951 3751 citasti

1961 3795 2183 3851 Suctum
2215 3793 2403 3848 ludere
2429 3794 2507 3848 sic
2534 3792 2703 3861 magis
2733 3790 2998 3845 sodalem.

1962 3887 2127 3943 Paret
2158 3899 2307 3939 musa
2340 3884 2466 3950 tibi;
2499 3884 2591 3938 sed
2622 3882 2990 3952 impudentem

1960 3977 2126 4032 Mulio
2153 3975 2365 4031 cautius
2391 3973 2514 4028 hinc
2541 3974 2736 4045 stylum
2768 3970 3023 4027 movebit.

1960 4069 2091 4123 Nam
2121 4081 2240 4122 cum
2268 4065 2503 4121 carmina
2536 4065 2773 4134 postules
2804 4063 3032 4128 diserte,

1960 4158 2165 4215 Suades
2197 4157 2436 4213 scribere
2456 4198 2469 4222 ,
2498 4156 2590 4210 sed
2618 4155 2747 4210 facis
2780 4163 2978 4208 tacere.

1960 4250 2140 4320 Nuper
2165 4247 2601 4319 quadrupedante
2630 4260 2749 4301 cum
2780 4244 2943 4298 citato

1963 4340 2105 4407 lres,
2133 4338 2161 4377 ἀ
2188 4340 2446 4408 Phocida,
2480 4338 2795 4406 Sestiasque
2826 4336 2980 4389 Baias

324 4487 354 4515 ι
390 4477 502 4548 Per
529 4478 764 4548 tubulos
802 4479 1054 4533 nimirum
1096 4479 1390 4548 parietibus
1436 4480 1760 4548 impressos,
1792 4487 1847 4531 ut
1876 4479 1931 4539 D
1960 4475 2253 4548 bilissimos
2278 4485 2332 4548 et
2355 4474 2691 4528 doctissimos
2714 4473 2912 4535 tulerit,
2939 4471 3077 4548 hunc
3101 4468 3274 4539 ipsum
3295 4469 3360 4524 ad
3381 4484 3541 4548 quem

246 4547 495 4619 loquitur
516 4547 719 4603 Seneca
751 4551 908 4618 epist.
934 4551 1024 4605 9t).
1052 4547 1225 4619 Atque
1263 4553 1335 4603 ita
1372 4547 1628 4619 legendus
1648 4590 1662 4614 ,
1682 4548 1843 4619 inti-l-

246 4617 610 4686 Iigendusque
644 4617 845 4673 Plinius
867 4621 1048 4688 junior
1078 4617 1170 4673 lib.
1217 4636 1253 4673 ll
1275 4660 1289 4683 ,
1318 4617 1473 4684 epist.
1511 4622 1575 4675 17
1608 4637 1624 4675 :
1656 4618 1843 4671 Adita:-

246 4700 325 4741 ret
355 4689 713 4743 dormitorium
743 4692 1020 4743 membrum
1039 4732 1053 4755 ,
1085 4692 1300 4744 transitu
1322 4689 1843 4761 in!erjacente;quod

248 4775 559 4828 suspensum
584 4767 630 4813 et
674 4761 992 4831 tabulatum,
1042 4771 1337 4831 conceptum
1382 4759 1619 4829 vaporem
1648 4759 1843 4816 salubri

249 4839 654 4899 temperamento
679 4830 777 4882 huc
806 4832 929 4883 illuc
951 4832 1134 4901 digerit
1166 4830 1211 4886 et
1240 4832 1520 4887 ministrat.

322 4929 353 4967 ιι
386 4932 461 4984 Ita
506 4932 741 5001 reposui,
786 4947 884 5001 pro
916 4932 1101 4987 Cumas
1140 4929 1228 4985 Fl.
1256 4932 1456 4999 Sabini,
1502 4934 1643 5000 quod
1684 4942 1839 4989 antea

246 5000 553 5073 legebatur.
590 5002 772 5072 Neque
790 5000 959 5057 dubia
989 5004 1313 5069 emendatio,
1343 5018 1465 5057 cum
1496 5004 1657 5059 Silvae
1687 5005 1842 5073 Papi-

248 5074 429 5146 niannz
462 5071 560 5146 lib.
588 5089 643 5125 ιιι
691 5071 1058 5146 argumentum
1090 5074 1159 5126 sit
1185 5074 1348 5146 coma
1380 5074 1560 5129 Earini
1592 5093 1605 5129 :
1637 5075 1704 5129 de
1734 5071 1838 5146 qua

245 5151 305 5196 et
334 5142 592 5195 Martialis
620 5153 797 5197 exstat
828 5144 1177 5213 epigramma,
1210 5144 1304 5199 lib.
1337 5160 1412 5199 Ix.

328 5252 353 5279 ε
381 5241 636 5296 Sidonius
667 5242 966 5297 Narbonem
1000 5243 1127 5296 olim
1163 5243 1454 5311 profectus,
1496 5260 1615 5299 cum
1648 5246 1840 5300 Imma-

250 5312 399 5365 niter
435 5320 685 5381 acceptus
728 5312 1043 5380 habitusque
1072 5326 1213 5368 esset
1253 5329 1283 5367 a
1312 5314 1619 5380 Consentio,
1657 5317 1844 5371 decre-

248 5392 407 5435 verat
438 5380 635 5455 boSpiti
676 5398 779 5455 suo
803 5386 1026 5450 gratiam
1068 5384 1180 5438 suis
1221 5385 1465 5439 versibus
1511 5388 1839 5455 rependere;

247 5467 378 5504 cum
428 5453 573 5520 prior
600 5452 689 5507 ille
736 5454 941 5521 aliquot
981 5458 1276 5507 carminum
1322 5456 1521 5523 eclogis
1567 5452 1841 5511 Sidonium

248 5525 591 5593 provocavit.
636 5524 769 5578 Tum
811 5540 938 5592 ergo
978 5539 1194 5578 carmen
1237 5525 1337 5579 hoc
1376 5526 1441 5579 ad
1486 5526 1631 5580 illum
1678 5528 1840 5593 misit,

248 5606 366 5659 quo
387 5591 989 5671 .Narbonem_mirilicis
1038 5595 1302 5671 laudibus,
1350 5596 1454 5671 sed
1490 5612 1607 5671 non
1640 5599 1740 5652 alia
1786 5591 1845 5652 re

249 5664 430 5731 magis
462 5666 816 5735 commendat,
847 5680 1003 5737 quam
1032 5665 1173 5736 quod
1202 5664 1522 5723 Consentius
1563 5670 1706 5724 cives
1750 5684 1843 5724 no-

1955 4546 2167 4610 scribit,
2200 4556 2253 4599 et
2285 4546 2399 4613 ejus
2431 4554 2634 4612 patrem
2665 4562 2677 4595 :
2709 4556 2930 4609 quorum
2974 4542 3250 4613 utriusque
3297 4543 3543 4613 meminit

1954 4615 2049 4671 lib.
2084 4632 2157 4681 ix,
2188 4611 2346 4684 epist.
2381 4611 2477 4681 l3;
2508 4615 2576 4668 ad
2606 4614 2774 4667 lilium
2819 4621 2997 4666 autem
3027 4611 3150 4665 data
3180 4618 3264 4666 est
3290 4612 3448 4681 epist.
3480 4614 3541 4683 4,

1956 4686 2050 4740 lib.
2084 4701 2196 4739 vul.

2023 4754 2051 4793 ἀ
2073 4755 2357 4811 Massiliam
2380 4762 2434 4808 et
2452 4752 2630 4823 Aquas
2654 4754 2883 4810 Sextias.
2911 4751 3319 4809 Massiliensium
3350 4750 3539 4823 urbem

1951 4842 1981 4881 a
2004 4827 2419 4882 Phocaeensibus
2438 4821 2575 4879 Asia:
2600 4826 2808 4894 p0pulis
2836 4826 3102 4880 conditam
3125 4831 3352 4894 constat.
3377 4821 3537 4877 Aliud

1952 4909 2130 4952 autem
2164 4896 2375 4953 fuerunt
2404 4893 3056 4961 Φωκαεῖξμρὴοοίῐξειιεες,
3091 4908 3122 4947 a
3155 4893 3378 4947 Phocaea
3408 4894 3540 4948 urbe

1952 4968 2123 5033 Asiae;
2156 4968 2297 5021 aliud
2327 4977 2530 5031 Φωκεῖς,
2550 4967 2872 5030 Phocenses,
2903 4982 2930 5017 a
2963 4964 3213 5027 Phocide,
3242 4979 3360 5031 quae
3389 4963 3537 5031 regio

1952 5038 2050 5092 fuit
2080 5040 2131 5092 in
2166 5039 2403 5093 Hellade.
2448 5039 2549 5092 Sed
2583 5039 2754 5101 multi,
2786 5038 2946 5091 etiam
2977 5034 3199 5103 antiqui,
3236 5034 3539 5089 Phocenses

1950 5119 2004 5163 et
2038 5108 2323 5163 Phocidem
2358 5117 2760 5175 nuncuparunt,
2794 5123 2858 5161 ex
2890 5123 2992 5175 qua
3024 5106 3127 5159 orti
3158 5104 3534 5174 Massilienses,

1952 5180 2032 5234 vel
2067 5193 2278 5232 nomma
2307 5174 2715 5241 confundentes,
2738 5180 2822 5232 vel
2854 5174 3148 5231 historiam.
3176 5174 3330 5229 Baias
3356 5183 3533 5230 autem

1949 5250 2151 5315 calidas
2197 5264 2385 5303 omnes
2430 5265 2457 5302 a
2485 5263 2596 5315 ,uas
2644 5250 2927 5311 dicebant,
2983 5247 3050 5300 ab
3100 5246 3205 5299 illis
3249 5245 3533 5315 Campanis

1951 5308 2211 5384 omnium,
2243 5332 2300 5372 ut
2326 5308 2597 5385 Eunapius
2626 5321 2834 5384 scribit,
2868 5308 2979 5372 toto
3011 5317 3139 5370 orbe
3167 5308 3533 5385 nobilissimis.

1950 5390 2126 5456 Quare
2157 5382 2321 5457 Aquis
2363 5382 2579 5454 Sexiiis,
2613 5389 2754 5455 quod
2799 5382 2851 5444 in
2894 5388 2959 5442 iis
3000 5388 3219 5457 thermae
3248 5392 3455 5457 ess_cn_t,_
3480 5382 3536 5438 id

1953 5453 2113 5515 etiam
2144 5453 2336 5513 nomen
2368 5453 2574 5530 obtigit.
2605 5453 2815 5530 Sextias
2842 5468 3018 5513 autem
3047 5472 3077 5509 a
3103 5456 3285 5530 sextio
3310 5453 3536 5507 Calvino

1952 5530 2145 5597 dictas,
2171 5531 2260 5599 qui
2290 5524 2505 5599 primus
2524 5530 2708 5585 urbem
2751 5528 2895 5599 illam
2928 5540 3080 5599 muro
3122 5524 3309 5585 cinxit.
3348 5536 3536 5599 utnnes

1949 5593 2329 5671 consentiunt}
2376 5601 2502 5670 Ejus
2569 5613 2726 5671 porro
2777 5596 3002 5671 coloniae
3051 5608 3168 5661 qua:
3224 5593 3537 5671 metropolis

1950 5681 2031 5727 cst
2094 5664 2430 5741 provincia!
2471 5686 2507 5725 ιι
2569 5664 3003 5731 "Narbonensis,
3080 5665 3349 5735 egregium
3434 5664 3537 5718 hoc
