4002 6188
492 257 589 312 751

492 373 731 426 lllustres
763 368 1035 438 titulisque
1061 366 1367 436 prmliieque

497 462 699 528 Urbes,
732 476 829 527 per
858 460 963 514 duo
990 458 1268 513 consulum
1301 466 1504 526 tropaea

494 553 647 624 (Nam
679 555 900 607 Martem
934 551 1053 607 tulit
1080 552 1179 608 ista
1204 552 1505 618 Julianum,

496 644 562 697 Et
593 644 755 697 Bruto
784 644 919 698 duce
950 644 1218 698 nauticum
1256 643 1494 698 furorem
1517 685 1533 703 .

492 738 586 793 Ast
613 737 727 790 haec
755 735 1079 792 Teutonicas
1110 745 1331 790 cruenta
1364 751 1601 806 pugnas,

493 827 745 883 Erectum
775 838 829 884 et
857 828 1081 883 Marium
1120 827 1343 883 cadente
1373 826 1643 896 Cimbro);

495 920 690 975 Misisti
727 920 854 975 mihi
884 920 1160 989 multiplex
1192 934 1407 988 poema,

494 1013 750 1081 Doctum,
791 1013 1000 1079 nobile,
1039 1012 1207 1077 forte,
1238 1012 1545 1066 delicatum.

494 1104 647 1159 Ibant
675 1104 970 1158 hexametri
1001 1102 1409 1172 superbientes,

495 1194 563 1249 Et
589 1195 810 1265 vestigia
835 1195 1017 1264 juncta
1036 1234 1051 1258 ,
1083 1193 1177 1248 sed
1208 1195 1413 1248 minora
1433 1236 1448 1261 ,

493 1286 594 1339 Per
621 1285 812 1353 quinos
852 1284 975 1354 eligi
1012 1285 1174 1354 pedes
1205 1284 1471 1340 ferebant.

494 1377 679 1432 Misisti
710 1386 763 1432 et
795 1377 1018 1447 triplicis
1048 1386 1276 1433 metrum
1310 1378 1562 1442 trochaei,

493 1470 765 1539 Spondmo
793 1472 1085 1525 comitante
1102 1516 1116 1539 ,
1148 1470 1466 1542 dactyloque
1484 1512 1501 1538 ,

494 1560 688 1616 Dulces
718 1560 1226 1630 hendecasyllabos,
1258 1569 1517 1631 tuumque

493 1651 700 1705 litando
732 1651 913 1705 fenore
935 1649 1158 1705 Sollium
1188 1649 1384 1719 ligasti.

498 1742 720 1798 Usuram
752 1743 1088 1811 petimurque
1109 1782 1128 1807 ,
1162 1740 1563 1811 reddimusque.

495 1833 627 1889 Nam
664 1832 805 1903 quod
846 1833 1085 1886 carmine
1120 1847 1219 1901 pro
1259 1840 1350 1886 tuo
1380 1833 1651 1902 rependo,

494 1925 606 1981 lloc
642 1924 936 1980 centesima
977 1923 1191 1977 laudum
1232 1931 1443 1977 tuarum
1481 1932 1584 1979 est.

495 2015 634 2082 Quid
673 2014 902 2086 primum
943 2029 1195 2073 veneror.
1235 2014 1516 2083 colamque
1557 2029 1654 2083 pro
1692 2017 1782 2069 te?

495 2107 659 2179 399
696 2104 759 2160 Ni
797 2104 971 2173 fallor,
1015 2100 1272 2173 patriam,
1317 2118 1628 2176 patremque
1663 2107 1835 2176 juxta.

495 2197 595 2264 Qui
632 2208 932 2266 quanquam
969 2194 1070 2250 sibi
1106 2195 1379 2250 vindicare
1411 2210 1678 2251 summum

496 2288 673 2341 Possit
704 2290 827 2354 jure
869 2285 1076 2352 locum,
1126 2295 1304 2339 tamen
1346 2301 1569 2341 necesse
1604 2298 1689 2343 est

495 2374 646 2430 Illam
688 2376 934 2442 vincere,
973 2389 1095 2445 qua:
1136 2376 1275 2444 parit
1313 2384 1580 2445 parentes.

568 2547 761 2617 Salve,-
803 2548 1005 2615 Narbo,
1050 2556 1243 2619 potens
1284 2549 1624 2617 salubritate,

501 2638 639 2694 Urbe
670 2649 722 2695 et
760 2655 884 2695 rure
925 2641 1081 2695 simul
1116 2640 1291 2696 bonus
1332 2642 1537 2711 videri,

497 2732 687 2800 Muris,
725 2732 965 2798 civibus,
1006 2733 1242 2801 ambitu,
1290 2733 1561 2803 tabernis,

498 2821 701 2887 Portis,
748 2821 1072 2891 porticibus,
1108 2822 1258 2890 foro,
1297 2824 1536 2892 theatro,

498 2911 742 2967 Delubris
759 2956 774 2978 ,
812 2913 1078 2982 capitoliis
1093 2954 1107 2977 ,
1151 2916 1381 2969 monetis
1397 2954 1413 2980 ,

495 3001 776 3065 Thermis,
818 3003 1075 3066 arcubus,
1126 3003 1366 3070 horreis,
1413 3006 1678 3073 macellis,

495 3091 704 3159 Pratis,
748 3092 1013 3158 fontibus,
1055 3094 1267 3161 insulis,
1313 3096 1530 3161 salinis,

497 3185 736 3255 Stagnis,
786 3186 1033 3253 flumine,
1076 3202 1286 3254 merce,
1328 3196 1519 3255 ponte,
1564 3200 1743 3260 ponto.

498 3278 648 3334 Unus
682 3278 771 3349 qui
813 3292 1069 3333 venerere
1107 3278 1228 3347 jure
1266 3278 1446 3349 divos,

496 3374 783 3439 Lemnum,
820 3373 1108 3440 Cererem,
1151 3374 1361 3442 Palem,
1401 3376 1687 3432 Minervam

499 3466 702 3534 Spicis,
748 3465 995 3535 palmite,
1040 3466 1284 3536 pascuis,
1330 3470 1575 3537 trapetis.

500 3558 642 3613 Solis
680 3558 776 3613 fise
810 3557 969 3625 viris,
1014 3571 1111 3613 nec
1152 3559 1390 3627 expetito

496 3649 709 3704 Naturae
742 3648 968 3715 auxilio,
1006 3650 1189 3718 procul
1232 3650 1432 3706 relictis

496 3742 753 3797 Promens
794 3741 1064 3795 montibus
1103 3743 1261 3796 altius
1294 3757 1575 3813 carumen,

496 3831 610 3887 Non
657 3841 709 3885 te
747 3830 887 3886 fossa
927 3840 1146 3901 patens,
1187 3847 1284 3887 nec
1322 3833 1652 3903 hispidarum
1688 3862 1691 3867 ν

495 3962 882 4019 mOnimentum
928 3972 1103 4019 exstat
1144 3966 1326 4020 Roma:
1374 3967 1425 4019 in
1458 3967 1675 4038 antiqua
1718 3969 1828 4025 basi
1862 3982 2071 4031 statum.

1088 4056 1149 4109 L.
1194 4056 1489 4112 ANTONIO

1045 4126 1524 4185 EPITYNCIIANO

928 4218 1199 4272 LlCTORl
1253 4218 1403 4271 DEC.
1446 4219 1651 4275 CURIA

978 4288 1114 4342 ΤΙᾹΞ
1156 4288 1318 4352 QU/E
1357 4288 1594 4345 SACRIS

950 4356 1256 4413 PURLICIS
1294 4362 1331 4410 A
1344 4357 1465 4411 PPA
1478 4360 1614 4413 RE'I‘

897 4428 1009 4494 OQ.
1049 4426 1340 4483 COLLEGI
1384 4428 1660 4485 FABRUM

903 4498 1426 4554 TlGNUAiiIOllUM
1464 4501 1657 4555 OSTIS

830 4569 1083 4625 SEVIRO
1131 4570 1290 4625 AUG.
1338 4569 1399 4623 IN
1442 4570 1734 4626 PllOVlNC

902 4640 1328 4695 NARBONENSI
1369 4640 1659 4697 COLONIA

1037 4710 1239 4776 AQUIS
1277 4711 1523 4767 SEXTIS

568 4799 725 4873 156
754 4799 1105 4873 "Testulisin
1137 4802 1311 4873 varios
1339 4804 1548 4858 colores
1570 4804 1772 4872 tinctis,
1801 4807 1987 4873 quales
2014 4808 2068 4863 in

483 4872 717 4940 asarotis
763 4872 1099 4938 pavimentis,
1145 4871 1212 4925 de
1249 4873 1441 4940 quibus
1472 4875 1674 4929 Statius
1713 4871 1764 4929 in
1790 4871 2070 4932 Tiburtino

492 4939 729 5014 Vopisci,
774 4952 826 4996 et
866 4941 1068 4995 Plinius
1107 4941 1197 4996 lib.
1229 4939 1413 5006 xixvr,
1448 4959 1565 5014 cap.
1597 4946 1668 5001 ΞΟ
1701 4962 1714 4999 :
1751 4944 1913 5001 Sosus
1943 4944 2073 5005 Per-

484 5012 630 5077 gami
654 5014 832 5065 statuit
857 5028 1001 5087 quem
1027 5021 1207 5087 vocant
1234 5024 1473 5067 asaraton
1496 5012 1656 5083 decori,
1680 5020 1919 5087 quoniam
1947 5035 2071 5087 pur-

484 5091 726 5153 gamenta
751 5098 902 5136 comae
929 5084 981 5136 in
1010 5083 1316 5151 pavimento,
1348 5100 1556 5153 quisque
1582 5083 1741 5139 everri
1770 5083 1957 5152 solent,
1983 5105 2069 5143 ve-

481 5152 589 5234 ειυιρ
614 5154 993 5234 fflictafecerat
1015 5154 1185 5234 parsis
1214 5152 1651 5234 tgtuliqinctis
1665 5158 1836 5234 varios
1848 5158 2064 5234 colores.

566 5221 593 5260 ι’
621 5221 1206 5296 Tbeodoricusjupior,
1237 5224 1556 5280 Theudorici
1598 5227 1768 5296 Magni
1808 5228 1968 5286 lilius.
2001 5230 2069 5285 de

480 5306 599 5361 quo
628 5294 849 5361 epistula
874 5292 927 5348 2.
960 5294 1117 5349 Gothi
1148 5298 1288 5347 enim
1319 5309 1439 5349 cum
1468 5292 1841 5353 Ataulfo'duce
1867 5299 2066 5355 Gallias

478 5363 716 5433 ingressi
757 5364 1056 5419 Narbonem
1101 5380 1313 5433 quoque
1350 5378 1730 5434 occupassent,
1780 5368 1902 5422 inde
1942 5369 2069 5424 sub-

484 5436 622 5488 moti
660 5446 787 5491 sunt
824 5452 853 5489 a
884 5434 1196 5490 Constantio
1233 5436 1451 5500 comite,
1485 5453 1646 5502 anno,
1683 5448 1739 5494 ut
1779 5455 1843 5494 ex
1874 5438 2065 5503 Orosio

478 5512 546 5578 et
567 5505 737 5578 Idalio
755 5506 1039 5575 colligitur,
1065 5505 1190 5559 416.
1225 5505 1349 5578 Post
1372 5506 1483 5578 baac
1506 5507 1868 5565 Tbeodorimis
1891 5518 2063 5578 pater,

488 5575 771 5647 Aquitania
805 5595 907 5632 non
939 5586 1243 5641 contentus,
1286 5575 1587 5647 Narbonem
1621 5580 1771 5647 longa
1806 5575 2065 5634 illa'obsil

481 5642 651 5701 disne
678 5647 862 5715 cinxit,
894 5665 1010 5720 quae
1043 5649 1145 5705 hoc
1175 5650 1294 5705 loco
1323 5646 1661 5717 describitur,
1695 5642 1788 5707 sed
1820 5652 2064 5721 repulsus

1742 254 1985 312 SlDONll
2024 253 2481 312 APOLLINARIS
3654 266 3745 320 752

2104 372 2150 427 Α
2183 367 2406 438 Olijectu
2449 367 2661 423 sudium
2700 375 2920 423 coronat
2960 382 3142 437 agger.

2182 457 2295 511 Non
2338 467 2392 513 tu
2434 474 2735 523 marmora,
2784 458 3086 525 bracteam,
3132 459 3460 533 vitrumque,

2182 548 2295 602 Non
2338 550 2620 604 testudinis
2663 550 2856 603 Indica:
2897 548 3162 613 nitorem,

2181 638 2294 697 Non
2334 641 2379 694 si
2417 656 2549 710 quas
2591 640 2768 695 eboris
2803 640 2981 695 trabes
3022 639 3270 695 refractis

2184 732 2391 789 Rostris
2430 733 2729 789 Marmarici
2770 734 2968 789 dedere
3012 734 3184 798 barri,

2183 824 2325 894 Figis
2366 824 2661 893 moenibus,
2704 839 3001 894 aureasque
3042 833 3224 894 portas

2183 915 2425 970 Exornas
2465 925 2491 951 ἰ
2531 915 2810 969 asaroticis
2850 914 3069 984 lapillis.

2183 1004 2289 1059 Sed
2330 1020 2425 1074 per
2465 1007 2749 1060 semirutas
2784 1006 3050 1074 superbus
3096 1020 3278 1071 arces,

2181 1094 2482 1150 Ostendens
2521 1097 2719 1151 veteris
2754 1094 2918 1150 decus
2956 1094 3157 1162 duelli,

2181 1189 2474 1255 Quassatos
2514 1190 2657 1258 geris
2694 1188 2885 1243 ictibus
2924 1188 3191 1255 molares,

2181 1279 2344 1350 400
2381 1279 2476 1334 Lat
2496 1280 2684 1334 dandis
2723 1280 3006 1350 pretiosior
3047 1281 3235 1335 ruinis.

2182 1371 2302 1427 Sint
2336 1374 2498 1428 urbes
2537 1373 2655 1427 alia:
2692 1374 2798 1428 situ
2834 1373 3102 1439 minaces,

2181 1466 2326 1532 Quas
2364 1468 2506 1520 vires
2546 1463 2772 1519 humiles
2812 1480 2907 1533 per
2944 1465 3053 1519 alta
3091 1465 3356 1530 condunt,

2181 1557 2250 1612 Et
2289 1571 2384 1626 per
2425 1556 2725 1626 praecipites
2763 1555 2933 1609 locata
2976 1556 3169 1613 cristas

2184 1648 2463 1719 Nunquam
2499 1650 2694 1704 mmnia
2733 1662 2874 1703 cmsa
2912 1648 3229 1719 glorientur.

2113 1730 2153 1788 Β
2184 1746 2263 1801 Tu
2299 1746 2506 1816 pulsate
2537 1745 2745 1815 places,
2785 1744 3055 1813 ﬁdemque
3090 1745 3282 1802 fortem

2184 1837 2517 1907 Oppugnatio
2558 1853 2712 1908 passa
2748 1838 3060 1907 publicavit.

2255 1928 2281 1965 δ
2327 1928 2457 1985 Hinc
2497 1936 2547 1985 te
2574 1928 2792 1985 Martius
2837 1929 2926 1985 ille
2964 1937 3163 1995 rector,
3206 1938 3365 2002 atque

2186 2020 2374 2089 Magno
2416 2028 2568 2089 patre
2609 2021 2755 2089 prior
2791 2019 2955 2076 decus
2991 2021 3243 2076 Getarum
3265 2062 3278 2086 ,

2186 2110 2439 2165 Romana:
2477 2110 2724 2165 columen
2765 2110 3016 2179 salusque
3057 2111 3259 2181 gentis,

2186 2200 2550 2256 Tbeodoricus
2586 2207 2759 2267 amat,
2799 2201 3005 2271 sibique
3046 2202 3209 2257 fidum

2185 2294 2453 2349 Adversos
2494 2293 2685 2363 probat
2719 2302 2844 2349 ante
2881 2309 2977 2363 per
3016 2294 3292 2349 tumultus.

2188 2385 2291 2441 Sed
2333 2401 2436 2441 ηοη
2473 2385 2597 2441 hinc
2637 2387 2854 2441 vileare
2893 2388 3027 2441 forte
3068 2388 3268 2457 turpis,

2185 2478 2336 2542 Quod
2384 2486 2435 2533 te
2475 2478 2717 2532 machina
2761 2478 2951 2533 crebra
2994 2479 3301 2547 perforavit.

2186 2571 2423 2641 Namque
2459 2573 2512 2626 in
2553 2586 2779 2641 corpore
2817 2570 3030 2626 fortium
3066 2571 3304 2626 virorum

2188 2664 2327 2719 Laus
2364 2672 2448 2719 est
2484 2663 2710 2733 amplior
2750 2665 2996 2733 amplior,
3044 2664 3288 2721 cicatrix.

2186 2758 2241 2810 In
2278 2756 2470 2812 castris
2508 2756 2855 2812 Marathoniis
2898 2766 3193 2813 merentem

2186 2844 2390 2899 Vulnus
2425 2860 2532 2900 non
2565 2846 2849 2916 habuisse,
2890 2846 3090 2917 grande
3130 2848 3381 2917 probrum
3425 2856 3532 2906 est.

2187 2938 2329 2991 Inter
2356 2937 2655 2994 Publicolas
2692 2954 2851 2994 manu
2889 2941 3127 3006 feroces,

2187 3030 2399 3085 'l‘runco
2434 3030 2635 3085 Mucius
2672 3030 2873 3086 eminet
2912 3030 3131 3086 lacerto.

2105 3100 2150 3162 Ο
2184 3119 2393 3175 Vallum
2428 3118 2655 3175 Caesaris
2677 3122 3012 3192 opprimente
3047 3122 3262 3191 Magno,

2183 3211 2323 3265 lnter
2358 3219 2436 3265 tot
2470 3210 2633 3267 facies
2670 3212 2739 3266 ab
2778 3212 2935 3268 hoste
2971 3221 3140 3279 tutas,

2185 3301 2388 3356 Luscus
2424 3302 2607 3358 Scaeva
2648 3303 2747 3358 fuit
2785 3304 2953 3374 magis
2990 3305 3243 3361 decorus.

2188 3392 2326 3447 Laus
2364 3403 2445 3448 est
2482 3394 2649 3449 ardua
2688 3394 2818 3449 dura
2859 3396 3144 3451 sustinere.

2186 3486 2424 3554 Ignavis,
2468 3487 2695 3554 timidis,
2733 3496 2789 3542 et
2822 3489 3133 3558 improbatis

2188 3588 2209 3615 ε
2251 3578 2472 3633 Multum
2512 3577 2736 3649 ringitur
2773 3579 2945 3634 otiosa
2985 3581 3173 3635 virtus.

2180 3666 2317 3735 Quid
2339 3669 2499 3738 equod
2534 3668 2835 3725 Czesaribus
2875 3670 3021 3726 ferax
3059 3672 3331 3737 creandis,

2181 3759 2327 3813 Felix
2372 3760 2522 3828 prole
2563 3762 2764 3828 virum,
2806 3761 2964 3817 simul
3004 3762 3197 3817 dedisti

2179 3848 2204 3887 ά
2246 3850 2411 3906 Natos
2445 3866 2567 3907 cum
2606 3851 2849 3923 genitore
2890 3853 3282 3924 principantes?

2176 3993 2273 4061 est
2304 3984 2519 4061 _tan_dcm
2558 3999 2588 4039 a
2626 3985 2851 4061 Litorio,
2890 3996 2949 4061 ut
2985 3987 3199 4061 dictum
3221 3996 3321 4061 est
3343 3989 3401 4061 in
3445 3990 3742 4061 panegyrico

2178 4056 2338 4130 A__vi:i.
2380 4055 2772 4130 Demumvero
2803 4057 2983 4130 junior
3021 4055 3513 4130 ltic‘Theodoric'us
3552 4055 3741 4130 prodita

2176 4125 2278 4181 sibi
2302 4141 2396 4196 per
2410 4125 2758 4199 Agrippinum
2780 4128 3030 4199 comitem
3055 4127 3186 4182 urbe
3206 4128 3539 4199 Narbonensi
3552 4125 3743 4199 'pmitus

2101 4192 2154 4251 Β
2180 4207 2261 4251 est
2290 4192 2627 4261 annofutvex
2663 4197 2825 4268 Idalio
2854 4198 3043 4251 eodem
3073 4206 3238 4265 patet,
3272 4198 3398 4254 462.
3438 4192 3611 4265 Quare
3637 4208 3743 4268 post

2179 4269 2318 4321 hunc
2344 4282 2563 4331 annum,
2594 4266 2685 4321 sed
2711 4276 2835 4322 ante
2861 4268 2986 4331 466,
3011 4282 3116 4336 quo
3147 4277 3388 4322 mortuus
3411 4280 3496 4326 est
3517 4266 3743 4325 Theodo-

2177 4338 2343 4404 ricus,
2373 4351 2402 4391 a
2433 4337 2653 4392 Sidonio
2690 4340 2947 4407 scriptum
2990 4338 3090 4393 hoc
3125 4352 3341 4394 carmen
3386 4339 3497 4397 dici
3539 4352 3742 4396 necesse

2175 4417 2278 4517 es“;
2301 4478 2357 4533 In
2384 4477 2502 4532 aliis
2532 4476 2764 4547 ﬁngitur.
2792 4476 3043 4533 Horatius
3068 4494 3083 4533 :

2357 4568 2560 4617 Paulum
2583 4568 2788 4629 sepultae
2815 4568 2964 4618 distat
2988 4570 3177 4619 inertiae

2357 4630 2523 4681 Celata
2546 4632 2714 4679 virtus.

2242 4729 2268 4768 δ
2296 4732 2544 4788 Carinum
2571 4741 2626 4786 et
2650 4730 3029 4786 Numerianum
3058 4745 3179 4786 cum
3207 4731 3344 4787 Caro
3370 4741 3547 4802 patre.
3578 4732 3735 4798 Quan-

2173 4818 2332 4870 quam
2381 4802 2447 4857 de
2489 4802 2609 4857 Cari
2650 4803 2786 4871 Aug.
2818 4804 2986 4871 patria
3036 4802 3168 4856 nihil
3208 4803 3339 4857 certi
3386 4802 3552 4858 fuisse
3599 4804 3739 4857 docet

2175 4874 2456 4942 Vopiscus,
2483 4881 2538 4927 et
2563 4872 2703 4941 quod
2733 4874 2950 4935 mirere,
2978 4874 3117 4927 inter
3144 4875 3316 4926 varias
3340 4874 3621 4940 Opiniones
3643 4885 3739 4942 non

2172 4940 2416 4998 meminit
2443 4940 2726 4998 Narbonis.
2776 4942 2881 4998 Sed
2911 4942 3157 4997 Narbone
3200 4943 3460 5007 genitum,
3501 4952 3624 4997 ante
3661 4940 3738 4995 Si-

2173 5014 2391 5069 donium
2436 5012 2719 5082 prodidere
2759 5028 2789 5066 e
2828 5012 3031 5067 Graecis
3068 5012 3330 5067 Eusebius
3376 5014 3427 5066 in
3465 5012 3737 5071 Chronico.

2172 5100 2202 5140 e
2223 5080 2648 5139 Latinis’Sextus
2675 5080 2883 5146 Victor,
2914 5082 3202 5152 Eutrapius
3239 5094 3291 5137 et
3320 5083 3563 5137 Orosius.
3594 5083 3737 5137 lose-

2172 5155 2307 5223 phus
2334 5155 2574 5221 Scaliger
2614 5152 2682 5207 ad
2714 5153 3025 5219 Eusebium,
3048 5152 3171 5221 quia
3202 5152 3393 5207 Carum
3443 5153 3495 5205 in
3543 5152 3741 5223 Illyrico

2170 5220 2352 5281 natum
2378 5220 2593 5294 quidam
2621 5227 2967 5294 scripserant,
3001 5220 3285 5278 ut’Fabins
3310 5220 3642 5294 Cerilianus',
3674 5220 3737 5294 ita

2170 5310 2282 5351 rem
2324 5291 2614 5361 componit.
2660 5302 2716 5346 ut
2753 5293 3015 5348 Narbona:
3057 5304 3238 5347 natum
3280 5292 3533 5359 affirmet,
3564 5307 3664 5347 non
3692 5291 3739 5343 in

2170 5366 2362 5432 Gallia,
2394 5366 2488 5420 sed
2520 5366 2570 5417 in
2600 5364 2844 5434 Illyrico.
2865 5364 2950 5416 ubi
2978 5363 3299 5425 Narbonam
3327 5366 3450 5418 item
3475 5361 3736 5434 goppidum

2170 5451 2291 5491 cs~e
2332 5435 2608 5491 contendit
2646 5431 2881 5488 nominis
2922 5434 3188 5491 eiusdem.
3240 5434 3435 5489 Verum
3474 5431 3739 5485 Dalmatia:

2169 5507 2398 5575 oppido,
2450 5505 2591 5577 quod
2639 5504 2898 5577 Staliger‘
2934 5502 3210 5577 designat,
3256 5518 3450 5577 nomen
3477 5502 3602 5577 _fuit
3642 5512 3737 5554 non

2168 5572 2437 5649 Narbona,
2468 5572 2571 5631 etsi
2602 5572 2956 5649 mendoseita
2987 5574 3180 5649 legitur
3206 5574 3348 5649 apud
3368 5572 3735 5649 tftolemtc‘um,

2168 5649 2261 5704 sed
2293 5640 2522 5715 NarOna,
2567 5645 2839 5717 quomodo
2868 5645 2919 5701 in
2952 5640 3176 5714 epistola
3206 5640 3397 5701 Vatinii
3427 5642 3568 5705 apud
3599 5640 3739 5694 Cice-
