4002 6188
250 281 358 334 753

248 389 388 445 Nam
425 390 544 459 quis
571 387 810 444 Persidis
852 388 1246 459 expeditionem
1267 433 1282 456 ,

248 482 414 553 ἀοι
458 484 562 536 Aut
604 481 845 536 victricia
888 491 1061 536 castra
1107 483 1401 550 pra'teribit

249 571 376 626 Curi
419 571 702 640 principis,
742 580 796 624 et
833 573 1263 639 perambulatum

249 663 512 719 Romanis
553 663 850 732 legionibus
876 663 1155 734 Niphatcm
1189 684 1200 718 :

251 757 425 823 Tum,
465 772 584 810 cum
629 755 850 810 fulmine
891 767 1079 826 captus
1120 758 1431 827 imperator,

254 847 432 901 Vitam
470 846 781 901 fulminibus
823 862 1004 917 parem
1046 850 1298 918 peregit?

326 939 422 993 His
463 947 518 992 tu
551 938 788 1005 civibus,
832 938 999 1004 urbe,
1040 955 1167 994 rure
1208 941 1455 1009 pollens,

253 1040 280 1068 ε
322 1029 615 1098 Consenti,
660 1031 790 1084 mihi
831 1031 1006 1101 gignis
1043 1032 1184 1088 alme
1224 1042 1464 1102 patrem,

250 1122 438 1189 Illum,
485 1124 568 1177 cui
607 1122 758 1176 nitidi
798 1123 970 1188 sales,
1012 1123 1263 1195 rigorque

250 1212 529 1267 Romanus
569 1213 670 1267 fuit
700 1213 878 1268 Attico
917 1214 970 1268 in
1013 1214 1215 1283 lepore.

248 1304 406 1358 Hunc
439 1305 674 1359 Milesius
715 1317 767 1360 et
797 1305 994 1360 Thales
1032 1315 1251 1374 stupere

249 1396 508 1451 Auditum
550 1397 754 1466 potuit,
797 1397 1063 1466 simulque
1099 1398 1256 1454 Lindi
1299 1407 1377 1455 est

249 1486 419 1542 Notus
452 1489 541 1558 qui
572 1486 862 1544 Cleobulus
907 1487 1049 1544 inter
1092 1504 1275 1559 arces,

249 1582 316 1637 Et
351 1592 444 1649 tu,
483 1584 573 1654 qui
605 1581 899 1638 Periandre
934 1581 1002 1638 de
1043 1582 1301 1638 Corintho
1344 1597 1431 1649 es,

248 1677 319 1732 Et
360 1687 448 1744 tu,
495 1691 654 1747 quem
696 1675 918 1731 dederat
952 1676 1072 1730 Bias
1115 1675 1344 1744 Priene,

251 1772 318 1827 Et
361 1781 420 1826 tu
465 1772 669 1827 Pittace
702 1769 925 1826 Lesbius
965 1769 1268 1840 suphistes,

249 1865 314 1922 Et
356 1876 440 1932 tu,
483 1866 573 1935 qui
615 1865 820 1919 tetricis
856 1872 1048 1933 potens
1082 1862 1310 1918 Athenis

250 1957 435 2012 Vincis
469 1955 772 2012 Socraticas
800 1954 966 2009 Solon
1003 1953 1310 2022 palaestras,

248 2049 314 2102 Et
351 2058 406 2100 tu
438 2046 737 2117 Tyndareis
775 2054 924 2098 satus
954 2043 1253 2112 Therapnis

246 2139 477 2202 Chilon,
519 2136 742 2206 legifero
777 2135 922 2204 prior
951 2134 1216 2205 Lycurgo.

245 2228 366 2282 Non
413 2227 502 2281 hic
537 2227 582 2280 si
623 2225 822 2290 voluit,
867 2233 1090 2278 vacante
1129 2237 1289 2290 cura,

245 2320 382 2386 Quis
423 2319 495 2372 sit
535 2316 800 2372 sideribus
840 2323 1025 2370 notare
1064 2328 1286 2378 cursus,

244 2412 500 2465 Diversas
529 2413 694 2463 Arato
731 2409 842 2463 vias
878 2407 1138 2463 cucurrit.

242 2501 365 2556 Non
409 2501 551 2555 hunc
592 2515 714 2555 cum
759 2497 1113 2568 geometricas
1151 2498 1216 2553 ad
1259 2509 1404 2554 arlcs

245 2594 488 2647 Mentem
529 2591 856 2660 composuit,
903 2591 1052 2660 sequi
1096 2590 1308 2644 valebat

245 2685 506 2740 Euclides
544 2684 776 2753 spatium
819 2685 996 2738 sciens
1035 2682 1259 2752 olympi.

242 2779 363 2833 Non
410 2782 588 2846 hunc,
635 2779 680 2834 si
726 2777 891 2832 voluit
929 2787 1112 2833 rotare
1152 2777 1463 2848 rhythmos,

240 2869 549 2939 Quidquam
594 2869 865 2939 proposito
900 2869 1068 2923 virum
1107 2871 1304 2924 morari

240 2962 581 3031 Chrysippus
628 2959 888 3030 potuisset
929 2976 994 3015 ex
1036 2975 1252 3016 acervo.

240 3053 343 3107 Hic
382 3067 505 3107 cum
542 3052 878 3121 Amphioniae
915 3052 1166 3107 studebat
1199 3053 1338 3119 arti,

241 3145 493 3209 PleCIro,
535 3144 756 3213 pollice,
795 3160 956 3208 voce,
996 3144 1264 3213 tibiaque,

237 3237 408 3308 402
443 3237 620 3292 Thrax
663 3245 842 3303 vates,
888 3236 1018 3293 deus
1057 3238 1256 3304 Arcas,
1301 3245 1461 3308 atque
1502 3237 1767 3306 thhus,

238 3329 404 3384 Omni
445 3331 684 3384 carmine
720 3339 840 3397 post
879 3337 1063 3395 erant,
1104 3340 1156 3384 et
1201 3331 1346 3398 ipsas

241 3421 430 3476 Musas
471 3437 575 3475 non
620 3422 691 3475 ita
733 3421 965 3476 musicas
1005 3431 1238 3491 putares.

239 3513 343 3568 Hic
381 3512 428 3566 si
469 3523 703 3583 syrmate
744 3512 920 3567 cultus
960 3522 1014 3567 et
1053 3513 1352 3582 cothurno,

238 3605 504 3659 intrasset
539 3605 704 3659 semel
740 3606 974 3659 Atticum
1013 3605 1316 3672 theatrum,

237 3694 546 3749 Cessissent
576 3693 871 3761 SOphocles
906 3703 958 3748 et
989 3695 1292 3765 Euripides.

237 3785 304 3840 Et
343 3784 387 3839 si
427 3784 632 3854 pulpita
665 3799 955 3853 personare
989 3801 1148 3840 socco

238 3877 533 3933 Comedus
575 3878 864 3942 voluisset,
909 3879 1032 3932 huic
1073 3881 1247 3934 levato

238 3968 483 4022 Palmam
523 3979 579 4022 tu
609 3969 774 4038 digito
805 3969 991 4036 dares,
1027 3970 1334 4026 Menander.

239 4060 343 4115 Hic
381 4074 506 4116 cum
543 4060 852 4128 senipedem
889 4061 1085 4131 stylum
1129 4063 1358 4130 polibat,

236 4153 534 4222 Smyrnaea:
575 4152 690 4206 vice
720 4151 909 4206 doctus
949 4152 1207 4220 officinae,

235 4246 347 4298 Aut
382 4259 506 4298 cum
553 4257 612 4298 se
651 4243 889 4298 histoi-ia:
926 4243 1088 4298 dabat
1127 4259 1359 4310 sevcrze,

238 4333 454 4390 Primos
495 4335 586 4389 vix
626 4342 874 4404 poterant
914 4335 1063 4390 locos
1101 4334 1235 4389 tueri

237 4425 478 4480 Torrens
507 4426 840 4492 Herodotus,
884 4433 1081 4481 tonans
1111 4427 1396 4481 Ilomerus.

237 4515 359 4570 Non
403 4517 507 4571 isto
553 4518 730 4586 potior
768 4517 954 4572 fuisset
991 4517 1150 4584 olim,

235 4607 344 4675 Qui
386 4607 734 4663 Pandioniam
774 4609 1020 4664 movebat
1058 4618 1176 4664 arte

236 4699 437 4754 Orator
477 4715 695 4756 caveam
736 4701 1128 4768 tumultuosus,

237 4791 347 4848 Scu
389 4792 597 4850 luscum
637 4804 920 4866 raperetur
961 4795 1014 4849 in
1050 4793 1382 4864 Philippum,

239 4967 432 5008 ronem
465 4953 790 5023 appellatur;
842 4954 1075 5022 itemque
1118 4952 1257 5021 apud
1287 4952 1515 5008 Plinium
1567 4961 1622 5011 et
1646 4953 1834 5010 Aethi-

239 5038 385 5086 cum,
417 5031 472 5077 et
509 5027 560 5077 in
589 5025 792 5078 Tabula
821 5025 1145 5091 Peutingcri.

314 5103 340 5130 ⁸
369 5093 718 5148 Consentium
751 5105 953 5164 patrem
974 5094 1162 5166 laudant
1189 5110 1218 5148 a
1248 5095 1632 5162 philosophicis
1663 5098 1833 5166 poeti-

240 5163 427 5228 eisque
461 5163 777 5232 disciplinis,
820 5176 929 5218 tum
956 5165 1181 5230 Grmcis,
1213 5176 1324 5218 tum
1354 5166 1576 5220 Latinis.

319 5236 475 5290 157
518 5234 544 5273 δ
579 5237 848 5289 Lucanum
888 5249 943 5290 et
987 5236 1239 5290 Statium.
1291 5236 1490 5290 Lucani
1521 5238 1604 5289 eni

319 5236 475 5306 157
518 5236 544 5273 δ
579 5237 848 5289 Lucanum
888 5249 943 5290 et
987 5236 1239 5290 Statium.
1291 5236 1490 5290 Lucani
1521 5238 1663 5291 enim
1694 5254 1834 5292 uxor

245 5303 344 5376 fuit
375 5309 522 5358 Polla
551 5307 897 5376 Argentaria,
941 5315 994 5359 et
1025 5317 1234 5359 mortuo
1265 5307 1508 5372 Lucano,
1552 5307 1743 5371 Statii,
1779 5320 1835 5363 ut

242 5373 448 5429 Statius
479 5377 594 5444 ipse
627 5373 678 5431 iu
709 5378 869 5433 Silvis
895 5378 1072 5431 docet.
1104 5377 1329 5443 Quidam
1357 5377 1477 5430 libri
1510 5379 1725 5446 pallida!
1759 5381 1836 5434 lc-

281 5457 395 5498 unt.

241 5460 274 5514 ﬁ
325 5526 345 5553 ο
378 5516 600 5573 Trabea:
627 5527 680 5573 et
711 5516 966 5573 fastorum
999 5534 1193 5574 nomen
1235 5518 1571 5573 consulatum
1614 5517 1832 5574 denotat

325 5654 340 5683 ι
376 5650 622 5705 Barthius
652 5653 862 5705 Advers.
897 5667 1014 5720 pag.
1048 5653 1152 5707 489
1180 5653 1306 5721 legit
1333 5669 1397 5708 ex
1426 5652 1646 5719 antiquo
1677 5652 1836 5720 libro,

254 5723 392 5791 Quid
423 5723 622 5791 Celsos,
652 5727 871 5780 Senecas
909 5726 1122 5793 loquar;
1153 5727 1316 5780 l’mssc
1344 5725 1621 5781 enimvero
1647 5739 1840 5794 prmtcr

1731 283 2059 344 CARMINA.

1867 401 1918 457 Δ
1947 400 2172 457 Causam
2212 418 2307 460 seu
2337 405 2702 479 Ctesiphontis
2741 413 3021 482 actitaret,

3436 300 3541 356 753

1957 490 2050 545 Vir
2089 507 2302 562 semper
2342 498 2698 566 popularitate
2735 516 3018 571 crescens,

1955 581 2022 635 Et
2049 582 2192 650 juste
2222 586 2462 642 residens
2498 589 2551 643 in
2591 605 2716 646 arce
2759 593 2936 662 fandi,

1951 673 2053 739 Qui
2093 675 2243 732 fabro
2282 681 2523 748 genitore
2562 695 2902 754 procreatus,

1951 765 2073 820 Oris
2110 770 2294 824 maluit
2331 774 2571 842 expolire
2607 775 2810 830 limam.

1951 855 2090 922 Quid
2133 873 2226 914 vos
2261 861 2457 932 eloquii
2500 879 2688 921 canam
2722 867 2896 923 Latini

1949 947 2213 1018 Arpinas,
2255 951 2544 1024 Patavine,
2578 957 2900 1015 Mantuane?

1953 1038 2020 1092 Et
2057 1048 2140 1106 te,
2176 1043 2382 1097 comica
2416 1047 2506 1114 qui
2537 1047 2730 1113 doces,
2771 1049 3033 1105 Terenti?

1952 1127 2021 1184 Et
2050 1132 2137 1197 te',
2171 1139 2410 1202 tempore
2439 1136 2528 1204 qui
2569 1145 2718 1192 satus
2747 1153 2971 1206 severo,

1949 1219 2140 1278 Graios
2169 1223 2352 1282 Plaute
2393 1228 2534 1284 sales
2566 1229 2747 1300 lepore
2779 1234 3013 1288 transis?

1949 1312 2020 1367 Et
2054 1322 2105 1369 te
2137 1317 2451 1373 multimoda
2483 1322 2614 1376 satis
2644 1325 2939 1378 verendum

1947 1405 2279 1475 Scriptorum
2323 1412 2739 1478 numerositate,
2785 1413 2994 1469 Varro?

1947 1494 2106 1565 403
2141 1497 2204 1550 Et
2245 1504 2297 1552 te
2326 1500 2414 1568 qui
2445 1499 2706 1557 brevitate
2734 1503 2920 1572 Crispe
2951 1503 3160 1574 polles?

1949 1586 2014 1639 Et
2043 1587 2130 1656 qui
2163 1602 2256 1656 pro
2288 1590 2502 1658 ingenio
2530 1592 2732 1649 fluente
2761 1595 2894 1649 nulli

1947 1673 2161 1733 Corneli
2197 1679 2377 1736 Tacite
2415 1697 2474 1738 es
2515 1684 2770 1740 tacendus
2808 1687 2928 1742 ori?

1875 1765 1924 1829 B
1953 1767 2016 1822 Et
2047 1778 2097 1822 te
2127 1769 2539 1828 Massiliensium
2569 1789 2666 1844 per
2694 1775 2883 1832 hortos

1948 1859 2097 1914 Sacri
2128 1859 2356 1929 stipitis,
2389 1862 2627 1931 Arbiter,
2668 1865 2920 1920 colonum

1948 1949 2377 2019 Hellespontiaco
2420 1968 2609 2021 parem
2645 1955 2887 2024 Priapo?

1949 2040 2017 2095 Et
2047 2049 2098 2096 te
2126 2042 2367 2096 carmina
2398 2057 2496 2112 per
2524 2042 2813 2098 libidinosa

1945 2131 2139 2186 Notum
2169 2132 2311 2187 Naso
2353 2142 2527 2188 tener.
2557 2135 2864 2205 Tomosque
2892 2136 3112 2192 missum
3138 2155 3154 2205 ;

1945 2222 2224 2290 Quondam
2255 2224 2504 2282 Casarea:
2546 2227 2706 2281 nimis
2737 2228 2930 2296 puella:

1947 2316 2097 2371 Ficto
2129 2319 2346 2373 nomine
2376 2318 2648 2375 subditum
2679 2321 2952 2377 Corinnaz.

1949 2413 1965 2444 ⁸
1994 2413 2131 2479 Quid
2162 2413 2338 2468 celsos
2368 2413 2604 2470 Senecas
2635 2415 2841 2485 loquar,
2871 2415 2954 2470 vel
2983 2414 3131 2470 illum

1945 2505 2115 2571 Quem
2140 2505 2230 2560 dat
2261 2506 2467 2560 Bilbilis
2496 2506 2602 2561 alta
2634 2507 2960 2571 Martialem,

1945 2598 2231 2652 Terrarum
2263 2599 2540 2668 indigenas
2569 2600 2982 2656 Hibericarum?

1944 2690 2082 2758 Qu’d
2110 2707 2244 2761 quos
2273 2691 2574 2760 duplicibus
2597 2693 2778 2761 jugata
2802 2694 2953 2748 tardis

1945 2781 2259 2851 Argentaria
2293 2782 2316 2820 δ
2352 2782 2496 2838 Polla
2522 2783 2612 2838 dat
2643 2785 2867 2853 poetas?

1949 2873 2086 2938 Quid
2115 2873 2312 2928 multos
2342 2875 2474 2928 varii
2506 2874 2628 2944 styli
2658 2884 2918 2942 retexam,

1945 2964 2154 3033 Arguti,
2189 2964 2381 3029 teneri,
2411 2979 2618 3034 graves,
2653 2965 2898 3020 dicaces?

1946 3055 2000 3110 Si
2031 3057 2352 3110 Consentius
2381 3055 2572 3122 adfuit,
2605 3056 2861 3113 latebant.

1867 3134 1914 3198 C
1948 3146 2078 3200 Huic
2107 3148 2300 3200 summi
2333 3147 2527 3216 ingenii
2567 3147 2702 3214 viro,
2735 3147 2998 3218 simulque

1943 3237 2183 3292 Summa:
2213 3238 2505 3293 nobilitatis
2527 3248 2690 3308 atque
2716 3240 2925 3306 formas,

1943 3332 2132 3387 Juncta
2163 3342 2243 3386 est
2272 3331 2490 3397 femina,
2521 3349 2640 3400 quae
2670 3334 2885 3387 domum
2911 3333 2976 3387 ad
3006 3332 3183 3388 mariti

1943 3425 2113 3479 Prisci
2142 3435 2162 3462 ε
2193 3424 2417 3493 insignia
2452 3424 2781 3478 transferens
2809 3427 3010 3492 Jovini,

1942 3514 2188 3583 Implevit
2215 3516 2418 3569 trabeis
2453 3517 2617 3570 larem
2647 3516 2926 3584 sophistae.

1941 3606 2030 3663 Sic
2062 3607 2199 3660 intra
2233 3607 2476 3676 proprios
2510 3606 2602 3660 tibi
2633 3614 2874 3674 penates,

1941 3698 2226 3764 Consenti,
2259 3697 2441 3767 patriae
2475 3698 2638 3752 decus
2663 3697 2974 3767 superbum,

1941 3786 2116 3843 Fastis
2147 3787 2277 3841 vivit
2300 3803 2453 3856 avus,
2488 3797 2745 3856 paterque
2775 3787 2947 3840 libris.

2011 3878 2136 3932 Haec
2160 3892 2256 3947 per
2277 3886 2560 3932 stemmata
2590 3886 2642 3932 te
2665 3878 2797 3932 satis
2831 3885 3122 3946 potentem,

1941 3972 2148 4026 Morum
2181 3971 2412 4026 culmine
2437 3970 2530 4026 sed
2560 3973 2939 4040 potentiorem,

1938 4064 2053 4119 Non
2081 4065 2280 4136 possim
2313 4063 2500 4119 merita
2532 4079 2726 4117 sonare
2763 4063 2920 4119 laude
2951 4081 2965 4116 :

1940 4155 2051 4211 Nec
2077 4156 2123 4210 si
2154 4172 2239 4210 me
2262 4155 2492 4225 Odrysio
2519 4169 2719 4208 canens
2751 4156 2802 4208 in
2837 4164 3013 4218 antro,

1938 4246 2103 4316 404
2130 4246 2243 4312 Qua
2277 4245 2382 4300 late
2409 4244 2798 4314 trepidantibus
2828 4244 3042 4298 ﬂuentis

1938 4339 2136 4393 Cautes
2167 4353 2262 4407 per
2289 4337 2545 4392 Ciconum
2579 4338 2802 4392 resultat
2829 4336 3042 4393 Hebrus
3063 4373 3079 4400 ,

1943 4431 2200 4499 Princeps
2226 4429 2546 4484 instituisset
2576 4430 2666 4484 ille
2695 4438 2900 4493 vatum,

1858 4496 1914 4555 Ῑ)
1943 4523 2075 4577 Cum
2103 4496 2289 4575 dulces
2312 4519 2550 4573 animata
2581 4534 2707 4574 saxa
2733 4517 2952 4573 chorda:

1943 4613 2166 4668 Fcrrent
2189 4625 2287 4681 per
2312 4610 2604 4680 Rhodopen
2642 4609 2884 4664 trahente
2910 4615 3088 4673 cantu,

1943 4703 2008 4758 Et
2036 4717 2191 4758 versa
2216 4704 2333 4757 vice
2363 4701 2595 4756 fontibus
2625 4701 2823 4770 ligatis,

1945 4796 2142 4851 Terras
2168 4809 2390 4850 currere
2412 4800 2667 4863 cngerent
2691 4790 2928 4846 anhelas.

1941 4956 2025 5011 Fl.
2065 4955 2302 5010 Valentis
2330 4953 2504 5008 Jovini
2526 4995 2541 5018 ,
2573 4967 2729 5021 quem
2772 4952 3028 5019 Lupicino
3061 4953 3261 5020 collega
3293 4953 3393 5008 sub
3423 4945 3524 5000 Va-

1943 5027 2240 5082 lentiniano
2268 5027 2480 5079 seniore
2500 5026 2684 5090 gessit,
2712 5037 2830 5077 cum
2856 5024 3090 5090 equitum
3119 5024 3370 5092 magister
3385 5028 3533 5077 esset

1941 5113 2037 5168 por
2064 5097 2281 5160 Gallias,
2302 5105 2356 5150 et
2378 5095 2702 5168 Alamannos
2725 5093 2922 5162 ingenti
2949 5104 3125 5168 strage
3151 5094 3201 5146 in
3225 5093 3527 5168 Catalaunis

1943 5164 2313 5237 profligasset,
2367 5176 2430 5237 ut
2465 5164 3014 5237 Marcellinusnarrat
3046 5166 3080 5216 Ι.
3109 5179 3280 5237 Δπινιι.
3321 5165 3396 5237 De
3425 5180 3530 5232 quo

1944 5234 2124 5293 etiam'
2143 5237 2328 5292 scribit
2378 5235 2755 5290 Flodoardus:
2807 5235 3052 5288 llistorim
3097 5234 3148 5296 6,
3189 5243 3242 5287 et
3285 5234 3532 5301 antiquos

1944 5323 2132 5363 versus
2165 5309 2367 5376 profert
2397 5322 2425 5359 a
2456 5306 2646 5360 Jovino
2677 5307 2877 5373 positos
2918 5307 2968 5357 in
3011 5305 3069 5361 S.
3106 5304 3364 5376 Agricolae
3393 5304 3532 5376 basi-

1944 5380 2045 5433 lica
2074 5372 2230 5448 quam
2269 5379 2450 5430 Remis
2479 5372 2744 5429 fundarat.
2781 5376 2949 5448 Hujus
2985 5377 3160 5443 itaque
3205 5373 3362 5448 filiam
3391 5372 3534 5448 Con-

1944 5439 2119 5505 sentio
2150 5449 2348 5503 seniori
2397 5456 2614 5515 nuptam
2656 5447 2749 5500 ait.
2795 5439 2925 5511 Qua:
2956 5439 3088 5499 vero
3114 5447 3431 5515 sequuntur,
3463 5439 3532 5494 de

1938 5521 2150 5590 juniore
2176 5512 2487 5584 Consentio,
2519 5519 2586 5572 ad
2613 5533 2768 5588 quem
2799 5518 3002 5580 scribit,
3029 5513 3144 5582 capi
3169 5512 3383 5566 debent.

1947 5653 2252 5708 Cornelium
2272 5696 2286 5718 ,
2330 5665 2383 5708 et
2413 5655 2547 5708 alios
2581 5653 2719 5708 Celsi
2763 5650 2975 5704 nomine
3005 5648 3263 5703 celebres.
3292 5678 3361 5690 —
3389 5647 3530 5709 Bau.

1949 5742 2064 5781 MUa‘
2094 5726 2365 5782 SirmOnd.
2399 5728 2599 5795 editor,
2627 5722 2831 5794 praefat.
2864 5721 2928 5776 ad
2958 5729 3085 5775 tom.
3121 5720 3159 5786 l,
3191 5721 3218 5793 §
3251 5721 3337 5778 ll.
