4002 6188
443 293 548 349 735

445 402 553 456 Nec
579 414 685 454 non
711 398 913 453 ismara
938 396 1146 453 solibus
1174 401 1451 465 paterent,

447 493 631 547 Aurita
660 490 851 561 chelyn
880 496 1169 559 expetente
1200 488 1355 553 silva,

448 582 514 636 Et
538 581 664 635 nulli
692 580 1010 634 resolubiles
1036 580 1199 633 calori

448 674 675 729 Curvata
708 682 929 728 ruerent
962 674 1110 727 nives
1132 672 1199 725 ab
1226 671 1357 725 Ossa
1380 712 1393 731 ,

450 767 693 822 Stantem
724 774 816 819 aut
844 766 1128 835 Strymona
1162 764 1409 817 Bistones
1441 760 1719 825 viderent,

450 857 583 913 Cum
611 874 640 912 c
658 873 827 913 trmen
853 857 1068 925 rapidus
1095 856 1240 910 latex
1267 854 1463 909 sitiret.

453 953 562 1009 Nec
590 954 634 1005 si
664 952 877 1005 Peliaco
905 951 1061 1005 datus
1088 948 1373 1004 bimembri

454 1044 534 1098 Ad
560 1043 876 1098 Centaurica
912 1042 1107 1110 plectra
1137 1040 1522 1107 constitissem,

458 1135 731 1189 llinnitnm
760 1134 985 1200 duplicis
1013 1133 1207 1185 timens
1232 1131 1494 1201 magistri.

459 1225 569 1281 Nec
594 1226 636 1279 si
670 1241 756 1279 me
784 1223 1058 1278 docuisset
1085 1223 1176 1278 ille
1206 1223 1300 1275 lari
1320 1262 1336 1289 ,

461 1314 651 1370 Jussus
681 1329 905 1384 pascere
934 1315 1024 1383 qni
1054 1329 1268 1383 gregem
1296 1322 1376 1367 est
1403 1313 1636 1379 clientis,

462 1405 753 1473 Amphrysi
784 1404 849 1458 ad
884 1404 1124 1470 ﬂuvium,
1157 1404 1290 1458 deus
1316 1402 1594 1465 bubulcus,

464 1496 613 1562 Quod
641 1494 971 1561 ferrugineos
995 1492 1259 1565 Cyclopas
1282 1508 1409 1548 areu

462 1584 672 1639 Stravit
699 1585 799 1639 sub
822 1584 1202 1655 Liparensibus
1233 1584 1481 1647 caminis,

468 1676 699 1729 Vibrans
732 1676 848 1744 plus
878 1691 1037 1745 grave
1067 1675 1264 1730 fulmen
1298 1677 1350 1730 in
1382 1678 1593 1745 sagitta.

539 1768 654 1822 .lam
687 1769 859 1839 primo
892 1776 1079 1824 tenero
1100 1767 1362 1824 calentem
1390 1769 1458 1826 ab
1487 1777 1630 1834 ortu,

470 1859 746 1929 Excepere
776 1864 895 1915 sinu
923 1877 1114 1916 novem
1143 1876 1381 1928 sorores,

472 1949 538 2003 Et
566 1960 615 2004 te
643 1951 709 2004 de
737 1952 996 2020 genitrice
1026 1951 1350 2020 vagientem.

472 2040 750 2095 Teserunt
778 2041 959 2097 vitrea:
984 2040 1121 2095 vado
1146 2042 1526 2110 Hippocrenes.

477 2129 624 2184 Tunc
654 2131 753 2185 hac
785 2146 993 2186 mersus
1021 2148 1154 2201 aqua
1188 2132 1427 2200 loquacis
1451 2132 1627 2201 undae,

474 2224 582 2279 Pro
610 2224 770 2278 ﬂuctu
803 2239 958 2293 mage
988 2225 1192 2278 litteras
1216 2224 1415 2280 bibisti.

477 2313 629 2369 Tune
658 2326 712 2368 tu
732 2314 841 2383 jam
868 2330 1001 2384 puer
1026 2317 1200 2382 aptior
1228 2316 1505 2385 magistro,

477 2404 743 2475 Quidquid
772 2404 1051 2460 rhetorica:
1083 2406 1461 2473 institutionis,

478 2494 638 2566 [‘05
666 2495 931 2567 Quidquid
958 2498 1378 2567 grammaticalis
1400 2506 1493 2552 aut
1525 2499 1771 2568 palestra:
1801 2508 1905 2563 est,

480 2588 626 2644 Sicut
652 2588 762 2659 jarn
796 2598 947 2645 tener
976 2589 1254 2656 hauseras,
1288 2592 1510 2647 vorasti.

480 2682 547 2736 Et
572 2682 681 2753 jam
711 2692 763 2739 te
791 2684 911 2738 aula
941 2684 1078 2749 tulit,
1108 2692 1133 2720 α
1166 2684 1391 2753 piusque
1420 2684 1669 2755 princeps

483 2771 628 2827 Inter
655 2774 975 2842 ennspicuos
1004 2774 1183 2828 statim
1209 2774 1426 2840 locavit,

480 2862 812 2917 Consistoria
842 2880 975 2932 quos
1006 2864 1245 2934 habent,
1276 2865 1523 2921 tribunos
1551 2884 1563 2919 :

480 2951 723 3022 Namque
746 2963 802 3008 et
829 2968 1123 3023 purpureus
1155 2957 1207 3009 in
1237 2971 1365 3011 arce
1396 2956 1547 3027 regni

483 3045 723 3102 Prteesse
753 3046 943 3101 ofﬁciis
975 3048 1077 3102 tuis
1106 3048 1338 3115 solebat,

482 3135 659 3190 Mores
685 3135 966 3191 nobilitate
993 3137 1132 3205 quod
1166 3138 1460 3193 merebant.

484 3226 714 3281 Tantum
749 3228 997 3282 culminis
1021 3238 1073 3282 et
1101 3229 1265 3283 decus
1294 3230 1616 3299 stupendum

487 3317 687 3389 Scripti
717 3319 1000 3373 annalibus
1022 3320 1261 3375 indicant
1292 3321 1547 3377 honores.

487 3409 623 3465 llinc
651 3420 704 3465 tu
736 3409 977 3465 militiam
1004 3423 1221 3467 secutus
1248 3412 1501 3481 amplam,

487 3509 827 3563 Castrensem
856 3508 979 3563 licet
1010 3510 1268 3577 ampliare
1296 3524 1515 3565 censum

489 3598 591 3654 Per
616 3598 864 3671 snﬂ‘ragia
897 3599 1037 3670 justa
1067 3600 1366 3656 debuisses.

489 3694 757 3748 Solemnis
787 3702 963 3747 tamen
993 3695 1268 3749 abstinens
1300 3695 1501 3763 lucelli,

493 3784 656 3839 Fatua
686 3785 804 3855 plus
834 3786 1069 3854 locuples
1090 3786 1131 3840 'd
1173 3802 1318 3840 mum
1348 3787 1556 3854 rediSIi,

492 3877 674 3933 Solum
706 3879 847 3947 quod
876 3878 1102 3933 dederas
1134 3889 1281 3933 tuum
1309 3881 1563 3949 putando.

565 3969 698 4024 Tum
724 3970 766 4025 si
798 3970 933 4026 forte
966 3970 1062 4025 fuit
1085 3972 1227 4042 quod
1251 3974 1543 4045 imperator

567 4154 593 4182 α
622 4143 767 4220 Plac.
802 4144 1236 4220 Valentinianus,
1267 4163 1294 4203 a
1331 4165 1438 4220 quo
1467 4152 1712 4205 tribunus
1756 4160 1809 4207 et
1840 4152 2083 4207 notarius

496 4217 550 4271 in
580 4218 901 4272 consistorio
940 4217 1260 4273 Consentius
1289 4217 1501 4275 creatus
1540 4230 1643 4275 est.
1674 4222 1729 4274 In
1758 4223 2083 4275 consistorio

495 4287 640 4341 enim
670 4287 924 4356 principis
952 4288 1244 4343 militabant
1275 4291 1470 4343 tribuni
1500 4298 1554 4344 et
1582 4291 1795 4346 notarii.
1828 4294 1863 4345 Ι.
1894 4292 1929 4345 2
1954 4292 2078 4346 eod.

496 4357 705 4413 Theod.
737 4358 805 4412 de
844 4358 1155 4413 Primicerio
1191 4370 1245 4412 et
1285 4360 1526 4414 notariis.
1571 4360 1852 4427 Inscriptio
1893 4370 2082 4416 statua!

498 4429 734 4483 Petronii
789 4429 1038 4495 Maximi,
1093 4427 1462 4484 PRIMEVUS
1521 4430 1586 4484 IN
1640 4431 2083 4489 CONSISTURIO

497 4499 720 4553 SACRO
757 4498 1100 4556 TlilBUNUS
1142 4500 1225 4554 ET
1264 4501 1611 4558 NOTABIUS
1649 4502 1933 4559 MEBUIT.

1682 274 1927 334 SIDONII
1969 271 2426 331 APOLLINARIS

2063 387 2107 445 Δ
2137 386 2164 424 δ
2199 387 2335 443 ans
2365 385 2538 443 soceri
2563 385 2743 440 venire
2777 383 2828 439 in
2856 399 3015 439 aures

3610 268 3697 323 756

2143 480 2277 534 Fido
2305 480 2598 547 interprete
2626 477 2789 531 vellet
2819 487 2873 531 et
2900 474 3098 545 perito,

2142 572 2217 625 Te
2240 569 2560 624 commercia
2584 566 2810 637 duplicis
2841 565 3068 634 loquelas

2145 662 2367 715 Doctum
2397 659 2611 714 solvere
2643 658 2885 727 protinus
2917 655 3147 725 legebat.

2144 755 2211 817 υ,
2242 752 2424 816 sodes,
2456 748 2669 820 quoties
2697 749 2791 803 tibi
2824 746 3065 816 loquenti

2150 843 2443 914 Byzantina
2468 840 2667 910 sophos
2693 839 2889 895 dedere
2922 836 3121 907 regna?

2149 941 2215 995 Et
2243 951 2294 995 te
2325 956 2419 994 seu
2450 939 2701 993 latialiter
2728 944 3010 991 sonantem
3030 978 3045 1000 ,

2150 1034 2425 1103 Tanquam
2457 1032 2719 1086 Romulea
2750 1022 2922 1084 satum
2954 1028 3207 1093 suburra,

2150 1126 2255 1180 Seu
2278 1126 2472 1195 linguae
2501 1123 2769 1193 Argolica:
2792 1120 3119 1177 rotunditate

2156 1214 2478 1280 Undantem,
2504 1213 2818 1269 Marathone
2842 1228 2943 1267 ceu
2971 1220 3211 1266 creatum
3243 1226 3257 1263 :

2155 1308 2476 1363 Plaudentes
2499 1317 2757 1376 stupuere
2781 1305 3144 1376 Bosphorani,

2157 1400 2328 1455 Mirati
2364 1399 2539 1453 minus
2568 1401 2772 1454 Atticos
2805 1398 3074 1453 alumnos.

2160 1492 2295 1545 llinc
2322 1491 2365 1545 si
2398 1490 2597 1545 hedera
2629 1491 2970 1545 solverentur
2996 1489 3173 1552 orbis,

2158 1584 2323 1657 406
2350 1585 2544 1639 Pacem
2578 1594 2629 1639 te
2658 1584 2835 1637 medio
2856 1583 3041 1637 darent
3072 1581 3280 1637 feroces

2161 1676 2407 1741 Chunus,
2439 1675 2819 1738 Sauromates,
2852 1673 3036 1742 Getes,
3070 1672 3327 1727 Gelonus.

2089 1758 2135 1821 Β
2165 1767 2245 1824 Tu
2273 1768 2287 1800 '
2322 1767 2617 1835 Tuncrum,
2644 1776 2698 1823 et
2723 1764 3022 1831 Vachalim,
3053 1764 3327 1834 Visurgin,
3364 1761 3542 1827 Albin,

2164 1860 2499 1915 Francorum
2524 1867 2581 1915 et
2613 1859 2974 1929 penitissimas
3006 1856 3228 1925 paludes

2165 1952 2417 2017 lntrares,
2449 1950 2836 2007 venerantibus
2866 1932 3183 2014 Sicambris,

2165 2045 2309 2099 Solis
2336 2043 2574 2099 moribus
2605 2044 2747 2098 inter
2770 2056 2917 2097 arma
2943 2049 3109 2096 tutus.

2172 2135 2251 2190 Tu
2282 2133 2558 2195 Mmotida.
2588 2132 2917 2203 Caspiasque
2946 2140 3154 2201 portas,

2169 2227 2249 2281 Tu
2282 2226 2439 2281 ﬂuxis
2469 2226 2701 2294 equitata
2732 2224 2919 2278 Bactra
2953 2220 3167 2276 Parthis

2171 2319 2437 2374 Constans
2463 2317 2869 2386 intrepidusque
2898 2316 2977 2370 sic
3009 2314 3218 2381 adires,

2173 2410 2243 2465 Ut
2274 2411 2407 2463 fastu
2436 2409 2611 2477 posito
2643 2408 2895 2463 tumentis
2925 2407 3085 2471 aulxc,

2172 2504 2273 2570 Qui
2301 2518 2463 2572 supra
2495 2514 2739 2571 satrapas
2765 2500 2918 2555 sedet
2944 2508 3219 2569 tyrannus,

2174 2597 2409 2651 Buctaus
2436 2595 2734 2651 semideum
2763 2592 3225 2663 propinquitates,

2175 2690 2439 2745 Lunatum
2472 2686 2561 2742 tibi
2592 2686 2834 2740 ﬂecteret
2862 2684 3074 2737 tiaram.

2175 2782 2256 2836 Tu
2284 2781 2328 2835 si
2362 2780 2569 2849 publica
2604 2780 2711 2832 fata
2740 2792 2846 2832 non
2875 2783 3125 2831 vetarent

2179 2873 2247 2930 Ut
2278 2875 2495 2944 Byrsam
2532 2879 2762 2939 peteres,
2798 2870 2884 2924 vel
2912 2866 3181 2923 Africana:

2178 2966 2408 3021 Telluris
2430 2963 2779 3019 Tanaiticum
2799 2960 3054 3016 rebellem
3091 2975 3105 3013 :

2179 3056 2475 3111 Confestim
2508 3055 2685 3124 posito
2715 3052 2897 3107 furore
2926 3050 3132 3113 Martis,

2105 3123 2152 3185 (ἶ
2184 3148 2311 3202 Post
2338 3123 2557 3218 piratica
2589 3145 2781 3199 damna
2812 3144 3109 3198 destinaret

2184 3238 2376 3293 Plenas
2403 3236 2670 3291 mercibus
2701 3236 2915 3290 institor
2942 3234 3184 3298 carinas;

2186 3332 2251 3387 Et
2278 3346 2373 3401 per
2404 3339 2455 3385 te
2477 3330 2617 3385 bene
2650 3344 2777 3398 pace
2807 3328 3052 3383 restituta
3075 3369 3091 3395 ,

2184 3422 2300 3476 Non
2332 3421 2471 3475 ultra
2502 3420 2635 3474 mihi
2665 3419 2802 3473 bella
2835 3419 3167 3489 navigarent.

2254 3510 2371 3565 Jam
2400 3510 2443 3563 si
2469 3510 2607 3564 setia
2636 3509 2771 3563 forte
2801 3509 3180 3564 terminantem

2186 3602 2262 3657 Te
2292 3600 2591 3671 spectacula
2618 3608 2876 3669 ceperant
2907 3599 3131 3665 theatri,

2187 3694 2428 3749 Pallebat
2459 3692 2659 3746 chorus
2681 3693 2855 3746 omnis
2881 3692 3199 3746 histrionum
3221 3733 3234 3754 ,

2187 3788 2462 3855 Tanquam
2493 3785 2539 3840 si
2565 3787 2905 3851 Arcitenens,
2939 3799 3240 3853 novemque
3272 3785 3448 3841 Musa:

2191 3879 2417 3947 Propter
2444 3877 2643 3947 pulpita
2666 3876 2878 3945 judiees
2901 3876 3171 3932 sederent.

2190 3971 2383 4026 Coram
2414 3979 2466 4025 te
2492 3981 2515 4008 ο
2546 3970 2880 4035 Caramalus,
2912 3978 3004 4023 aut
3027 3968 3299 4024 Phabaton

2192 4151 2493 4231 clantosum,
2520 4150 2764 4221 expositio
2791 4151 2978 4215 tacita;
3009 4159 3060 4204 et
3088 4148 3322 4203 incertus
3343 4159 3539 4205 auctor
3563 4151 3627 4206 de
3649 4150 3771 4205 Pan.

2195 4230 2415 4275 lomittto
2446 4238 2459 4274 :

2312 4340 2407 4390 Tot
2424 4338 2605 4397 linguae
2626 4344 2746 4399 quot.
2772 4338 2990 4399 membra
3015 4338 3119 4385 viro
3150 4351 3163 4389 :
3186 4336 3431 4386 mirabilis
3447 4347 3526 4385 ars
3549 4341 3648 4398 est,

2378 4402 2497 4459 Quae
2520 4401 2629 4449 facit
2648 4398 2879 4449 articulos
2912 4412 3000 4447 ore
3023 4399 3205 4448 silente
3230 4399 3385 4460 loqui.

2194 4505 2339 4559 Artis
2371 4514 2620 4557 auctores
2651 4502 2837 4555 Romm
2859 4545 2873 4568 ,
2904 4502 3126 4569 Augusti
3162 4500 3534 4565 temporibus,
3569 4496 3777 4570 Pylades

570 4568 1166 4646 1’_Theod_osiijunioris
1193 4572 1342 4646 Aeg.
1363 4571 1546 4646 _liliam
1587 4574 1881 4630 Eudosiam
1913 4575 2083 4629 duxeo
2112 4565 2166 4627 D
2190 4585 2244 4631 et
2275 4575 2571 4646 Bathyllus.
2605 4573 2735 4627 Nam
2775 4565 2895 4646 cum
2929 4565 3140 4646 veteres
3167 4572 3281 4646 ipsi
3312 4579 3575 4646 canerent
3608 4565 3657 4623 et
3686 4568 3780 4621 sal-

500 4647 582 4715 rat
612 4638 1032 4715 Valentinianus.
1080 4641 1160 4715 _Ad
1193 4638 1553 4715 Theodosium
1601 4659 1730 4715 ergo
1773 4646 1826 4699 in
1866 4646 2087 4701 Oriente

504 4709 733 4777 legatum
772 4725 799 4761 a
831 4710 1200 4767 Valentiniano
1225 4713 1574 4768 Consentium
1608 4709 1709 4779 aii,
1743 4724 1798 4769 et
1834 4716 2085 4772 idoneum

503 4779 669 4833 fuisse
690 4779 777 4860 qui
801 4782 863 4833 ad
888 4780 1123 4837 Francos
1144 4783 1294 4852 item,
1321 4784 1534 4852 Persas,
1559 4785 1830 4843 Vandalos
1849 4788 2089 4858 aliosque

503 4864 655 4916 reges
688 4860 1008 4906 mitteretur.

579 4930 602 4958 ε
634 4919 1380 4997 Nobiliumnpantomimorum
1410 4926 1661 4997 nomina;
1693 4943 1920 4997 quorum
1957 4929 2090 4984 alte-

506 5006 621 5043 rum
646 5032 658 5049 .
692 4990 740 5043 id
772 5002 853 5044 est
880 4990 1237 5046 Cztratuallum
1258 5033 1273 5057 ,
1304 4995 1487 5059 laudat
1528 4990 1689 5051 etiam
1712 4990 2090 5055 'Aristzeuetus

506 5061 731 5128 epistola
761 5062 850 5126 26,
884 5071 936 5115 et
979 5060 1234 5116 Leontius
1274 5063 1645 5121 Scholasticns
1675 5068 1765 5122 lib.
1799 5086 1849 5124 tv
1880 5071 2089 5123 Antho-

505 5131 656 5211 logi:e
687 5129 776 5184 25.
810 5133 1488 5212 ιξᾳηιρηιίιηὶλὸρχηᾳταὶ,
1521 5154 1618 5212 ore
1661 5140 1822 5195 tacito
1854 5141 2094 5212 gestibus

505 5202 682 5253 omnia
729 5202 1081 5268 explicabant.
1134 5202 1485 5261 Cassiodorus
1533 5209 1630 5264 lib.
1671 5225 1721 5261 tv
1761 5227 1773 5263 :
1823 5202 2097 5265 Oi'chesta-

505 5288 619 5325 rum
665 5272 1033 5342 loquacissimis
1080 5291 1289 5338 manus.
1339 5278 1561 5348 linguosi
1612 5280 1791 5351 digiti,
1840 5281 2097 5336 silentium

578 5433 909 5511 ‘lladrianns
926 5432 1189 5511 V_alesius,
1212 5434 1598 5511 Rcr._Francic.
1622 5439 1715 5493 lib.
1740 5455 1791 5505 ν,
1815 5454 1936 5511 pag.
1958 5440 2084 5509 221,

506 5520 613 5581 non
645 5504 919 5581 Tuncrum,
940 5506 1147 5581 ﬂumen
1178 5508 1547 5581 omnibtts_.gut
1576 5510 1689 5576 ipse
1731 5504 1831 5573 ait,
1856 5504 2085 5581 εἶδοςτπὲ

509 5575 629 5641 phis
647 5574 982 5647 ethistoricis
1000 5575 1260 5647 ignotum,
1290 5578 1383 5631 sed
1411 5574 1619 5633 Vicruni
1649 5581 1796 5647 legit.
1833 5574 2093 5636 «'Esiau-

511 5655 617 5717 tem
660 5642 821 5715 Vicer,
852 5642 1044 5717 inquit,
1077 5647 1317 5702 Francia:
1340 5642 1740 5704 transrhenana:
1770 5654 1965 5717 amnis,
1996 5667 2092 5717 op-

511 5714 691 5787 pidum
716 5714 1059 5776 suiuominis
1087 5721 1371 5793 attingens,
1402 5721 1559 5793 vulgo
1589 5714 1963 5793 Zuiderscum,
1993 5714 2092 5779 hoc

2191 4654 2391 4707 tarent,
2414 4640 2466 4701 hi
2490 4645 2713 4699 chorum
2739 4650 2793 4697 et
2821 4642 3050 4696 ﬁstulam
3080 4642 3179 4696 sibi
3207 4643 3508 4709 prmcinere
3533 4640 3779 4709 fecerunt,

2196 4728 2249 4790 ut
2280 4715 2783 4790 trad_unt_Lucia_n_us
2804 4718 2922 4787 Περί
2946 4707 3237 4790 ὀρχήσεως
3261 4712 3528 4790 Eusebius
3551 4710 3603 4764 in
3627 4707 3782 4790 Chro-

2198 4788 2355 4850 nico,
2387 4786 2631 4841 Zosimus
2665 4784 2754 4839 lib.
2790 4801 2841 4845 t,
2868 4782 2927 4837 'et
2963 4782 3074 4837 alii.
3123 4782 3585 4837 Pantomimnrum
3616 4786 3781 4850 autem

2195 4866 2274 4912 tot
2321 4847 2475 4912 erant
2504 4862 2820 4924 argumenta
2870 4861 3001 4922 quot
3046 4852 3244 4907 fabulre
3283 4847 3780 4925 poetarum;_nulla

2196 4928 2339 4982 enim
2371 4936 2484 4983 erat
2509 4920 2667 4995 quam
2693 4939 2799 4978 non
2829 4920 3302 4995 repraesentarent.
3331 4922 3518 4995 Itaque
3545 4920 3783 4995 Sidonius

2196 4999 2393 5054 multas
2421 4989 2667 5052 hoc'loeo
2692 4989 2968 5058 recenset;
3002 4994 3158 5062 longe
3182 4994 3361 5062 plures
3384 4989 3782 5062 Lueianusilia-

2198 5074 2319 5136 lngo
2350 5066 2749 5137 suprascripto.
2768 5063 3071 5137 Cyprianus
3097 5059 3539 5137 deispectaculis
3563 5079 3587 5137 _:
3632 5059 3784 5137 Nullo

2199 5132 2333 5194 enim
2370 5132 2598 5191 obscenis
2626 5132 2849 5189 motibus
2896 5134 3121 5189 membra
3165 5132 3490 5203 distorquens
3539 5132 3787 5187 desaltarit

2200 5210 2395 5266 Caeca:
2426 5209 2654 5264 libidinis
2684 5205 2932 5277 fabulam.

2196 5448 2280 5496 est
2321 5438 2570 5510 paludem
2618 5436 2959 5510 Austrinam,
3009 5433 3240 5510 dictum;
3288 5446 3458 5510 quem_
3496 5446 3528 5485 a
3577 5424 3786 5510 Claudio

2199 5502 2492 5567 Ptolemaeo
2521 5511 2573 5563 iu
2600 5508 2885 5564 Germania
2910 5506 3049 5577 inter
3076 5502 3319 5577 Rhenum
3335 5512 3396 5577 _et
3426 5502 3786 5577 ﬂumenAm-

2202 5583 2338 5635 sium
2372 5582 2635 5645 positum,
2673 5578 2803 5632 vitio
2832 5575 3227 5644 exemplarium
3255 5573 3474 5645 Vidrum
3511 5586 3608 5645 [πρ
3639 5569 3787 5621 Virro

2201 5641 2481 5720 appellari,
2517 5661 2571 5703 et
2600 5641 2865 5721 hodieque
2897 5641 3123 5702 Veritum
3161 5644 3336 5703 vocari
3363 5641 3781 5697 animadverto.)

2203 5753 2270 5765 -—
2297 5724 2527 5779 haustus
2560 5721 2594 5776 l.
2623 5737 2671 5775 c.

3788 4410 3797 4447 l
