4002 6188
280 262 391 316 737

282 373 493 430 Clattsis
519 370 781 433 faucibus,
807 378 860 425 et
890 370 1140 440 loquente
1168 381 1343 441 gestu,

282 469 450 538 Nutu,
479 480 660 531 crure,
692 480 863 535 genu,
897 480 1076 527 manu,
1111 474 1311 531 rotatu,

286 561 428 616 Toto
459 560 510 613 in
540 558 817 615 schemate
845 556 925 611 vel
954 558 1119 611 semel
1151 557 1356 612 latebit.

285 651 446 722 507
478 648 603 705 Sive
634 645 864 712 IEetias,
895 656 948 701 et
977 661 1104 700 suus
1133 646 1296 703 Jason

287 738 618 794 Inducuntur
647 736 741 801 ibi,
775 734 1029 805 ferusque
1062 736 1274 803 Phasis,

287 830 421 897 Quis
442 830 619 899 jactos
648 841 813 897 super
841 841 969 880 arva
996 826 1195 880 Colcha
1228 827 1421 883 dentes

288 920 539 990 Expavit,
572 916 859 972 fruticante
884 932 1004 971 cum
1036 916 1217 972 duello

290 1012 465 1081 Spicis
488 1009 694 1079 spicula
716 1010 882 1062 mixta
915 1008 1261 1065 ﬂuctuarent.

289 1104 415 1159 Sive
451 1100 677 1172 prandia
701 1100 820 1169 quis
850 1099 1014 1155 refert
1038 1100 1291 1172 Thyesta:

290 1196 399 1251 Seu
425 1203 639 1249 vestros
667 1191 962 1247 Philomela
1003 1202 1153 1248 torva
1181 1193 1455 1262 planctus,

290 1285 631 1355 Discerptum
658 1291 749 1337 aut
778 1297 1025 1352 puerum,
1057 1283 1343 1354 cibumque
1376 1284 1576 1339 factum

291 1376 526 1445 Jamjam
549 1373 795 1445 conjugis
824 1373 1233 1429 innocentioris.
1260 1434 1267 1439 ,

291 1465 397 1521 Seu
430 1471 619 1533 raptus
643 1464 855 1534 Tyrios,
889 1462 1188 1533 Jovemque
1221 1474 1430 1520 taurum

292 1559 491 1629 Spreto
519 1556 739 1611 fulmine
762 1557 936 1611 fronte
960 1558 1078 1626 plus
1104 1558 1419 1613 timendum.

292 1653 401 1709 Seu
429 1652 591 1706 turris
620 1651 799 1706 Danae
826 1652 1060 1706 refertur
1082 1652 1222 1718 illic,

292 1746 426 1800 Cum
461 1744 685 1798 multum
720 1744 900 1813 pluvio
929 1744 1096 1814 rigata
1128 1760 1290 1801 censu
1317 1755 1421 1812 est,

294 1838 442 1893 Dans
471 1838 593 1908 plus
622 1851 781 1892 aurea
813 1838 946 1891 furta
975 1853 1132 1907 quam
1163 1839 1398 1893 metalla.

292 1930 401 1985 Seu
427 1928 628 1984 Ledam
659 1929 777 1999 quis
807 1929 935 1999 agit,
961 1929 1334 2001 Phrygemque
1361 1931 1629 2001 ephebum

292 2019 502 2088 Aptans
532 2019 596 2072 ad
619 2019 874 2091 cyathos,
905 2018 1030 2073 facit
1059 2021 1262 2075 tonanti

292 2112 471 2168 Succo
502 2112 733 2166 nectaris
756 2124 877 2166 esse
898 2110 1213 2166 dulciorem.

290 2200 399 2255 Seu
431 2201 654 2256 Martem
685 2202 902 2258 simulat
923 2201 1083 2258 modo
1106 2203 1159 2258 in
1189 2211 1409 2261 catenas

291 2292 515 2349 Missum
546 2293 884 2361 Lemniacas,
918 2294 1078 2350 modo
1104 2304 1196 2350 aut
1224 2298 1443 2368 repulso

292 2384 552 2441 Formam
586 2386 811 2456 imponit
837 2387 974 2458 apri,
1005 2396 1272 2459 caputque
1298 2392 1451 2446 setis.

292 2475 364 2531 Et
399 2486 605 2547 tergum
632 2486 880 2547 asperat,
912 2478 1244 2548 hispidisque
1274 2483 1431 2537 malis

292 2566 455 2623 Leve
482 2567 729 2622 incurvat
751 2567 904 2637 ebur,
938 2568 1023 2623 vel
1052 2568 1141 2624 ille
1168 2570 1319 2644 ﬁngit

359 2693 391 2723 ι
428 2684 759 2739 Circensium
792 2684 936 2739 Plac.
964 2683 1322 2741 Valentiniani
1353 2703 1626 2743 nummum
1656 2690 1884 2747 vidimus

288 2770 416 2810 cum
446 2756 810 2810 Viccnnalium
860 2755 976 2824 ejus
1026 2765 1171 2811 nota.
1222 2758 1327 2812 Sed
1371 2758 1405 2812 ii
1446 2759 1639 2825 publici
1687 2772 1740 2816 et
1790 2777 1882 2817 so-

287 2827 503 2899 lemnes
536 2825 659 2899 _l_udi
703 2832 885 2899 erant,
930 2825 981 2879 hi
1012 2841 1138 2880 vero
1177 2828 1403 2894 privati;
1444 2830 1583 2884 sicut
1620 2833 1881 2899 privatum

288 2896 571 2971 Elagabali
614 2897 1009 2971 spectaculum,
1066 2898 1224 2968 158
1282 2899 1335 2951 in
1382 2914 1489 2967 quo
1543 2896 1882 2971 Lampridius

288 2976 482 3021 narrat
517 2966 762 3035 iunxisse
808 2966 955 3019 illum
1000 2966 1234 3021 camelos
1263 2966 1553 3034 quaternos
1582 2972 1648 3025 ad
1678 2966 1881 3028 'currus

287 3035 339 3091 in
391 3036 646 3109 cir_co.g|u
679 3035 903 3109 publicis
941 3037 1142 3109 agitare
1177 3038 1427 3094 solebant
1457 3042 1743 3109 promiscui
1786 3059 1882 3097 au-

288 3109 423 3175 rigae
463 3107 748 3181 factionum
782 3106 1136 3181 circensium;
1170 3109 1223 3161 in
1262 3106 1483 3181 privatis
1527 3112 1732 3168 nobiles
1762 3114 1877 3181 ple—
1908 3111 1955 3177 C

290 3191 526 3245 rumque
555 3176 913 3249 achprincipes
954 3177 1054 3246 ipsi
1085 3178 1494 3249 exercebantur,
1538 3191 1595 3237 ut
1625 3181 1727 3238 hoc
1764 3176 1881 3239 loco

288 3250 524 3318 juvenes
545 3246 725 3318 aulici.

362 3316 398 3389 |>_
430 3317 619 3372 Sortes
654 3317 707 3370 in
747 3318 890 3389 circo
920 3316 986 3371 ad
1028 3317 1346 3375 electionem
1386 3320 1738 3389 ducebantur,
1773 3333 1882 3378 tum

289 3387 436 3451 loci,
481 3396 591 3458 tum
634 3388 1036 3455 quadrigarum.
1085 3389 1572 3458 Dequadrigarum
1615 3387 1884 3449 electione

288 3456 651 3529 Symmachus
674 3466 917 3529 testatur,
951 3458 1043 3511 lib.
1078 3474 1129 3525 x,
1155 3456 1248 3516 ἓξ.
1280 3456 1442 3525 Malo,
1474 3462 1678 3529 inquit,
1706 3467 1882 3528 fremi-

293 3525 409 3608 turn
435 3525 647 3608 ﬁliarum
670 3526 817 3608 vallis
845 3530 1489 3608 exponere_.atque_illam
1516 3525 1885 3608 quodiigarum

290 3598 739 3670 distributionem,
789 3598 843 3649 in
880 3614 981 3666 qua
1019 3598 1270 3653 sibi'cunt
1306 3598 1596 3670 fortunatus
1632 3598 1886 3657 videretur

291 3670 377 3721 cui
412 3668 856 3742 electionemimoa:
891 3685 1020 3721 urna
1050 3668 1315 3742 tribuebat
1327 3688 1421 3738 par
1446 3673 1522 3724 vel
1550 3675 1718 3742 potior
1743 3685 1879 3737 erat,

293 3754 457 3812 queui
481 3752 590 3812 sors
626 3736 822 3812 [egisset
858 3748 1158 3812 eaitremum.
1192 3736 1399 3804 Quoties
1428 3736 1652 3811 sequenti
1689 3736 1885 3812 primus

293 3808 524 3883 invidit?
547 3805 715 3860 Dubia
741 3816 813 3860 est
841 3809 971 3883 enim
994 3811 1155 3879 Optio,
1183 3828 1299 3883 cuin
1327 3812 1391 3865 de
1416 3805 1665 3883 similibus
1679 3805 1888 3883 judica-

294 3888 396 3954 ειυς.
425 3877 525 3933 Ubi
560 3877 1040 3954 apertepptionem
1068 3880 1417 3954 sorte_datam
1443 3882 1603 3948 dicit;
1632 3877 1725 3939 sed
1756 3901 1887 3954 qua-

294 3949 480 4020 drigas
514 3963 545 4001 a
585 3946 887 4002 Theodosio
934 3950 1124 4020 missas
1163 3950 1299 4006 adeo
1341 3946 1657 4020 prmstautes
1698 3946 1887 4013 omnes

295 4017 586 4089 fuisse,ut
619 4032 739 4072 sors
779 4020 950 4089 primo
990 4019 1120 4073 nihil
1157 4017 1404 4077 conferre
1433 4022 1720 4089 videretur,
1762 4041 1885 4081 cum

292 4088 381 4164 illa
408 4087 712 4164 ambiguam
743 4088 1029 4164 redderent
1053 4094 1347 4164 optionem.
1374 4093 1478 4149 Sed
1508 4087 1881 4164 quadrigarum

296 4158 496 4232 eleCtio
527 4173 865 4232 no_n_§emper
890 4158 1062 4232 fuitin
1090 4158 1217 4227 usu;
1244 4163 1342 4217 loci
1372 4158 1641 4232 nunquam
1666 4158 1885 4222 omissa.

293 4228 431 4303 [iam
461 4228 913 4303 apudilonierum
940 4230 1095 4303 Iliad.
1114 4232 1204 4295 23,
1232 4228 1550 4302 Sophoclem
1574 4235 1626 4288 in
1656 4237 1885 4303 Electra,

294 4300 532 4354 Statium
564 4298 869 4376 Thebaidos
896 4315 977 4376 vi,
1012 4302 1132 4376 quia
1164 4298 1367 4376 Heroes
1397 4304 1601 4376 antiqui
1631 4320 1757 4361 suos
1788 4298 1887 4376 ipsi

298 4383 490 4444 currus
520 4370 755 4444 agitant,
770 4369 937 4424 solius
960 4369 1064 4444 loci
1090 4371 1153 4444 ﬁt
1180 4374 1413 4444 sortitio.
1444 4369 1574 4429 item
1603 4377 1740 4444 apud
1768 4369 1890 4431 Vir-

333 4440 487 4493 ilium
524 4438 576 4510 in
620 4438 825 4493 ludrico
863 4442 1037 4495 navali
1066 4441 1324 4498 IEneidus
1353 4460 1409 4510 v,
1440 4444 1569 4498 Tum
1608 4438 1721 4499 loca
1755 4460 1887 4502 sorte

319 4490 498 4581 tight.
542 4490 926 4586 Locamauteuiw
937 4490 1050 4566 hinc
1066 4490 1323 4586 idcirco.
1338 4490 1490 4569 erant
1523 4490 1657 4571 ostia
1912 4490 1965 4551 D

298 4592 544 4655 carceres
567 4592 822 4655 equorum
849 4598 860 4632 :
888 4582 956 4635 ita
982 4591 1041 4635 ut
1064 4584 1285 4651 primus,
1308 4595 1398 4638 aut
1421 4587 1685 4640 secundus
1708 4582 1878 4655 locus,

296 4649 430 4720 nihil
448 4648 593 4702 aliud
612 4649 788 4714 fuerit,
806 4665 962 4719 quam
984 4648 1211 4720 primum
1230 4665 1322 4709 aut
1345 4657 1637 4710 secundum
1661 4648 1879 4712 ostium;

300 4719 622 4792 Consentius
671 4734 831 4789 ergo,
877 4719 1034 4788 quem
1084 4725 1313 4792 primum
1362 4742 1496 4780 urna
1541 4736 1785 4791 vocarat,
1829 4738 1885 4785 et

298 4803 452 4863 axem
476 4832 501 4863 ,Α
526 4789 627 4843 hoc
668 4798 750 4843 e~t
779 4792 1064 4862 quadrigas
1087 4789 1288 4863 'eligit,
1323 4806 1376 4850 et
1417 4798 1644 4863 primum
1685 4789 1879 4854 ostium

298 4859 597 4938 ingreditur
623 4877 634 4912 :
670 4872 787 4938 post
814 4877 935 4914 eum
970 4859 1158 4938 reliqui
1183 4859 1299 4919 'alia
1322 4859 1585 4938 deinceps
1614 4882 1711 4923 suo
1736 4874 1881 4938 quis-

298 4944 401 5003 que
440 4931 650 4984 ordine.
684 4932 995 5003 Curiautem
1027 4931 1384 5003 in'capiendis
1414 4931 1545 4993 locis
1584 4953 1701 4993 sors
1730 4931 1884 4994 a'dhi-

299 5000 519 5073 hgjretur
538 5014 765 5073 causam
804 5002 999 5067 innuit,
1028 5019 1133 5059 non
1159 5000 1389 5073 explicat
1412 5008 1646 5064 Donatus
1672 5010 1740 5064 ad
1768 5011 1884 5064 Vir-

298 5070 405 5148 gilii
440 5071 791 5148 v_er_ba,_qu:_e
832 5073 1075 5148 proxime
1119 5070 1397 5131 citavimus
1428 5097 1441 5129 :
1477 5079 1596 5133 Non
1636 5090 1744 5148 est,
1775 5083 1878 5146 ait,

300 5141 434 5215 idern
466 5140 614 5193 labor:
646 5141 700 5215 in
724 5142 939 5215 singulis
969 5144 1130 5211 locis;
1162 5155 1207 5199 et
1234 5147 1351 5200 inde
1378 5165 1487 5203 sors
1510 5140 1797 5215 adhibetur,
1828 5140 1883 5207 ut

299 5210 411 5281 ﬁeri
438 5212 695 5265 consuevit
725 5212 775 5264 in
798 5210 953 5281 circa,
985 5232 1049 5269 ne
1074 5210 1138 5269 sit
1168 5220 1219 5270 in
1247 5218 1569 5273 ordinatione
1604 5210 1878 5277 contentio.

298 5279 407 5335 Cur
440 5281 585 5362 etum
631 5296 737 5362 non
771 5282 910 5362 idem
940 5279 1034 5362 es_t_
1063 5286 1247 5362 labor?
1285 5288 1407 5362 Ideo
1444 5292 1729 5358 nimirum,
1759 5296 1880 5362 quia

300 5364 405 5429 non
440 5351 583 5429 idem
627 5360 746 5407 erat
779 5368 808 5407 a
846 5356 1066 5429 singulis
1105 5358 1257 5412 ostiis
1284 5358 1347 5411 ad
1382 5370 1576 5415 metam
1607 5351 1834 5429 Spaiiu'm
1865 5382 1878 5419 :

300 5421 393 5475 sed
430 5436 461 5477 a
494 5426 670 5491 primo
699 5435 904 5479 rectum
935 5421 1007 5483 ac
1036 5427 1409 5483 brevissimum
1447 5431 1515 5485 ab
1544 5421 1731 5487 ultimo
1760 5436 1881 5489 lon-

300 5492 595 5612 gissimum.
626 5493 803 5561 Quare
832 5510 937 5564 quo
964 5496 1084 5567 quis
1112 5501 1371 5553 remalior
1396 5514 1425 5553 a
1457 5502 1628 5569 pritno
1664 5518 1881 5560 cursum

323 5562 486 5612 nibat-
512 5563 612 5612 hoc
634 5566 872 5612 longiore
893 5570 1067 5612 snatin
1090 5568 1375 5612 ferebatur,
1405 5579 1459 5612 Μ
1482 5574 1579 5612 vim
1602 5588 1661 5612 sm
1686 5574 1881 5612 Ιειιιηι-ἰρ

323 5562 486 5636 nibat.
512 5563 612 5636 hoc
634 5562 872 5636 longiore
893 5562 1067 5636 spatio
1090 5568 1380 5635 ferebatur,
1405 5562 1579 5625 et'viae
1600 5588 1661 5627 ac
1684 5574 1882 5631 laboris

300 5632 691 5716 plus‘iiabebat.
723 5632 801 5688 Ex
824 5632 937 5716 quo
955 5640 1113 5716 etiam
1139 5647 1301 5716 patet,
1333 5632 1429 5695 cur
1459 5643 1739 5716 inD;oclis
1764 5648 1879 5716 agi-

300 5702 490 5761 tatoris
514 5703 670 5761 laude
698 5702 862 5777 ponat
888 5717 1040 5767 vetus
1062 5710 1115 5767 in
1130 5702 1360 5782 .criptio,
1389 5713 1531 5783 quod
1554 5730 1728 5771 suam
1755 5702 1883 5780 οἶῗλ-

1760 261 2087 318 CARMINA.

1912 386 1963 444 Α
1994 375 2193 429 llirtam
2221 373 2378 429 dorsa
2406 377 2595 447 feram,
2630 384 2863 449 repanda
2893 388 2998 440 tela

3474 281 3577 337 758

1988 465 2187 522 Attrita
2215 465 2434 520 assiduo
2459 471 2908 530 cacuminantem.
2968 475 2983 489 '

1990 558 2097 613 Seu
2122 557 2336 614 Perseia
2362 563 2511 632 virgo
2540 565 2804 621 vindicata

1988 648 2103 705 Illic
2129 649 2333 703 luditur
2356 650 2522 721 harpe
2553 656 2847 727 conjugali,

1985 739 2091 794 Seu
2123 742 2265 811 quod
2293 745 2551 801 carminis
2575 757 2736 817 atque
2760 750 3057 808 fabularum

1986 831 2176 888 Clausa
2208 835 2272 889 ad
2307 836 2562 905 Pergama
2591 840 2681 895 dat
2707 843 2935 901 bilustre
2966 848 3183 905 bellum.

1986 924 2124 991 Quid
2157 927 2331 981 dicam
2362 930 2740 1004 citharistrias,
2775 937 3079 1007 choraules,

1988 1016 2199 1085 Mimos,
2233 1019 2632 1090 schmnobatas,
2664 1027 2987 1099 gelasianos,

1985 1108 2150 1181 me
2180 1110 2412 1179 Cannas,
2438 1115 2662 1185 plectra,
2682 1119 2855 1188 iocos,
2889 1123 3093 1191 palem,
3128 1126 3433 1199 rudentum,

1985 1199 2185 1255 Coram
2221 1212 2272 1257 te
2302 1204 2630 1274 trepidanter
2658 1208 2971 1279 explicare?

1986 1287 2119 1344 Nam
2150 1300 2175 1328 ιι
2207 1291 2556 1350 Circensibus
2586 1298 2701 1366 ipse
2722 1308 2923 1368 quanta
2950 1302 3091 1357 ludis

1989 1382 2173 1438 Victor
2197 1388 2432 1455 gesseris
2456 1390 2732 1445 intonante
2756 1391 2946 1460 Roma,

1988 1475 2189 1531 Laetam
2217 1493 2310 1546 par
2339 1478 2437 1534 fuit
2461 1495 2687 1537 exarare
2716 1498 2944 1539 musam.

2056 1575 2223 1632 Janus
2250 1578 2386 1635 forte
2412 1595 2540 1635 suas
2562 1581 2771 1638 bifrons
2795 1583 3079 1653 calendas,

1991 1675 2129 1730 Anni
2162 1685 2398 1747 tempora
2428 1678 2724 1736 circinante
2754 1682 2974 1753 Phoebo,

1915 1749 1963 1811 Β
1992 1779 2291 1835 Sumendas
2321 1780 2589 1837 referebat
2619 1783 2686 1838 ad
2714 1787 2954 1846 curules.

1990 1877 2106 1933 Mos
2132 1889 2215 1933 est
2240 1879 2470 1935 Cmsaris
2498 1881 2585 1937 hic
2614 1883 2699 1938 die
2721 1884 2801 1939 bis
2831 1901 2938 1941 uno

1991 1976 2262 2045 (Privatos
2288 1980 2547 2050 vocitant)
2576 1998 2767 2051 parare
2796 1985 2971 2041 ludos.

1992 2077 2143 2134 Tunc
2167 2088 2339 2135 cmtus
2356 2080 2639 2150 juveuum,
2671 2084 2766 2139 sed
2792 2086 3114 2157 aulicorum,

1993 2177 2105 2233 Elei
2134 2178 2418 2234 simulacra
2451 2190 2601 2236 torva
2629 2185 2803 2255 campi

1992 2274 2219 2332 Exercet
2246 2278 2602 2348 spatiantibus
2633 2285 2927 2355 quadrigis.

1993 2378 2058 2433 Et
2078 2377 2106 2418 δ
2132 2379 2242 2449 jam
2269 2390 2321 2436 te
2348 2398 2480 2438 urna
2512 2384 2665 2453 petit,
2696 2385 2911 2455 cietque
2942 2403 3116 2445 rauca:

1993 2478 2320 2534 Acclamatio
2346 2481 2570 2537 sibilans
2597 2498 2833 2540 corontc.

1992 2580 2128 2635 Tum
2160 2595 2262 2650 qua
2289 2589 2371 2636 est
2402 2592 2423 2620 ο
2452 2580 2636 2651 janua,
2664 2585 3049 2654 consulumque
3077 2588 3251 2656 sedes,

1996 2709 2194 2776 DlilGoh,‘
2208 2710 2276 2748 ET
2300 2708 2454 2776 οετιο
2480 2709 2692 2776 QUARTO
2720 2711 2893 2751 IIISSUS
2918 2698 3120 2754 vicerit.
3147 2701 3277 2755 Nam
3307 2718 3425 2759 cum
3450 2722 3577 2776 qua-

1998 2765 2132 2843 terni
2173 2764 2284 2843 fere
2327 2766 2827 2843 agitare__so_leren_t,
2872 2777 3347 2843 quatuorntantum
3394 2764 3577 2843 primis

1992 2834 2481 2907 ostiis‘utebantnr.
2519 2835 2671 2892 Unde
2699 2839 2787 2903 qui
2816 2834 3009 2907 quarto
3038 2841 3249 2906 exibat,
3286 2845 3329 2897 is
3370 2834 3577 2901 summa

1992 2912 2047 2958 et
2076 2903 2260 2978 ultima
2289 2906 2545 2978 quadriga
2568 2903 3005 2978 certabat,'cujus
3026 2903 3335 2966 difﬁcillima
3358 2925 3475 2970 erat
3500 2918 3578 2971 vi-

1989 2975 2195 3097 ctoriaé
2210 2975 2326 3042 Quo
2350 2975 2512 3031 etiam
2540 2990 2702 3032 sensu
2724 2975 2931 3033 dictum
2952 2981 3021 3034 sit
3042 2982 3108 3036 ab
3129 2982 3316 3039 Ovidio
3338 3000 3393 3040 ιιι
3416 2991 3578 3042 Amo-

1989 3060 2133 3097 rum.
2215 3065 2227 3097 :

1988 3060 2133 3111 rum,
2159 3060 2227 3100 z:

2107 3138 2210 3203 Hoc
2234 3140 2352 3203 mihi
2375 3141 2625 3203 contingat
2648 3153 2661 3189 :
2681 3152 2822 3190 sacro
2846 3141 2909 3190 de
2930 3154 3132 3193 carcere
3149 3146 3310 3196 missis

2171 3199 2393 3252 Insistam
2413 3202 2523 3252 forti
2543 3199 2717 3252 Iuenle
2738 3204 2993 3253 vehendus
3010 3205 3168 3266 equis.

1987 3282 2129 3338 Idem
2162 3284 2305 3339 enim
2332 3293 2417 3339 est
2456 3299 2518 3339 ac
2557 3285 2600 3338 si
2641 3285 2783 3340 dicat
2816 3303 2827 3338 :
2862 3286 2933 3340 'l‘e
2960 3285 3167 3342 favente
3207 3304 3312 3345 non
3343 3291 3578 3350 dubitem

1985 3355 2070 3408 vel
2099 3368 2131 3408 e
2155 3370 2342 3431 sacro,
2373 3355 2423 3409 id
2455 3355 2752 3431 est_ultimo
2784 3365 3040 3425 sextoque
3067 3359 3205 3413 ostio
3232 3361 3426 3431 missus
3454 3378 3576 3421 cer-

1987 3432 2168 3478 tamen
2192 3424 2348 3487 inire,
2378 3438 2442 3478 ac
2467 3426 2697 3494 palmam
2722 3424 2959 3491 sperare.

2064 3494 2277 3572 159.43
2309 3494 2364 3572 In
2408 3499 2595 3572 prima_
2638 3497 2764 3548 circi
2786 3495 3163 3572 _fronte_j_anu_a
3200 3509 3317 3572 erat
3355 3517 3456 3572 qua
3490 3504 3576 3559 in-

1986 3578 2202 3641 gressus
2231 3566 2283 3617 in
2316 3565 2545 3641 circnm._
2568 3564 2753 3618 ianuae
2786 3565 2948 3619 latera
2978 3566 3100 3621 hinc
3132 3569 3253 3623 inde
3279 3564 3429 3641 sep'ta
3457 3590 3578 3631 car.

1986 3632 2230 3715 ceribus,
2267 3635 2727 3715 senisutrinqne,
2770 3650 2904 3704 quos
2938 3646 3154 3707 cryptas
3195 3632 3395 3715 vocat',
3428 3648 3570 3715 quod

1988 3702 2214 3759 absidati
2250 3713 2460 3769 essent,
2488 3702 2687 3773 pariete
2719 3702 2906 3773 inquo
2934 3702 3178 3762 carceres
3201 3702 3576 3768 erant'in'for-

1988 3775 2135 3846 uices
2161 3774 2376 3841 inﬂexo,
2413 3784 2573 3842 atque
2601 3785 2657 3829 ut
2681 3778 2915 3845 loquitur
2946 3778 3077 3846 ipse,
3112 3781 3392 3837 fornicato.
3422 3784 3579 3839 Dice-

1988 3844 2185 3918 bantur
2203 3855 2255 3898 et
2279 3855 2464 3918 portae,
2483 3847 2684 3918 januis,
2709 3847 2839 3899 ostia
2864 3844 3013 3914 circi,
3040 3852 3290 3918 quoniam
3316 3854 3399 3908 Itis
3425 3856 3577 3910 ostiis

1988 3916 2053 3968 ad
2082 3916 2297 3989 cursum
2327 3916 2672 3989 mittebantur
2698 3918 2851 3989 equi;
2884 3928 2941 3972 ut
2970 3916 3189 3989 contra,
3223 3938 3469 3978 carceres
3490 3925 3575 3979 di-

1988 3993 2105 4040 ctos
2147 3986 2324 4059 docui;
2366 3986 2566 4049 Varro,
2621 3992 2761 4056 quod
2808 3988 2873 4043 iis
2919 3986 3287 4059 coerceantur,
3340 4010 3406 4048 ne
3453 3996 3576 4051 inde

1990 4064 2213 4128 exeant,
2246 4057 2554 4128 priusquam
2595 4060 2769 4111 mittat
2808 4061 3166 4128 magistratus.
3207 4057 3394 4117 Portas
3422 4074 3576 4119 vocat

1989 4123 2297 4201 Victor,
2347 4123 2469 4181 cum
2510 4127 2585 4181 ait
2628 4128 2758 4201 circi
2802 4123 3017 4201 maiimi
3062 4130 3347 4201 duodecim
3393 4145 3574 4201 portas

1991 4196 2176 4252 fuisse.
2207 4196 2409 4253 Januas
2445 4208 2633 4269 auctor
2661 4198 2899 4266 epistolas
2928 4203 2994 4254 de
3023 4200 3140 4253 viro
3169 4196 3406 4269 perfecto
3434 4203 3574 4258 inter

1992 4268 2451 4336 pscudepigrapba
2478 4268 2788 4337 Hieronymi
2816 4285 2828 4320 :
2863 4269 3064 4333 Adhuc,
3093 4268 3290 4339 inquit,
3314 4273 3455 4340 prior
3480 4275 3573 4328 illa

1991 4347 2123 4409 astat
2151 4342 2204 4392 in
2221 4340 2425 4409 januis,
2456 4340 2539 4392 cui
2566 4355 2705 4408 asque
2733 4356 2828 4392 sua
2856 4341 3021 4409 spatia
3048 4340 3323 4405 debentur;
3351 4352 3405 4394 et
3438 4342 3575 4396 Pau-

1993 4407 2132 4462 linus
2155 4411 2312 4478 epist.
2341 4408 2376 4461 2
2401 4407 2417 4460 ἑ
2446 4409 2569 4462 Non
2589 4407 2834 4463 decursus
2855 4407 3026 4476 stadii,
3052 4411 3145 4464 sed
3170 4412 3458 4479 ingressus;
3486 4428 3575 4465 nec

1990 4487 2051 4556 ut
2069 4488 2223 4541 meta,
2254 4479 2343 4531 sed
2365 4480 2651 4556 januaﬂest.
2678 4480 2983 4556 Eodemque
3014 4479 3180 4556 modo
3196 4482 3353 4556 θρρας
3375 4479 3570 4556 ϐαρεῖ.

1990 4547 2195 4624 giossa;
2235 4547 2435 4624 nostrae
2467 4565 2488 4624 ζ
2521 4548 2793 4624 Carceres,
2835 4547 2987 4624 66pm}
3024 4547 3364 4624 ξπποδρᾷᾑου.
3409 4554 3576 4614 Πύλας

1991 4618 2300 4692 [Ιίιηθνὶυξί
2323 4620 2376 4671 ἐκ
2401 4620 2573 4692 «olidi»
2610 4624 2684 4692 si;
2724 4618 2917 4674 vtio-0w}
2954 4619 3140 4692 δρόμον
3170 4618 3390 4677 ἰῦύὲνατε.
3425 4624 3573 4677 Ostia

1990 4688 2218 4742 Senator
2248 4688 2341 4742 lib.
2374 4704 2462 4762 tu,
2494 4688 2580 4743 51.
2623 4689 2837 4744 Bisseua
2866 4688 2999 4744 ostio
3028 4688 3095 4743 od
3127 4692 3396 4745 duodecim
3424 4695 3573 4762 signa

1990 4768 2298 4834 posuerunt;
2325 4768 2374 4813 et
2408 4760 2524 4813 sine
2558 4761 2923 4834 controversia
2960 4763 3231 4834 Ausonius
3264 4763 3318 4817 in
3347 4760 3572 4834 epistola

1989 4829 2055 4882 ad
2091 4827 2359 4896 Ursulum,
2393 4833 2663 4884 senarium
2692 4846 2974 4886 numerum
3003 4833 3347 4902 significans:

2114 4919 2247 4984 Osiia
2268 4928 2385 4981 quot
2404 4933 2490 4982 pro
2515 4927 2651 4981 parte
2668 4924 2827 4983 aperit
2847 4925 3031 4973 striden
3056 4926 3097 4973 ia
3116 4926 3294 4984 circus,

2174 4980 2395 5043 Excepto
2406 4980 2631 5031 medium
2651 4980 2778 5044 quod
2805 4992 2939 5046 patet
2964 4988 3008 5033 iit
3038 4987 3265 5035 stadium.

1988 5082 2065 5139 De
2094 5082 2177 5138 bis
2199 5084 2340 5160 enim
2371 5098 2644 5160 carcerum
2683 5087 2832 5160 oStiis
2865 5087 3115 5156 loquitur,
3151 5105 3256 5143 non
3286 5090 3352 5145 de
3372 5090 3572 5160 januis,

1987 5169 2131 5229 quas
2152 5170 2247 5229 per
2265 5157 2401 5229 _circi
2438 5157 2694 5229 ambitum
2742 5158 2840 5210 subi
2888 5161 3089 5229 lingunt
3122 5157 3441 5228 interpretes
3475 5162 3575 5215 do-

1987 5225 2232 5279 ctissimi.
2256 5225 2402 5279 Ostia
2430 5227 2573 5279 enim
2598 5242 2894 5291 carcerum,
2922 5225 2985 5281 ιιιῖ
3006 5231 3205 5284 dictum
3229 5225 3330 5293 est,
3356 5232 3407 5284 in
3430 5234 3575 5284 circo

1988 5299 2228 5350 maximo
2248 5296 2462 5368 fuerunt
2490 5296 2709 5350 omnino
2742 5298 2829 5363 12,
2849 5299 2941 5352 scd
2973 5314 3101 5354 sena
3134 5306 3401 5368 utrinque,
3431 5306 3573 5368 quod

1990 5375 2248 5439 propatte
2262 5366 2398 5421 dixit
2417 5376 2449 5419 Α
2461 5369 2696 5439 usonius.
2718 5368 3013 5439 Septimum
3027 5379 3201 5424 autem
3220 5366 3413 5424 ostium
3426 5366 3574 5439 quod

1988 5437 2210 5510 excipit,
2238 5437 2349 5510 ipsa
2377 5438 2615 5510 est_circi
2643 5437 2804 5507 janua
2822 5481 2837 5504 ,
2863 5455 2983 5510 quae
3010 5443 3060 5494 in
3096 5440 3272 5493 medio
3298 5437 3575 5497 carcerum

1988 5508 2194 5580 posita,
2240 5509 2293 5563 in
2341 5508 2569 5563 mediam
2600 5511 2730 5564 circi
2762 5508 3090 5580 latitudinem
3129 5509 3362 5576 patebat.
3397 5512 3574 5580 Supra

1982 5577 2199 5647 januain
2234 5593 2411 5651 porro,
2442 5581 2722 5651 consulum
2752 5580 2940 5651 sedes,
2970 5579 3269 5635 aliorumve
3299 5577 3576 5651 magistra-

1990 5660 2137 5703 tuum
2172 5651 2258 5717 qui
2297 5649 2433 5703 ludis
2464 5650 2836 5716 prtesidebant.
2864 5649 2993 5702 Nam
3021 5656 3077 5703 ut
3104 5649 3575 5707 consulum'sedvs

1990 5721 2076 5776 hic
2105 5720 2319 5788 dicitur,
2353 5721 2430 5775 sic
2460 5720 2745 5775 Pra’torum
2768 5718 2909 5774 sedes
2936 5719 3214 5792 Suetonio,
3240 5720 3464 5780 Nemnis
3490 5726 3574 5790 12,
