4002 6188
492 297 594 352 759

486 405 665 461 Ambit
689 419 846 475 quam
878 403 1053 473 paries
1083 400 1332 471 utrinque
1357 402 1523 456 senis.

486 496 724 567 Cryptis,
755 482 1166 564 carceribusime
1193 493 1508 559 fornicatus,

492 586 609 641 Uno
639 601 669 641 e
691 592 944 657 qpattuor
969 598 1069 639 axe
1098 583 1232 639 forte
1262 584 1419 647 lecto,

487 679 693 733 Curvas
725 676 1021 747 ingrederis
1046 690 1295 745 premens
1327 676 1582 730 habenas.

488 768 544 823 Id
575 768 777 839 collega
809 777 951 833 tuus,
983 767 1249 837 simulque
1279 766 1431 821 vobis

488 860 620 915 Pars
645 862 872 915 adversa
898 858 1023 912 facit
1056 876 1069 910 :
1102 866 1132 895 α
1159 858 1355 912 micant
1385 858 1617 923 colores,

486 952 677 1016 Albus,
706 952 791 1006 vel
814 949 1071 1013 Venetus,
1101 948 1301 1013 virens,
1332 950 1637 1019 rubensque
1664 966 1679 1005 :

486 1040 695 1095 Vestrae
725 1040 972 1109 insignia,
999 1039 1270 1092 continent
1298 1038 1526 1094 ministri

485 1133 611 1197 Ora,
642 1139 698 1186 et
726 1132 837 1184 lora
859 1143 1067 1193 manus,
1093 1128 1354 1198 jubasque
1380 1138 1548 1185 tortas

485 1219 689 1290 Cogunt
712 1220 973 1275 ﬂexilibus
1002 1218 1167 1274 latere
1197 1218 1370 1283 nodis,

487 1312 878 1381 Hortanturque
904 1309 1096 1375 obiter,
1121 1310 1410 1379 juvantque
1438 1309 1671 1377 blandis_

484 1405 636 1460 Ultro
662 1404 955 1474 plausibus,
987 1410 1041 1458 et
1066 1401 1438 1472 voluptuosum

484 1494 696 1548 Dictant
714 1491 1238 1560 quadrupedantibus
1261 1491 1381 1546 Iuro
1392 1507 1527 1559 rem,

484 1585 564 1640 Illi
593 1586 659 1638 ad
685 1585 910 1639 claustra
943 1582 1195 1651 fremunt,
1228 1584 1601 1654 repagulisque

482 1678 645 1749 409
679 1676 995 1732 lncumbuut
1020 1676 1199 1741 simul,
1228 1691 1291 1730 ac
1317 1691 1411 1745 per
1441 1676 1718 1731 obseratas

482 1767 855 1823 Transfumant
885 1765 1113 1831 tabulas,
1138 1775 1191 1820 et
1216 1773 1339 1820 ante
1368 1780 1585 1820 cursum

483 1858 717 1925 Campus
748 1857 959 1911 ﬂatibus
987 1864 1278 1924 occupatur
1307 1854 1525 1909 absens.

483 1942 1094 2014 Impellunt,trepidant,
1125 1946 1359 2007 trahunt,
1390 1950 1707 2012 repugnant,

482 2036 800 2101 Ardescunt,
824 2035 1040 2100 saliunt,
1075 2033 1280 2099 timent,
1315 2034 1594 2101 timentur,

482 2126 589 2181 Nec
611 2139 854 2195 gressum
882 2122 1151 2189 cohibent,
1184 2123 1277 2177 sed
1310 2123 1547 2191 inquieto

483 2215 735 2271 Duratum
767 2214 902 2283 pede
925 2213 1155 2282 stipitem
1184 2213 1474 2282 ﬂagellant.

550 2306 579 2346 δ
617 2306 852 2361 Tandem
879 2320 1151 2359 murmure
1178 2304 1417 2359 buccina:
1445 2306 1755 2377 strepentis,

481 2400 775 2468 Suspensas
800 2396 1011 2452 tubicen
1037 2411 1236 2452 vocans
1259 2395 1566 2468 quadrigas,

481 2491 715 2549 Eﬂ'undit
740 2489 946 2547 celeres
970 2490 1024 2544 in
1050 2502 1177 2543 arva
1207 2504 1416 2545 currus.

481 2656 537 2704 et
561 2644 793 2720 praetoris
816 2643 1035 2698 tribunal
1062 2642 1265 2704 eidem,
1296 2642 1517 2710 Augusti
1546 2642 1632 2698 45.
1654 2643 1739 2725 .De
1764 2658 1865 2768 Eua
1893 2642 2057 2727 (ξιμ-

482 2720 594 2768 vius
623 2719 716 2768 lib.
747 2730 884 2768 va:
923 2711 1187 2766 Ludorum
1224 2711 1575 2765 Romanorum
1611 2713 1726 2768 dte.
1812 2754 1823 2767 .
1857 2714 2055 2768 Licinio

482 2711 594 2773 viu's
623 2719 716 2772 lib.
747 2730 884 2769 va:
923 2711 1187 2766 Ludorum
1224 2711 1575 2765 Romanorum
1611 2713 1726 2777 die,
1764 2711 1823 2768 C.
1857 2714 2055 2771 Licinio

483 2789 675 2844 consuli
703 2786 770 2839 ad
802 2784 1079 2854 quadrigas
1108 2783 1384 2854 mittendas
1411 2782 1735 2837 descendenti
1763 2784 2057 2840 tabellarius

482 2857 764 2912 reddidisse
786 2853 1041 2908 laureatas
1064 2854 1259 2906 litteras
1284 2853 1491 2906 dicitur.

552 2936 579 2965 ι
608 2927 748 2980 Circi
796 2923 1051 2977 factiones
1096 2925 1391 2976 tunicarum
1448 2922 1718 2976 coloribus
1761 2923 2048 2981 distincta).

482 2996 609 3051 Erat
633 2996 774 3049 enim
820 2993 980 3046 factio
1016 2992 1191 3045 albata
1213 3032 1227 3054 ,
1258 3001 1464 3044 russata
1484 3033 1498 3055 ,
1532 2995 1743 3059 prasina
1763 3033 1779 3057 ,
1816 3008 2005 3049 veneta
2036 3012 2051 3048 :

484 3065 753 3135 quomodo
796 3061 1139 3135 nominantur
1193 3060 1262 3135 in_
1308 3053 1503 3113 Dioclis
1533 3053 1900 3130 inscriptione
1940 3082 1953 3117 :
1998 3066 2058 3118 οἱ
2084 3053 2131 3118 C

482 3132 660 3207 λξυκῇ.
682 3136 765 3186 καί
788 3133 961 3207 πρρῥᾷ
984 3132 1416 3207 σκευῇχρὼμενοι
1433 3168 1447 3193 ,
1476 3135 1559 3184 καὶ
1583 3140 1645 3205 τῇ
1671 3135 1951 3207 rapacium,
1977 3138 2060 3189 atati

483 3194 731 3257 οὖενέτίων
759 3217 790 3255 a
820 3194 1016 3274 Diutip;
1049 3194 1292 3274 βείνέξὼνὲ
1330 3194 1630 3274 «gae-iamut;
1661 3194 1909 3274 fiduciam
1940 3194 2056 3257 λευ-

484 3282 614 3345 ζῶν,
657 3274 784 3345 μέρη
822 3272 914 3345 ani
944 3267 1092 3345 δῇειὸι
1113 3306 1144 3345 τ’
1173 3268 1226 3321 in
1268 3267 1586 3345 Ant'holugia
1617 3267 2057 3345 epigrammatum

485 3336 814 3396 Graecorum.
852 3337 934 3393 Ab
978 3336 1059 3390 his
1094 3336 1427 3392 diversorum
1460 3336 1952 3406 colorum'tunicis,
2002 3351 2059 3396 tit

484 3411 688 3467 Plinius
713 3410 895 3479 junior
924 3415 1075 3479 vocat
1112 3406 1319 3476 (στολάς
1348 3407 1479 3479 Dio,
1510 3411 1733 3470 πέπλους
1763 3421 1912 3464 vetus
1939 3410 2058 3479 epi-

519 3482 754 3547 ratnma)
796 3478 1030 3547 discolor
1054 3491 1242 3547 agmen
1277 3478 1592 3546 agitatorum
1623 3479 1815 3534 dicitur
1847 3478 2057 3536 Ovidio.

519 3496 754 3547 ramma)
796 3496 1030 3531 OISCOIOI'
1054 3496 1242 3546 agmen
1277 3496 1592 3546 agttatorum
1623 3496 1815 3534 (llCIllll'
1847 3496 2057 3536 υνιαιο.

483 3496 885 3617 ἱῐιθὺειιιυτίιιιθ
919 3555 976 3600 ut
1006 3545 1127 3619 hinc
1162 3546 1354 3619 liquet,
1399 3562 1504 3601 non
1535 3550 1706 3619 solum
1743 3550 1795 3605 in
1835 3552 2058 3619 publicis

484 3621 645 3684 ludis,
672 3616 858 3673 verum
888 3619 1045 3671 etiam
1078 3616 1129 3670 in
1154 3618 1371 3685 privatis
1398 3636 1412 3671 :
1435 3617 1575 3684 quod
1600 3628 1655 3673 et
1673 3616 1949 3675 Commodi
1979 3628 2060 3674 at-

485 3707 588 3760 que
631 3685 956 3760 Heliogabali
994 3686 1235 3753 exempla
1265 3686 1493 3754 docent,
1534 3689 1622 3757 qui
1660 3690 1874 3757 prasino
1913 3689 2057 3745 domi

484 3756 899 3826 aurigantes’usi
925 3764 1311 3826 memorantur.

558 3824 762 3882 EIIOSsa
791 3834 876 3895 est
898 3824 1080 3895 paucis
1110 3826 1175 3879 ab
1196 3824 1320 3879 hinc
1346 3826 1524 3888 annis,
1551 3840 1673 3881 cum
1701 3826 1885 3883 Roma
1912 3843 2059 3884 esse-

485 3912 624 3961 mus,
672 3896 755 3966 via
791 3892 1142 3966 Praenestina,
1194 3896 1350 3949 tertio
1383 3896 1465 3966 ab,
1499 3896 1641 3952 Urbe
1679 3898 1875 3966 lapide,
1908 3909 2060 3954 vetus

484 3969 650 4021 altera
681 3963 874 4044 duplex
907 3963 1199 4086 inscriptio,
1233 3964 1616 4045 quePolynici
1647 3974 1703 4022 et
1729 3963 1937 4023 Tatiani
1967 3969 2061 4023 lilii

484 4038 801 4086 agitatorum
832 4050 885 4086 tn
915 4048 1067 4086 smau
1093 4048 1138 4086 ts
1162 4034 1480 4086 [actionibus
1511 4036 1713 4086 nalmas
1755 4049 2054 4086 enumerat-

484 4038 801 4107 agitatorum
832 4033 885 4088 in
915 4033 1138 4107 singulis
1154 4033 1492 4107 [actionibus
1511 4036 1713 4104 palmas
1755 4049 2055 4102 enumerat,

489 4100 645 4177 1'60
672 4105 816 4160 senis
858 4103 1102 4177 versibus
1135 4100 1345 4177 _Grmcis
1390 4100 1633 4177 adjectis,
1663 4122 1905 4177 quorum
1954 4100 2061 4163 duo

483 4173 685 4232 tantum
715 4173 871 4246 primi
901 4182 1104 4228 restant
1132 4173 1562 4231 incolumes£Sic
1590 4173 1730 4231 enim
1766 4175 1983 4231 habent:

741 4286 812 4340 Μ.
851 4285 1015 4341 ΑΗΒ.
1056 4284 1429 4340 POLYNICES
1468 4284 1626 4338 NA'I‘.
1671 4287 1805 4340 VEB

696 4357 810 4411 NA.
854 4355 968 4422 QUI
1011 4354 1195 4408 VIXIT
1236 4354 1389 4407 ΑΝΝ.
1434 4354 1623 4409 XXIX.
1665 4357 1850 4412 MENS

658 4427 750 4483 IX.
814 4423 1052 4480 DIEBUS
1109 4424 1172 4478 V.
1227 4423 1340 4490 QUI
1386 4424 1562 4479 VICI'I‘
1610 4425 1884 4483 PALMAS

731 4497 791 4550 N.
825 4493 1193 4550 DCCXXXIX.
1222 4494 1345 4547 SIC.
1376 4494 1438 4548 IN
1471 4495 1740 4552 RUSSEO
1773 4497 1811 4551 N

682 4565 881 4620 DCLV.
935 4565 997 4619 IN
1049 4564 1337 4620 PIIASINO
1392 4565 1498 4619 LV.
1555 4564 1617 4619 IN
1673 4567 1854 4622 VENE

766 4635 855 4689 ΤΟ
882 4635 995 4688 XII.
1027 4636 1089 4688 IN
1121 4635 1299 4689 ALBO
1326 4634 1386 4688 N.
1419 4635 1580 4689 XVII.
1614 4636 1774 4691 PRE

710 4704 822 4757 MIA
857 4703 1073 4757 XXXX.
1107 4706 1167 4757 N.
1200 4704 1282 4758 III.
1308 4704 1476 4759 XXX.
1510 4705 1700 4759 XXVI.
1735 4708 1821 4763 PU

672 4774 783 4829 ΒΛ.
812 4772 879 4828 Ν.
913 4774 1001 4827 XI.
1029 4773 1354 4829 UCTUIUG.
1388 4777 1449 4828 N.
1479 4775 1613 4830 VIII.
1645 4776 1793 4832 DEC.
1826 4777 1869 4832 Ν

953 4842 1102 4896 VIIII.
1132 4843 1361 4899 SEJUG.
1389 4844 1453 4897 N.
1486 4845 1571 4901 III.

890 4953 1011 5010 Pari
1038 4955 1168 5025 jugo
1207 4969 1327 5009 cum
1359 4958 1658 5026 superiore.

761 5069 829 5121 III.
857 5067 1015 5122 AUR.
1042 5067 1401 5124 MOLLICIUS
1432 5069 1776 5127 TATIANUS

698 5137 994 5193 NAT.0NE
1048 5137 1273 5206 VERNA
1322 5139 1434 5206 QUI
1486 5139 1667 5195 VIXIT
1711 5140 1847 5195 ANN

738 5207 853 5261 xx.
882 5207 1084 5263 MENS.
1117 5202 1246 5262 VIII.
1281 5202 1520 5264 DIEBUS
1548 5209 1656 5263 VII.
1688 5211 1803 5278 QUI

674 5277 804 5331 VIC.
838 5278 1109 5331 I’ALMAS
1138 5278 1197 5331 N.
1223 5278 1429 5332 CXXV.
1461 5279 1585 5333 SIC.
1618 5280 1682 5334 IN
1716 5277 1849 5335 IiUS

644 5348 772 5405 SEO
820 5346 1173 5402 LXXXVIIII.
1236 5349 1298 5401 IN
1351 5349 1637 5404 I’RASINO
1696 5350 1883 5405 XXIII.

714 5420 777 5472 IN
813 5417 1083 5474 VENETO
1114 5418 1175 5471 N.
1206 5417 1268 5470 V.
1298 5418 1359 5470 IN
1392 5419 1568 5473 ALBO
1598 5421 1659 5474 N.
1698 5422 1805 5476 VII.

936 5486 1211 5542 PRIEIIIA
1242 5487 1410 5543 XXX.
1434 5488 1497 5544 Ν.
1526 5487 1588 5541 ll.

582 5603 938 5679 e‘oé-‘Lgun‘étrpp
963 5602 1122 5679 ξῐιὼμῃ
1152 5604 1325 5679 κλυτὸς
1352 5605 1562 5679 ἡνίοχφς
1592 5605 1879 5679 Πολυνείκης

689 5674 766 5725 Υἱὲ
797 5673 886 5727 δύὸ
914 5673 1130 5747 μάκαρίν
1158 5675 1277 5745 (sic)
1310 5676 1552 5729 Τατιωδόν
1582 5695 1634 5731 τε
1666 5677 1830 5730 κάσιν.

2084 4415 2136 4476 D

1759 290 1999 347 SIDONII
2036 289 2377 347 APOLLINA
2386 292 2495 348 RIS
3634 292 3719 351 741)

2092 410 2138 468 Α
2167 403 2280 458 Νοη
2311 404 2389 460 sic
2418 403 2654 458 fulminis
2683 403 2912 473 impetus
2941 404 3167 470 trisulci,

2168 499 2282 553 Non
2315 498 2465 569 pulsa
2498 497 2749 569 Scythico
2774 498 2961 568 sagitta
2992 513 3175 562 nervo,

2167 589 2280 643 Non
2304 590 2483 645 sulcus
2513 590 2700 659 rapide
2724 590 2963 644 cadentis
2987 591 3141 657 astri,

2170 678 2285 733 Non
2315 678 2491 734 fundis
2524 680 2831 734 Balearibus
2855 690 3027 736 rotata

2173 769 2415 839 Unquam
2444 775 2522 824 sic
2551 770 2780 840 liquidos
2808 771 2914 839 poli
2943 780 3151 826 meatus

2168 859 2327 928 Rupit
2360 860 2605 930 plumbea
2634 859 2906 929 glandium
2935 861 3167 929 procella

2166 950 2321 1007 Cedit
2352 960 2493 1007 terra
2524 951 2677 1016 rotis,
2705 959 2761 1007 et
2779 948 3074 1006 orbitarum

2167 1044 2310 1099 Moto
2339 1044 2556 1113 pulvere
2579 1042 2885 1098 sordidatur
2912 1058 3025 1098 aer.

2168 1134 2372 1190 Instant
2393 1133 2706 1190 verberibus
2725 1133 2884 1189 simul
2909 1141 3176 1204 regentes,

2164 1224 2391 1293 Jamque
2420 1235 2473 1280 et
2500 1234 2716 1294 pectora
2744 1238 2911 1294 prona
2940 1224 3010 1280 de
3036 1224 3267 1280 covinno

2167 1315 2386 1372 Extensi
2414 1316 2714 1385 rapiuntur,
2741 1324 2796 1370 et
2820 1315 3032 1385 iugales

2165 1409 2338 1463 'I‘rans
2362 1423 2540 1465 armos
2567 1408 2784 1476 feriunt,
2814 1417 3039 1465 vacante
3066 1417 3251 1479 tergo:

2164 1500 2273 1555 Nec
2303 1514 2491 1556 cernas
2520 1500 2648 1566 cito,
2678 1514 2911 1557 cernuos
2936 1501 3223 1570 magistros

2163 1590 2429 1646 Temones
2457 1606 2608 1661 mage
2635 1590 2913 1657 suﬂ'erant,
2940 1607 3007 1645 an
3034 1605 3183 1657 axes,

2230 1679 2348 1744 ,lam
2376 1695 2468 1736 vos
2496 1696 2561 1736 ex
2586 1682 2756 1737 oculis
2782 1682 2928 1737 velut
2954 1682 3219 1747 volantes,

2089 1781 2138 1843 Β
2171 1779 2193 1808 ε
2223 1770 2552 1840 Consumpto
2581 1770 2755 1840 spatio
2784 1772 3103 1840 patentiore,

2167 1859 2399 1931 Campus
2425 1862 2693 1918 clauserat
2718 1872 2897 1917 arctus
2918 1872 3034 1919 arte
3063 1863 3233 1918 factus
3263 1881 3279 1917 :

2164 1952 2272 2008 Per
2300 1969 2459 2022 quem
2483 1955 2718 2024 longam,
2750 1954 3025 2022 humilem,
3058 1954 3383 2028 duplamque
3412 1970 3563 2012 muro

2163 2042 2393 2112 Euripus
2426 2044 2524 2099 sibi
2554 2044 2853 2100 machinam
2882 2045 3134 2102 retendit.

2160 2129 2189 2170 ἀ
2220 2133 2287 2189 Ut
2315 2145 2457 2189 meta
2484 2136 2706 2191 ulterior
2734 2136 2949 2191 remisit
2976 2150 3186 2204 omnes,

2164 2222 2327 2294 410
2354 2225 2439 2279 Fit
2467 2226 2669 2295 collega
2701 2234 2823 2281 tuus
2853 2226 2998 2293 prior
3020 2227 3249 2293 duobus,

2163 2315 2265 2383 Qui
2295 2325 2347 2371 te
2374 2315 2728 2383 transierant;
2756 2318 2831 2372 ita
2854 2316 2971 2386 ipse
2995 2327 3215 2388 quartus

2165 2405 2295 2476 Cyri
2337 2407 2647 2463 conditione
2672 2416 2782 2463 tum
2806 2408 2969 2464 luisti.

2169 2504 2195 2534 ο
2221 2496 2379 2553 Cura:
2403 2505 2488 2554 est
2508 2497 2561 2554 id
2592 2499 2807 2567 mediis,
2834 2508 2895 2554 ut
2923 2499 3017 2555 ille
3041 2500 3245 2570 primus

2233 2646 2562 2726 b_Mittendis
2589 2652 2865 2722 quadrigis
2914 2652 3125 2726 signum
3173 2652 3337 2726 dabat
3386 2657 3726 2726 magistratus,

2166 2718 2685 2796 prolatoquesigno,
2731 2718 2985 2796 carceres
3015 2724 3156 2796 illico
3184 2725 3343 2779 simul
3400 2718 3583 2781 omvnes
3610 2718 3725 2796 pan;

2162 2787 2459 2865 debentur.
2478 2790 2531 2865 Id
2564 2787 2773 2865 signum
2804 2792 3245 2865 Rommprojecta
3272 2810 3467 2865 mappa
3495 2787 3729 2851 dari'mos

2161 2856 2282 2935 luit.
2307 2861 2375 2935 A_t
2402 2856 2657 2935 §idoniu's
2685 2875 2877 2935 mappa
2906 2856 3127 2935 omissa,
3154 2878 3274 2933 quae
3304 2856 3612 2935 in'privatis
3634 2867 3728 2920 lor-

2164 2933 2311 2984 tasse
2336 2930 2476 2984 ludis
2520 2930 2695 2985 locum
2727 2948 2834 3002 non
2866 2932 3069 3002 habuit,
3104 2930 3270 2987 solius
3317 2930 3465 2990 tuba:
3510 2936 3728 2990 meminit

2161 3012 2279 3079 qua:
2311 3014 2555 3123 mapnam
2586 3001 2907 3070 sequebatur
2936 3020 2951 3058 :
2985 3017 3143 3070 quam
3176 3002 3345 3057 solam
3384 3014 3572 3060 norant
3609 3006 3729 3058 atti-

2162 3081 2273 3123 (1111.
2325 3068 2433 3123 SOD
2477 3070 2621 3123 ocles
2669 3088 2682 3123 :
2730 3074 2927 3123 γαλκῆε
2957 3074 3088 3123 ὑπαὶ
3133 3075 3418 3123 mil-nmo:
3457 3077 3594 3123 τ’ῑέαν.
3627 3076 3728 3123 Vir-

2162 3068 2621 3204 ἓξῖξίιξοριιοοιθε
2667 3068 2682 3123 Ξ
2728 3074 2927 3143 χαλκῆς
2957 3068 3088 3127 seat
3133 3075 3418 3148 σάλπιγγος
3457 3077 3594 3152 ᾖξαν.
3627 3076 3728 3130 Vir-

2199 3150 2321 3193 tttus

2160 3150 2193 3205 Β
2284 3179 2405 3277 Iride
2429 3228 2515 3277 ubi
2535 3227 2666 3279 clara
2687 3227 2827 3280 dedit
2850 3230 3061 3281 sonitum
3087 3231 3219 3282 tuba.

2160 3308 2386 3374 Statius,

2282 3398 2501 3450 Insonuit
2518 3407 2687 3451 contra
2703 3399 3008 3464 Tyrrhenum
3032 3414 3263 3452 murmur.

2237 3531 2259 3595 ε
2287 3520 2445 3595 Circo
2482 3522 2644 3591 ﬁgura
2676 3523 2862 3579 eadem
2893 3524 3279 3595 quamobelisco
3310 3522 3536 3594 jacenti.
3568 3527 3727 3595 Itaque

2163 3591 2330 3664 prima
2358 3592 2440 3645 sui
2473 3602 2621 3664 parte
2645 3608 2746 3664 qua
2776 3591 2987 3648 curmm
3017 3594 3239 3658 inibant,
3272 3591 3437 3651 latior
3460 3591 3593 3662 erat,
3621 3591 3727 3664 spa-

2170 3662 2243 3715 tio
2272 3675 2301 3714 a
2345 3661 2841 3733 carceribuslipsis
2898 3665 3151 3733 paulatim
3195 3661 3585 3732 decrescente;
3612 3661 3727 3724 circi

2169 3744 2332 3803 porro
2360 3730 2659 3803 _10ngitud0
2689 3730 2955 3803 bifariam,
2985 3740 3138 3803 septo
3184 3748 3277 3788 seu
3322 3738 3533 3802 pariete
3558 3730 3727 3791 inter-

2160 3799 2331 3869 jecto,
2359 3799 2592 3871 inarqua
2637 3803 2886 3871 utrinque
2908 3799 3071 3857 latera
3095 3799 3453 3869 dividebatur,
3479 3806 3597 3861 hinc
3614 3807 3727 3861 dex-

2162 3870 2510 3944 trum,__illit_tc
2554 3872 2766 3937 laevum,
2797 3870 3007 3944 dextris
3038 3872 3293 3944 Iaavisque
3335 3877 3498 3930 ostiis
3526 3876 3725 3944 opposi-

2162 3949 2293 3994 tum.
2326 3939 2427 3994 Per
2453 3940 2565 3994 haec
2594 3948 2772 3995 autem
2804 3942 3026 3997 laterum
3055 3939 3224 4011 spatia
3255 3939 3607 4011 procurrebat
3636 3946 3726 3999 Eu-

2162 4011 2331 4078 ripus,
2374 4012 2631 4066 structilis
2678 4026 2828 4080 aqua:
2879 4012 3019 4067 fossa
3066 4026 3162 4081 per
3190 4013 3319 4067 circi
3359 4030 3553 4086 gyrum
3598 4026 3724 4079 acta,

2160 4089 2383 4151 excepta
2428 4090 2689 4151 ea__parte
2737 4096 2839 4149 qua
2885 4096 3133 4138 carceres
3174 4093 3351 4151 erant,
3386 4096 3445 4141 ut
3489 4086 3727 4141 describit

2168 4147 2451 4219 Dionysius
2484 4147 2925 4205 Halicarnasseus
2955 4151 3048 4205 lib.
3074 4169 3151 4206 Ill.

2233 4217 2261 4255 ά
2293 4217 2429 4290 meta
2482 4218 2624 4290 enim
2672 4220 2865 4290 duplex
2919 4221 3036 4276 fuit.
3069 4222 3301 4277 Ulterior
3347 4224 3405 4279 in
3442 4226 3549 4279 imo
3575 4224 3725 4287 circo,

2162 4302 2322 4366 quam
2363 4287 2673 4366 interiorem
2711 4287 2856 4366 dixit
2899 4292 3124 4366 Statius,
3165 4294 3614 4366 Eaxa'rmvenilm
3641 4295 3726 4349 So-

2164 4358 2413 4482 phocles;
2463 4359 2631 4413 altera
2676 4362 2915 4426 citerior,
2948 4362 3000 4416 in
3044 4358 3357 4431 prima'éjus
3408 4364 3604 4430 fronte,
3632 4379 3727 4417 non

2183 4442 2320 4482 ortae
2357 4428 2426 4482 ab
2481 4431 2632 4482 ostiis
2663 4447 2675 4482 :
2704 4434 2902 4482 nrimas
2948 4443 3118 4482 melas
3162 4434 3302 4482 IR‘I
3353 4435 3588 4482 annellat
3614 4435 3727 4482 Ter-

2183 4442 2320 4503 on‘ge
2357 4428 2426 4483 ab
2481 4431 2632 4503 ostiis
2663 4447 2675 4482 :
2704 4434 2902 4500 primas
2948 4428 3118 4485 met'as
3162 4434 3313 4503 161
3353 4428 3597 4503 appellat
3614 4435 3727 4488 Ter-

2163 4500 2438 4572 tullianus.
2482 4498 2628 4572 Inter
2676 4498 2929 4572 utrasque
2958 4504 3133 4572 paries
3163 4498 3602 4571 ilic—porrectus
3643 4506 3726 4572 qui

2159 4568 2286 4623 circi
2316 4569 2479 4622 latera
2507 4568 2809 4625 dirimebat.
2841 4568 2922 4624 Ad
2955 4570 3179 4639 primam
3208 4568 3409 4627 metam
3451 4568 3729 4628 curriculo-

2160 4653 2280 4708 rum
2320 4639 2488 4703 spatia
2541 4640 2860 4708 incipiebant
2904 4649 2959 4695 et
3003 4639 3349 4707 desinebant,
3395 4643 3465 4697 ad
3503 4646 3727 4697 ultimam

2159 4707 2536 4789 ﬂectebantur;
2566 4707 2705 4789 ἰάθοῆ
2719 4708 2889 4789 Graeci
2923 4725 2965 4789 a_
2984 4710 3245 4789 ﬂe_xu_iIlo
3275 4722 3557 4789 καμπτῆρα
3588 4727 3728 4767 vora-

2158 4787 2303 4844 runt,
2334 4789 2641 4850 campterem
2675 4780 2931 4834 Pacuvius
2954 4781 3004 4850 in
3031 4780 3297 4835 Atalanta.
3336 4780 3591 4837 Sidonius
3614 4799 3727 4850 ergo

2161 4855 2325 4901 totam
2353 4846 2693 4904 Consentiani
2729 4849 3035 4903 certaminis
3062 4865 3275 4905 scenam
3318 4852 3422 4906 hoc
3456 4853 3614 4907 modo
3638 4846 3727 4907 de-

2161 4916 2354 4988 signat.
2384 4918 2429 4971 Α
2456 4920 2646 4987 primo,
2672 4919 2860 4988 inquit,
2891 4920 3031 4973 ﬂexu
3056 4920 3323 4975 Consentii
3349 4924 3531 4977 socius
3551 4936 3726 4977 omnes

2160 4987 2698 5061 anteibathproximi
2740 4987 2807 5043 ab
2843 5003 2908 5043 eo
2945 4991 3287 5045 adversarius
3328 5003 3584 5061 uterque;
3624 5001 3725 5045 tum

2160 5056 2393 5125 denique
2434 5058 2753 5129 Consentius
2800 5060 2914 5126 ipse
2960 5074 2991 5113 e
3048 5061 3218 5127 primo
3267 5056 3599 5129 postremus;
3640 5061 3725 5114 sed

2160 5140 2327 5194 equos
2369 5128 2548 5200 studio
2588 5128 2869 5200 inhibens,
2918 5143 2980 5183 ac
3024 5128 3469 5200 septinto’spatio
3501 5133 3727 5200 integros

2161 5210 2458 5270 reservans.
2492 5197 2603 5251 Hoc
2629 5198 2818 5270 ordine
2844 5199 3133 5253 secundum
3155 5239 3171 5263 ,
3216 5200 3459 5262 tertium,
3489 5197 3723 5270 quartum

2161 5266 2389 5332 spatium
2434 5282 2709 5336 peregere.
2738 5267 2932 5335 Quinto
2961 5270 3226 5322 curriculo
3252 5272 3430 5323 socius
3461 5266 3551 5325 ille
3583 5270 3725 5324 fessis

2157 5336 2311 5405 equis
2335 5352 2547 5390 currum
2577 5338 2793 5402 avertit,
2819 5352 2880 5391 ac
2906 5337 3131 5405 primunt
3157 5338 3329 5393 locum
3357 5342 3520 5394 cessit
3545 5341 3725 5393 adver-

2156 5404 2333 5478 sariis.
2370 5404 2511 5478 AQui
2547 5417 2755 5478 sextum
2801 5404 2913 5476 jam
2966 5410 3192 5477 spatium
3251 5409 3488 5474 emensi,
3546 5411 3724 5478 palmas

2154 5474 2385 5542 proximi
2430 5475 2767 5542 videbantur,
2804 5474 2932 5531 cum
2978 5474 3153 5531 subito
3182 5478 3353 5535 citatis
3395 5474 3561 5546 equis
3591 5478 3723 5532 Con-

2155 5546 2359 5625 sentius
2397 5547 2583 5600 ambos
2626 5548 2943 5611 antevertit,
2984 5556 3040 5601 et
3082 5548 3307 5618 septimo
3346 5550 3524 5617 apatio
3562 5550 3723 5603 victor

2154 5626 2343 5668 Bias".

2228 5692 2251 5719 ο
2283 5685 2411 5739 Cum
2446 5687 2498 5743 in
2526 5686 2672 5742 circo
2700 5687 2903 5743 initium
2924 5686 3175 5745 currendi
3196 5687 3447 5744 ducerent
3474 5703 3504 5741 a
3533 5688 3718 5743 dextro
