4002 6188
500 305 601 359 ’ἔιό

503 425 666 479 Victis
692 433 717 461 ⁸
744 424 824 479 ire
847 422 1061 492 jubeus,
1089 422 1219 477 satis
1248 418 1526 488 pudendis,

502 514 653 570 Villis
681 513 1095 570 versicoloribus
1124 520 1351 579 tapetas.

570 602 600 643 δ
624 604 741 659 Jam
768 618 897 657 vero
919 601 1255 672 juvenalibus
1286 597 1516 668 peractis

500 695 670 763 Quem
696 705 747 749 te
770 694 1066 763 praebueris
1096 700 1353 761 sequente
1380 689 1431 741 in
1462 702 1598 755 aevo,

502 787 645 841 Intra
679 796 701 825 ο
742 786 917 839 au’lam
948 783 1118 838 soceri
1153 783 1253 836 mei
1282 781 1549 849 expetitus

501 878 697 935 Curam
723 892 844 933 cum
874 876 1181 931 moderatus
1210 888 1266 928 es
1301 872 1484 941 palati,

503 970 715 1026 Cbartis
744 967 1126 1039 posterioribus
1155 965 1453 1034 loquemur,

504 1062 561 1118 Si
587 1062 704 1131 plus
732 1058 1060 1128 temporibus
1091 1064 1243 1109 vacat
1273 1054 1484 1107 futuris.

504 1153 656 1209 Nunc
676 1151 703 1189 ά
727 1165 885 1221 quam
912 1148 1141 1203 diximus
1167 1144 1610 1214 hospitalitatem,

505 1242 696 1297 Paucis
721 1248 974 1310 personet
999 1237 1301 1305 obsequens
1326 1233 1537 1289 Thalia.

575 1332 621 1389 Ο
644 1333 817 1389 dulcis
846 1332 1057 1393 domus,
1086 1343 1119 1382 ο
1143 1327 1211 1396 pii
1240 1325 1499 1396 penates!

507 1425 656 1493 Quos
684 1438 771 1478 res
801 1420 1030 1475 difﬁcilis
1060 1419 1267 1486 sibique
1293 1415 1519 1477 discors,

508 1516 755 1571 Libertas
785 1513 942 1568 simul
971 1509 1168 1566 excolit
1194 1507 1489 1577 pudorque.

507 1607 554 1663 Ο
581 1605 853 1671 convivia,
879 1602 1089 1665 fabulze,
1119 1599 1306 1661 libelli,

512 1699 692 1765 Risus,
725 1698 969 1760 serietas,
1000 1693 1330 1753 dicacitates,

511 1791 799 1854 Occursus,
828 1784 1111 1840 comitatus
1141 1795 1275 1835 unus
1307 1779 1479 1833 idem!

510 1880 617 1936 Seu
645 1878 869 1933 delubra
892 1875 986 1930 Dei
1016 1871 1240 1927 colenda
1274 1868 1448 1933 nobis,

510 1969 634 2026 Sive
669 1968 734 2021 ad
761 1964 1061 2036 pontiﬁcem
1092 1961 1288 2031 gradus
1319 1958 1349 2011 f-
1371 1955 1542 2022 rendi,

511 2058 635 2115 Sive
662 2057 728 2111 ad
749 2055 981 2110 culmina
1011 2050 1193 2106 Marcii
1218 2048 1471 2119 Myronis,

513 2150 677 2205 Tecta
707 2147 930 2201 illustria
952 2160 1045 2200 seu
1075 2140 1304 2197 videnda
1336 2139 1450 2193 Livi
1481 2158 1493 2191 :

514 2239 641 2295 Sive
664 2238 729 2292 ad
758 2234 1049 2303 doctiloqui
1078 2232 1274 2287 Leonis
1302 2230 1466 2295 aedes,

514 2331 632 2397 Quo
663 2328 745 2399 bis
771 2341 867 2381 sex
898 2324 1103 2379 tabulas
1133 2321 1360 2376 docente
1388 2319 1545 2389 juris,

516 2423 669 2479 Ultro
696 2418 947 2474 Claudius
976 2414 1181 2485 Appius
1203 2421 1423 2476 taceret,

516 2510 676 2568 Claro
701 2509 977 2564 obscurior
1004 2507 1061 2561 in
1090 2504 1472 2560 decemviratu.

518 2603 591 2656 At
616 2599 663 2655 si
693 2598 837 2653 dicat
864 2610 1014 2665 epos,
1045 2603 1380 2661 metrumque
1409 2587 1692 2660 rhythmis.

518 2693 726 2749 Flectat
752 2687 1103 2754 commaticis,
1138 2694 1353 2739 tonante
1383 2683 1611 2752 plectro,

518 2781 677 2853 413
701 2780 1003 2836 Mordacem
1034 2777 1195 2832 faciat
1222 2775 1383 2830 silere
1416 2772 1697 2831 Flaccum;

518 2873 769 2939 Quamvis
800 2879 920 2940 post
956 2868 1147 2923 satiras
1170 2868 1445 2936 lyramque
1484 2861 1669 2917 tendat

518 2963 609 3019 llle
636 2962 701 3017 ad
736 2962 1074 3015 Pindaricum
1105 2958 1291 3013 volare
1317 2970 1565 3027 cycnum.

589 3054 695 3109 Seu
722 3068 839 3121 uos,
865 3051 1071 3118 Magne,
1105 3058 1227 3104 tuus
1257 3049 1409 3103 favor
1433 3046 1669 3114 tenebat,

521 3146 700 3201 Multis
726 3144 946 3214 praedite
974 3142 1185 3196 dotibus
1214 3142 1473 3207 virorum,

521 3234 738 3299 Forma,
773 3232 1070 3298 nobilitate,
1102 3239 1303 3297 mente,
1334 3242 1525 3282 censu.

520 3324 683 3393 Cujus
712 3324 756 3377 si
785 3320 961 3376 varios
990 3335 1107 3375 eam
1141 3334 1235 3388 per
1260 3329 1411 3374 actus
1436 3335 1449 3371 :

520 3412 745 3469 Centum
782 3422 835 3468 et
864 3411 1035 3466 ferrea
1065 3410 1228 3465 lasset
1256 3424 1350 3463 ora
1382 3408 1555 3464 laude.

520 3503 802 3568 Constans,
835 3502 1161 3570 ingeniosus,
1193 3494 1509 3570 efﬁcaxque,

521 3595 761 3651 Prudens
785 3594 1008 3660 arbiter,
1037 3593 1265 3663 optimus
1298 3593 1648 3663 propinquus,

522 3687 601 3741 Nil
635 3685 888 3741 fraudans
915 3684 1057 3754 genii
1085 3683 1187 3739 sibi
1213 3684 1297 3737 vel
1328 3682 1439 3748 ulli,

523 3775 808 3843 Personas,
834 3777 949 3829 loca
976 3785 1185 3842 tempus
1216 3772 1495 3827 intuendo.

592 3866 699 3920 Seu
730 3879 827 3918 nos
851 3867 982 3918 atria
1007 3873 1185 3918 vestra
1213 3862 1585 3929 continebant,

525 3953 831 4011 Marcelline
857 3967 1028 4021 meus,
1062 3954 1232 4023 perite
1256 3952 1466 4022 legum;

600 4126 627 4156 ι
659 4114 772 4170 Non
818 4112 987 4168 solum
1034 4111 1258 4177 victori,
1308 4111 1400 4166 sed
1430 4111 1580 4164 victis
1626 4111 1782 4165 etiam
1822 4110 2099 4178 praemium

530 4186 741 4256 aliquod
771 4184 944 4256 solatii
975 4197 1134 4237 causa
1154 4182 1426 4256 dari__nios
1467 4181 1928 4256 fuit._Arnbrosi_u_s
1958 4181 2049 4235 lib.
2084 4199 2100 4236 ι

528 4260 597 4314 de
622 4250 941 4312 Pteuitcntia
962 4296 976 4317 ,
1008 4269 1125 4320 cap.
1151 4254 1185 4306 ’5
1210 4268 1225 4304 :
1264 4252 1399 4304 Nam
1426 4266 1558 4318 sirpe
1592 4251 1645 4302 in
1676 4250 1771 4301 hoc
1795 4250 2102 4305 athletarum

529 4327 763 4384 emulcti
792 4325 1064 4377 certamine
1097 4326 1249 4374 etiam
1284 4322 1438 4374 victos
1471 4322 1681 4390 quorum
1711 4320 1897 4389 fuerint
1932 4331 2100 4373 certa-

528 4403 665 4453 mina
696 4396 929 4464 probata,
952 4392 1127 4461 vulgus
1152 4393 1409 4464 hominum
1427 4406 1544 4464 cum
1567 4390 1834 4443 victoribus
1856 4405 2099 4445 coronare

528 4462 816 4529 consuevit,
860 4466 1079 4517 maxime
1116 4478 1237 4529 quos
1280 4462 1495 4523 viderit,
1541 4468 1629 4512 aut
1670 4463 1799 4527 forte
1853 4462 1969 4513 doto
2015 4472 2102 4514 aut

1757 293 2002 352 SIDONII
2045 288 2496 347 APOLLINARIS
3639 288 3718 341 ΤΗ

2099 410 2275 477 Αρυί
2304 424 2465 463 verax
2496 408 2671 475 nimis,
2702 414 2757 461 et
2787 405 2941 460 nimis
2973 419 3213 472 severus,

2181 510 2351 571 ASper
2376 500 2611 555 crcderis
2636 513 2755 553 esse
2784 498 3040 552 nescienti
3070 514 3084 561 ;

2182 595 2247 649 At
2274 594 2318 648 si
2346 601 2398 647 te
2420 593 2556 647 bene
2577 590 2838 661 quispiam
2870 588 3134 657 probavit,

2182 682 2363 736 Noscit
2388 681 2513 750 quid
2538 682 2665 735 velit
2694 681 2809 750 ipse
2837 678 3101 748 judicare.

2182 774 2314 829 Nam
2345 788 2608 843 nunquam
2638 772 2832 826 metuis
2858 771 3001 840 loqui
3032 768 3172 839 quod
3204 781 3410 835 aequum
3440 772 3543 832 est,

2182 866 2241 921 Si
2270 875 2321 920 te
2344 866 2483 932 Sylla
2518 874 2743 933 premat,
2770 863 3020 932 ferusque
3043 861 3217 915 Carbo
3247 876 3261 926 ;

2182 956 2239 1013 Si
2270 957 2448 1011 tristes
2477 956 2645 1020 Marii,
2676 963 2958 1024 trucesque
2984 952 3189 1018 Cinnm,

2184 1047 2252 1103 Et
2280 1049 2322 1101 si
2352 1047 2486 1101 forte
2518 1055 2663 1100 tuum
2691 1054 2849 1114 caput
2878 1045 3122 1113 latusque

2188 1138 2549 1195 Circumstent
2577 1137 2741 1206 gladii
2773 1135 3152 1190 triumvirales.

2255 1230 2359 1285 Seu
2388 1243 2483 1282 nos
2510 1225 2755 1296 Limpidii
2786 1226 2924 1280 lares
2957 1225 3245 1288 habebant,

2152 1366 2155 1367 ν
2184 1320 2328 1376 Civis
2351 1318 2639 1389 magniﬁci,
2672 1318 2877 1384 virique
2905 1316 3123 1379 summi,

2185 1410 2498 1467 Frateruam
2522 1409 2657 1463 bene
2686 1407 2922 1475 regulam
2954 1405 3224 1476 sequentis
3253 1421 3268 1470 ;

2189 1500 2296 1556 Seu
2326 1513 2425 1553 nos
2446 1498 2625 1552 eximii
2656 1496 2811 1550 simul
2847 1495 3065 1549 tenebat

2186 1591 2416 1646 Nectens
2442 1589 2748 1643 oiliciositas
2776 1574 2989 1651 Marini,
3530 1594 3551 1609 "
3586 1638 3601 1657 .,

2188 1680 2349 1750 Cujus
2378 1679 2633 1734 sedulitas
2657 1677 3014 1745 sodalitasque
3624 1678 3661 1721 κ

2111 1758 2160 1818 Β
2188 1773 2411 1830 Eterna
2442 1771 2567 1825 mihi
2598 1770 2753 1825 laude
2783 1778 2907 1823 sunt
2930 1766 3206 1833 colendae;

2189 1862 2353 1934 414
2380 1862 2489 1916 Seu
2519 1873 2864 1930 quoscunque
2893 1857 3027 1911 alios
3058 1857 3235 1911 videre
3265 1854 3456 1912 fratres

2190 1951 2351 2007 Cordi
2383 1951 2591 2018 utrique
2622 1949 2737 2016 fuit,
2769 1947 2959 2017 quibus
2990 1959 3210 2001 vacasse

2194 2040 2538 2097 Laudaudam
2568 2055 2691 2095 reor
2720 2038 3146 2108 occupationem.

2190 2135 2394 2199 Horum
2425 2130 2643 2185 nomina
2673 2144 2792 2184 cum
2819 2127 3021 2183 referre
3043 2142 3201 2180 versu

2194 2225 2430 2281 Affectus
2457 2222 2657 2291 cupiat,
2692 2228 2919 2275 metrum
2952 2229 3184 2274 recusat.

2266 2314 2402 2368 lliuc
2431 2327 2530 2367 nos
2558 2311 2623 2365 ad
2653 2311 2921 2380 propriam
2951 2308 3166 2363 domum
3201 2306 3450 2369 vocabas,

2194 2405 2328 2459 Cum
2359 2417 2515 2457 mane
2542 2400 2744 2456 exierat
2772 2413 2994 2463 novum,
3027 2405 3083 2452 et
3112 2396 3389 2451 calescens

2197 2496 2393 2551 Horam
2422 2494 2501 2549 sol
2532 2493 2692 2547 dabat
2720 2492 2944 2547 alteram
2978 2487 3289 2545 secundam.

2198 2587 2297 2641 Hic
2318 2599 2567 2656 promens
2593 2592 2788 2640 teretes
2812 2582 2945 2653 pilas
2968 2580 3306 2648 trochosque,

2199 2677 2299 2732 Hic
2328 2677 2463 2731 talos
2489 2674 2870 2744 crepitantibus
2899 2672 3116 2735 fritillis,

2199 2768 2309 2822 Nos
2336 2766 2403 2820 ad
2433 2766 2652 2822 verbera
2677 2774 2939 2819 tractuum
2969 2772 3253 2824 struentes,

2203 2858 2478 2928 Tanquam
2505 2854 2825 2924 Naupliades
2850 2860 3093 2922 repertor
3121 2850 3272 2919 artis,

2208 2948 2488 3005 Gaudebas
2515 2946 2738 2999 hilarem
2769 2942 2913 2998 ciere
2944 2944 3134 2997 rixam.

2203 3042 2338 3099 llittc
2367 3040 2432 3095 ad
2463 3039 2647 3094 balnea
2678 3053 2784 3092 non
2816 3034 3138 3101 Neroniana,

2125 3118 2173 3183 (ἶ
2204 3135 2314 3191 Nec
2340 3148 2457 3204 qua:
2488 3131 2718 3201 Agrippa
2744 3128 2913 3196 dedit,
2940 3129 3024 3182 vel
3053 3127 3141 3181 ille
3166 3124 3317 3195 cujus

2199 3229 2420 3283 Bustum
2450 3222 2754 3279 Dalmaticae
2782 3220 2964 3276 vident
2990 3220 3202 3275 Salonae
3233 3234 3245 3271 :

2200 3316 2282 3372 Ad
2308 3316 2542 3368 thermas
2575 3320 2752 3366 tamen
2776 3311 2855 3364 ire
2873 3308 2968 3363 sed
2998 3307 3216 3374 libebat,

2201 3405 2417 3460 Privato
2444 3403 2580 3457 bene
2607 3400 2857 3470 praebitas
2890 3398 3098 3466 pudori.

2204 3494 2334 3550 Post
2354 3508 2485 3563 quas
2513 3506 2610 3546 nos
2641 3502 2725 3545 tua
2759 3490 2967 3558 pocula,
2997 3496 3051 3542 et
3075 3496 3281 3542 tuarum

2204 3586 2473 3642 Musarum
2512 3582 2719 3637 medius
2752 3590 2902 3635 torus
2934 3578 3146 3633 tenebat
3179 3594 3192 3630 :

2203 3678 2400 3746 Quales
2430 3690 2529 3731 nec
2558 3682 2758 3728 statuas
2790 3672 3178 3741 imaginesque,

2207 3771 2360 3837 Ere,
2386 3777 2478 3823 aut
2506 3766 2885 3832 marmoribus,
2911 3764 3289 3831 coloribusque

2208 3862 2435 3925 Mentor,
2467 3857 2786 3923 Praxiteles,
2816 3855 3018 3924 Scopas
3045 3852 3306 3908 dederunt
3337 3866 3354 3903 :

2207 3954 2444 4020 Quantas
2470 3962 2569 4005 nec
2596 3947 2900 4019 Polycletus
2928 3947 3041 4015 ipse
3072 3943 3244 4009 ﬁnxit,

2288 4123 2309 4151 ε
2358 4110 2495 4165 Aviti
2541 4105 2910 4175 imperatoris,
2959 4104 3111 4170 cujus
3141 4114 3341 4175 curam
3398 4097 3575 4175 palatii
3617 4092 3761 4175 gessit

2209 4182 2559 4245 Consentius,
2605 4166 2659 4231 ut
2700 4166 2941 4244 Equitius
2978 4166 3103 4245 olim
3139 4166 3415 4235 Valentis,
3445 4166 3762 4245 Constantius

2211 4235 2431 4306 lionorii
2451 4291 2466 4315 ,
2495 4235 2678 4304 Aetius
2704 4235 2943 4301 Joannis.
2977 4244 3092 4311 Quo
3122 4256 3343 4296 munere
3376 4241 3468 4308 qui
3495 4235 3762 4315 iungebant

2211 4305 2316 4387 tur,
2350 4305 2671 4387 curopalataa
2699 4326 2880 4384 postea
2916 4305 3121 4387 summa
3146 4327 3267 4365 cum
3298 4305 3615 4387 auctoritate
3650 4305 3761 4358 dicti

2210 4379 2330 4445 Sunt
2364 4392 2413 4443 in
2445 4379 2566 4444 aula
2591 4379 2851 4447 Orientis,
2887 4391 2975 4443 τὴν
3008 4384 3226 4456 puleium
3260 4390 3350 4456 τῆς
3382 4381 3537 4456 αὐλῆς
3563 4379 3763 4456 ἐμπεπρ-

2211 4443 2507 4531 saepe»...
2541 4468 2597 4513 ut
2622 4443 3084 4531 scrib’thagri'us
3231 4466 3281 4514 v,
3309 4453 3365 4531 il.
3401 4461 3454 4503 et
3487 4452 3535 4528 in
3562 4443 3762 4531 Francia

529 4539 712 4611 fraude
746 4510 1237 4611 exyclttsosyt'ctdria.
1277 4532 1349 4611 Ita
1395 4510 1693 4611 ﬁinguntuit't
1729 4510 2106 4611 certaminibus
2134 4522 2183 4582 Ι)
2212 4510 2670 4600 majores-domus.
2700 4510 3085 4611 Fredegariusc
3121 4510 3471 4611 Warado'nem
3495 4510 3765 4611 i‘nUEbrpiui

531 4599 643 4662 'suis
668 4609 925 4658 llmuerus
944 4643 959 4666 ,
993 4604 1239 4673 Virgilius
1259 4643 1273 4668 ,
1305 4601 1542 4673 Statius,
1571 4600 1753 4673 Silius.
1783 4599 1849 4653 Et
1878 4602 2105 4673 scenicis

531 4678 669 4731 ludis
699 4675 823 4729 Julii
868 4670 1126 4738 Caesaris]
1169 4673 1221 4726 in
1262 4672 1453 4741 quibus
1493 4671 1746 4725 Laberius
1787 4678 1843 4723 et
1888 4670 2105 4724 Publius

530 4745 1000 4817 Syrusimimorum
1024 4754 1191 4817 poetae
1214 4748 1505 4817 certarunt,
1523 4757 1643 4817 cum
1664 4748 1943 4817 superatus
1964 4748 2109 4795 esset

533 4811 819 4874 Laberius,
862 4812 1040 4864 Carsar
1079 4814 1214 4881 Syro
1244 4814 1429 4864 victori
1476 4813 1699 4877 palmam
1722 4851 1737 4874 ,
1769 4811 1906 4881 victo
1932 4826 2105 4865 annu-

531 4886 642 5009 lum
682 4882 859 5007 diedit,
900 4890 959 4933 ut
989 4889 1069 4935 Cal
1108 4880 1247 4951 apud
1291 4882 1610 4934 Macrobium
1652 4881 1744 4934 lib.
1776 4896 1811 4933 ιι
1849 4880 2107 4935 Saturna-

554 4970 661 5009 tutn
727 4993 742 5007 .

554 4970 661 5009 tum
699 4970 742 5007 Ι.

610 5024 637 5062 ι»
668 5021 899 5077 Juveuili
927 5029 1099 5075 aetate.
1134 5019 1297 5073 Plane
1333 5018 1473 5087 quod
1502 5020 1759 5088 sequitur,
1789 5030 2020 5085 sequente
2053 5021 2106 5075 in

533 5109 658 5156 αὐο,
692 5095 819 5145 satis
852 5094 987 5145 hanc
1031 5093 1524 5159 interpretationem
1556 5090 1869 5153 conﬁrmat,
1901 5090 2103 5144 doctis-

533 5166 896 5228 simorumque
935 5164 1167 5214 virorum
1199 5175 1433 5213 errorem
1475 5160 1777 5227 redarguit,
1822 5160 1912 5228 qui
1947 5160 2109 5214 Juve-

535 5234 683 5287 nales
714 5233 869 5285 ludos
914 5233 1013 5285 hoc
1042 5231 1157 5283 loco
1185 5232 1432 5297 suspicati
1463 5239 1619 5291 sunt;
1649 5244 1768 5283 cum
1799 5230 2108 5283 meminisse

535 5311 795 5372 praeterea
834 5300 1117 5372 debuerint
1144 5299 1416 5372 Juvenalia
1460 5299 1663 5372 disersi
1688 5315 1730 5372 _a
1776 5299 2108 5372 circensibus

533 5368 747 5440 generis
770 5371 924 5425 ludos
955 5370 1131 5440 fuisse.
1166 5368 1434 5423 Juvenalia
1463 5385 1590 5437 ergo
1613 5369 1828 5440 Sidonio
1853 5370 2108 5423 dicuntur

533 5438 823 5510 juvenilia,
864 5438 1112 5510 jutenilis
1156 5440 1329 5510 aetatis
1374 5441 1565 5510 studia.
1621 5438 1912 5506 Utrumque
1959 5441 2101 5493 enim

539 5508 835 5578 promiscue
867 5508 1172 5566 scribebmt
1208 5508 1524 5575 antiquarii;
1565 5517 1619 5561 et
1656 5510 1793 5576 apud
1829 5509 2101 5578 Sidonium

539 5577 708 5650 ipsum
734 5584 826 5635 lib.
860 5598 908 5646 ι,
939 5583 1094 5650 epist.
1125 5582 1189 5641 ‘2,
1210 5579 1437 5648 juvennli
1470 5578 1680 5650 rubore,
1707 5594 1814 5631 non
1847 5577 2100 5650 juvenili;

539 5648 631 5703 lib.
660 5648 1094 5720 tv,15,juvenali
1135 5652 1402 5720 sanitate;
1432 5648 1582 5717 163
1617 5649 1706 5720 lib.
1740 5664 1813 5710 tx,
1848 5650 1901 5715 6,
1935 5648 2105 5719 facili-

538 5727 640 5775 tate
656 5718 888 5790 juvenali
918 5720 1171 5791 scriptum
1200 5729 1283 5775 cst
1308 5719 1359 5772 itt
1394 5718 1542 5772 ltbt'is
1570 5719 1852 5786 plerisque.

2208 4580 2374 4654 locum
2406 4580 2666 4671 nuijbiein‘
2687 4580 3292 4671 do‘mmuconstit‘uerunt.
3327 4588 3469 4671 _Erut
3506 4580 3766 4671 Wnradoni

2392 4651 2605 4738 quiJvice
2629 4666 2787 4736 patris
2809 4680 2982 4717 curam
3006 4662 3183 4732 palatii
3205 4662 3425 4731 gerebat,
3450 4657 3646 4711 nomine
3666 4651 3767 4706 Gis-

2211 4743 2450 4794 lemarus.

2278 4789 2460 4863 δ”ηέέὸ
2488 4806 2628 4861 enim
2657 4805 2756 4868 illi,
2789 4814 2843 4857 ut
2877 4802 3128 4871 praefatus
3153 4809 3231 4871 est
3250 4839 3265 4863 ,
3290 4795 3562 4871 scribendi
3591 4789 3767 4848 carmi-

2212 4883 2295 4934 nis
2328 4881 2423 4932 fuit
2450 4878 2681 4931 occasio.
2714 4868 2979 4928 Laudibus
3013 4886 3171 4940 porro
3198 4868 3472 4940 Consentii
3504 4877 3648 4940 more
3672 4871 3766 4940 _sno

2210 4933 2505 5004 amicorum
2537 4948 2704 5014 elogia
2740 4947 2969 4998 breviter
2998 4933 3237 5014 adjungit
3254 4981 3267 5003 ,
3296 4933 3763 5014 clarorumeivium

2210 4999 2651 5074 Narbonensium‘:
2687 5017 2827 5068 Inter
2853 5028 2985 5081 quos
3018 4999 3408 5081 Leoi,ivMaguus
3440 5017 3503 5081 et
3530 4999 3767 5081 Marcelli:

2210 5070 2449 5152 aliis}
2478 5070 2598 5139 aliis
2640 5085 2773 5138 locis
2800 5070 2907 5136 noti
2939 5090 3097 5142 sunt;
3132 5070 3398 5152 Myronis,
3440 5070 3692 5152 Lyrnpitlii

2214 5142 2436 5221 Marini,
2482 5170 2622 5210 nunc
2651 5156 2876 5221 primum
2906 5154 3119 5204 nomina
3166 5142 3528 5221 celebrantur:
3554 5142 3769 5221 Itemque

2216 5230 2347 5283 Livii
2390 5214 2607 5293 insignis
2646 5214 2761 5290 ejus
2804 5223 2903 5293 mvi
2951 5230 3153 5293 poetae,
3204 5214 3585 5293 quemulaudat
3625 5219 3768 5261 etiam

2212 5281 2396 5352 auctor
2424 5281 2542 5349 vit-.71-
2572 5281 2754 5349 llilarii
2786 5281 3284 5353 Arelatensis,'cu—tn
3317 5283 3503 5339 llilarii
3535 5281 3772 5353 eloquent

2213 5344 2705 5433 tiat'nvperitivssﬁ—tni‘s
2724 5344 2821 5433 ait
2835 5344 2956 5415 tunc
2982 5344 3242 5433 temporis
3270 5354 3577 5433 auctoribus
3596 5344 3769 5433 seaculi

2210 5418 2638 5505 desperationem
2681 5432 2940 5486 intulisse.
2972 5428 3037 5482 In
3067 5418 3302 5505 tantum,
3327 5423 3531 5505 inquit,
3553 5428 3607 5505 ut
3631 5418 3769 5505 Ιιιιξιές

2211 5490 2515 5574 temporibus
2546 5505 2720 5574 Ltvtus
2752 5512 2899 5571 poeta
2935 5509 2979 5552 et
3002 5509 3178 5574 auv_t_or
3205 5490 3640 5574 insigntspubliee
3663 5499 3770 5574 pro-

2210 5559 2451 5629 clamaret
2477 5590 2492 5627 :
2526 5574 2585 5628 Si
2610 5559 2922 5643 Augustinus
2945 5580 3057 5641 post
3084 5559 3341 5623 Hilarium
3361 5559 3567 5634 fuisset,
3581 5559 3774 5628 judica-

2212 5657 2344 5700 rctur
2374 5646 2607 5716 inferior.
