4002 6188
214 340 329 394 ῗιῦ

214 455 333 509 Nec
364 454 418 506 [it
446 452 701 507 Phidiaco
734 454 897 522 ligura
937 456 1096 511 coelo.

288 542 401 596 Sed
422 542 530 610 jam
566 553 616 596 te
648 543 855 597 veniam
890 544 1190 611 loquacitati

217 631 506 700 Quingenti
537 632 962 703 hendecasyllabi
995 646 1295 701 precantur.

218 722 478 785 Tantum,
504 731 557 776 et
576 723 619 775 si
647 723 872 791 placeat,
902 740 1089 792 poema
1114 726 1325 793 Iungunt
1352 737 1449 778 est.

172 804 179 833 η³
220 813 344 865 tam
370 813 478 879 jam
507 812 721 878 sufficit,
750 812 865 881 ipse
893 823 945 866 et
974 814 1268 882 impediris.

222 899 445 955 Multum
474 902 526 954 in
555 903 792 955 carmine
826 904 1103 972 perlegens
1131 906 1384 968 amicum,

226 990 650 1045 Dormitantibus
677 992 1016 1047 otiosiorem.

674 1120 833 1189 415
860 1119 1139 1175 CARMEN
1176 1121 1358 1177 XXIV.

592 1239 616 1265 ⁸
648 1245 1038 1285 ΡΒΟΡΙΞΜΡΤΙΩΟΝ
1070 1249 1137 1286 AD
1173 1249 1448 1289 “BELLUM.

309 1364 572 1432 Egressus
605 1364 804 1418 foribus
833 1366 991 1431 meis,
1022 1367 1225 1431 libelle,

231 1455 382 1509 lianc
412 1469 628 1508 servare
655 1455 791 1507 viam
817 1470 1005 1524 precor
1030 1468 1318 1524 memento,

231 1546 365 1608 Qua:
396 1553 610 1597 nostros
642 1545 776 1599 bene
804 1546 951 1599 ducit
975 1546 1039 1599 ad
1068 1549 1299 1611 sodales,

232 1634 474 1699 Quorum
508 1634 723 1687 nomina
752 1636 968 1689 sedulus
1001 1638 1197 1690 notavi.

234 1725 503 1792 Antiqnus
531 1724 623 1777 tibi
650 1739 747 1779 nec
776 1734 978 1779 teratur
1000 1742 1184 1796 agger,

232 1814 399 1881 Cujus
424 1830 519 1883 per
547 1816 775 1883 spatium
803 1818 930 1870 satis
958 1820 1181 1873 vetustis

234 1903 442 1957 Nomen
476 1903 501 1940 δ
531 1903 833 1959 Caesareum
866 1908 998 1960 viret
1019 1909 1301 1962 columnis.

237 1993 343 2048 Sed
373 1995 573 2048 sensim
604 1995 850 2063 gradere,
878 2004 939 2048 ut
969 2012 1145 2051 moras
1179 1998 1423 2053 habendo

237 2086 503 2139 Atrectum
532 2099 763 2140 veterem
798 2102 959 2141 noves
988 2088 1191 2142 amicis.

240 2184 262 2212 ε
288 2179 366 2227 Ac
400 2176 628 2241 primum
655 2176 848 2229 Domiti
878 2177 1041 2229 larem
1063 2179 1234 2231 severi

239 2263 495 2331 Intrabis,
526 2265 909 2333 trepidantibus
937 2268 1170 2321 camenis
1198 2286 1210 2319 :

238 2355 374 2409 Tam
398 2358 679 2411 censorius
708 2358 847 2411 haud
874 2358 971 2412 fuit
997 2360 1079 2414 vel
1104 2359 1215 2424 ille,

236 2445 411 2509 Quem
439 2447 620 2500 risisse
644 2448 812 2502 semel
841 2448 1020 2503 ferunt
1050 2450 1099 2503 in
1130 2466 1265 2505 aevo.

239 2534 346 2590 Sed
379 2536 611 2604 gaudere
639 2546 785 2601 potes
811 2539 985 2608 rigore
1014 2539 1173 2595 docto
1206 2560 1219 2595 :

239 2624 337 2679 Hie
362 2627 408 2679 si
442 2635 493 2680 te
522 2627 724 2693 probat,
756 2630 1003 2683 omnibus
1034 2632 1288 2701 placebis,

242 2706 379 2767 Hinc
413 2724 464 2767 te
487 2716 737 2784 suscipiet
766 2717 994 2787 benigna
1025 2720 1231 2786 Brivas,

238 2804 424 2859 Sancti
458 2822 572 2873 qua:
604 2806 743 2861 fovet
771 2823 891 2862 ossa
919 2809 1111 2866 Iuliani
1144 2830 1158 2867 :

240 2894 374 2959 Quae
404 2895 528 2948 dum
555 2906 759 2952 mortua
791 2901 1015 2955 mortuis
1047 2912 1316 2972 putantur,

315 3039 346 3068 ι
385 3032 811 3111 PrOpempticum
843 3048 1056 3111 carmen
1079 3035 1231 3102 dixit,
1258 3053 1365 3105 quo
1386 3039 1579 3096 librum
1605 3045 1817 3111 emittit,

239 3102 638 3169 abeuntemque
652 3118 744 3169 per
754 3104 927 3157 omnia
944 3107 1232 3161 amicorum
1247 3102 1820 3172 domiciltaNarboneni

241 3184 421 3255 usque
447 3173 805 3255 prosequitur.
844 3174 951 3228 Hoc
969 3177 1120 3255 enim
1134 3176 1355 3255 “Graecis
1370 3192 1449 3233 est
1475 3186 1818 3255 πρᾳτεέμπειν.

242 3240 383 3317 Tale
409 3240 533 3293 olim
552 3241 662 3317 _luit
689 3244 1104 3317 propemptieum
1122 3246 1408 3317 Pollionis,
1435 3240 1574 3317 quod
1601 3240 1818 3309 Helvius

242 3309 745 3389 Cinnanscr'ipserat
764 3309 1249 3389 ,testeHCharisio,
1293 3328 1345 3373 et
1396 3309 1813 3389 propempticum

242 3376 481 3447 Ampelii
510 3375 587 3447 ab
629 3375 862 3435 Himerio
891 3384 1113 3437 editum.
1156 3385 1287 3440 Tale
1330 3375 1572 3444 et'blétii
1611 3375 1817 3447 Celeris

244 3445 697 3573 grfvgertslp‘ticum,
744 3451 884 3519 quod
931 3453 1123 3523 legitur
1169 3456 1308 3525 apud
1356 3457 1582 3513 Statium
1621 3445 1730 3516 lib.
1762 3445 1818 3517 tu

290 3535 304 3571 I
532 3554 547 3571 .

290 3535 547 3571 uvarum.

311 3586 344 3625 δ
376 3586 430 3640 In
460 3588 642 3642 codice
688 3588 1082 3656 Theodosiano,
1112 3593 1181 3649 de
1228 3595 1417 3651 itinere
1465 3600 1754 3654 muniendo
1782 3601 1819 3655 l.

246 3656 278 3710 6
311 3675 324 3708 ε
365 3656 509 3708 Absit
536 3668 589 3710 ut
613 3676 699 3711 nos
720 3660 1092 3740 instructionem
1116 3664 1206 3716 via:
1236 3666 1460 3740 publica:
1486 3678 1533 3721 et
1568 3672 1817 3740 pontium,

246 3736 627 3807 strataruutque
644 3744 866 3808 operum,
894 3732 1053 3784 tttul‘s
1072 3732 1367 3803 magnarum
1383 3732 1667 3808 principum
1683 3732 1824 3793 dedi?

247 3806 442 3875 catam,
476 3798 606 3850 inter
644 3798 855 3875 sordide
877 3816 1081 3875 munere
1107 3798 1449 3875 ‘m'uneremiu.
1479 3798 1701 3875 Lapides
1726 3824 1821 3864 seu

248 3866 514 3939 columnae
550 3882 666 3939 quae
696 3868 748 3920 in
790 3870 887 3939 viis
925 3871 1150 3935 publicis
1180 3874 1343 3927 millia
1389 3866 1636 3939 passuum
1670 3888 1824 3932 nota-

250 3934 398 4007 bant,
431 3935 551 4007 alia;
580 3938 722 3989 solos
753 3934 1057 3992 milliarium
1090 3956 1338 3997 numeros
1370 3934 1654 4007 habebant.
1702 3949 1820 4003 alite

248 4004 437 4059 titulos
478 4006 637 4059 etiam
683 4015 744 4083 _et
774 4009 985 4083 nomina
1034 4012 1365 4083 principum,
1418 4028 1510 4080 per
1550 4004 1683 4083 quos
1735 4019 1818 4073 vel

248 4087 624 4156 quoru‘mjevo
644 4077 744 4129 vite
771 4076 983 4156 refectae
1010 4076 1632 4156 rest_itut:eque_literant.
1655 4086 1823 4156 liuius

248 4144 655 4219 gen_eris_il_lam,
692 4149 1083 4219 quamJSavaro
1111 4150 1163 4203 in
1188 4144 1485 4219 originibus
1510 4144 1821 4210 Claromon-

251 4213 389 4293 lanis
418 4212 608 4278 edidit,
637 4229 667 4293 e
689 4212 1212 4293 via_militari_eruta,
1233 4212 1350 4293 qua:
1372 4228 1822 4293 Augustonemeto

252 4283 618 4339 Arvernorum
648 4284 959 4354 Lugdunum
989 4286 1114 4341 olim
1143 4283 1370 4344 decebat
1399 4310 1412 4346 :

670 4419 756 4473 TI.
804 4418 1049 4476 CLAUD.
1094 4423 1293 4479 DRUSI
1329 4425 1392 4481 ιε’.

708 4488 973 4543 CAESAR.
1014 4491 1171 4547 AUG.
1217 4494 1354 4549 GER

742 4559 935 4613 PONT.
976 4561 1141 4615 max.
1186 4563 1354 4630 Tum

687 4627 966 4684 POTEST.
1020 4631 1081 4684 V.
1125 4633 1257 4686 IMP.
1300 4627 1390 4688 XI.

666 4697 769 4751 PP.
810 4699 957 4754 COS.
998 4701 1080 4755 Ill.
1126 4704 1274 4757 DES.
1314 4704 1403 4757 ιν.

764 4768 923 4825 AUG.
965 4770 1031 4823 Μ.
1077 4773 1133 4825 P.
1179 4774 1318 4828 XXI.

258 4895 416 4967 164
458 4897 524 4951 Et
552 4896 665 4953 haec
703 4900 866 4955 altera
894 4903 943 4956 in
977 4904 1169 4959 finibus
1210 4907 1567 4962 Arvernorum
1597 4910 1822 4963 Gabalo-

255 4982 509 5047 rumque,
556 4980 683 5047 ante
734 4972 1154 5047 a|_iquot_anuos
1204 4976 1434 5042 eﬂ'ossa,
1483 4996 1598 5047 qua:
1650 4981 1822 5034 lucem

256 5037 489 5091 nondum
522 5040 670 5106 vidit,
698 5041 792 5095 sed
814 5037 1089 5113 mendosa,
1115 5060 1326 5112 vereor,
1352 5037 1539 5101 ad'no's
1562 5050 1822 5117 pervenit.

874 5174 1005 5229 IMP.
1049 5177 1203 5231 CASS

826 5244 896 5297 Μ.
936 5245 1083 5300 CAS.
1125 5247 1259 5302 LAT

882 5315 1195 5371 POSTUMO

742 5382 815 5434 ‘P.
859 5383 921 5438 F.
960 5384 1122 5439 AUG.
1162 5386 1304 5441 COS.

731 5452 801 5507 Μ.
845 5454 902 5506 Ρ.
944 5454 1237 5510 GABALL.
1283 5457 1346 5511 ν.

322 5564 343 5599 ⁸
403 5566 497 5620 llic
545 5565 749 5620 Sidonii
809 5568 951 5623 locus
999 5569 1291 5627 illustratur
1341 5574 1391 5627 in
1442 5572 1710 5629 Mémoires
1758 5576 1820 5630 de

242 5629 579 5711 I’A_cett.des
613 5634 855 5711 Ιιιξιςνὶρτἶ
886 5648 1007 5711 ιοιιι
1048 5641 1109 5711 Ill
1130 5681 1143 5702 ,
1177 5658 1293 5711 pag.
1322 5642 1449 5708 260,
1478 5645 1609 5697 dans
1637 5645 1817 5699 l’Hist.

321 5708 340 5736 ¹
370 5706 662 5760 ιΙτιιΙιὶ;οιιιιέ;
690 5707 926 5760 Valesius
952 5709 1001 5761 in
1036 5706 1391 5777 Nuntiatum,
1421 5706 1537 5783 pag.
1566 5714 1693 5783 544,
1720 5716 1818 5782 ait,

608 5797 877 5855 PATRCL.
927 5798 1139 5859 LVIII.

1681 345 2002 400 CARMINA.

1832 464 1879 518 Α
1913 460 2107 514 Vivens
2137 478 2167 516 c
2196 464 2399 517 tumqu
2440 465 2591 518 micat
2622 477 2876 535 potestas.

3379 362 3481 417 7ιὺ

1909 550 2043 605 Hinc
2063 552 2171 618 jam
2200 553 2499 607 dexteriora
2529 556 2704 624 carpis
2734 573 2881 619 arva,

1912 640 2278 709 Emensusque
2300 643 2483 712 jugum
2513 645 2599 700 die
2629 648 2729 700 sub
2753 666 2878 712 uno,

1912 731 2128 787 Flavum
2160 736 2428 789 crastinus
2456 738 2650 806 aspicis
2676 739 2977 795 Triobrem.

1910 823 2042 876 Tum
2070 833 2262 877 terram
2291 825 2547 880 Gabalum
2580 828 2713 881 Satis
2740 830 2999 895 nivosam,

1912 912 1976 965 Et
2001 925 2253 980 quantum
2286 915 2549 985 indigena:
2574 918 2753 971 volunt
2785 922 2976 985 putari,

1909 1001 2071 1074 416
2100 1004 2391 1060 Sublimem
2417 1008 2467 1059 in
2497 1016 2653 1074 puteo
2685 1009 2885 1063 videbis
2910 1010 3111 1066 urbem.

1914 1096 2048 1149 llinc
2079 1106 2129 1151 te
2160 1088 2414 1167 temporis
2435 1099 2500 1152 ad
2542 1101 2642 1153 mei
2674 1101 2911 1154 Laconas

1911 1184 2179 1240 Justinum
2206 1187 2399 1255 rapies,
2427 1203 2686 1258 suumque
2711 1189 2925 1244 fratrem
2943 1234 2957 1253 ,

1912 1276 2145 1343 Quorum
2174 1286 2333 1331 notus
2362 1293 2512 1332 amor
2542 1295 2636 1347 per
2664 1281 2810 1335 orbis
2840 1298 2932 1335 ora

1912 1365 2095 1421 Calcat
2122 1366 2537 1438 Pirithoumque,
2569 1368 2963 1441 Theseumque,

1916 1457 1982 1511 Et
2008 1459 2171 1512 fidum
2206 1460 2375 1513 rabidi
2407 1461 2639 1513 sodalem
2669 1461 2891 1516 Orestae.

1985 1546 2183 1599 Horum
2208 1562 2329 1600 cum
2362 1548 2524 1602 fueris
2551 1550 2670 1602 sinu
2695 1562 2960 1619 receptus,

1914 1637 2020 1691 Ibis
2057 1637 2071 1666 ¹
2101 1636 2386 1700 Trevidon,
2417 1645 2471 1691 et
2498 1637 2859 1705 calumniosis,

1916 1726 2156 1779 Vicinum
2188 1725 2346 1779 nimis
2376 1726 2476 1780 heu
2505 1726 2688 1795 jugum
2722 1727 2960 1783 Rutenis.

1770 1889 1775 1895 _
1841 1807 1887 1867 B
1918 1819 2010 1872 llic
2038 1820 2179 1874 docti
2205 1820 2442 1875 invenies
2467 1831 2667 1885 patrem
2694 1821 2939 1885 Tonanti,

1920 1908 2200 1963 Rectorem
2230 1910 2583 1977 columenque
2611 1911 2923 1974 Galliarum,

1917 1996 2085 2052 Prisci
2110 1997 2417 2052 Ferreolum
2450 2014 2629 2066 parem
2658 2000 2845 2069 Syagri
2876 2019 2886 2051 :

1915 2090 2123 2157 Conjux
2153 2090 2439 2159 Papianilla
2464 2106 2619 2159 quem
2649 2093 2840 2160 pudico

1916 2178 2085 2234 Curas
2114 2180 2435 2249 participans
2454 2180 2608 2248 juvat
2640 2182 2839 2246 labore,

1921 2271 2104 2339 Qualis
2127 2288 2224 2327 nec
2249 2274 2504 2344 Tanaquil
2534 2275 2651 2341 fuit,
2679 2292 2776 2332 nec
2806 2278 2891 2331 illa

1922 2364 2090 2431 Quam
2119 2372 2195 2428 tu,
2224 2364 2551 2434 Tricipitine,
2585 2375 2897 2436 procreasti,

1922 2455 2105 2521 Qualis
2134 2470 2230 2510 nec
2259 2457 2500 2527 Phrygiae
2527 2457 2695 2511 dicata
2730 2459 2920 2522 Vestae,

1923 2550 2053 2615 Quae
2076 2557 2259 2603 contra
2288 2549 2416 2604 satis
2444 2548 2686 2603 Albulam
2721 2559 3009 2606 tumentem

1927 2638 2083 2692 Duxit
2111 2638 2348 2706 virgineo
2377 2646 2544 2690 ratem
2577 2637 2787 2706 capillo.

1992 2728 2125 2781 Hinc
2150 2734 2202 2781 te
2233 2726 2451 2790 Lesora,
2483 2724 2776 2781 Caucasum
2806 2727 3119 2798 Scytharum

1923 2818 2172 2879 Vincens,
2201 2815 2442 2881 aspiciet,
2470 2816 2710 2884 citusque
2740 2816 2928 2872 Tarnis

1923 2907 2193 2961 Limosum
2221 2910 2275 2958 et
2299 2902 2318 2933 ¹
2346 2901 2519 2957 solido
2544 2916 2733 2972 sapore
2763 2918 3002 2973 pressum

1933 3038 2083 3093 Prior
2110 3034 2277 3089 millia
2304 3047 2552 3106 passuum
2599 3034 2667 3087 ab
2715 3036 3165 3106 Augustonemcto
3196 3054 3440 3100 numerat
3468 3064 3481 3106 :

1932 3108 2193 3174 posterior
2237 3119 2266 3157 a
2309 3102 2555 3174 Gabalis,
2603 3118 2736 3174 quos
2774 3102 2994 3159 inferior
3033 3117 3161 3161 tetas
3190 3111 3254 3163 ad
3286 3102 3486 3170 morem

1928 3171 2242 3247 hodiernum
2257 3172 2581 3247 _delI_t-cte_ns
2596 3213 2628 3247 ,_
2644 3171 3074 3247 Cebaldanenses
3104 3180 3407 3247 appellavit,
3433 3196 3487 3237 ut

1926 3248 1977 3300 in
2007 3244 2225 3297 Joannis
2253 3242 2285 3295 8
2314 3242 2551 3308 epistolis
2582 3242 2760 3297 videre
2788 3253 2888 3299 est.

2000 3328 2021 3353 ο
2056 3313 2257 3386 Libello
2299 3326 2416 3386 suo_
2436 3311 2619 3386 decem
2656 3314 2854 3386 stativa
2900 3316 3309 3386 mansionesquc
3348 3320 3488 3376 desi-

1919 3393 2069 3452 gnat.
2122 3383 2351 3454 Printam
2387 3381 2617 3454 Domitii
2647 3381 3015 3454 Grammatici,
3049 3386 3113 3438 ad
3142 3381 3296 3453 quem
3330 3391 3485 3454 epist.

1924 3449 1975 3517 ἒ,
2010 3455 2100 3507 lib.
2134 3467 2191 3503 ιι.
2237 3450 2533 3525 Secundam
2586 3449 2881 3525 Brivatem,
2922 3468 3046 3525 qua;
3091 3449 3245 3525 hodie
3289 3449 3486 3525 duplex

1922 3535 2037 3585 est;
2073 3534 2205 3574 nova
2236 3518 2397 3571 nobili
2436 3518 2820 3572 Canonicorum
2852 3518 3076 3587 collegio
3110 3524 3278 3586 clara,
3311 3518 3486 3581 et've-

1924 3602 2006 3646 tus
2046 3606 2204 3659 quam
2235 3596 2445 3652 vocant,
2475 3588 2540 3640 de
2568 3602 2669 3659 qua
2698 3587 2967 3659 Sidenins.
3003 3590 3234 3659 Tertiam
3264 3594 3482 3647 Gabalo-

1923 3678 2038 3715 rum
2068 3656 2296 3729 urbem,
2344 3671 2561 3729 emenso
2589 3658 2732 3723 prius
2760 3656 2884 3729 jugo
2906 3697 2919 3720 ,
2947 3666 3002 3712 et
3047 3658 3269 3715 Triobre
3298 3662 3483 3729 fluvio,

1961 3731 2013 3784 ui
2046 3742 2183 3782 nunc
2230 3727 2389 3780 etiam
2433 3725 2650 3796 Trobris
2681 3740 2761 3777 νος
2785 3728 2963 3791 itatur,
2997 3743 3027 3781 e
3062 3729 3200 3796 jugis
3227 3725 3484 3785 Gabalum

1961 3748 2013 3784 ut
2046 3748 2183 3782 nunc
2230 3748 2389 3780 cllum
2444 3748 2650 3778 Irourts
2682 3748 2761 3777 vm
2785 3748 2963 3791 Itatur,
2997 3748 3027 3781 Θ
3062 3748 3200 3796 Jugis
3227 3748 3484 3785 uana-nm

1921 3748 2168 3854 genuens
2197 3803 2248 3849 In
2284 3796 2575 3850 Ruthenos.
2608 3794 2857 3861 Quartam
2889 3796 3188 3851 Sacerdotis
3218 3810 3270 3852 et
3297 3803 3485 3855 Justini

1924 3871 2174 3931 fratrum;
2218 3880 2451 3939 quorum
2501 3865 2750 3939 domicilii
2794 3866 2996 3939 sedem_
3021 3867 3248 3939 reticet:
3280 3872 3488 3939 utrique.

1922 3949 2099 3993 autem
2128 3936 2311 3992 scribit
2361 3935 2451 3990 lib.
2477 3949 2509 3986 v
2555 3936 2919 3999 cpistolarum.
2964 3936 3213 4001 Quintam
3255 3935 3487 3994 Ferreoli

1924 4004 2245 4074 prarfectorii
2275 4012 2329 4057 et
2370 4003 2673 4069 Papianilla:
2719 4006 2875 4073 ejus,
2922 4008 3058 4072 apud
3105 4006 3388 4063 Trevizlnm
3436 4012 3485 4065 in

1924 4078 2119 4131 finibus
2146 4075 2533 4128 Ruthenorum.
2570 4078 2783 4126 Sextam
2834 4076 3177 4141 Apollinaris,
3208 4079 3342 4143 apud
3378 4080 3484 4131 Vo-

1924 4160 2179 4215 rnangurn
2208 4146 2346 4215 ejus
2374 4143 2580 4215 villam,
2615 4144 2681 4196 de
2730 4158 2827 4215 qua
2878 4145 2965 4215 lib.
3015 4160 3068 4209 ιι,
3100 4146 3323 4215 θρὶειηξ)
3348 4190 3361 4213 ,
3397 4148 3485 4201 ubi

1924 4212 2140 4271 Lcsorze
2170 4214 2327 4267 vicini
2374 4213 2568 4265 montis
2600 4212 2856 4275 meminit,
2893 4213 3073 4265 Rom-.e
3104 4212 3394 4280 quondam,
3430 4228 3482 4270 nt

1927 4286 2132 4341 Plinius
2156 4284 2247 4337 lib.
2278 4298 2348 4351 xl,
2374 4297 2488 4349 cap.
2520 4281 2611 4345 42,
2644 4282 2825 4351 refert,
2857 4282 3120 4349 praecipua
3163 4285 3300 4335 casei
3334 4287 3484 4340 laude

1924 4358 2055 4419 noti,
2086 4368 2223 4406 nunc
2254 4352 2488 4420 trajectis
2527 4351 2719 4405 litteris
2750 4350 2999 4404 Loseram
3046 4353 3339 4405 nominant.
3374 4354 3483 4407 Me—

1924 4426 2074 4478 minit
2105 4434 2157 4476 et
2188 4422 2376 4475 Tarnis
2402 4421 2544 4474 lIuvii
2575 4420 2812 4481 auriferi.
2835 4421 2923 4487 qui
2964 4434 2994 4473 e
3020 4421 3279 4474 Cebennis
3309 4433 3483 4483 ortus.

1928 4508 2021 4562 per
2051 4492 2345 4560 Aquitania:
2374 4489 2838 4562 Narbonensisque
2862 4489 2992 4562 lines
3020 4490 3349 4562 evolviturin
3381 4492 3484 4546 Ca-

1926 4556 2188 4617 i'umnam.
2242 4560 2528 4630 Septimam
2576 4558 2713 4611 Aviti
2743 4556 3190 4630 jpudCottium,
3239 4561 3303 4612 ad
3328 4576 3486 4630 quem

1925 4634 2085 4703 epist.
2121 4633 2183 4703 _lg,
2218 4628 2695 4703 lil&_t_n._Oetavam
2723 4627 2936 4703 __P_‘i_dul_i_,
2987 4627 3077 4679 sed
3100 4643 3203 4703 quo
3234 4627 3359 4683 loco‘
3383 4648 3486 4685 non

1926 4697 2073 4756 dicit.
2119 4701 2227 4754 Nec
2272 4698 2439 4751 Fiduli
2488 4697 2643 4764 hujus
2688 4697 2811 4749 alibi
2860 4697 2965 4750 ulla
3017 4698 3240 4763 mentio;
3295 4715 3487 4755 nomen

1851 4763 1903 4823 D
1930 4782 2104 4825 tamen
2151 4769 2315 4823 Gallis
2364 4782 2465 4821 non
2485 4763 2739 4834 ignotum.
2767 4765 2967 4819 Floruit
2992 4766 3132 4820 enim
3162 4767 3298 4821 haud
3322 4773 3487 4823 multo

1932 4850 2051 4909 post
2080 4840 2375 4901 Sidonium,
2417 4836 2731 4909 Theudorici
2776 4837 2915 4909 re_gi_s
2936 4836 3291 4909 temporibus,
3320 4839 3373 4891 S.
3405 4841 3490 4893 ιη-

1929 4905 2084 4964 dulus
2111 4914 2380 4963 Arvernus
2404 4907 2600 4975 patria,
2631 4914 2685 4958 et
2706 4906 2842 4975 apud
2874 4905 3145 4960 Tricasses
3182 4906 3365 4972 abbas,
3398 4910 3489 4973 qui

1927 4996 2047 5034 cum
2095 4979 2359 5047 prmcipua
2390 4978 2727 5029 veneratione
2780 4975 3007 5047 habent,
3040 4984 3093 5047 et
3115 4977 3170 5029 S.
3198 4976 3381 5047 [fatum
3406 4994 3490 5030 vo.

1928 5056 2071 5104 cant.
2096 5044 2320 5102 'Nona’m
2365 5048 2671 5100 Thaumasti
2700 5086 2714 5108 ,
2760 5046 2825 5097 ad
2874 5044 3176 5097 Tresvillas.
3213 5045 3284 5099 De
3314 5048 3483 5100 Thau-

1930 5128 2102 5172 masto
2129 5130 2305 5172 autem
2328 5126 2380 5192 ει
2408 5116 2712 5192 Apollinare
2734 5114 2846 5192 ejus
2871 5113 3264 5192 Ir2l£6,_§szitlS
3289 5115 3485 5192 dictum

1930 5188 1984 5242 in
2034 5188 2291 5255 epistolis.
2337 5182 2605 5239 Decimum
2652 5185 2822 5255 Magni
2876 5194 2928 5255 et
2974 5182 3167 5255 Felicis
3206 5199 3283 5255 ac
3332 5186 3487 5239 Probl

1932 5253 2179 5311 filiorum.
2234 5256 2296 5309 Et
2342 5257 2579 5324 Magnum
2632 5253 2850 5324 quidem,
2891 5254 3069 5324 domo
3094 5253 3486 5324 Narbonensem

1934 5326 2113 5385 fuisse,
2160 5322 2443 5379 didicimus
2466 5339 2529 5377 ex
2560 5324 2794 5377 carmine
2830 5323 2916 5376 ‘23.
2953 5322 3107 5375 Probi
3137 5338 3264 5375 vero
3307 5324 3487 5385 conju-

1932 5410 2049 5464 gem
2083 5396 2355 5464 Eulaliam,
2386 5394 2585 5464 Sidonii
2618 5394 2963 5462 propinquam
2987 5406 3050 5446 ex
3078 5394 3176 5444 lzoc
3204 5392 3318 5444 loco
3340 5402 3487 5445 nota-

1932 5463 2103 5518 vimus
2132 5463 2195 5518 ad
2221 5465 2375 5533 epist.
2412 5465 2461 5528 I,
2496 5463 2584 5516 lib.
2620 5478 2688 5517 tv.

1932 5579 2117 5632 harum
2148 5594 2334 5633 vocum
2364 5580 2524 5633 solido
2550 5580 2727 5650 sapore
2748 5574 3339 5650 pressum,gtolera_bile_m
3368 5591 3491 5631 scn-

1930 5662 2045 5702 snm
2077 5650 2276 5702 nullum
2307 5665 2451 5711 esse;
2487 5644 2658 5716 itaque
2698 5644 2968 5714 legendum
2999 5645 3133 5696 haud
3165 5644 3352 5707 dubie,
3385 5656 3490 5700 sto-

1932 5719 2037 5771 lido
2081 5735 2261 5787 sopore
2299 5736 2541 5787 pressum.
2591 5721 2653 5770 At
2682 5717 2833 5769 nobis
2871 5716 3130 5768 correctio
3178 5716 3289 5770 haec
3318 5717 3490 5773 minus

3043 5803 3120 5860 αλδ
