4002 6188
498 343 599 397 747
1797 337 2083 395 CORONIS
2120 334 2500 393 SIDONIANA.
2796 284 2817 303 ’
3651 326 3752 381 758

497 460 701 513 Piseem
734 457 1011 527 perspicua
1040 469 1229 525 gerens
1253 453 1302 508 in
1334 453 1494 508 unda.
2090 456 2141 513 Α
2169 449 2302 504 Hine
2326 458 2380 502 tu
2408 448 2622 501 Cottion
2656 444 2776 511 ibis,
2809 453 2966 513 atque
3007 443 3162 497 Avito

499 551 593 605 Hie
616 550 729 603 Zeti
758 558 811 603 et
837 549 1010 603 Calais
1039 549 1133 603 tibi
1162 547 1300 602 adde
1331 562 1552 616 pennas,
2173 540 2368 593 Nostro
2388 537 2524 591 dicis
2549 550 2669 598 ave,
2699 533 2893 588 dehinc
2921 531 3094 586 valeto

497 639 914 708 Nimbosumque
942 638 1125 707 iugum
1159 638 1317 707 fugax
1348 646 1558 698 caveto,
2175 629 2345 683 Debes
2372 624 2684 693 obsequium
2716 623 2830 676 viro
2864 636 3099 691 perenne
3129 638 3141 671 :

497 727 734 796 Namque
762 735 845 782 est
866 728 1092 781 assidua:
1124 728 1273 781 ferax
1307 727 1577 795 procellae.
2174 718 2305 771 Nam
2337 718 2464 771 dent
2490 715 2614 769 hinc
2635 713 2842 769 veniam
2871 714 2975 767 mei
3005 710 3308 781 propinqui,

499 818 605 873 Sed
636 818 873 887 quamvis
906 817 1091 885 rapido
1119 817 1291 869 ferare
1321 830 1509 879 cursu,
2176 810 2288 863 Non
2318 808 2474 862 nobis
2503 805 2645 875 prior
2673 812 2755 859 est
2781 817 2975 872 parens
3005 804 3199 856 amico.

498 909 716 963 Las~uni
746 908 830 962 te‘
857 906 1163 975 Voroangns
1193 905 1471 959 obtinebit.
2176 897 2311 951 [line
2333 896 2442 964 jam
2475 904 2526 949 te
2556 894 2778 949 Fidulus
2804 893 2969 948 decus
2998 893 3281 958 bonorum,

499 1000 748 1056 Nostrum
777 998 862 1053 hic
893 997 1134 1051 invenies
1165 996 1554 1064 Apollinarem,
2179 986 2247 1040 Et
2272 1000 2370 1041 nec
2391 985 2642 1039 Tetradio
2670 985 2800 1037 satis
2827 983 3117 1043 secundus,

499 1093 605 1147 Seu
629 1099 813 1145 contra
844 1088 1012 1141 rabidi
1040 1087 1212 1142 leonis
1237 1098 1399 1141 tostus
2179 1077 2383 1130 Morum
2413 1074 2629 1129 dotibus
2649 1085 2737 1127 aut
2770 1083 2957 1128 tenore
2984 1074 3138 1136 recti,

500 1180 657 1250 417
688 1178 853 1233 Vestit
880 1177 1074 1245 frigore
1101 1191 1425 1230 marmorum
1449 1183 1670 1244 penates
1698 1191 1709 1226 :
2178 1166 2372 1221 Sancta
2400 1162 2621 1230 suscipit
2649 1162 3027 1230 hospitalitate.

500 1248 630 1325 Sive
658 1268 826 1323 hortis
847 1267 1104 1335 spatiatur
1131 1267 1183 1319 in
1217 1266 1468 1334 repostis,
2180 1253 2314 1308 Exin
2342 1251 2501 1306 tende
2522 1250 2766 1321 gradum,
2790 1249 3088 1317 Tribusque
3118 1248 3257 1302 villis

500 1357 694 1424 Quales
720 1355 974 1411 mellifera
1006 1356 1180 1409 virent
1207 1355 1258 1407 in
1290 1354 1476 1423 llybla,
2179 1345 2343 1417 418
2370 1344 2750 1399 Thaumastum
2779 1352 2987 1409 expete,
3020 1341 3307 1410 quemlibet
3336 1340 3562 1397 duorum
3588 1356 3610 1397 :

502 1448 698 1515 Quales
725 1445 997 1501 Coricium
1026 1458 1209 1499 senem
1240 1443 1459 1498 beantes
2180 1440 2414 1505 Quorum
2440 1437 2619 1504 junior
2648 1444 2731 1490 est
2760 1435 2889 1487 mihi
2916 1434 3117 1488 sodalis

503 1536 766 1591 Fuscabat
789 1534 923 1603 picei
953 1535 1092 1588 latex
1122 1533 1321 1587 Galesi.
2184 1530 2248 1583 Et
2268 1529 2467 1597 collega
2487 1527 2670 1592 simul,
2698 1525 2973 1596 graduque
3002 1524 3184 1579 frater.

505 1626 629 1681 Sive
658 1624 798 1680 inter
826 1624 1015 1689 violas,
1051 1624 1313 1693 thymum,
1344 1622 1648 1692 ligustrum,
2181 1617 2335 1685 Quod
2358 1618 2402 1671 si
2430 1616 2541 1671 fors
2567 1616 2748 1671 senior
2771 1615 2860 1669 tibi
2890 1615 3178 1679 invenitur,

503 1715 829 1785 Setpyllum,
853 1713 1071 1778 casiam,
1096 1726 1312 1766 crocum
1342 1722 1501 1781 atque
1524 1710 1785 1772 caltham,
2186 1708 2336 1762 Hunc
2367 1721 2566 1777 pronus
2595 1720 2763 1775 prope
2792 1714 3034 1773 patruum
3062 1704 3251 1757 saluta.

505 1805 802 1870 Narcissos,
838 1803 1313 1874 hyacinthinosque
1341 1802 1501 1856 ﬂores
2105 1803 2153 1863 B
2253 1800 2384 1854 llinc
2411 1800 2479 1853 ad
2512 1799 2748 1853 consulis
2770 1799 2943 1867 ampla
2967 1806 3109 1853 tecta
3131 1798 3324 1868 Magni,

510 1896 747 1964 Spernit,
776 1910 932 1964 quam
965 1894 1117 1962 pretii
1142 1894 1334 1961 petitor
1363 1892 1523 1959 ampli
2188 1889 2524 1959 Felicemque
2550 1899 2695 1945 tuum
2722 1890 2863 1954 veni,
2897 1888 3090 1943 libelle.

510 1988 733 2043 Glebam
767 1984 991 2039 thurifer
1017 1983 1232 2037 advehit
1260 1982 1500 2035 Sabaeus.
2188 1979 2258 2035 Et
2288 1991 2339 2034 te
2370 1980 2691 2035 bibliotheca
2720 1994 2839 2048 quas
2861 1988 3077 2048 paterna
3100 1990 3201 2045 est,

510 2078 616 2132 Seu
643 2077 764 2131 ﬂeto
792 2075 969 2145 potius
993 2088 1153 2142 specu
1177 2072 1428 2142 quiescit,
2184 2070 2368 2138 Qualis
2393 2085 2493 2125 nec
2520 2070 2695 2125 tetrici
2720 2068 2816 2123 fuit
2840 2069 3096 2139 Philagri,

508 2166 671 2223 Collis
700 2166 937 2236 margine
966 2181 1067 2235 qua
1095 2178 1284 2219 nemus
1314 2162 1571 2218 reﬂexum
2183 2160 2407 2214 Admitti
2434 2158 2593 2214 faciet
2619 2158 2825 2214 Probus
2850 2160 3148 2229 probatum.

510 2258 751 2312 Nativam
776 2256 909 2311 dare
932 2256 1189 2324 porticam
1223 2255 1495 2317 laborans,
2181 2249 2281 2303 llic
2306 2262 2449 2317 salpe
2480 2248 2703 2303 Eulalia:
2730 2265 2861 2303 mea:
2891 2250 3103 2318 legeris,

510 2349 623 2404 Non
653 2349 827 2404 lucum
861 2347 1139 2401 arboribus
1167 2344 1312 2411 facit,
1340 2345 1433 2398 sed
1464 2352 1694 2398 antrum.
2182 2336 2346 2408 Cujus
2374 2339 2647 2409 Cecropia:
2671 2354 2827 2409 pares
2850 2341 3100 2394 Minerva:

510 2440 639 2502 Quis
668 2437 901 2505 pomaria
935 2437 1107 2503 prisca
1132 2437 1271 2502 regis
1299 2432 1410 2485 ludi
2185 2430 2379 2495 Mores,
2410 2439 2465 2487 et
2488 2432 2643 2500 rigidi
2673 2445 2850 2497 senes,
2876 2441 2929 2486 et
2956 2434 3069 2501 ipse

512 2528 608 2581 llic
627 2540 767 2580 nunc
796 2532 1088 2593 comparet,
1118 2537 1413 2590 aureasque
1439 2521 1594 2585 vites.
2183 2521 2461 2589 Quondam
2496 2538 2795 2593 purpureus
2818 2538 2974 2579 socer
2998 2523 3276 2578 timebant.

515 2620 726 2674 Electro
754 2616 1017 2670 viridante
1048 2614 1399 2683 pampinatas,
2185 2612 2289 2668 Sed
2316 2614 2423 2683 jam
2454 2614 2671 2679 sufﬁcit,
2700 2629 2825 2670 ecce
2850 2615 3029 2684 linque
3062 2624 3291 2684 portum,

512 2710 642 2763 Cum
675 2709 843 2762 Porus
875 2706 1047 2775 posuit
1071 2713 1321 2774 crepante
1349 2718 1476 2773 gaza
2185 2702 2263 2757 Ne
2291 2713 2342 2758 te
2367 2704 2601 2773 pondere
2624 2704 2741 2774 plus
2769 2718 3006 2774 premam
3036 2705 3291 2757 saburrae.

514 2800 703 2864 Fulvo,
732 2813 799 2852 ex
822 2796 1040 2865 palmite
1069 2795 1278 2849 vineam
1312 2794 1532 2857 metalli,
2188 2792 2279 2848 llis
2302 2794 2353 2847 in
2386 2793 2625 2849 versibus
2653 2808 2904 2848 ancoram
2934 2794 3130 2849 levato.

513 2889 851 2943 Cemmarum
880 2884 1208 2938 ﬂuitantibus
1236 2882 1497 2940 racemis?

516 3025 811 3078 necessaria
860 3021 1084 3075 videtur.
1133 3019 1323 3085 Quidni
1352 3019 1491 3071 enim
1542 3014 1681 3069 illius
1721 3014 1865 3067 ﬂuvll
1903 3012 2079 3082 pisces
2190 3015 2328 3071 haud
2375 3016 2528 3072 valde
2582 3018 2799 3073 arridet.
2838 3046 2919 3057 -—-
2969 3017 3200 3071 BAUNIUS
3247 3016 3516 3072 Sirmond.
3563 3019 3766 3075 editor.

517 3095 797 3146 laudentur
826 3093 893 3143 ob
918 3104 1131 3143 carnem
1161 3088 1380 3142 solidam
1408 3096 1452 3139 et
1471 3100 1718 3157 pressant,
1750 3098 2074 3157 eoque‘gra-
2186 3087 2388 3157 praefat.
2418 3089 2483 3139 ad
2514 3088 2717 3157 tomril,
2746 3087 2772 3157 ἑ
2804 3087 2891 3143 ll.

520 3165 669 3215 tioris
698 3162 930 3229 saporis.
954 3173 1078 3229 enm
1120 3159 1171 3229 in
1190 3158 1380 3229 multis
1412 3152 1641 3229 piscibus
1675 3168 1832 3221 sapor
1864 3152 2078 3229 dilutior
2187 3152 2198 3154 ⁷
2256 3158 2271 3186 ¹
2310 3156 2424 3211 Vid.
2460 3157 2493 3211 l.
2525 3172 2571 3212 c.
2608 3152 2899 3221 Mémoires,
2934 3170 3053 3225 pag.
3077 3155 3202 3210 26L

516 3232 587 3285 sit
613 3233 681 3285 ob
728 3224 1143 3283 mollitudinem?
1189 3225 1386 3281 Deinde
1422 3226 1636 3293 piscium
1673 3238 1825 3290 sopor
1864 3224 2078 3276 stolidus

528 3346 3725 3374 Mm

1586 3444 1910 3522 CORON
1921 3443 2010 3519 IS
2087 3442 2654 3518 SIDONIANA.

520 3591 604 3650 De
629 3584 1185 3666 lociprterogatt'va
1215 3602 1233 3643 :
1263 3584 1471 3662 quisve
1500 3581 1768 3669 interior
1799 3579 2075 3669 dicatur,
2103 3583 2239 3660 quis
2271 3580 2579 3669 exterior;
2614 3579 2767 3658 quid
2790 3588 2986 3659 tegere
3009 3583 3196 3652 latus,
3229 3593 3335 3642 aut
3368 3593 3527 3663 μέσον
3556 3589 3715 3663 ἔχειν
3747 3608 3763 3645 :

1600 3659 1898 3719 dextrane
1924 3651 2163 3735 potior,
2199 3676 2279 3717 an
2308 3658 2593 3717 sinistra.
2625 3651 2641 3658 ’
2848 3651 2873 3659 ⁷
3185 3651 3190 3652 ί
3368 3651 3377 3663 ’

583 3911 769 3967 Studio
819 3910 921 3963 huc
973 3908 1151 3962 distuli
1201 3907 1355 3961 binos
1386 3921 1591 3972 versus,
1642 3906 1832 3976 quibus
1875 3907 2073 3961 avitum
2103 3908 2151 3971 C
2183 3920 2324 3960 nunc
2370 3905 2681 3976 sinistrum,
2734 3906 3029 3975 eodemque
3084 3906 3244 3961 modo
3296 3908 3635 3963 exteriorem.
3698 3912 3761 3965 In

513 3981 762 4039 Sidonius
791 3980 841 4033 in
871 3978 1089 4047 Gothica
1117 3977 1375 4045 legatione
1406 3976 1637 4030 medium
1665 3975 1806 4031 inter
1832 3976 2079 4031 Tlteode-
2184 3976 2330 4030 circo
2358 3989 2485 4047 sane
2508 3975 2729 4047 interior
2758 3976 2920 4029 ltevus
2957 3984 3094 4047 erat,
3142 3977 3236 4030 sed
3267 3977 3389 4033 ideo
3434 3982 3551 4047 quia
3595 3990 3764 4035 meta:

510 4054 677 4108 ricum
703 4065 879 4118 regem
910 4061 960 4103 et
993 4044 1317 4102 Frider’icum
1351 4048 1490 4113 regis
1520 4048 1736 4100 fratrem
1790 4048 2075 4101 incessisse
2184 4045 2520 4118 currentibus
2547 4044 2612 4118 ad
2646 4045 2867 4118 laevam,
2899 4055 2952 4118 et
2984 4046 3036 4118 in
3079 4047 3263 4101 laevam
3307 4048 3372 4101 ad
3421 4044 3514 4102 cas
3554 4049 3763 4105 ﬂexus.

512 4124 663 4176 dixit.
764 4113 789 4118 “
2186 4116 2290 4168 Fac
2317 4124 2500 4167 contra
2548 4114 2598 4167 in
2627 4113 2868 4167 dextram
2900 4114 3072 4181 ﬂecti,
3114 4116 3291 4169 omnia
3342 4127 3502 4172 erunt
3538 4128 3765 4172 contra-

634 4214 750 4281 20.5}
770 4213 881 4281 hinc
898 4222 1129 4281 get-[1.1.399
1147 4210 1312 4281 regis"
1328 4208 1438 4255 hinc
1461 4217 1581 4281 [e'ge
1598 4213 1817 4281 I‘egenw.
2184 4183 2693 4281 {iaqajamnipt’erior
2720 4184 2904 4265 dexter
2924 4184 3045 4251 erit,
3070 4194 3124 4239 et
3152 4187 3367 4240 sinister
3395 4189 3628 4242 exterior
3650 4204 3663 4241 ε
3699 4200 3763 4244 ιιι

633 4255 1389 4331 i5iiiéi§ﬁidipitnrsamabas
1410 4255 1575 4316 subire
1598 4255 1832 4316 Tolosam.
2184 4255 2235 4331 i_u
2256 4255 2349 4331 _i_lla
2373 4255 2637 4331 quadriga
2668 4255 2912 4307 evenisse
2946 4270 3165 4331 necesse
3195 4266 3295 4331 est,
3361 4272 3519 4325 quam
3575 4273 3765 4315 narrat

1002 4395 1010 4403 _
1090 4391 1101 4403 _
1300 4399 1309 4403 _
1433 4390 1445 4403 _
1602 4388 1635 4403 ,Δ
1672 4389 1684 4403 _
1846 4393 1856 4403 '
2182 4324 2541 4403 Selinusgcap.
2572 4322 2661 4385 46,
2705 4339 2930 4403 excusso
2955 4327 3153 4403 auriga,
3197 4322 3391 4403 relicto
3439 4326 3759 4388 certamine,

511 4402 623 4455 Non
676 4397 815 4468 quod
849 4394 1042 4470 multis
1071 4390 1539 4470 demonstrandum
1572 4389 1642 4443 sit
1672 4389 1888 4470 honoris
1918 4406 2075 4444 causa
2183 4393 2247 4470 ad
2274 4389 2589 4470 Capitolium
2624 4389 3264 4470 prosiliissc,_lovemque
3287 4393 3571 4463 Tarpeium
3603 4407 3761 4452 terna

512 4473 560 4524 id
595 4460 786 4522 factum
845 4466 1004 4519 fuisse
1026 4504 1038 4521 .
1084 4476 1207 4535 cum
1247 4460 1478 4529 ambigat
1502 4474 1679 4535 nemo,
1712 4460 1799 4513 ubi
1837 4472 1943 4514 tres
1976 4477 2078 4535 una
2182 4462 2517 4516 dextratione
2544 4462 2835 4535 lustrasse,
2867 4474 2919 4517 et
2950 4462 3003 4515 in
3027 4460 3223 4517 diurno
3248 4464 3367 4517 οωιί
3399 4460 3763 4535 siderumque

512 4546 642 4599 sint,
692 4531 1368 4605 honoratissimumlocum
1421 4531 1653 4605 medium
1697 4544 1848 4593 esse;
1899 4530 2079 4605 s_ed_ut
2184 4543 2353 4599 motu,
2393 4546 2509 4605 qua:
2539 4541 2591 4585 et
2621 4533 2733 4605 ipsa
2760 4533 2950 4605 dextro
2979 4547 3111 4602 gyro
3149 4534 3350 4601 polum,
3382 4534 3535 4605 quasi
3565 4530 3764 4605 per-135

513 4619 751 4679 extremo
784 4605 899 4657 libri
931 4603 1100 4679 spatio
1155 4600 1392 4679 liberius.
1414 4599 1647 4679 evagari,
1677 4607 1880 4679 etquae
1906 4600 1974 4654 de
1997 4600 2081 4654 in-
2182 4608 2296 4679 tua“
2325 4601 2549 4679 quadam
2608 4599 2965 4664 dextratione,
2986 4599 3422 4679 'circumagunt_',_
3475 4599 3763 4674 Cynosura

512 4675 723 4751 terioris
746 4667 1129 4751 e_\tcriorisqtte
1152 4670 1267 4751 loci
1286 4670 1521 4751 notione,
1563 4667 1631 4723 de
1656 4669 1858 4749 .lateris
1900 4679 2077 4750 prote-
2182 4667 2362 4751 lleliee
2393 4671 2615 4751 interior
2645 4679 2828 4751 estne}
2852 4678 3029 4725 tamen
3057 4667 3347 4726 dexterior.
3380 4673 3490 4727 Nec
3518 4667 3670 4729 aliter
3700 4680 3760 4730 in

511 4747 709 4823 ctione,
734 4745 957 4822 .dextrzn
1008 4738 1069 4792 ac
1122 4740 1351 4823 sinistra:
1399 4739 1451 4791 in
1484 4739 1699 4792 honoris
1730 4741 2074 4823 prterugativa
2180 4738 2283 4821 hoc
2303 4739 2370 4823 de
2401 4740 2486 4821 illa
2512 4754 2669 4793 versu
2697 4755 2730 4819 e
2756 4740 3031 4823 Ciceronis
3056 4742 3241 4805 Arato,
3278 4741 3418 4796 Nam
3441 4758 3595 4797 cursu
3625 4745 3759 4798 inte-

511 4813 839 4875 tliscrimine,
874 4809 1214 4888 commentati
1241 4809 1687 4888 oltm_sumus,.a.e
1718 4808 1875 4888 paulo
1910 4810 2077 4888 l'u-sius
2178 4809 2467 4888 riore_brevi
2493 4810 2800 4888 convertitur
2821 4810 2957 4875 orbe,
2986 4810 3296 4888 interiorem
3328 4826 3759 4881 cursumcapere

512 4896 801 4960 exponere,
842 4879 1088 4960 acnnotis
1129 4878 1272 4930 hisce
1307 4876 1699 4960 veleoronidis
1737 4878 1924 4960 saltem
1959 4878 2076 4934 loco
2180 4880 2376 4960 possis,
2404 4894 2563 4959 quam
2591 4878 2970 4960 dexteriorem.
3000 4880 3135 4960 Quid
3167 4882 3388 4935 multis?
3421 4897 3543 4935 nam
3572 4876 3756 4951 quoti-

511 4946 893 5027 addcrcliceat.
924 4947 1210 5027 I‘arergutn
1235 4946 1379 5027 enim
1407 4946 1457 4998 id
1476 4946 1853 5027 fortasse,-_uee
1873 4952 2071 5027 abnuo2
2179 4946 2265 5002 die
2292 4946 2533 5027 videmus
2553 4950 2601 5001 in
2628 4948 2783 5016 bigis,
2816 4964 2935 5003 cum
2957 4951 3021 5002 ad
3052 4951 3289 5004 vicorum
3310 4952 3482 5017 capita
3511 4946 3753 5013 ﬂectunt.

509 5022 613 5096 Sed
646 5034 819 5083 operae
848 5016 1360 5096 nonnpoeni-tebiusi
1386 5017 1490 5096 _vel
1538 5024 1689 5096 extra
1730 5017 1918 5096 lineam
1950 5019 2071 5096 quid
2176 5027 2270 5096 aut
2289 5018 2347 5096 _in
2378 5017 2572 5096 bubus,
2592 5032 2720 5096 cum
2747 5027 2900 5096 arant
2924 5027 2978 5072 et
3003 5021 3241 5074 alternos
3270 5016 3450 5074 sulcus
3473 5021 3698 5086 ducunt,
3722 5039 3756 5077 e

511 5091 716 5168 dixero,
736 5086 874 5168 quod
893 5085 1170 5168 philologis
1190 5085 1703 5168 probari,_l)onisque
1728 5087 2073 5168 scriptoribus
2177 5086 2384 5168 duobus
2412 5089 2491 5140 vel
2517 5086 2689 5141 bubus
2716 5088 2799 5140 vel
2828 5090 2999 5168 equis,
3034 5090 3341 5144 interiorem
3374 5090 3427 5142 iu
3458 5090 3603 5144 ﬂexu
3630 5085 3756 5146 esse

514 5162 683 5239 lucem
729 5158 964 5239 aliquam
987 5154 1402 5239 aﬂerrenpossit._
1427 5154 1535 5207 Non
1565 5154 1819 5239 igiturex
1845 5171 1909 5209 eo
1932 5156 2071 5239 quod
2177 5172 2315 5211 nunc
2346 5157 2614 5239 dextrum,
2640 5172 2781 5238 nunc
2802 5154 3093 5211 sinistrum.
3121 5160 3377 5227 Quodque
3404 5160 3454 5213 in
3488 5159 3571 5213 his
3598 5160 3756 5214 vide-

510 5229 654 5282 verbi
680 5223 844 5294 gratia
872 5229 919 5278 in
952 5225 1152 5298 ludicro
1168 5223 1522 5298 pquenSi,_lle
1552 5228 1618 5276 ab
1639 5234 1855 5298 auctore
1886 5233 2070 5280 nostro
2099 5268 2147 5298 η
2178 5241 2318 5289 mus,
2349 5226 2561 5298 idetnAin
2603 5227 2872 5298 hominum
2929 5223 3156 5282 incessu
3184 5223 3552 5298 concessuque
3607 5231 3757 5285 testi-

509 5268 865 5378 diseetliamus,
895 5296 1129 5375 carmine
1162 5293 1231 5345 23
1260 5268 1589 5373 dexteriorem
1628 5294 1931 5346 concitatum
1973 5268 2069 5374 ap:
2099 5268 2147 5329 θ
2174 5268 2322 5349 ηιξξᾷ
2349 5268 2582 5348 ὶῖεἷῗιίιῖτ

510 5368 729 5437 pellavit
766 5365 1108 5427 exteriorem,
1161 5371 1214 5415 et
1249 5378 1452 5415 currum
1489 5364 1624 5414 intus
1664 5371 1852 5437 actum,
1898 5363 1988 5437 qui
2015 5368 2067 5419 in
2174 5365 2447 5437 nominum
2471 5364 2539 5437 sit
2563 5368 2716 5419 ratio.
2764 5364 2830 5437 Ut
2874 5365 3013 5437 enim
3044 5367 3094 5419 in
3122 5369 3266 5422 circo
3293 5363 3753 5437 ﬂexuque‘meize,

509 5432 775 5492 sinistram
803 5445 1000 5505 partem
1032 5443 1178 5505 actus
1198 5439 1678 5505 esset;_propterea
1710 5446 1775 5484 ex
1803 5432 2067 5505 similibus
2172 5434 2216 5488 is
2247 5435 2444 5505 dicitur
2481 5434 2704 5488 interior
2732 5435 2821 5505 qui
2862 5436 3232 5490 adversarium
3265 5438 3403 5491 inter
3444 5432 3753 5505 metamque

511 5509 637 5583 locis
664 5500 841 5573 colligi
868 5504 1045 5583 statim
1064 5501 1242 5583 debet,
1261 5500 1410 5580 quod
1433 5502 1581 5583 viros
1603 5500 1787 5580 doctos
1814 5500 2066 5557 fefellisse
2172 5504 2387 5583 propius
2414 5503 2615 5583 ﬂectit;
2654 5500 2815 5583 sicin
2856 5505 3121 5583 ingressu,
3170 5508 3216 5559 si
3242 5506 3346 5560 duo
3376 5508 3532 5561 simul
3560 5500 3753 5563 ambu-

512 5578 707 5655 mirum.
732 5572 835 5639 est,
867 5572 1170 5628 interiorem
1189 5572 1781 5655 ubiquesinisteriorem
1814 5586 1953 5655 esse,
1978 5580 2067 5655 aut
2171 5573 2303 5637 lent,
2347 5573 2568 5655 interior
2655 5573 2756 5625 erit
2784 5574 2870 5653 qui
2904 5573 3161 5630 interiore
3206 5577 3323 5630 loco
3370 5577 3605 5643 incedet,
3651 5578 3759 5630 hoc

507 5644 859 5723 dexteriorem
914 5656 1127 5723 semper
1172 5643 1488 5723 exteriorem
1523 5656 1536 5693 :
1575 5654 1695 5723 cum
1741 5650 1944 5723 eertum
1996 5643 2067 5694 sit
2167 5651 2250 5723 est
2296 5643 2474 5723 medio
2502 5644 2650 5722 inter
2686 5644 2931 5697 comitem
2972 5647 3291 5700 exteriorem
3339 5655 3394 5700 et
3442 5648 3604 5710 aedes,
3637 5650 3758 5700 sive

512 5712 837 5780 interiorem,
888 5720 1043 5781 prout
1094 5724 1179 5766 res
1228 5709 1419 5775 ferant,
1470 5724 1608 5764 nunc
1640 5711 1887 5763 dextrum
1918 5724 2057 5777 esse,
2168 5710 2311 5764 aliud
2342 5710 2643 5782 quispiam,
2691 5713 2832 5781 quod
2881 5714 2999 5783 ejus
3041 5715 3270 5770 alterum
3325 5716 3462 5772 latus
3509 5709 3755 5772 claudat.
