4002 6188
220 387 315 446 749

1029 374 1345 434 SIRHONDI
1387 368 1796 430 ELUCIDATIO
1834 367 1920 422 DF.
1960 365 2206 423 PROPR.
2250 309 2535 430 NOMIN:
2558 363 2704 418 ETC.

3375 365 3480 420 750

219 504 388 570 Quare
416 514 521 554 non
549 498 672 570 alia,
708 510 828 552 meo
854 493 1104 570 quidem
1126 488 1613 570 sensuLinteriot-is
1639 487 1788 541 notio
1817 489 1864 545 Α
1897 474 3269 570 norislocumjuteriqremisepipfrmhﬂss‘e,hcetis
3294 479 3485 570 dexter

219 561 269 629 ὶῖι
309 561 684 640 vulgatissimis
727 561 970 640 versibus
993 563 1182 640 .Uvidii
1230 578 1258 640 _v
1298 561 1575 640 Fastorum
1600 599 1630 640 μ’
1656 572 1788 640 cum

219 642 329 698 seni
360 628 616 693 honorem
659 639 801 690 hunc
829 651 858 688 a
893 633 1192 701 junioribus
1231 631 1468 685 habitum
1510 628 1694 683 scribit
1739 636 1795 679 ut

222 713 262 767 si
290 710 512 766 comites
533 708 611 764 illi
639 707 745 762 duo
766 715 972 771 essent,
1004 701 1209 757 medius
1229 701 1533 765 incederet;
1566 701 1610 753 si
1635 711 1794 761 unus,

225 783 462 838 interior.

342 892 402 942 Et
423 893 616 940 medius
636 889 886 947 iuvenum,
924 900 1019 936 non
1047 885 1408 946 indignantibus
1435 883 1548 943 illis,

405 953 528 1006 lhat.
555 958 607 1001 et
631 953 833 1000 interior
857 951 896 998 si
915 960 1081 997 eomes
1101 961 1230 996 unus
1253 953 1374 994 erat.

228 1056 329 1111 Nec
357 1056 458 1109 alia
486 1053 785 1117 exterioris,
815 1051 1037 1122 ejusque
1068 1051 1152 1120 qui
1182 1051 1319 1105 latus
1364 1060 1540 1120 tegere
1571 1047 1799 1114 dicatur,

231 1126 441 1181 lloratio
463 1135 642 1194 satyra
666 1124 720 1191 5,
755 1122 848 1176 lib.
881 1137 938 1176 ιι.

903 1211 1074 1261 .....‘Ne
1094 1217 1256 1260 tamen
1277 1210 1345 1260 illi

345 1277 420 1326 'l'u
441 1288 605 1324 comes
629 1275 866 1329 exterior.
890 1275 932 1322 si
956 1275 1172 1335 jusserit,
1199 1276 1269 1321 ire
1303 1284 1523 1321 recuses.

349 1339 414 1388 Ut
438 1351 501 1387 ne
522 1346 686 1398 tegam
710 1347 885 1398 Spurco
908 1336 1072 1384 Damae
1097 1335 1254 1385 latus?

231 1444 377 1512 Quod
403 1445 542 1497 enim
574 1441 995 1512 summiingenii
1030 1436 1544 1512 viro__Justo_l.ipsio
1581 1437 1632 1490 in
1656 1451 1807 1512 men-

234 1507 334 1570 tEm
365 1516 528 1578 venit,
562 1521 618 1564 ut
640 1507 947 1564 interiorem
976 1524 1099 1563 eum
1130 1509 1228 1563 dici
1253 1507 1432 1572 vellet,
1462 1507 1545 1560 cui
1571 1507 1808 1578 exterior

236 1585 421 1639 leviter
448 1576 573 1636 etin
599 1593 749 1649 parte
771 1581 984 1650 praeiret
1002 1577 1400 1650 honorisgratia
1421 1593 1436 1650 ζ
1459 1589 1548 1650 aut
1576 1578 1663 1650 qui
1691 1576 1808 1644 ipse

235 1665 415 1710 contra
447 1652 548 1722 (sic
579 1647 720 1706 enim
752 1647 934 1718 postea
958 1647 1548 1722 interpretarimaluit)
1577 1648 1806 1722 alterum

234 1717 495 1778 anteiret:
523 1736 710 1776 vereor
738 1717 806 1774 ne
834 1728 1018 1787 argute
1046 1719 1211 1787 magis
1238 1727 1291 1770 et
1318 1717 1592 1787 ingeniOse
1623 1717 1807 1787 fictum

236 1796 300 1848 sit
326 1809 482 1862 quam
511 1798 656 1846 vere.
689 1791 819 1844 Nam
851 1785 1048 1862 tit—non,
1075 1785 1258 1862 dicam
1317 1785 1603 1862 permirum
1634 1785 1807 1841 videri

237 1847 296 1918 ac
322 1847 484 1932 prOpe
505 1862 808 1923 ridiculum,
837 1860 882 1915 si
912 1847 1172 1932 tres’jsint,
1192 1847 1378 1932 omnes
1408 1857 1519 1924 pari
1543 1856 1672 1926 jugo
1697 1872 1808 1932 am-
1845 1847 1890 1906 Β

237 1928 458 1988 Ιιιιιὲιιθὶ
507 1935 550 1985 si
590 1932 846 1986 Comitum
888 1929 1102 1984 recedat
1140 1943 1296 1991 unus,
1328 1929 1556 1980 alterum
1594 1941 1717 1981 mox
1744 1928 1810 1980 de

238 2001 333 2059 su'o
361 2004 524 2070 gradu
562 2001 802 2065 exsilire,
841 2009 898 2052 ut
937 2013 1118 2070 senem
1163 1999 1372 2052 modice
1397 1997 1687 2070 antecedat
1723 2007 1812 2049 aut

240 2068 524 2142 sequatur,
554 2071 892 2142 perspicuum
925 2078 1026 2142 est,
1051 2069 1102 2122 in
1133 2083 1194 2121 ea
1219 2069 1480 2142 sententia
1531 2081 1644 2142 ne_c_
1676 2068 1813 2121 latus

239 2135 456 2215 proprie
495 2135 570 2215 ab
589 2135 776 2215 eotegi
800 2141 889 2215 qui
915 2139 1107 2215 dicitur
1129 2138 1383 2215 exterior,
1399 2151 1497 2191 nec
1523 2135 1813 2215 quidquam

241 2208 360 2268 csse
389 2229 484 2267 cur
511 2208 748 2266 interior
777 2210 952 2278 potius
1005 2208 1108 2263 dici
1136 2208 1329 2262 debeat
1368 2221 1527 2278 quam
1553 2208 1812 2260 anterior.

243 2288 309 2338 At
340 2286 393 2336 in
423 2291 599 2338 nostra
646 2276 1087 2348 interpretatione
1143 2279 1297 2345 plana
1348 2276 1547 2339 omnia,
1590 2290 1736 2330 certa
1764 2286 1818 2330 et

241 2355 510 2421 expedita.
547 2353 771 2405 Interior
808 2365 936 2421 vere
969 2351 1055 2417 qui
1085 2348 1238 2421 inter
1277 2349 1532 2421 comitem
1571 2349 1819 2421 uadesque

244 2416 457 2478 medius
487 2422 742 2486 ambulat,
773 2416 1009 2474 exterior
1048 2419 1203 2486 plane
1244 2419 1332 2487 qui
1361 2416 1634 2471 exteriore
1666 2417 1814 2471 loco:

244 2494 495 2563 idemque
523 2494 867 2563 latustegere
920 2489 1190 2563 interioris
1220 2488 1339 2557 jure
1361 2487 1612 2563 dicitur:
1641 2489 1817 2563 utqui

243 2566 361 2630 ejus
393 2557 441 2617 id
473 2564 608 2616 latus
637 2557 856 2623 claudit,
885 2560 1025 2628 quod
1052 2559 1302 2613 intectum
1327 2559 1596 2630 alioquiAet
1622 2557 1819 2610 nudum

245 2626 426 2697 foret;
455 2648 573 2688 cum
594 2634 819 2685 alterum
848 2626 914 2682 ab
935 2630 1137 2683 aedibus
1169 2639 1490 2696 protegatur.
1515 2626 1633 2692 Quo
1663 2643 1821 2682 sensu

245 2707 453 2757 Seneca
475 2703 632 2770 epist.
655 2701 758 2756 22:
794 2699 1007 2752 Nudum
1032 2701 1125 2770 erit
1149 2702 1283 2751 latus
1306 2700 1330 2770 2f
1371 2699 1665 2751 incomitata
1684 2698 1825 2770 lecti-

245 2776 346 2826 ca?
373 2768 580 2827 Nudum
612 2773 746 2825 latus
775 2770 930 2831 dixit,
981 2769 1119 2838 quod
1166 2768 1399 2824 exterior
1442 2781 1624 2838 comes
1653 2768 1825 2822 nullus

248 2854 430 2911 tegat;
463 2852 515 2897 et
543 2841 804 2896 Minucius
829 2839 974 2893 Felix
998 2835 1232 2911 icontra,
1261 2839 1376 2911 ejus
1404 2835 1491 2903 qui
1526 2841 1664 2911 inter
1692 2837 1827 2911 duos

248 2909 464 2967 médius
490 2912 696 2975 sedeat,
738 2911 942 2979 protegi
971 2910 1037 2962 ab
1065 2920 1291 2976 utroque
1323 2909 1487 2961 latera
1519 2910 1736 2976 scripsit
1773 2910 1825 2961 in

247 2985 497 3037 Octavio.
530 2981 728 3034 Etcum
757 2980 914 3044 dicto,
956 2979 1146 3046 inquit,
1184 2982 1295 3048 ejus
1316 2979 1616 3039 assedimus.
1650 2981 1721 3031 ira
1775 2989 1829 3031 ut

250 3069 332 3107 me
364 3069 429 3107 ex
470 3051 630 3106 tribus
684 3051 910 3102 medium
957 3050 1129 3102 lateris
1169 3048 1444 3102 ambitione
1492 3058 1825 3116 protegerent.

250 3123 366 3178 Nec
398 3138 529 3178 vero
552 3121 919 3190 quaerendum,
963 3119 1274 3173 dextramne
1302 3133 1515 3190 semper
1538 3130 1717 3190 teneat
1748 3122 1828 3173 in-

1902 568 2009 606 non
2055 565 2267 617 semper
2321 559 2485 604 esset.
2536 547 2694 600 Clare
2725 546 2774 600 id
2804 546 3016 613 quidem
3043 560 3106 601 ac
3153 547 3272 601 sine
3321 563 3483 604 exce-

1903 623 2105 691 ριίοιιθ,
2135 616 2353 674 Ovidius
2383 627 2437 672 et
2468 617 2735 691 Horatius,
2772 625 2827 668 ut
2863 617 3052 670 frustra
3094 616 3341 691 sintuqui
3373 633 3484 691 pro

1903 686 2100 745 dextra
2119 699 2344 749 tantum,
2374 697 2463 741 aut
2494 701 2588 754 pro
2615 686 2829 740 sinistra
2869 701 3102 754 pugnare
3137 686 3320 740 velint.
3372 688 3479 742 Ne-

1903 777 2007 826 que
2034 772 2209 813 tamen
2243 759 2445 812 dextrae
2488 756 2892 824 prmrogativam
2912 769 3072 826 suam
3127 755 3478 812 detraxerim.

1907 824 2113 884 Dextrae
2140 829 2328 882 honori
2361 829 2460 880 hoc
2489 827 2670 895 datum
2697 826 2879 889 liquet.
2912 824 3150 878 Primum
3185 837 3236 876 ut
3269 827 3484 895 quando

1906 900 2204 963 proximum
2237 898 2366 951 nihil
2393 906 2532 960 erat,
2566 894 2707 949 unde
2748 895 2970 948 interior
3003 895 3140 962 alter
3175 894 3368 960 altero,
3400 899 3482 950 vel

1904 971 2041 1023 latus
2069 969 2116 1023 ei
2142 979 2320 1035 tegere
2347 967 2637 1031 diceretur,
2667 973 2777 1019 tum
2802 965 3084 1035 dexteram
3109 977 3326 1035 semper
3353 966 3486 1019 sini-

1903 1049 2030 1092 strae
2058 1033 2403 1105 praeferrent:
2437 1035 2706 1103 quomodo
2727 1034 2865 1098 apud
2884 1033 3253 1105 Tranquillum
3285 1035 3484 1090 Tiberii

1905 1123 2025 1174 cap.
2051 1103 2084 1161 6
2104 1108 2354 1168 pruriatus
2383 1106 2521 1158 haud
2546 1105 2707 1158 dubie
2735 1104 3038 1169 Marcellus,
3068 1105 3156 1173 qui
3195 1103 3248 1157 in
3281 1106 3486 1160 Actiaci

1905 1179 2161 1245 triumphi
2187 1191 2380 1244 pompa
2403 1175 2712 1245 dexteriore
2751 1177 2992 1245 invectus
3039 1186 3120 1245 est
3152 1188 3309 1243 equo,
3362 1190 3484 1230 cum

1905 1243 2151 1301 Tiberius
2178 1243 2512 1300 sinisteriore
2542 1244 2866 1298 veheretur?
2890 1243 3090 1300 Deinde
3117 1245 3168 1296 in
3197 1248 3314 1311 ipso
3346 1245 3487 1300 inte-

1909 1317 2066 1371 rioris
2105 1317 2204 1370 loci
2228 1315 2484 1384 obsequio
2511 1313 2915 1374 contenderent,
2937 1314 3108 1382 quoad
3137 1315 3249 1367 fieri
3283 1325 3484 1382 posset,

1907 1398 1964 1440 ut
1985 1402 2105 1439 cum
2145 1401 2211 1440 eo
2242 1388 2358 1439 loco
2384 1387 2586 1438 dextrae
2629 1384 2788 1437 simul
2821 1388 2992 1437 honor
3017 1384 3357 1452 jungeretur,
3417 1387 3488 1438 ita

1907 1467 1964 1510 ut
1989 1456 2126 1509 idem
2155 1457 2343 1510 dexter
2367 1467 2528 1523 atque
2550 1453 2771 1525 interior
2790 1463 2952 1525 esset.
2977 1453 3093 1520 Quo
3113 1464 3362 1525 spectans
3389 1455 3490 1508 Hc-

1908 1527 2080 1581 lenius
2099 1527 2256 1590 Acro,
2291 1527 2613 1579 exteriorem
2645 1523 2696 1576 in
2724 1523 2886 1576 Oratii
2915 1539 3068 1576 versu
3099 1523 3488 1578 sinisteriorem

1908 1596 2194 1662 exposuit;
2227 1605 2280 1648 et
2305 1595 2591 1662 Eutropius
2622 1594 2809 1646 laevum
2843 1593 3114 1659 incedere,
3149 1593 3290 1661 quod
3321 1594 3488 1649 Tran-

1909 1666 2104 1732 quillus
2128 1666 2194 1718 de
2215 1665 2436 1718 Claudio
2459 1665 2781 1730 imperatore
2807 1665 3116 1732 scripserat,
3150 1662 3300 1717 illum
3325 1663 3485 1718 Plau-

1915 1737 1989 1789 tio
2016 1734 2068 1788 in
2097 1735 2418 1801 Capitolium
2461 1734 2605 1788 eunti
2650 1734 2786 1786 latus
2827 1736 3064 1788 texisse:
3093 1747 3198 1788 non
3225 1734 3368 1801 quod
3391 1750 3478 1789 ne-

1916 1806 2152 1859 cessari-0
2193 1806 2304 1857 hare
2344 1805 2415 1858 ita
2461 1817 2674 1870 semper
2705 1802 2991 1871 conjuncta
3040 1803 3166 1867 sint,
3211 1805 3304 1858 sed
3348 1805 3489 1871 quod

1919 1877 2229 1943 plerumque
2256 1874 2326 1928 ita
2357 1874 2469 1927 fieri
2513 1887 2629 1943 mos
2660 1883 2822 1926 esset.
2847 1874 3109 1926 Cancrum
3136 1873 3226 1943 ubi
3270 1888 3356 1928 res
3385 1889 3494 1928 non

1915 1941 2227 2008 l'crebat,'ut
2267 1943 2488 1997 interior
2518 1942 2705 2011 dexter
2731 1952 2895 2006 esset,
2929 1952 3038 1994 tum
3059 1941 3149 2011 iad
3179 1957 3298 1996 eum
3341 1945 3495 2011 plane

1917 2015 2132 2067 modum
2160 2029 2265 2081 quo
2294 2013 2532 2067 solemus
2586 2011 2637 2064 in
2669 2010 2860 2077 Gallia,
2912 2010 3186 2081 interioris
3234 2010 3524 2080 potierem-

1919 2080 2460 2137 habuisserationem
2492 2100 2503 2132 :
2536 2091 2592 2134 ut
2615 2095 2736 2134 cum
2785 2081 2958 2135 locum
3004 2080 3280 2137 honoratis
3321 2085 3496 2152 potius

1919 2168 2041 2207 cum
2067 2153 2196 2207 laava
2233 2153 2549 2215 tribuerent,
2582 2165 2740 2219 quam
2770 2165 2888 2204 cum
2915 2151 3109 2204 dextra
3155 2151 3496 2207 exteriorem.

1921 2224 1996 2277 ita
2031 2231 2087 2278 et
2116 2222 2346 2277 sinistrae
2375 2237 2504 2276 suus
2523 2236 2900 2289 nonnunquam
2926 2221 3097 2275 honos
3129 2221 3246 2288 fuit,
3271 2223 3364 2278 sed
3389 2234 3498 2277 tum

1922 2293 2130 2347 scilicet
2166 2293 2380 2360 quando
2427 2291 2652 2362 interior
2691 2300 2838 2362 erat;
2881 2298 2935 2344 et
2989 2291 3180 2345 dextra
3231 2308 3499 2362 nunquam

1925 2377 2030 2416 non
2063 2359 2303 2431 praelata,
2337 2363 2437 2415 nisi
2467 2375 2587 2415 cum
2612 2359 2838 2414 interior
2862 2375 2984 2415 esse
3013 2376 3117 2414 non
3137 2363 3324 2429 potuit.
3357 2359 3499 2416 lute-

1927 2433 2083 2486 rioris
2109 2444 2287 2486 autem
2318 2433 2416 2485 loci
2446 2432 2710 2500 praecipua
2761 2444 2974 2497 semper
3016 2446 3078 2484 ac
3125 2441 3377 2498 perpetua
3422 2432 3502 2486 di-

1925 2504 2130 2571 gnitas;
2164 2517 2269 2554 non
2296 2503 2423 2570 quia
2448 2497 2638 2554 dexter
2665 2511 2754 2571 aut
2781 2501 3018 2571 sinister,
3056 2500 3160 2571 sed,
3181 2497 3304 2568 quia
3342 2497 3518 2571 supei

1928 2569 2192 2640 rior,quia
2216 2569 2385 2639 prior,
2419 2571 2544 2639 quia
2572 2569 2780 2623 medius
2806 2570 3202 2640 quodammodo
3228 2587 3239 2621 :
3273 2570 3503 2637 medius,

1930 2638 2169 2710 inquam,
2196 2638 2336 2695 inter
2365 2638 2651 2710 comitem,
2683 2647 2738 2693 et
2785 2638 2910 2693 illud
2941 2638 3193 2708 quidquid
3241 2653 3324 2694 εει
3365 2644 3505 2710 quod

1929 2709 2153 2766 alterum
2187 2712 2324 2765 latus
2357 2709 2574 2780 claudit.
2625 2709 2910 2780 Siccnim
2939 2710 3108 2763 Grteci
3139 2711 3290 2780 μέσον
3335 2709 3507 2780 ἔχειν,

1931 2785 2083 2854 μέσον
2109 2782 2303 2854 Mem,
2330 2779 2490 2854 etiam
2518 2780 2586 2834 de
2629 2778 2836 2854 duo_b_us
2863 2778 3223 2854 dicunt,_cur_n
3265 2778 3510 2854 alter__in-

1935 2848 2135 2907 teriore
2163 2853 2281 2905 loco
2309 2849 2602 2917 recipitur:
2635 2859 2692 2902 ut
2717 2848 3031 2903 Plutarchus
3074 2848 3131 2902 in
3172 2849 3376 2905 Catone
3398 2850 3514 2905 Uti-

1936 2923 2106 2985 censi,
2137 2937 2294 2990 quem
2328 2923 2398 2973 ait
2424 2920 2770 2982 Philostrato,
2800 2935 2920 2990 cum
2958 2923 3062 2972 una
3085 2920 3514 2984 deambularent,

1937 2989 2263 3046 exteriorem
2339 2991 2623 3044 incessisse
2686 2990 2755 3042 ob
2803 2989 3078 3059 honorem
3140 2991 3512 3059 philosophiae.

1935 3063 2268 3138 Φιλόστράτιν
2289 3065 2340 3115 ὲν
2370 3061 2571 3138 Σικελίᾳ
2590 3062 2744 3131 μέσον
2778 3056 2892 3138 εἶχε
2918 3056 3235 3138 περιπρςτῶν,
3281 3056 3364 3115 sui
3398 3068 3520 3135 τιμῇ

1939 3129 2248 3206 Maeciam,
2281 3140 2336 3185 et
2373 3129 2831 3206 vetus'iuterpres’
2853 3129 3141 3184 Iuvenalis
3176 3145 3388 3185 versum
3430 3129 3522 3185 ex-

253 3194 447 3278 εει-ξος,
479 3204 534 3246 ιιι
562 3187 740 3273 Lipsio
764 3201 817 3244 et
838 3191 957 3270 aliis
986 3191 1156 3278 visum
1184 3198 1268 3278 est
1293 3203 1418 3268 ,ειη
1447 3187 1740 3269 sinistram,
1773 3202 1830 3243 ut
1859 3211 1904 3278 ο
1935 3187 2142 3271 bone";
2170 3187 2364 3272 Sgtym
2391 3203 2424 3256 5
2449 3219 2460 3251 ε

254 3262 596 3318 Nebrissensi
621 3279 636 3319 :
663 3275 784 3315 cum
807 3261 934 3313 satis
949 3269 1156 3314 conStet
1183 3259 1487 3312 interiorem
1515 3261 1564 3312 in
1597 3261 1826 3324 incessu,

254 3332 486 3402 perinde
530 3341 584 3383 ut
631 3334 840 3386 caeteris
894 3332 945 3383 in
997 3331 1370 3402 rebus,_nu_nc
1408 3330 1651 3402 deittrum
1689 3345 1831 3393 esse,

257 3396 410 3456 hunc
433 3401 735 3465 sinistrum;
768 3410 1122 3468 neutrumque
1153 3400 1214 3450 ad
1257 3396 1363 3452 vim
1411 3400 1640 3453 nominis
1676 3403 1836 3466 perti-

258 3485 419 3537 nere,
443 3471 534 3525 sed
567 3471 782 3524 fortuito
812 3470 1048 3534 evenire,
1083 3477 1239 3538 prout
1263 3469 1328 3520 ad
1360 3469 1598 3522 dextram
1624 3481 1716 3522 aut
1748 3471 1838 3522 Iae-

258 3556 389 3595 Vam
421 3542 472 3595 id
495 3540 673 3604 fuerit,
705 3542 790 3595 cui
821 3543 1040 3608 propior
1072 3542 1114 3592 is
1136 3546 1219 3593 est
1261 3543 1350 3607 qui
1380 3540 1573 3593 dicitur
1594 3541 1835 3594 interior.

261 3611 404 3679 Quid
433 3625 580 3680 ergo,
610 3611 749 3664 dicet
777 3611 1060 3680 quispiam,
1089 3611 1436 3680 sicoutiogat,
1472 3619 1529 3663 ut
1557 3609 1622 3663 ad
1655 3610 1838 3663 laevam

261 3683 335 3736 sit
368 3682 457 3750 qui
491 3681 710 3735 interior
734 3679 986 3743 ambulat,
1018 3694 1208 3733 eumne
1235 3679 1541 3734 honestiore
1567 3681 1684 3733 loco
1724 3696 1839 3733 am-

263 3754 456 3806 bulare
484 3753 672 3804 dices?
721 3751 881 3812 Sane,
922 3750 1136 3817 inquam
1163 3788 1178 3811 ,
1217 3764 1337 3802 cum
1380 3751 1600 3804 interior
1640 3752 1709 3803 sit
1755 3753 1844 3819 qui

263 3822 419 3876 locus
446 3820 664 3874 honoris
689 3837 702 3872 :
726 3835 845 3874 cum
879 3822 1114 3872 exterior
1133 3822 1202 3872 sit
1249 3823 1405 3884 alter,
1455 3822 1678 3888 ejusque
1709 3821 1844 3874 latus

265 3901 440 3962 tegat,
460 3891 600 3958 quod
631 3890 896 3944 inferioris
915 3890 1232 3962 ethouorcm
1253 3889 1560 3962 deferentis.
1587 3890 1843 3959 Denique,

265 3959 535 4030 ut'paucis
556 3963 898 4029 complectar,
916 3961 984 4013 ita
1007 3973 1223 4030 censeo.
1247 3959 1401 4027 Apud
1418 3973 1625 4014 veteres
1656 3962 1848 4014 Roma-

268 4029 396 4094 nos,
429 4042 486 4084 ut
519 4031 781 4098 hodieque
812 4031 948 4097 apud
998 4029 1178 4083 Gallos
1222 4040 1434 4083 nostros
1487 4043 1540 4085 et
1569 4031 1850 4099 plerasque

269 4103 411 4155 alias
433 4113 640 4171 gentes,
671 4103 722 4154 in
746 4103 955 4154 incessu
986 4115 1353 4168 consessuque
1384 4102 1710 4169 pra-cipuum
1757 4105 1850 4154 ho-

2066 3337 2239 3444 Igilvitis
2265 3335 2342 3383 hic
2359 3335 2490 3384 servi
2514 3333 2694 3384 claudit
2718 3332 2846 3384 latus
2871 3335 3200 3394 ingenuorum

2107 3412 2118 3444 l
2146 3411 2235 3444 IUS.

2107 3411 2235 3446 llIUS.

1947 3550 2046 3600 Aut
2075 3548 2126 3600 in
2153 3546 2397 3611 medium,
2429 3544 2620 3612 inquit,
2651 3557 2849 3596 servum
2878 3541 3055 3605 mittit,
3096 3550 3184 3594 aut
3224 3543 3277 3595 in
3319 3543 3528 3598 sinistra

1950 3616 2200 3670 ambulat.
2228 3615 2429 3681 Quibus
2470 3613 2650 3666 verbis
2700 3622 2862 3665 totam
2913 3621 3164 3677 prteterea
3209 3615 3528 3666 sententiam

1961 3697 2195 3742 nostram
2225 3686 2449 3739 miritice
2479 3684 2779 3736 confirmat.
2818 3683 2890 3735 De
2929 3681 3138 3734 duobus
3183 3682 3324 3736 enim
3356 3697 3534 3737 sermo

1953 3767 2056 3820 est,
2087 3769 2142 3810 ut
2168 3755 2307 3826 apud
2343 3754 2639 3826 Horatium,
2680 3752 2843 3826 cujus
2869 3751 3051 3826 umbra
3085 3751 3187 3806 hoc
3214 3752 3333 3826 loco
3376 3752 3534 3826 Juve~

1957 3828 2114 3881 nalis.
2163 3821 2338 3892 Quare
2377 3825 2482 3876 duo
2535 3823 2648 3875 hare
2679 3821 2750 3874 ita
2794 3821 3094 3892 distinguit,
3125 3831 3181 3874 ut
3213 3822 3266 3876 in
3301 3823 3534 3877 medium

1953 3899 2166 3950 mittere
2187 3890 2278 3949 sit
2330 3893 2641 3947 interiorem
2693 3893 2869 3945 locum
2909 3890 3056 3957 dare,
3089 3893 3203 3946 sive
3244 3893 3375 3947 latva
3425 3898 3540 3946 sive

1957 3969 2143 4020 dextra
2174 4007 2189 4031 ,
2223 3969 2275 4019 in
2309 3964 2543 4032 sinistra,
2575 3962 2874 4025 ambulare,
2929 3971 3037 4032 tum
3085 3963 3292 4016 scilicet
3327 3965 3540 4032 quando

1957 4046 2145 4090 neuter
2199 4036 2346 4090 locus
2391 4031 2614 4087 interior
2653 4041 2757 4098 est,
2807 4041 2861 4084 et
2912 4031 3077 4085 solius
3121 4031 3540 4086 dextrm’honor

1959 4116 2146 4170 restat,
2178 4106 2263 4173 qui
2298 4104 2488 4172 potiori
2520 4101 2810 4155 deferatur.

3173 4220 3454 4232 ———'—.

3455 4217 3534 4236 ἡ

1467 4301 1768 4352 SliiMONl)!
1798 4305 2178 4355 ELLCIDATIO

803 4419 932 4494 DE
1007 4416 1461 4492 PROPBIIS
1539 4418 2103 4496 NOMINIBUS
2187 4420 2517 4495 MEDI/E
2589 4417 3012 4509 fETATIS,

741 4570 908 4612 UNDE
945 4568 1092 4610 SUMI
1127 4567 1368 4618 SOLlTA,
1407 4567 1482 4607 ΕΤ
1509 4567 1662 4618 QUID
1702 4573 1732 4610 Α
1771 4572 1835 4611 Pll

1936 4574 1984 4613 ΞΟ
2017 4571 2412 4616 llOMANORUM
2446 4570 2563 4612 USU
2600 4567 3079 4610 DIFCREPARINT.

357 4812 431 4865 De
462 4805 772 4862 nominibus
813 4804 1002 4857 medice
1025 4801 1199 4856 astatis
1224 4801 1334 4869 jam
1359 4802 1561 4871 prmfati
1593 4802 1657 4854 ad
1693 4802 1868 4857 Euno-
1902 4808 1950 4866 D
1975 4817 2097 4855 cum
2146 4811 2341 4856 caetera
2399 4803 2616 4857 nemina
2647 4804 2950 4856 communia
2983 4802 3262 4867 haberent,
3309 4807 3446 4857 inter
3501 4821 3559 4860 se

273 4881 429 4936 diqu
462 4893 670 4943 sumus,
703 4888 756 4930 et
788 4876 971 4938 Retine
1001 4885 1117 4941 post
1157 4888 1402 4926 eversam
1453 4875 1859 4943 rempublicim,

277 4963 336 5002 et
366 4952 417 5003 in
467 4947 758 5017 provinciis
809 4959 1011 5017 morem
1057 4943 1375 5009 obtinuisse,
1418 4952 1476 4995 ut
1513 4958 1633 5017 cum
1685 4942 1864 4995 multis

277 5020 399 5076 fere
430 5014 736 5072 noninihus
762 5014 1050 5069 nobiliores
1066 5021 1362 5077 uterentur,
1396 5014 1663 5080 proprium
1691 5024 1864 5067 tamen

287 5105 457 5145 unum
490 5091 680 5156 cuique
708 5100 899 5156 nomen
929 5094 1093 5156 esset,
1118 5084 1257 5150 quod
1290 5094 1618 5156 postremum
1657 5097 1868 5156 semper

283 5151 643 5214 collocarent.
685 5158 795 5223 Qua
839 5154 905 5209 de
932 5169 990 5208 re
1019 5153 1212 5223 iterum
1261 5153 1436 5214 nobis,
1488 5154 1610 5221 quia
1660 5151 1870 5208 S‘douii

279 5245 507 5300 quoque
535 5222 729 5300 nomen
755 5225 1028 5300 admonet,
1059 5222 1322 5300 fidemque
1344 5223 1653 5300 obstrietam
1687 5224 1871 5300 [nemi-

287 5292 496 5357 niinus,
527 5299 687 5364 paulo
717 5296 932 5349 ubcrins
974 5293 1237 5364 hochloco
1265 5292 1656 5345 disserendum.
1690 5292 1870 5358 Neque

287 5373 438 5423 enim
463 5361 747 5422 obscurum
779 5375 880 5431 εει,
914 5361 1115 5420 Sidonii
1149 5378 1339 5432 nomen
1371 5378 1433 5414 ex
1467 5365 1564 5414 hac
1596 5364 1711 5430 lege
1751 5373 1870 5432 post

289 5442 502 5508 reliqua
563 5439 678 5504 ejus
725 5437 904 5508 omnia
961 5435 1188 5502 positum
1248 5431 1524 5508 fuisse,_ut
1573 5431 1867 5500 proprium.

289 5503 527 5577 Semper
554 5503 694 5574 enim
727 5506 1224 5577 proprium_nomen
1260 5503 1520 5569 posterior
1549 5509 1870 5577 :etas_c;ete-

289 5581 375 5636 ris
398 5572 649 5632 omnibus
671 5572 986 5644 postposuit.
1013 5574 1067 5625 lu
1091 5587 1197 5644 quo
1212 5586 1340 5644 sane
1366 5587 1394 5623 a
1418 5580 1656 5644 Vfteruni
1685 5572 1876 5644 Itoma-

289 5664 494 5704 norum
524 5661 621 5700 uso
654 5639 704 5698 et
731 5639 1122 5700 consuetudine
1145 5642 1389 5695 deﬂexit.
1433 5639 1688 5693 Romanis
1731 5643 1875 5694 enim

289 5729 479 5775 stante
506 5716 772 5785 republica
804 5713 1076 5782 proprium
1109 5711 1160 5765 id
1211 5727 1404 5785 nomen
1452 5711 1546 5785 fuit
1591 5711 1731 5777 quod
1755 5711 1880 5785 Apri-

289 5806 473 5855 mum,
511 5781 682 5841 id'est
710 5781 1055 5854 prtenomcn:
1097 5796 1204 5851 quo
1236 5781 1484 5835 nimirum
1521 5781 1710 5848 fratres
1755 5782 1874 5850 ipsi,

1974 4873 2469 4940 disdnguebantur:
2497 4882 2556 4927 ut
2603 4874 2658 4926 P.
2693 4872 3211 4936 Cornelius-Scipio,
3245 4880 3297 4926 et
3329 4873 3389 4930 L.
3421 4874 3558 4930 Cor-

1974 4943 2148 4996 nelius
2173 4943 2354 5012 Scipio
2387 4944 2599 5006 fratres,
2627 4945 2864 5010 itemque
2895 4942 2961 4994 Μ.
2999 4941 3205 4995 Tullius
3242 4942 3456 5010 Cicero,
3507 4957 3562 4998 et

1973 5014 2039 5078 Q.
2071 5012 2278 5065 Tullius
2309 5014 2498 5066 Cicero
2539 5014 2754 5066 fratres.
2797 5012 2986 5066 Postea
3029 5027 3157 5066 vero
3191 5027 3294 5066 non
3351 5016 3562 5081 primis,

1965 5082 2068 5142 sed
2105 5084 2308 5136 ultimis
2356 5083 2666 5154 nominibus
2699 5090 2754 5136 ut
2786 5081 3011 5154 propriis
3067 5081 3158 5154 uti_
3189 5097 3250 5137 ac
3303 5085 3562 5154 distingui

1977 5167 2189 5220 coepere
2221 5170 2233 5206 :
2267 5161 2322 5205 ut
2351 5153 2561 5207 Salvius
2585 5152 2744 5213 Otho,
2777 5163 2830 5206 et
2862 5151 3075 5207 Salvius
3118 5151 3380 5218 Titianus,
3437 5151 3562 5208 item

1982 5223 2200 5276 Flavius
2233 5223 2613 5290 Vespasianus,
2633 5221 2916 5291 etFtavius
2947 5223 3180 5276 Sabinus
3203 5224 3394 5278 fratres
3420 5227 3559 5291 apud

1981 5292 2320 5347 Suetonium.
2347 5295 2460 5358 Quo
2488 5301 2738 5362 Spectans
2764 5290 3053 5346 Suetonius
3083 5292 3244 5359 idem,
3262 5295 3312 5346 in
3339 5290 3569 5348 Vitelliis

1977 5363 2230 5416 fratribus
2262 5373 2512 5428 tanquam
2556 5363 2822 5427 peculiare
2874 5371 3042 5425 nouit,
3077 5363 3206 5415 solis
3234 5377 3327 5416 eos
3355 5378 3563 5431 pramo-

1978 5433 2211 5486 minibus
2232 5433 2513 5486 distinctos
2543 5432 2728 5498 fuisse,
2761 5435 2900 5503 quod
2933 5439 3080 5503 certe
3107 5433 3412 5503 reipublicae
3441 5442 3568 5487 tem-

1980 5503 2200 5570 poribus
2223 5518 2416 5555 novum
2450 5517 2552 5554 non
2592 5501 2812 5556 fuisset:
2847 5513 2954 5555 ttnu
2996 5501 3190 5570 quippe
3239 5501 3454 5568 fratres,
3504 5516 3563 5554 ut

1981 5573 2114 5640 dixi,
2150 5587 2254 5626 non
2283 5572 2442 5626 aliter
2468 5572 2949 5640 distinguebantur.
2985 5571 3116 5640 lliuc
3155 5578 3208 5640 et
3236 5570 3320 5624 illa
3357 5573 3571 5626 Plutar-

1982 5643 2069 5696 chi
2095 5638 2215 5696 Cum
2250 5643 2537 5696 Posidonio
2558 5638 2894 5710 disceptatio.
2929 5638 3078 5707 Quod
3106 5639 3247 5710 enim
3279 5640 3431 5697 initio
3450 5645 3572 5698 vita:

1989 5712 2142 5767 Marii
2177 5711 2521 5784 liosidonium
2553 5709 2904 5781 reprehendit
2939 5709 3277 5784 Plutarchus,
3321 5714 3410 5782 qui
3457 5731 3574 5784 pro-

1989 5785 2162 5853 prium
2188 5782 2446 5840 Romanis
2475 5785 2704 5852 primum
2732 5796 2927 5838 nomen
2957 5782 3115 5837 tuisse
3145 5781 3416 5853 docuerat,
3443 5781 3566 5840 cum
