4002 6188
198 5200 205 5261 ἐ

210 319 322 369 ῗίἰό

1565 305 1775 359 TESTA
1787 302 2093 358 MENTUM.

3370 290 3469 345 7.5!

206 426 443 481 concilio
468 422 736 487 ,Venctieo
780 417 1033 471 interfuit.
1067 417 1218 469 Anno
1247 414 1379 477 482,
1411 421 1680 467 exstructa
1711 427 1802 465 su—
1829 418 1877 473 Α
1906 426 2056 463 usum
2080 407 2278 478 jejunia
2307 415 2361 462 et
2392 406 2615 475 vigilias,
2646 404 2873 473 qualiter
2906 416 2949 471 pc
2971 419 2996 456 r
3026 404 3185 455 totius
3215 402 3335 453 anni
3362 401 3471 453 cir-

208 534 309 588 per
364 516 530 572 sancti
600 512 809 569 Martini
880 513 1178 579 sepulcrum
1237 508 1452 562 basilica
1508 507 1793 559 admodum

207 607 492 679 splendida
540 616 590 659 et
641 602 959 672 magniﬁca,
991 601 1276 669 episeOpos
1325 596 1679 665 provinciales
1726 596 1792 648 ad

208 702 452 758 cizexnia
484 695 630 749 illius
671 691 986 747 celebranda
1015 691 1204 759 coegit.
1250 687 1393 741 Obiit
1416 702 1556 741 anno
1580 686 1684 740 490
1709 685 1791 738 vel

208 796 340 850 491.
395 793 581 845 Exstat
620 796 974 840 testamentum
1014 793 1069 837 et
1112 781 1428 852 epitaphium
1478 779 1596 847 ejus
1651 776 1790 845 apud

214 881 533 934 Dan-lierium
566 877 812 945 Spicileg.
843 887 972 927 tom.
1010 871 1073 925 V.
1095 873 1149 925 In
1184 870 1433 925 Ecclesia
1461 865 1789 921 Turonensis

1900 500 2079 554 culum
2110 500 2546 562 observarentur,
2580 494 2826 547 instituit.
2855 492 3106 546 Ordinem
3135 492 3202 545 ab
3226 506 3291 543 eo
3323 488 3474 542 insti-

1901 599 2067 642 tutum
2084 602 2148 642 ex
2168 586 2390 654 publicis
2408 585 2656 639 Ecclesia:
2670 582 2995 637 Turonensis
3020 581 3212 634 tabulis
3225 579 3464 646 exscrip-

1897 691 2005 735 tnin
2050 680 2267 734 exhibet
2302 678 2587 747 Gregorius
2622 674 2975 739 Turonensis,
3022 672 3159 727 Hist.
3199 672 3266 726 de
3293 669 3469 726 Gestis

1897 773 2109 833 Franc.,
2140 771 2230 823 lib.
2264 786 2316 832 κ,
2340 784 2454 836 cap.
2490 769 2579 823 50.

225 988 2966 1029 ΝΜ

348 1120 1510 1233 TESTAMENTUM
1634 1062 2459 1218 PERPETUla
2583 1106 3349 1213 EPISCOPI.

288 1430 345 1483 lu
390 1430 606 1482 nomine
641 1426 767 1482 Jesu
813 1424 1038 1488 Christi,
1079 1423 1273 1477 Amen.
1330 1422 1443 1491 Ego
1496 1420 1795 1489 Perpetuus

215 1530 494 1585 peccator,
521 1517 803 1571 Τιλωηὶοω
853 1512 1107 1569 Ecclesiae
1148 1512 1419 1576 sacerdos,
1466 1508 1614 1564 abire
1651 1506 1795 1561 nolui

213 1613 337 1665 sine
370 1618 708 1671 testamento,
741 1620 807 1659 ne
833 1603 1142 1659 fraudentur
1176 1616 1433 1671 pauperes
1463 1600 1527 1654 iis
1551 1613 1669 1669 quze
1702 1612 1796 1651 su-

220 1717 386 1771 perna
417 1701 586 1770 gratia
616 1698 743 1753 mihi
780 1712 886 1754 non
922 1696 1114 1749 merito
1141 1694 1431 1749 liberaliter
1471 1700 1526 1746 et
1558 1699 1799 1744 amanter

1899 1430 1992 1469 cro
2006 1414 2284 1470 indeficien
2294 1424 2372 1469 ter
2387 1414 2701 1469 illustrando
2718 1432 2730 1467 :
2750 1415 2890 1484 quod
2909 1414 2953 1468 si
2969 1413 3128 1468 fuerit
3154 1414 3473 1481 neglectum,

1900 1516 1954 1560 et
1982 1507 2225 1560 voluntas
2253 1521 2392 1570 mea,
2434 1506 2577 1576 quod
2608 1521 2714 1560 non
2757 1520 2937 1573 spero,
2969 1519 3143 1569 cassa,
3178 1504 3322 1558 dicta
3357 1502 3479 1558 villa

1901 1600 1967 1654 de
2013 1600 2312 1655 Bertiniaco
2349 1614 2469 1654 cum
2509 1600 2799 1670 adjunctis,
2840 1599 3141 1653 Itmredibus
3186 1598 3320 1653 meis
3356 1611 3478 1652 mox

1903 1692 2241 1747 nominandis
2265 1692 2441 1760 cedat,
2472 1694 2615 1758 volo,
2640 1701 2839 1757 statuo,
2868 1692 3050 1759 jnbeo.

214 1792 474 1852 contulit;
505 1801 673 1856 etne,
698 1789 839 1858 quod
876 1789 1035 1853 absit,
1063 1794 1335 1840 transeant
1365 1784 1432 1837 ad
1476 1782 1609 1837 alios
1639 1794 1796 1851 quam
1829 1817 1875 1876 Β
1973 1782 2242 1851 Quidquid
2268 1790 2325 1838 et
2354 1798 2566 1852 quoquo
2598 1783 2648 1837 in
2689 1784 2830 1846 loco,
2875 1793 2922 1835 et
2960 1796 2989 1834 a
3025 1794 3341 1850 quacunque
3366 1793 3480 1849 per.

218 1882 287 1936 ad
317 1881 611 1935 Ecclesiam
639 1877 933 1932 sacerdotis
962 1877 1119 1929 bona.

292 1970 652 2040 Presbyteris,
690 1968 1002 2023 diannibus
1042 1976 1097 2021 et
1132 1965 1340 2020 clericis
1379 1962 1634 2018 Ecclesiae
1666 1975 1801 2015 mete

220 2076 409 2128 pacem
440 2059 649 2113 Domini
671 2058 796 2114 Jesu
814 2056 1010 2111 Christi
1038 2057 1127 2120 do,
1154 2056 1292 2124 lego,
1320 2054 1509 2107 Amen.
1530 2051 1799 2107 Confirma

223 2151 349 2212 hoc,
384 2150 633 2216 Domine,
685 2148 823 2216 quod
853 2156 1103 2215 operatus
1133 2150 1193 2199 es
1228 2146 1280 2198 in
1332 2142 1518 2207 nobis;
1564 2140 1803 2195 nesciant

219 2241 534 2302 schismata,
572 2238 792 2292 stabiles
844 2239 897 2290 in
940 2237 1045 2290 fide
1085 2242 1469 2304 permaneant;
1503 2233 1802 2301 quicunque

221 2331 465 2400 regulam
493 2328 759 2397 Evangelii
796 2328 954 2382 fuerit
980 2341 1216 2391 secutus,
1240 2326 1310 2380 sit
1330 2324 1637 2379 benedictus
1657 2322 1800 2375 omni

221 2420 603 2477 benedictione
638 2420 901 2489 spirituali
933 2421 984 2473 in
1021 2418 1265 2488 supernis
1295 2432 1389 2487 per
1417 2415 1686 2470 Christum
1715 2414 1802 2468 Je-

219 2528 368 2577 sum,
396 2516 587 2566 Amen.
624 2512 688 2564 Et
711 2510 962 2563 Dominus
989 2510 1146 2564 Jesus
1171 2508 1375 2563 occidat
1404 2507 1621 2574 impium
1643 2513 1803 2558 vento

220 2605 337 2657 oris
369 2603 473 2665 sui,
515 2604 708 2664 Amen,
743 2600 933 2653 Amen.
980 2600 1085 2652 Pax
1135 2598 1412 2661 Ecclesiae,
1454 2612 1555 2665 pax
1588 2594 1797 2663 populo,

221 2692 278 2745 in
306 2690 461 2755 urbe,
486 2692 536 2743 in
563 2705 690 2759 agro
719 2705 747 2742 a
783 2689 890 2744 Deo
916 2698 971 2742 et
1001 2690 1154 2743 Patre
1185 2688 1392 2741 Domini
1429 2686 1552 2740 Jesu
1583 2686 1801 2751 Christi,

220 2784 419 2834 Amen.
453 2780 608 2843 Veni,
634 2780 875 2847 Domine,
897 2790 952 2833 ct
979 2780 1083 2832 noli
1108 2779 1393 2842 sustinere,
1423 2781 1607 2831 Amen.
1643 2776 1804 2830 Vobis

220 2872 407 2939 itaque
452 2870 798 2940 presbyteris,
839 2870 1152 2924 diaconibus
1197 2878 1253 2923 et
1292 2869 1502 2922 clericis
1550 2868 1804 2923 Ecclesiae

221 2976 363 3016 mea:
389 2975 509 3014 cum
542 2961 767 3014 consilio
796 2960 1035 3028 Agilonis
1068 2960 1277 3014 comitis
1306 2960 1669 3025 sepeliendum
1709 2972 1802 3013 ca-

220 3052 392 3105 daver
436 3052 625 3103 mortis
662 3050 817 3118 hujus
849 3051 1146 3120 ubicunque
1179 3050 1468 3118 elegeritis,
1520 3048 1800 3118 permitto:

1903 1886 2034 1925 soua
2060 1873 2218 1927 fuerit
2242 1872 2371 1927 mihi
2395 1873 2654 1935 debitum,
2677 1888 2783 1941 quo
2809 1871 2895 1925 die
2917 1871 3251 1937 abscessero,
3276 1870 3481 1925 debito-

1903 1965 2049 2018 ribus
2082 1964 2210 2032 ipsis
2251 1963 2342 2027 do,
2393 1964 2531 2033 lego.
2573 1963 2802 2033 Exigere
2848 1962 2989 2031 quod
3046 1963 3257 2017 dimitto
3306 1961 3482 2016 nullus

1904 2066 2213 2126 praesumat,
2249 2056 2393 2123 volo,
2428 2064 2628 2117 statuo.

1973 2149 2090 2203 Tibi
2111 2148 2257 2203 fratri
2278 2157 2332 2204 et
2347 2148 2711 2204 consacerdoti
2733 2148 3080 2203 dilectissimo
3095 2146 3349 2202 Eufronio
3372 2147 3484 2201 the-

1903 2253 2019 2292 cam
2048 2254 2113 2293 ex
2142 2248 2361 2307 argento
2382 2238 2449 2294 de
2474 2239 2706 2309 reliquiis
2729 2248 3033 2291 sanctorum
3060 2238 3147 2303 do,
3177 2238 3314 2306 lego.
3336 2237 3481 2291 Illam

1904 2329 2143 2397 intelligo
2166 2344 2321 2398 quam
2340 2330 2548 2383 deferre
2565 2329 2831 2391 solebam;
2859 2344 2978 2381 nam
2997 2328 3303 2382 deauratam
3321 2328 3482 2381 aliam

1902 2433 2022 2488 quae
2051 2430 2133 2474 est
2164 2419 2214 2472 in
2252 2425 2494 2487 capsario
2523 2434 2661 2483 meo,
2695 2433 2815 2473 cum
2857 2418 3064 2472 duobus
3107 2418 3361 2471 calicibus
3390 2431 3483 2470 au-

1904 2510 2036 2577 reis,
2069 2517 2123 2563 ct
2148 2524 2307 2563 cruce
2333 2510 2578 2563 similiter
2608 2524 2790 2575 aurea,
2819 2525 2976 2577 quam
3018 2509 3298 2563 Mabuiuus
3335 2506 3482 2571 fecit,

1907 2599 2159 2655 Ecclesiae
2184 2612 2321 2653 meae
2346 2599 2433 2662 do,
2468 2600 2606 2669 lego.
2639 2599 2804 2653 Simul
2826 2608 2878 2652 et
2897 2612 3084 2651 omnes
3110 2597 3276 2650 libros
3306 2610 3479 2653 meos.

1906 2699 2099 2760 praeter
2124 2691 2529 2758 Evangeliorum
2570 2690 2783 2752 librum,
2815 2704 2968 2757 quem
3001 2688 3212 2754 scripsit
3253 2685 3483 2740 Hilarius

1906 2781 2172 2847 quondam
2218 2780 2569 2834 Pictaviensis
2604 2780 2875 2844 sacerdos,
2902 2793 3057 2844 quem
3085 2777 3178 2831 tibi
3231 2776 3484 2831 Eufronio

1909 2872 2056 2926 fratri
2082 2881 2135 2927 et
2162 2873 2550 2935 consacerdoti,
2570 2871 2916 2924 dilectissimo
2943 2884 3063 2923 cum
3085 2869 3302 2937 praefata
3326 2869 3477 2923 theca

1906 2964 1997 3031 do,
2029 2964 2170 3033 lego,
2199 2964 2339 3030 volo,
2372 2973 2565 3018 statuo.
2598 2963 2798 3016 Memor
2827 2971 2943 3015 esto
2966 2962 3092 3024 mei,
3119 2960 3310 3015 Amen.

1979 3057 2229 3113 Ecclesiae
2258 3056 2426 3110 sancti
2462 3054 2693 3123 Dionysii
2730 3054 2795 3108 de
2836 3052 3228 3115 [lambasciaeo,
3257 3050 3476 3106 calicem

220 3144 339 3198 scio
368 3144 508 3212 quod
542 3143 863 3212 Redemptor
902 3159 1050 3197 meus
1081 3158 1185 3196 non
1219 3144 1463 3207 moritur,
1486 3152 1540 3197 et
1567 3142 1616 3196 in
1641 3156 1802 3196 carne
1826 3162 1876 3226 ρ
1906 3160 2238 3220 argenteum,
2271 3159 2326 3204 et
2356 3164 2568 3203 crucem
2617 3147 2863 3201 similiter
2889 3156 3192 3214 argenteam
3238 3147 3290 3198 in
3330 3144 3480 3213 cujus

221 3238 419 3291 videbo
448 3236 786 3290 liberatorem
818 3251 1014 3299 meum,
1042 3237 1232 3289 Amen.
1258 3235 1459 3288 Tamen
1494 3235 1537 3287 si
1586 3235 1804 3303 indigno

222 3326 358 3379 mihi
386 3325 621 3379 feceritis
652 3325 1090 3387 misericordiam,
1120 3339 1275 3393 quam
1308 3325 1528 3393 supplex
1570 3325 1801 3391 postulo,

219 3426 467 3482 optarem
500 3416 565 3467 ad
596 3415 794 3468 domini
833 3415 1038 3468 Martini
1078 3416 1239 3483 pedes
1267 3417 1317 3468 in
1349 3416 1489 3468 diem
1527 3416 1803 3483 quiescere

221 3505 408 3573 iudicii
437 3522 449 3555 :
485 3505 748 3568 videritis,
795 3505 1119 3574 judicabitis,
1150 3506 1387 3572 eligetis;
1433 3506 1572 3567 volo,
1604 3515 1801 3568 statuo,

222 3606 399 3650 ratum
427 3596 591 3665 jubeo
631 3598 771 3666 quod
818 3598 965 3652 vobis
993 3598 1222 3652 dominis
1265 3606 1319 3653 et
1375 3597 1624 3652 fratribus
1673 3597 1805 3651 meis

223 3687 508 3756 placuerit.

296 3778 565 3845 Imprimis
617 3778 790 3847 itaque
829 3793 927 3847 ego
957 3777 1243 3847 Perpetuus
1282 3785 1401 3831 voto
1455 3777 1651 3832 liberos
1687 3791 1805 3831 esse

224 3868 534 3936 liberasque
579 3867 823 3922 homines
861 3880 910 3924 et
954 3870 1176 3923 feminas
1226 3877 1486 3938 quotquot
1529 3869 1697 3923 habeo
1750 3870 1803 3922 in

226 3959 348 4012 villa
398 3958 710 4026 Saponaria,
752 3975 885 4027 quos
938 3962 1041 4013 emi
1090 3961 1155 4013 de
1204 3975 1320 4013 mea
1369 3959 1610 4028 pecunia,
1661 3970 1718 4013 ut
1753 3968 1807 4012 et

227 4064 445 4115 pueros,
478 4064 611 4117 quos
642 4053 691 4102 in
717 4051 802 4104 die
824 4050 1089 4104 discessus
1113 4052 1214 4104 mei
1241 4065 1346 4104 non
1372 4050 1730 4104 manumisero
1752 4050 1804 4103 in

227 4140 502 4194 Ecclesia:
538 4142 605 4193 ita
641 4150 813 4194 tamen
846 4150 903 4195 ut
931 4142 1097 4195 libere
1126 4142 1378 4208 serviant,
1397 4140 1628 4211 quandiu
1654 4140 1804 4195 vixe-

228 4230 354 4289 rint.
382 4230 635 4284 Ecclesiae
665 4247 817 4295 meas,
843 4232 932 4285 sed
969 4232 1169 4301 absque
1190 4234 1444 4288 servitute
1470 4234 1534 4287 ad
1566 4233 1806 4289 haeredes

229 4320 624 4373 transmissiblli
652 4331 703 4374 et
730 4323 1010 4390 glebatica.

299 4409 379 4463 D0
416 4411 575 4463 etiam
620 4411 869 4465 Ecclesia.-
914 4429 1044 4466 mea:
1099 4428 1281 4481 agrum
1327 4429 1485 4481 quem
1543 4413 1806 4483 Aligarius

1910 3242 2189 3294 manubrio
2212 3249 2292 3295 est
2310 3240 2531 3308 reliquia
2550 3239 2617 3294 de
2638 3239 2824 3293 eodem
2847 3236 2902 3291 S.
2931 3235 3202 3308 Dionysio,
3230 3235 3317 3300 do,
3344 3235 3480 3305 lego.

1978 3333 2231 3387 Ecclesia:
2261 3332 2328 3387 de
2370 3331 2587 3386 Proillio
2634 3330 2878 3384 similiter
2907 3330 3127 3383 calicem
3175 3337 3483 3396 argenteum

1906 3432 1960 3477 et
1991 3439 2181 3476 ιιι-ροσε
2208 3435 2491 3491 argenteos
2538 3423 2626 3483 do,
2662 3423 2800 3487 lego.
2832 3420 3089 3473 Similiter
3114 3427 3166 3472 et
3214 3418 3485 3471 Amalario

1908 3521 2098 3574 ibidem
2148 3515 2465 3585 presbytero
2503 3511 2773 3580 capsulam
2827 3524 2982 3562 unam
3031 3523 3367 3563 communem
3417 3506 3484 3561 de

1907 3611 2100 3674 serico,
2134 3607 2259 3660 item
2291 3602 2648 3673 peristerium,
2682 3609 2737 3655 et
2756 3600 3057 3654 columbam
3081 3611 3387 3667 argenteam
3417 3599 3483 3651 ad

1909 3697 2308 3764 repositorium,
2342 3694 2440 3747 nisi
2479 3690 2724 3746 maluerit
2767 3689 3003 3744 Ecclesia
3051 3703 3169 3742 mea
3198 3688 3341 3743 illam
3380 3702 3483 3757 qua

1908 3792 2071 3843 utitur
2094 3787 2265 3841 eidem
2301 3783 2566 3838 Amalario
2597 3781 2978 3843 transmittere,
3008 3795 3178 3835 meam
3211 3781 3444 3835 retinere
3470 3797 3480 3831 :

1909 3879 2001 3933 tibi
2028 3876 2278 3931 Ecclesia:
2308 3889 2440 3928 mete
2467 3872 2771 3941 eligendum
2805 3873 3073 3939 permitto,
3114 3872 3252 3937 volo,
3286 3879 3485 3926 statuo.

1978 3968 2158 4024 Sorori
2187 3981 2319 4022 mete
2350 3964 2511 4019 Fidiae
2538 3963 2687 4018 inlita
2717 3965 2995 4031 Perpetem
3026 3977 3239 4018 crucem
3269 3978 3483 4032 parvam

1908 4075 2125 4115 auream
2157 4073 2220 4114 ex
2250 4057 2620 4115 cmhlasmate,
2654 4054 2704 4107 in
2736 4070 2836 4123 qua
2867 4063 2989 4107 sunt
3017 4054 3084 4107 de
3117 4054 3355 4121 reliquiis
3379 4054 3487 4107 Do-

1908 4150 2054 4211 mini,
2082 4149 2172 4215 do,
2206 4150 2342 4215 lego.
2367 4150 2532 4211 Quam
2572 4156 2752 4199 tamen
2780 4144 2979 4198 obnixe
3025 4151 3262 4211 rogatam
3297 4143 3478 4203 velim,

1907 4250 1965 4296 ut
1993 4241 2036 4294 si
2067 4239 2224 4304 forte,
2254 4238 2473 4307 jubente
2507 4238 2753 4300 Domino,
2785 4250 2902 4290 eam
2941 4235 3214 4303 contingat
3257 4234 3486 4302 migrare

1906 4340 2031 4387 ante
2069 4332 2387 4391 Dadolenam
2434 4328 2713 4397 virginem,
2755 4326 3010 4381 Ecclesia:
3055 4340 3188 4381 mea)
3221 4325 3271 4379 ei
3314 4324 3486 4392 possi-

1908 4423 2135 4478 dendam
2160 4423 2442 4489 relinquat.
2468 4420 2544 4474 Te
2564 4420 2723 4473 etiam
2754 4434 2903 4487 rogo,
2932 4432 3084 4469 soror
3107 4415 3396 4478 Dadolena,
3431 4427 3487 4468 ut

231 4501 359 4552 mihi
391 4502 628 4555 vendidit
669 4501 719 4555 in
760 4505 897 4557 dicta
931 4503 1051 4557 villa
1085 4504 1395 4572 Sapouaria,
1442 4520 1560 4558 cum
1591 4515 1800 4575 stagno.
1830 4512 1881 4569 ι)
1909 4514 2144 4570 moriens
2165 4526 2281 4566 eam
2302 4510 2554 4563 Ecclesia:
2579 4523 2699 4577 qua:
2724 4508 2935 4561 libuerit
2955 4506 3190 4569 addicas,
3216 4520 3281 4559 ne
3312 4505 3496 4560 veniat

234 4592 363 4645 Item
394 4594 701 4647 molendina
741 4610 896 4662 supra
928 4596 1121 4649 Carum
1162 4611 1329 4664 prope
1364 4596 1559 4650 dictam
1582 4598 1760 4650 villam
1787 4614 1801 4663 ;

234 4699 331 4737 nec
353 4700 458 4737 non
485 4690 723 4751 pecuaria
754 4699 803 4742 et
821 4697 966 4756 prata
990 4690 1086 4757 ipsi
1119 4688 1369 4743 Ecclesitc
1394 4706 1525 4743 mea:
1545 4689 1635 4755 do,
1658 4690 1797 4760 lego.

306 4777 491 4829 Villam
524 4778 590 4832 de
613 4779 910 4832 Bertiuiaco
934 4795 1056 4834 cum
1090 4782 1236 4851 sylva
1261 4790 1316 4835 et
1339 4780 1484 4836 omni
1521 4780 1715 4849 reditu,
1740 4797 1802 4836 ea

233 4869 539 4925 conditione
571 4886 669 4939 qua
705 4872 831 4924 mihi
871 4887 900 4925 a
931 4871 1149 4927 Daniele
1179 4874 1403 4927 diacono
1442 4874 1654 4928 vendita
1698 4884 1799 4937 est,

235 4960 491 5015 Ecclesia:
511 4977 643 5015 mea:
668 4964 865 5030 pariter
882 4964 969 5029 do,
998 4964 1131 5032 lego.
1153 4965 1226 5018 Ita
1252 4975 1451 5030 tamen,
1467 4976 1524 5019 ut
1540 4965 1801 5020 decorum

236 5054 575 5120 proventibus
599 5054 775 5109 oleum
803 5064 1016 5124 paretur
1042 5070 1139 5122 pro
1167 5057 1367 5110 domini
1396 5056 1606 5110 Martini
1631 5058 1808 5126 sepulo

299 5259 327 5286 ⁸
354 5249 539 5305 Nobile
570 5251 692 5314 hoc,
720 5254 794 5305 ait
823 5252 1106 5312 Acherius,
1136 5253 1464 5319 antiquitatis
1493 5267 1800 5309 monumen-

230 5329 363 5392 tum,
394 5321 535 5392 quod
569 5321 630 5373 V.
659 5320 721 5373 C.
755 5323 1109 5392 Hieronymus
1140 5323 1416 5391 Vignerius
1444 5324 1548 5389 jam
1593 5324 1797 5391 pridem

230 5390 385 5453 eruit,
416 5391 555 5442 nulla
584 5401 705 5458 eget
746 5390 1141 5446 observatione.
1169 5390 1508 5446 concordant
1542 5390 1794 5455 universa

230 5458 281 5512 in
310 5474 376 5530 eo
400 5470 648 5514 contenta
672 5476 790 5515 cum
810 5465 928 5530 jure
956 5463 1204 5517 Ctesareo
1234 5461 1642 5530 pontificioque;
1674 5477 1801 5516 con-

229 5529 453 5582 cordant
472 5544 591 5583 cum
625 5531 794 5585 Fastis
821 5531 1194 5585 consularibus
1212 5529 1574 5595 ;'concordant
1596 5547 1713 5585 cum
1740 5532 1803 5585 iis

229 5598 438 5681 qumnde
462 5599 724 5681 Perpetuo
765 5609 946 5656 narrat
983 5602 1799 5681 CrcgoriusFlorenIinuscap.

229 5666 293 5721 6:
326 5665 612 5737 Perpetuus
634 5672 696 5723 de
722 5687 900 5741 genere
929 5681 973 5726 et
1003 5665 1132 5742 ipse,
1159 5682 1216 5729 ut
1244 5673 1409 5737 aiunt,
1439 5673 1720 5737 senatorio,
1750 5665 1803 5727 et

1906 4605 1974 4659 ad
2003 4602 2266 4670 indignos.
2301 4599 2449 4666 Quod
2491 4598 2536 4652 si
2575 4605 2810 4652 transeat
2840 4595 3104 4649 Dadolena
3150 4605 3274 4650 ante
3316 4607 3388 4659 te,
3419 4596 3489 4649 sit

1910 4695 2003 4749 tibi
2050 4693 2295 4760 liberum,
2335 4688 2608 4744 carissima
2654 4701 2806 4741 soror
2844 4685 2989 4739 Fidia
3019 4686 3155 4739 Julia
3187 4687 3483 4754 Perpetua,

1909 4784 2217 4854 praedictam
2248 4792 2461 4834 crucem
2489 4779 2573 4833 cui
2604 4776 2832 4832 volueris
2865 4777 3116 4831 Ecclesiae
3155 4778 3456 4846 relinquere
3476 4818 3490 4841 ,

1908 4878 2050 4940 volo,
2082 4882 2276 4928 statuo.
2310 4872 2510 4925 Memor
2532 4878 2648 4924 esto
2674 4867 2799 4934 mei,
2823 4868 3193 4936 dilectissima,
3223 4869 3417 4922 Amen.

1981 4964 2098 5018 Tibi
2138 4962 2344 5032 Agiloni
2393 4960 2575 5017 comiti
2614 4958 2682 5013 ob
2720 4958 2928 5028 egregia
2970 4967 3055 5011 tua
3102 4959 3154 5012 in
3197 4959 3487 5013 Ecclesiam

1917 5070 2113 5115 meam,
2143 5062 2195 5107 et
2225 5065 2485 5122 pauperes
2516 5050 2651 5102 filios
2681 5063 2829 5101 meos
2865 5049 3075 5113 merita,
3108 5056 3161 5102 et
3206 5058 3261 5102 ut
3302 5063 3493 5118 pergas

1906 5253 2221 5326 propinquus
2242 5250 2532 5326 decessoris
2571 5248 2650 5326 sui
2676 5265 2693 5300 :
2715 5249 2856 5326 diues
2892 5250 3056 5326 ualde,
3088 5256 3154 5326 et.
3181 5264 3268 5326 per
3302 5249 3489 5326 multa:

1907 5316 2134 5377 civitates
2164 5321 2353 5375 habens
2384 5321 2743 5389 possessiones.
2776 5318 2839 5370 Et
2860 5319 2979 5373 aliis
3005 5316 3293 5385 interjectis
3318 5316 3488 5389 :‘Con-

1910 5395 2137 5460 uiditque
2159 5386 2531 5455 testamentum,
2556 5399 2601 5441 et
2632 5388 2889 5460 deputavit
2930 5405 3019 5460 per
3047 5389 3272 5460 singulas
3295 5386 3486 5460 civita-

1907 5473 1977 5517 tes
2016 5456 2151 5531 quod
2194 5460 2503 5531 possidebat,
2533 5458 2698 5531 inﬂeis
2726 5459 2849 5531 ipsis
2883 5456 3073 5531 scilicet
3107 5456 3350 5531 Ecclesit’s
3386 5469 3491 5508 non

1906 5526 2160 5586 modicam
2181 5526 2227 5585 et
2258 5530 2512 5583 Turonica
2542 5526 2763 5582 tribuens
2800 5528 3108 5597 facultatem.
3139 5526 3285 5597 Sedit
3306 5535 3487 5597 autem

1908 5618 2067 5656 annos
2099 5602 2328 5673 triginta,
2357 5609 2403 5654 et
2432 5598 2659 5669 sepultus
2690 5607 2761 5653 est
2797 5595 2846 5651 in
2879 5595 3089 5649 basilica
3136 5596 3314 5652 Sancti
3346 5595 3487 5649 Mar-

1911 5673 2024 5728 lini.
