2001 3094
264 141 313 169 755

837 139 1003 168 CEREALIS
1020 139 1270 168 CASTELLENSIS
1291 136 1441 166 EPISCOPI
1822 138 1864 167 736

263 203 355 223 eorum
369 196 546 223 defensionem
568 196 677 224 robuste
696 196 830 230 suscipere
843 185 915 223 sicut
924 196 1039 230 ccepisti,
1056 201 1079 229 Α
1092 204 1135 224 res
1155 196 1265 228 Christi,
1282 196 1356 230 egeni
1380 194 1504 227 mendici,
1528 194 1602 229 mgri.
1625 194 1721 228 vidum,
1749 195 1864 229 orphani;

265 248 362 275 equum
375 247 462 267 meum
477 240 631 274 parabilem,
643 245 670 267 et
682 241 780 267 mulum
790 248 867 275 quem
881 241 991 275 elegeris
998 241 1042 271 do,

265 285 332 320 lego.
349 285 449 313 Memor
458 290 516 313 esto
527 286 590 318 mei,
607 286 640 312 fili
653 286 833 320 dilectissime,
844 288 937 313 Amen.

300 330 424 357 Ecclesiae
436 331 463 357 S.
482 330 552 358 Petri
565 332 748 365 peristromata
762 338 821 366 quae
836 332 859 357 ei
873 332 905 358 ad
918 331 1043 358 utendum

265 376 291 402 in
303 376 386 402 Natali
400 376 518 410 ejusdem
531 383 603 411 saepe
617 377 746 408 concessi,
764 376 872 412 omnino
887 381 912 402 et
926 375 1045 403 absolute

265 419 309 452 do,
323 420 390 454 lego.

302 465 359 492 Tibi
374 466 446 493 fratri
466 471 492 493 et
507 466 689 493 consacerdoti
705 465 854 498 carissimo,
874 465 907 492 de
926 473 978 499 quo
995 465 1047 492 Do-

267 510 353 538 minus
367 511 515 545 providebit
529 511 650 545 regendae
665 514 724 545 post
736 511 882 538 discessum
896 518 982 537 meum
998 509 1048 537 Ec-

267 556 355 583 clesim
369 563 439 583 nunc
451 564 527 588 meae,
545 560 609 583 tunc
623 560 686 589 tum,
702 560 748 583 aut
762 557 848 591 potius
861 564 909 584 nec
921 564 986 583 mete
1000 563 1048 583 ncc

268 605 330 633 tute,
342 601 389 628 sed
401 601 510 634 Christi,
525 601 559 628 do
573 602 700 636 quidquid
720 602 751 628 ad
772 610 848 629 usum
870 602 1047 635 episcopalem

267 645 302 673 de
316 646 394 673 rebus
407 646 473 673 meis
487 647 604 674 volueris
618 647 716 681 eligere
730 647 755 673 in
770 654 874 674 camera
890 651 916 673 et
932 646 1049 673 sacrario

269 690 364 717 vicino.
380 691 455 723 Quod
473 691 603 724 nolueris,
620 691 753 718 haeredum
772 699 890 718 meorum
911 692 1051 718 nominan-

269 736 362 764 dorum
377 742 444 763 esto.
458 737 642 772 Presbyterum
656 736 688 764 de
699 737 814 768 Malleio,
829 744 944 771 eumque
955 737 988 764 de
999 736 1050 764 0r-

270 783 338 810 bona
352 783 384 809 ad
399 782 495 816 gradus
512 782 579 809 unde
602 782 697 809 merito
710 782 805 816 dejecti
821 787 896 813 sunt,
917 788 1051 816 nunquam

270 827 389 855 restitue.
406 827 556 862 Sportulam
571 831 659 854 tamen
674 826 789 854 habeant
807 826 923 861 quandiu
938 826 1053 853 vixerint

1096 248 1152 279 ros,
1175 241 1298 275 inquam,
1321 240 1441 267 haeredes
1463 246 1537 267 meos
1555 239 1659 271 scribo,
1684 239 1755 271 dico,
1779 245 1864 267 statuo.
1887 271 1888 275 η

1096 286 1142 313 llis
1162 286 1230 319 quise
1241 293 1320 320 supra
1335 286 1470 316 detractis,
1490 284 1616 319 quidquid
1632 285 1659 311 in
1682 284 1759 311 bonis
1780 284 1866 317 habeo,
1885 278 1888 284 “

1096 332 1151 359 sive
1164 332 1188 358 in
1200 331 1280 366 agris,
1291 331 1406 365 pascuis,
1418 331 1511 364 pratis,
1523 330 1686 363 nemoribus,
1698 330 1792 362 vineis,
1800 338 1868 356 man-

1097 377 1144 408 sis,
1156 376 1250 408 hortis,
1267 375 1351 410 aquis.
1368 375 1536 407 molendinis,
1549 375 1605 402 sive
1623 375 1648 402 in
1667 382 1742 405 auro,
1758 380 1868 408 argento,

1097 425 1123 448 et
1135 421 1261 452 vestibus,
1280 420 1435 454 ueterisque
1450 420 1529 446 rebus
1552 419 1585 446 de
1606 418 1702 453 quibus
1726 426 1768 446 me
1790 419 1871 453 dispo-

1097 467 1182 494 suisse
1193 473 1245 493 non
1257 465 1399 497 constabit,
1422 464 1541 492 haerech
1559 472 1618 492 esse
1630 472 1679 491 vos
1693 464 1783 498 jubco.
1804 465 1835 491 Et
1847 468 1871 491 ut

1098 513 1185 539 omnia
1215 520 1262 546 per
1287 511 1475 538 discretionem
1508 510 1737 542 administrentur,
1765 510 1825 537 volo
1848 516 1872 537 ut

1099 557 1280 583 distrahantur
1294 555 1486 590 quamprimum
1499 554 1599 586 obiero,
1614 558 1641 581 et
1657 555 1712 581 fieri
1728 555 1833 589 poterit.
1850 559 1873 581 et

1100 602 1126 628 in
1143 601 1281 634 pecuniam
1298 600 1460 634 redigantur,
1479 599 1554 634 cujus
1570 603 1623 626 tres
1637 604 1724 632 partes
1737 599 1811 625 fiant.
1824 599 1873 625 Ho—

1101 646 1215 672 minibus
1228 646 1318 680 egenis
1332 645 1391 672 duae
1401 644 1602 676 distribuantur,
1613 649 1642 671 ut
1656 643 1787 678 placuerit
1797 646 1874 679 Agra-

1102 692 1142 719 rio
1156 691 1322 725 presbytero,
1344 696 1370 717 et
1392 690 1482 716 comiti
1511 690 1627 724 Agiloni.
1648 689 1736 716 Tertia
1754 689 1837 716 viduis
1853 692 1876 716 et

1102 737 1261 771 pauperibus
1281 736 1397 768 feminis,
1420 737 1455 762 uti
1475 736 1603 770 placuerit
1618 735 1711 770 virgini
1731 735 1876 767 Dadolenaa.

1102 781 1303 813 distribuantur,
1319 781 1388 813 volo,
1404 789 1478 815 rogo,
1494 786 1593 807 statuo.

1138 828 1335 855 Testamentum
1348 827 1398 853 hoc
1412 834 1489 853 manu
1508 827 1612 861 propria
1627 827 1751 861 scriptum
1768 826 1846 860 relegi
1856 830 1878 853 et

270 880 350 907 super
364 877 437 907 parte
451 872 584 900 redituum
596 880 715 900 meorum
731 872 764 899 de
776 872 907 904 Preslaio;
922 873 992 906 quod
1004 879 1049 899 su-
1067 874 1089 904 Β
1103 874 1245 907 subscripsi
1258 880 1306 907 ego
1321 872 1478 906 Perpetuus,
1494 873 1598 899 calend.
1618 872 1697 898 Maias
1718 877 1779 906 post
1791 880 1879 899 consu-

271 918 379 952 pererit,
395 925 454 945 cum
466 922 541 953 parte
556 917 600 944 illa
613 925 690 951 quam
705 916 829 944 utendam
845 917 980 944 fruendam
998 917 1050 944 illis

271 962 400 995 concessi,
416 967 555 996 postquam
570 962 694 993 obierint,
709 966 736 988 et
751 962 797 989 tibi
817 962 943 988 utendum
963 961 1052 989 fruen-

272 1007 334 1034 dum
354 1007 494 1040 relinquo:
515 1011 574 1040 post
591 1006 736 1033 discessum
753 1010 824 1034 tuum
846 1007 971 1034 Ecclesiae
988 1015 1053 1034 int-te

272 1052 317 1083 do,
337 1052 405 1085 lego.
430 1052 464 1078 At
487 1056 525 1082 tu.
550 1051 631 1078 frater
649 1055 676 1079 et
700 1051 877 1079 consacerdos
905 1051 1050 1084 carissime,

273 1096 453 1131 presbyteros,
464 1095 602 1129 diaconos,
613 1096 734 1129 clericos,
748 1097 872 1131 virgines,
884 1104 967 1128 meos.
982 1101 1052 1130 tuos,

273 1148 342 1174 ama,
361 1141 483 1175 exemplo
500 1141 573 1175 juva,
599 1141 783 1168 benevolentia
805 1142 939 1175 praxveni;
962 1142 1003 1169 fac
1027 1146 1056 1168 ut

273 1185 356 1212 sciant
370 1193 399 1212 se
414 1185 459 1212 tibi
480 1186 558 1219 ﬁlios,
571 1193 622 1213 non
637 1193 744 1219 servos;
760 1191 785 1213 te
801 1187 851 1213 illis
867 1191 978 1221 patrem,
1003 1195 1054 1214 non

274 1230 476 1263 dominatorem,
493 1239 568 1266 rogo,
585 1231 655 1263 volo,
671 1236 768 1259 statuo.

308 1278 343 1304 At
364 1285 411 1305 vos
432 1279 533 1305 viscera
556 1285 625 1309 mea,
645 1277 740 1305 fratres
762 1278 938 1311 dilectissimi,
958 1285 1056 1305 corona

275 1330 344 1356 mea,
358 1322 481 1356 gaudium
503 1315 603 1355 meum,
618 1322 719 1349 domini
739 1324 799 1357 mei,
817 1324 862 1351 lilii
883 1324 946 1357 mei,
961 1331 1057 1359 paupe-

1103 920 1184 946 latum
1198 918 1292 945 Leonis
1307 918 1413 945 Minoris
1436 918 1467 945 A.
1489 918 1555 945 illud
1571 922 1607 949 tu,
1624 918 1737 945 Delmati
1755 917 1805 948 fili.
1819 918 1880 951 apud

1104 970 1129 992 te
1143 964 1293 998 depositum
1311 972 1402 996 serva;
1429 969 1529 991 etcum
1548 964 1601 991 alio
1616 964 1694 991 simili
1713 971 1770 990 mea
1791 964 1881 996 pariter

1104 1017 1183 1037 manu
1199 1010 1327 1044 scriptum
1340 1013 1367 1036 et
1380 1009 1571 1043 subscriptum,
1595 1008 1663 1043 quod
1684 1008 1753 1042 apud
1777 1008 1882 1035 Dadole-

1107 1062 1166 1082 nam
1181 1054 1302 1088 deposui,
1324 1054 1426 1089 Agiioni
1443 1055 1532 1081 comiti
1557 1062 1648 1081 coram
1676 1054 1803 1081 fratribus
1823 1054 1883 1081 meis

1107 1101 1280 1136 presbyteris.
1292 1100 1447 1127 diaconibus
1462 1105 1489 1126 et
1501 1099 1603 1127 clericis
1619 1099 1792 1133 aperiendum
1812 1103 1837 1126 et
1850 1099 1884 1126 le-

1104 1145 1217 1180 gendum
1230 1145 1330 1177 trades,
1345 1145 1371 1171 in
1384 1144 1491 1172 nomine
1504 1145 1608 1171 Domini
1620 1145 1690 1177 volo,
1700 1151 1775 1179 rogo,
1791 1149 1882 1174 statuo,

1106 1190 1185 1216 fixum
1202 1194 1341 1224 ratumque
1352 1189 1396 1215 sit.
1413 1189 1538 1222 Benedic,
1555 1189 1665 1216 Domine
1681 1197 1687 1215 :
1707 1189 1767 1216 veni
1785 1188 1884 1215 Christe

1106 1233 1180 1261 Jesn.

1144 1280 1199 1313 Ego
1213 1279 1360 1313 Perpetuus
1375 1279 1400 1305 in
1414 1279 1519 1306 nomine
1533 1283 1588 1311 tuo,
1602 1280 1696 1306 Amen.

280 1423 1881 1439 W—W

562 1492 565 1494 ῠ
596 1507 955 1548 EPITAPHIUM
987 1508 1279 1549 PERPETUI
1308 1503 1587 1549 EPISCOPI.

278 1633 396 1663 Culmina
410 1636 516 1663 sublimi
532 1636 627 1663 tollunt
641 1644 699 1672 qua:
713 1637 813 1664 vertice
827 1638 921 1664 cristas

311 1680 430 1708 Eximius
443 1681 544 1709 meritis
559 1682 704 1716 Perpetuus
716 1682 824 1710 dederat

277 1725 379 1753 Domno
391 1726 512 1758 Martino,
527 1726 603 1761 cujus
617 1727 667 1754 sub
685 1735 818 1755 marmore
834 1732 946 1762 pausam

310 1770 388 1803 Ossa,
402 1775 543 1798 veneratur
557 1779 617 1805 qua:
631 1772 672 1806 pia
687 1772 760 1806 plebs
774 1773 905 1808 precibus.

278 1814 416 1842 llzcredem
430 1816 536 1849 scripsit
548 1815 694 1848 Christum,
707 1820 785 1851 atque
799 1824 879 1844 aurea
893 1818 973 1844 multa

311 1860 445 1887 Sacrando
461 1861 563 1889 Domini
578 1868 640 1888 vasa
654 1868 749 1889 cruore
763 1861 843 1889 dedit.

280 1902 435 1933 Transmisit
445 1906 528 1940 cmlo,
542 1914 601 1941 qua:
617 1907 727 1941 plurima
742 1909 822 1934 cessit
835 1908 935 1943 egenis,

313 1949 387 1977 Fecit
401 1953 429 1976 et
443 1956 503 1977 ante
514 1957 575 1978 suas
589 1951 715 1979 scandere
726 1951 841 1979 divitias.

1068 1638 1090 1668 C
1106 1637 1198 1664 Clarus
1212 1636 1278 1666 avis,
1293 1636 1429 1670 atavisque
1443 1639 1547 1670 potens,
1568 1634 1615 1661 fuit
1629 1638 1709 1667 atque
1719 1638 1842 1660 senator:

1145 1681 1247 1709 Clarior
1258 1685 1285 1708 at
1299 1689 1344 1708 sua
1356 1682 1417 1708 dum
1431 1680 1591 1715 pauperibus
1607 1679 1710 1706 tribuit.

1111 1727 1163 1755 Sed
1176 1734 1260 1760 neque
1271 1726 1383 1753 Martino
1393 1725 1442 1753 soli
1460 1729 1510 1752 tam
1525 1724 1625 1759 grande
1638 1724 1787 1757 sepulcrum

1145 1772 1311 1803 Construxit,
1327 1770 1455 1797 tumulum
1469 1769 1531 1796 fecit
1543 1774 1569 1796 et
1584 1775 1644 1796 esse
1654 1775 1739 1795 suum.

1112 1816 1144 1844 Et
1156 1817 1220 1844 licet
1234 1822 1296 1843 ante
1311 1816 1391 1850 pedes
1402 1815 1509 1842 Martini
1524 1814 1730 1845 contumulelur,

1148 1862 1175 1888 In
1189 1862 1258 1889 coelo
1269 1861 1347 1888 simili
1360 1860 1456 1895 gaudet
1469 1864 1579 1893 uterque
1592 1859 1663 1886 loco.

1111 1906 1224 1941 Respice
1234 1906 1267 1932 de
1281 1906 1383 1940 superis
1399 1912 1478 1940 super
1488 1905 1549 1937 hoc,
1562 1905 1631 1931 bone
1642 1908 1741 1937 pastor,
1753 1902 1824 1933 ovili,

1148 1953 1345 1986 Perpetuusque
1356 1957 1425 1979 tuam
1440 1956 1566 1986 perpetua
1583 1950 1707 1985 patriam.

365 2013 522 2048 (Epistolam
538 2014 638 2042 Sidonii
652 2014 812 2049 Apollinaris
824 2015 856 2042 ad
872 2015 1030 2049 Perpetuam
1046 2015 1145 2043 videsis
1160 2023 1238 2050 supra
1254 2016 1323 2043 inter
1338 2023 1417 2051 opera
1432 2015 1533 2043 Sidonii
1549 2015 1595 2042 lib.
1610 2022 1658 2048 vn,
1672 2014 1750 2049 epist.
1763 2013 1800 2047 9.)

283 2099 1882 2134 ﬁ

831 2193 835 2196 ⁴
864 2196 945 2218 ANNO
968 2196 1080 2218 DOMINI
1104 2195 1300 2219 CCCCLXXXV.

661 2267 1520 2419 CEREALIS

874 2457 1098 2485 CASTELLENSIS
1114 2456 1294 2482 EPISCOPL'S.

743 2606 967 2643 NOTITIA
993 2607 1066 2642 EX
1095 2606 1382 2642 GENNADIO.

314 2686 432 2716 Cerealis
454 2683 593 2718 episcopus
614 2683 720 2710 natione
746 2683 829 2715 Afer,
858 2683 1034 2717 interrogatus
1047 2691 1060 2710 a
1077 2684 1101 2713 ι)
1114 2684 1197 2716 Quam
1213 2682 1255 2709 ille
1269 2683 1295 2709 in
1307 2683 1413 2709 nomine
1425 2682 1528 2709 Domini
1542 2681 1703 2716 suffragante
1715 2680 1764 2707 sibi
1776 2679 1884 2707 veritate.

281 2732 439 2760 Maximiano
452 2729 635 2757 Africanorum
647 2729 772 2763 episeopo
786 2730 806 2756 si
819 2734 907 2762 posset
920 2729 960 2756 vel
973 2729 1062 2763 paucis

282 2778 377 2805 divinae
391 2777 536 2810 Scriptura:
551 2774 707 2802 testimoniis
729 2774 827 2808 absque
843 2774 894 2800 ulla
907 2774 1061 2808 disputatio-

283 2821 323 2849 nis
334 2821 459 2850 duntaxat
473 2819 629 2853 assertione,
647 2819 724 2847 fidem
738 2818 896 2846 catholicam
914 2818 1059 2852 assignare.

1116 2736 1168 2754 non
1185 2727 1275 2761 paucis
1288 2727 1445 2754 testimoniis
1457 2727 1525 2753 sicut
1539 2726 1715 2753 Maximianus
1725 2725 1835 2753 irridens
1848 2730 1885 2757 pc-

1115 2775 1203 2805 tierat,
1217 2773 1263 2800 sed
1273 2773 1386 2807 copiosis
1399 2778 1450 2799 tam
1463 2772 1565 2800 Veteris
1573 2772 1736 2800 Testamenti
1747 2778 1822 2808 quam
1829 2767 1885 2798 Novi

1115 2818 1279 2852 approbavit,
1291 2822 1318 2845 et
1331 2816 1421 2845 libello
1435 2817 1527 2845 edidit.
