4002 6188
209 295 315 353 757

1094 293 1426 350 LIBELLUS
1463 294 1739 350 CONTRA
1777 292 2168 350 MAXIMINUM
2208 291 2539 351 ARIANUM.

3352 295 3462 352 ’158

207 407 3413 433 —————_—_—_——_————_————-—————

830 502 1794 648 CEREALIS

1893 502 2800 650 EPISCOPI

590 739 1060 823 CONTRA
1113 740 1835 825 MAXIMINUM
1885 741 2433 824 ARIANUM
2485 743 3067 827 LIBELLUS.

304 1046 323 1083 ,
760 1006 1234 1062 INTRODUCTIO.

284 1097 418 1152 Cum
450 1096 822 1165 Carthaginem
855 1097 1094 1150 Cerealis
1139 1105 1337 1151 sanctae
1366 1097 1642 1151 catholica:
1673 1096 1791 1151 ﬁdei

219 1185 563 1241 Castellensis
592 1186 871 1254 episcopus
893 1188 1056 1251 venit,
1103 1195 1158 1241 et
1184 1189 1303 1254 quia
1335 1188 1557 1241 vicinior
1584 1199 1663 1243 est
1690 1188 1794 1243 illis

222 1277 523 1332 civitatibus
562 1290 679 1345 quae
709 1276 801 1329 Dei
838 1275 1021 1330 furore
1061 1278 1392 1342 inarseruut,
1440 1279 1642 1347 regales
1681 1278 1797 1346 pul-

222 1368 355 1421 sevit
381 1380 539 1420 aures
558 1365 674 1434 ejus
703 1365 986 1419 adventus.
1018 1365 1081 1419 Et
1114 1382 1233 1421 cum
1261 1368 1326 1419 ab
1348 1382 1412 1421 eo
1435 1369 1792 1436 requirerent,

222 1459 412 1527 quibus
440 1467 555 1511 erat
579 1457 891 1525 injunctum,
917 1458 959 1511 si
985 1473 1107 1512 vera
1130 1459 1234 1511 sint
1261 1474 1379 1528 qua:
1404 1460 1791 1530 famajactavit,

224 1564 288 1604 ex
310 1548 501 1603 ordine
529 1564 648 1602 cum
679 1558 976 1614 enarraret,
1003 1549 1320 1603 Maximinus
1344 1552 1794 1605 Ariomanitarum

224 1641 508 1709 episcopus
537 1639 864 1707 supervenit,
895 1649 948 1693 et
977 1640 1049 1692 ait
1078 1640 1330 1709 episeopo
1361 1642 1601 1696 Cereali:
1635 1642 1797 1697 Vide-

228 1733 293 1784 tis
319 1746 438 1799 quae
468 1740 645 1785 vestra
676 1729 877 1784 faciunt
925 1741 1135 1799 peccata
1161 1733 1185 1785 ἲ
1235 1732 1354 1787 ideo
1384 1732 1617 1787 deseruit
1658 1734 1797 1790 Deus

229 1838 343 1878 vos.
370 1821 653 1876 Caunus.
673 1822 848 1889 Quare
875 1839 971 1877 nos
994 1822 1248 1889 deseruit,
1276 1834 1329 1879 et
1352 1842 1457 1880 non
1487 1829 1659 1895 potius
1680 1842 1795 1893 vos,

227 1914 312 1980 qui
336 1914 541 1966 animas
561 1914 659 1967 sub
672 1912 957 1966 Christiani
983 1914 1212 1968 nominis
1242 1916 1381 1985 ston
1397 1917 1674 1985 jugulatis,
1700 1934 1798 1973 nec

229 2019 408 2059 veram
444 2005 598 2059 ﬁdem
632 2006 865 2060 tenetis?
890 2007 1215 2061 MAXIMINUS.
1244 2008 1301 2063 Si
1330 2024 1509 2063 veram
1538 2010 1692 2066 ﬁdem
1724 2020 1803 2065 te-

230 2098 389 2161 netis,
424 2111 715 2164 proponam
766 2098 857 2151 tibi
889 2101 1211 2166 quzestiones
1258 2111 1448 2156 vestra:
1484 2102 1605 2157 ﬁdei
1627 2145 1641 2166 ,
1674 2114 1731 2157 ut
1755 2105 1800 2158 si

228 2200 408 2240 veram
457 2186 618 2241 habes
647 2186 825 2253 ﬁdem,
862 2189 981 2242 volo
1011 2196 1067 2242 ut
1094 2189 1159 2242 ad
1191 2206 1346 2244 unam
1383 2194 1799 2261 propositionem

228 2277 609 2332 excludendam
633 2277 737 2331 duo
758 2278 841 2332 vel
865 2279 962 2333 tria
990 2280 1288 2333 testimonia
1312 2281 1565 2337 adducas.
1592 2282 1799 2337 Cenes-

1812 1013 1864 1071 Α
1896 1004 2016 1061 ideo
2045 1009 2198 1077 dixit,
2218 1014 2338 1082 quia
2362 1015 2500 1070 alius
2535 1025 2615 1070 est
2644 1016 2824 1070 Filius.
2852 1016 2954 1071 Sed
2979 1032 3141 1071 unum
3166 1028 3290 1071 sunt
3310 1018 3463 1073 Pater

1895 1109 1948 1151 et
1975 1099 2160 1156 Filius.
2181 1102 2364 1172 Neque
2388 1107 2529 1159 enim
2552 1106 2808 1161 dividitur
2827 1109 2985 1172 Deus,
3009 1123 3127 1160 cum
3161 1109 3272 1173 ipse
3302 1108 3485 1164 Filius

1895 1188 2075 1243 dicat:
2121 1190 2232 1261 Ego
2254 1194 2306 1246 in
2340 1194 2516 1258 Patre,
2560 1206 2606 1247 et
2652 1195 2809 1249 Pater
2838 1199 2887 1249 in
2936 1214 3014 1249 me
3051 1207 3146 1251 est.
3185 1198 3316 1264 Quia
3337 1212 3463 1253 vero

1898 1292 2006 1332 non
2035 1281 2205 1333 solum
2236 1297 2396 1335 unum
2442 1294 2565 1336 sunt
2595 1284 2750 1337 Pater
2778 1294 2832 1339 et
2864 1285 3027 1339 Filius
3058 1285 3237 1340 addito
3268 1286 3464 1355 Spiritu

1897 1380 2102 1436 sancto,
2128 1374 2314 1426 subter
2343 1373 2506 1428 habes
2532 1375 2979 1440 demonstratum,
3002 1393 3167 1431 unum
3197 1388 3373 1433 autem
3402 1380 3465 1431 ad

1897 1460 2207 1514 societatem
2234 1465 2462 1527 pertinet
2502 1464 2673 1517 Patris
2716 1476 2768 1521 et
2818 1466 2957 1529 Filii,
2989 1481 3151 1520 ttnum
3190 1476 3366 1522 autem
3402 1469 3467 1521 ad

1897 1552 2068 1605 solum
2105 1553 2383 1608 Dominum
2415 1556 2663 1623 pertinet,
2687 1558 2808 1625 quia
2832 1567 2885 1612 et
2909 1557 3083 1625 Pater,
3118 1567 3171 1613 et
3198 1559 3384 1623 Filius,
3417 1570 3469 1614 et

1900 1641 2131 1711 Spiritus
2159 1656 2393 1700 sanctus.
2430 1648 2559 1700 Item
2601 1648 2715 1716 ipse
2754 1648 3010 1702 Dominus
3058 1651 3110 1702 in
3142 1648 3430 1717 Evangelio
3454 1689 3468 1711 .

1903 1735 2090 1788 Omnia
2110 1752 2223 1806 qua:
2248 1737 2395 1789 habet
2426 1736 2605 1802 Pater,
2635 1754 2748 1792 mea
2776 1750 2910 1793 sunt.
2930 1739 3059 1794 Item
3090 1740 3203 1808 ipse
3224 1738 3390 1793 Filius
3420 1740 3470 1792 in

1902 1825 2185 1894 Evangelio
2226 1826 2292 1879 ad
2331 1827 2541 1880 Patrem
2570 1826 2730 1882 dicit:
2769 1827 2953 1880 Omnia
2998 1844 3111 1880 mea
3140 1836 3232 1880 tua
3260 1835 3397 1888 sunt,
3425 1838 3470 1879 et

1900 1924 1990 1966 tua
2012 1915 2179 1967 omnia
2204 1930 2312 1969 mea
2341 1926 2478 1969 sunt.
2510 1916 2574 1970 Et
2619 1916 2809 1970 iterum
2840 1934 2852 1967 :
2896 1916 2997 1982 Qui
3029 1933 3131 1969 non
3172 1916 3470 1982 honoriﬁcat

1902 2001 2119 2069 Filium,
2151 2021 2252 2057 non
2275 2004 2581 2073 honoriﬁcat
2617 2004 2848 2059 Patrem.
2902 2006 3031 2059 Item
3061 2005 3114 2059 in
3145 2003 3471 2073 Evangelio:

1906 2095 2005 2160 Qui
2033 2110 2109 2148 me
2137 2096 2266 2159 odit,
2294 2106 2341 2148 et
2371 2095 2581 2149 Patrem
2611 2113 2772 2150 meum
2798 2098 2923 2149 odit.
2964 2098 3089 2151 Item
3139 2097 3191 2150 in
3241 2094 3472 2163 Epistola

1900 2185 2149 2240 Joannis:
2177 2187 2278 2253 Qui
2300 2198 2446 2258 negat
2477 2185 2696 2249 Filium,
2724 2204 2814 2242 nec
2842 2189 3050 2243 Patrent
3072 2189 3219 2241 hubct
3238 2206 3256 2253 ;
3278 2188 3365 2242 sed
3391 2191 3479 2256 qui

1903 2278 2171 2345 conﬁtetur
2202 2277 2249 2331 F
2253 2281 2417 2346 ilium,
2446 2289 2493 2333 et
2526 2278 2722 2332 Filium
2746 2280 2895 2333 habet
2929 2290 2976 2332 et
3008 2279 3235 2333 Patrem.
3270 2279 3396 2333 Item
3420 2278 3473 2331 itt

232 2380 334 2420 us.
366 2366 482 2420 Non
514 2365 618 2420 duo
639 2367 719 2420 vel
752 2366 874 2431 tria,
896 2367 988 2424 sed
1020 2368 1169 2439 plura
1191 2370 1450 2427 adducam
1475 2372 1796 2428 testimonia.
1833 2366 1875 2425 Β
1906 2366 2188 2423 Salomone
2216 2386 2229 2421 :
2274 2368 2531 2437 Splendor
2569 2379 2645 2422 est
2691 2370 2816 2423 lucis
2857 2379 3090 2435 (sternte,
3124 2379 3170 2422 et
3218 2368 3480 2438 speculum

229 2453 549 2511 nutaturus.
583 2455 761 2511 Primo
791 2457 924 2513 doce
952 2475 967 2512 :

299 2565 440 2628 Quia
466 2566 679 2633 tequalis
703 2576 776 2620 est
809 2566 957 2621 Patri
988 2567 1182 2623 Filius.

298 2634 634 2709 De_unitate;
661 2638 781 2706 quia
808 2654 939 2692 unus
967 2650 1038 2693 est
1069 2639 1209 2694 Deus
1246 2638 1430 2707 Pater,
1460 2651 1507 2694 et
1534 2640 1581 2693 F
1585 2642 1725 2709 ilius,
1752 2652 1799 2697 et

374 2704 598 2775 Spiritus
622 2704 848 2775 sanctus.

300 2774 574 2839 Quomodo
606 2774 763 2829 Pater
789 2776 983 2830 miserit
1018 2774 1233 2834 Filium.

300 2844 574 2909 Quomodo
609 2844 765 2899 Pater
792 2847 1034 2909 elariﬁcet
1064 2848 1279 2902 Filium.

300 2913 441 2977 Quia
471 2915 783 2984 omnipotens
814 2927 882 2969 est
916 2913 1106 2971 Filius.

300 2985 477 3063 Quare
517 2982 645 3036 dixit
675 2982 879 3063 Filius:
914 2986 1258 3063 Paternian
1284 3006 1361 3063 me
1396 2999 1492 3044 est.
1531 2989 1619 3046 Vel
1647 3009 1803 3063 quare

373 3054 565 3106 dictum
581 3070 600 3107 :
624 3055 761 3114 quod
794 3055 947 3109 Pater
969 3054 1183 3112 tradidit
1202 3057 1249 3110 F
1254 3060 1415 3112 ilium.

294 3122 383 3193 De
410 3125 569 3176 libera
598 3122 727 3176 Filii
755 3136 1020 3193 potestate.

297 3192 496 3273 Contra
517 3194 571 3273 id
589 3192 917 3275 quodgicunt
934 3212 953 3248 :
976 3201 1162 3251 Auctor
1185 3209 1254 3252 est
1276 3204 1362 3272 qui
1385 3211 1609 3275 generat,
1636 3204 1805 3259 vident

378 3262 687 3330 principium
716 3263 883 3329 Patri,
915 3276 1019 3320 etc.
1286 3262 1298 3272 ’
1385 3262 1409 3275 “’
1558 3292 1561 3293 ν

296 3332 493 3413 Contra
514 3333 567 3386 id
591 3334 722 3401 quod
762 3336 933 3388 dicunt
965 3351 984 3389 :
1017 3335 1226 3392 Patrem
1270 3343 1541 3413 imperasse
1573 3342 1710 3398 Filio
1751 3355 1805 3399 ut

383 3406 570 3471 faceret
590 3414 895 3460 creaturam.

303 3472 443 3538 Quia
475 3472 612 3525 Deus
640 3486 710 3526 est
743 3476 967 3543 Spiritus
992 3486 1217 3532 sanctus.

301 3544 442 3606 Quia
472 3552 669 3595 creator
683 3554 755 3597 est
783 3544 1006 3612 Spiritus
1028 3558 1252 3605 sanctus.

304 3613 441 3685 Quia
468 3613 748 3679 viviﬁcator
776 3617 848 3668 est
879 3615 1102 3685 Spiritus
1135 3628 1363 3675 sanctus.

304 3683 443 3747 Quia
477 3691 526 3763 et
555 3684 663 3763 ipse
712 3683 932 3754 propria:
972 3690 1230 3756 potestatis
1276 3700 1349 3745 est
1375 3701 1420 3745 et
1448 3692 1714 3746 voluntatis
1753 3702 1802 3745 et

379 3761 700 3816 omnipotens
710 3795 722 3807 .

302 3821 386 3875 De
408 3820 661 3874 Trinitate
686 3823 763 3875 vel
787 3825 1000 3880 unitate.

306 3891 445 3957 Quia
468 3892 733 3945 invisibilis
762 3903 834 3945 est
861 3893 1047 3949 Filius.

305 3961 501 4014 Contra
522 3961 576 4012 id
596 3962 738 4038 ‘quod
764 3964 937 4038 dicunt
960 3981 977 4017 .'
1013 3967 1092 4019 Ea:
1121 3966 1274 4022 Putre
1301 3968 1513 4035 Filium,
1540 3979 1586 4023 et
1610 3969 1811 4038 Spiritu

379 4040 557 4084 sancto
584 4033 722 4101 facta
753 4036 941 4087 omnia.

307 4100 504 4178 Contra
534 4102 589 4153 id
629 4103 764 4178 quod
790 4104 1000 4159 dicunt:
1034 4106 1201 4171 Quare
1231 4109 1371 4178 prius
1403 4108 1580 4176 Pater,
1633 4110 1816 4163 deinde

388 4168 434 4221 F
438 4171 559 4223 ilius
591 4168 902 4225 nominatur.

304 4240 499 4295 Contra
518 4242 576 4294 id
588 4242 723 4311 quod
745 4242 953 4298 dicunt:
974 4243 1123 4309 Quod
1143 4244 1297 4301 Pater
1307 4248 1519 4320 subjecit
1530 4249 1609 4303 illi
1625 4251 1811 4303 omnia.

713 4351 956 4407 INCIPIT
997 4354 1347 4413 LIBELLUS.

792 4457 961 4497 CLPUT
1000 4460 1219 4499 PRIMUII.

308 4554 604 4611 CEREALIS.
634 4554 767 4622 Quia
793 4557 1015 4624 aequalis
1045 4566 1126 4611 est
1158 4558 1294 4612 Patri
1326 4558 1513 4625 Filius,
1548 4561 1625 4615 sic
1664 4561 1821 4617 docet

235 4648 523 4718 apostolus
552 4648 743 4701 Paulus
772 4646 953 4702 dicens
985 4664 999 4701 :
1056 4648 1171 4701 Hoc
1202 4650 1376 4703 sentite
1418 4650 1471 4701 in
1497 4651 1653 4717 vobis,
1685 4653 1821 4721 quod

234 4750 286 4791 et
321 4739 382 4789 in
414 4736 612 4790 Christo
658 4735 812 4802 Iesu,
844 4738 932 4806 qui
959 4754 1073 4790 cum
1123 4742 1173 4791 in
1214 4742 1379 4807 forma
1412 4739 1505 4793 Dei
1534 4750 1691 4807 esset,
1720 4757 1822 4795 non

234 4828 485 4898 rapinam
505 4828 779 4881 arbitratus
804 4836 876 4881 est
893 4845 999 4882 esse
1022 4845 1074 4881 se
1099 4829 1347 4898 wqualem
1368 4828 1475 4883 Deo
1498 4831 1717 4901 (Philip.
1741 4831 1819 4901 ιι).

231 4921 345 4988 Qui
381 4930 463 4975 est
492 4922 542 4974 in
578 4920 746 4974 forma
782 4921 872 4974 Dei
900 4921 1090 4986 Patris,
1126 4938 1231 4975 non
1275 4933 1447 4990 potest
1479 4937 1598 4977 esse
1627 4925 1820 4990 minor,

232 5014 335 5083 qui
374 5028 478 5066 non
501 5013 833 5082 rapuitquod
863 5029 967 5066 non
1000 5013 1198 5080 habuit,
1224 5015 1342 5082 quia
1374 5015 1427 5068 in
1456 5014 1626 5069 forma
1655 5014 1822 5069 Patris

233 5119 466 5172 semper
516 5105 635 5158 fuit.
670 5104 723 5158 In
758 5104 1046 5173 Evangelia
1095 5103 1332 5159 Joannes
1376 5106 1493 5159 ait:
1546 5106 1824 5176 Pr0pterea

231 5199 427 5253 Judcei
449 5199 673 5254 volebant
696 5216 810 5253 eum
828 5200 1134 5266 interﬁcere,
1156 5201 1277 5268 quia
1297 5216 1397 5252 non
1420 5200 1584 5252 solum
1605 5199 1827 5254 solvebat

234 5293 540 5358 sabbatum,
561 5293 647 5345 sed
672 5303 717 5346 et
750 5290 960 5345 Patrem
988 5308 1136 5345 suum
1158 5292 1352 5344 dicebat
1371 5288 1557 5355 Deum,
1582 5292 1827 5360 wqualem

232 5400 291 5438 se
332 5385 531 5453 faciens
564 5383 672 5437 Deo
721 5382 897 5453 (Joan.
933 5382 1004 5451 v).
1040 5384 1168 5437 Item
1215 5383 1328 5451 ipse
1359 5383 1613 5436 Dominus
1652 5384 1823 5436 dixit:

238 5476 360 5540 Qui
396 5490 473 5527 me
499 5474 800 5540 ridet,videt
828 5482 874 5527 et
898 5472 1122 5527 Patrem.
1150 5473 1278 5527 Item
1303 5474 1353 5525 in
1382 5472 1666 5541 Evangelio
1686 5488 1700 5525 :
1718 5471 1827 5541 Ego

232 5576 284 5618 et
313 5562 486 5617 Pater
513 5579 670 5616 unum
695 5579 889 5616 sumus.
919 5562 1012 5616 llic
1034 5578 1194 5617 unum
1228 5577 1322 5632 pro
1345 5562 1645 5631 mqualitate
1672 5561 1824 5625 dixit,

231 5656 377 5724 quia
433 5653 658 5723 aequales
686 5662 848 5719 sunt,
881 5652 969 5722 qui
1000 5668 1162 5708 unum
1212 5659 1356 5707 sunt.
1412 5653 1608 5706 Sumus
1651 5660 1825 5705 autem

1904 2460 2013 2512 sine
2045 2460 2243 2512 macula
2290 2459 2383 2513 Dei
2414 2461 2724 2528 majestatis,
2756 2471 2807 2514 et
2855 2462 3022 2531 imago
3059 2461 3293 2514 bonitatis
3338 2459 3478 2516 illius

1907 2548 2065 2619 (Sap.
2098 2550 2215 2619 vn).
2254 2549 2364 2603 IIoc
2390 2551 2458 2604 de
2494 2551 2627 2605 Filio
2674 2551 2820 2604 dicit.
2873 2550 3003 2604 Item
3058 2551 3111 2604 in
3155 2550 3475 2619 Evangelia:

1907 2641 2050 2695 Sicut
2081 2642 2227 2694 habet
2256 2640 2412 2694 Pater
2433 2642 2585 2693 vitam
2613 2643 2666 2694 in
2696 2643 2984 2711 semetipso,
3010 2643 3081 2695 sic
3099 2642 3236 2694 dedit
3260 2651 3311 2695 et
3338 2640 3476 2695 Filio

1905 2730 2089 2785 habere
2109 2734 2264 2785 vitam
2292 2733 2341 2785 in
2368 2732 2654 2801 semetipso.
2684 2732 2835 2799 Quod
2874 2739 3050 2785 autem
3084 2732 3211 2785 dicit
3237 2772 3252 2796 ,
3301 2731 3472 2794 dedit,

1907 2823 2094 2892 genuit
2125 2822 2456 2892 intelligitur.
2488 2824 2592 2876 Aut
2619 2823 2663 2877 si
2695 2807 2883 2890 postea.
2907 2821 3050 2875 dedit
3070 2822 3229 2875 vitam
3253 2820 3360 2888 jam
3386 2834 3473 2889 ge-

1908 2915 2017 2967 nito
2045 2914 2177 2967 Filio
2221 2913 2398 2978 Pater,
2451 2913 2813 2982 ergo'genitus
2857 2910 3022 2964 Filius
3053 2911 3167 2964 sine
3203 2911 3310 2963 vita
3338 2918 3470 2964 erat.

1909 3005 1974 3059 Et
2000 3004 2267 3074 quomodo
2312 3004 2440 3058 dicit
2470 3005 2581 3072 ipse
2609 3004 2660 3057 in
2711 3002 3038 3069 Evangelio:
3068 3000 3178 3071 Ego
3222 3016 3332 3054 sum
3364 3001 3473 3065 via,

1906 3098 2119 3161 veritas,
2159 3104 2205 3150 et
2226 3096 2368 3149 vita?
2398 3095 2528 3150 Item
2560 3094 2625 3148 ad
2656 3094 2913 3149 Hebraeos
2963 3093 3041 3145 sic
3069 3093 3135 3147 de
3166 3093 3299 3146 Filio
3348 3092 3476 3146 dicit

1906 3187 2226 3255 Apostolus:
2263 3186 2363 3252 Qui
2404 3202 2518 3239 cum
2556 3185 2652 3254 sit,
2686 3185 2876 3254 inquit,
2907 3184 3147 3254 splendor
3182 3184 3389 3255 gloriw,
3429 3192 3475 3236 et

1906 3276 2074 3345 ﬁgura
2098 3274 2391 3330 substantia:
2416 3277 2546 3343 ejus,
2585 3291 2762 3344 gerens
2788 3290 2986 3344 quoque
3009 3274 3180 3327 omnia
3209 3272 3354 3326 verba
3376 3273 3477 3325 vir-

1907 3367 2025 3419 tutis
2046 3381 2154 3419 sua:
2176 3364 2360 3436 (Hebr.
2381 3365 2440 3435 ι).
2466 3367 2601 3432 Ergo
2623 3365 2874 3433 splendor
2889 3364 3087 3432 glorias,
3104 3370 3157 3417 et
3170 3362 3331 3431 ﬁgura
3352 3361 3475 3416 sub-

1906 3456 2115 3511 stantia:
2142 3454 2309 3524 ipsius
2339 3462 2516 3508 teneat
2544 3454 2903 3520 splendorem,
2943 3452 2991 3506 id
3025 3462 3126 3515 est,
3158 3452 3475 3506 veritatem?

1911 3546 2102 3614 Figura
2132 3556 2307 3600 autem
2332 3545 2426 3599 Dei
2452 3545 2728 3613 aequalitas
2753 3544 2942 3597 dicitur
2969 3542 3083 3597 Dei.
3108 3541 3237 3608 Item
3264 3550 3475 3610 aposto—

1908 3637 1990 3691 lus
2016 3636 2209 3690 Paulus
2235 3635 2301 3689 ad
2325 3635 2670 3689 Coloswnses
2699 3634 2764 3687 de
2787 3633 2918 3686 Filio
2940 3631 3066 3686 dicit
3098 3648 3113 3686 :
3148 3631 3214 3685 In
3256 3631 3366 3701 ipso
3397 3632 3470 3683 in-

1831 3721 1877 3784 C
1907 3726 2113 3793 habitat,
2131 3726 2321 3795 inquit,
2339 3727 2501 3779 omnis
2518 3725 2779 3795 plenitudo
2808 3722 3098 3777 Divinitatis
3119 3721 3471 3790 corporaliter.

1910 3817 1965 3872 Si
1995 3817 2048 3869 in
2072 3816 2285 3869 Christo
2316 3816 2517 3870 habitat
2555 3815 2727 3868 onmis
2768 3813 3037 3883 plenitudo
3080 3811 3398 3877 Divinitatis,
3425 3820 3481 3865 et

1913 3907 2178 3978 quomodo
2207 3909 2381 3962 minor
2406 3916 2487 3961 est
2512 3906 2706 3969 Flius‘?

2566 4010 2734 4050 CAPUT
2773 4010 2832 4049 Il-

1984 4089 2135 4159 Quod
2163 4104 2301 4143 unus
2338 4088 2476 4141 Deus
2513 4085 2687 4147 Pater,
2712 4094 2765 4139 et
2789 4086 2826 4137 F
2829 4084 2973 4147 ilius,
3024 4092 3078 4138 et
3102 4082 3337 4152 Spiritus
3357 4097 3480 4136 san-

1917 4190 2055 4242 ctus,
2086 4180 2164 4232 sic
2186 4183 2425 4232 docetur.
2459 4176 2573 4243 Ipse
2607 4176 2860 4229 Dominus
2887 4176 2937 4227 in
2976 4175 3093 4243 lege
3117 4173 3284 4228 dicit:
3324 4172 3479 4238 Audi,

1919 4268 2105 4333 Israel,
2140 4269 2387 4320 Dominus
2419 4265 2553 4319 Deus
2574 4274 2689 4318 tuus
2720 4264 2858 4319 Deus
2888 4282 3017 4318 unus
3043 4274 3136 4318 est.
3164 4264 3231 4317 Et
3254 4265 3483 4332 Aposto-

1918 4359 1999 4414 lus
2030 4360 2159 4411 dicit
2190 4374 2202 4409 :
2228 4356 2419 4415 Nullus
2448 4364 2519 4409 est
2550 4355 2712 4421 Deus,
2739 4356 2837 4409 nisi
2864 4371 3011 4408 unus.
3036 4353 3165 4408 Item
3190 4353 3305 4421 ipse
3324 4352 3483 4406 dicit:

1919 4466 2050 4505 unus
2078 4448 2236 4515 Deus,
2270 4465 2372 4502 una
2401 4448 2546 4515 ﬁdes,
2578 4463 2735 4499 unum
2763 4447 3012 4516 baptisma
3045 4444 3205 4515 (Eph.
3240 4444 3334 4514 tv).
3354 4443 3485 4498 Item

1920 4542 2190 4611 apostolus
2209 4538 2437 4593 Jacobus
2467 4538 2621 4591 dicit:
2655 4535 2726 4588 Tu
2755 4537 2916 4589 credis
2936 4536 3055 4604 quia
3078 4550 3209 4588 unus
3229 4542 3303 4587 est
3326 4533 3485 4598 Deus,

1921 4630 2045 4685 bene
2075 4634 2233 4699 facis;
2261 4636 2306 4680 et
2330 4629 2583 4681 dtemones
2620 4628 2830 4680 credunt
2855 4636 2901 4680 et
2932 4626 3318 4680 contremiscunt
3345 4623 3485 4695 (Jac.

1922 4720 2003 4790 II).
2030 4719 2172 4773 Ilanc
2202 4718 2356 4771 ﬁdem
2386 4716 2803 4771 contremiscunt
2829 4716 3101 4771 daemones
3119 4731 3276 4787 quam
3306 4729 3487 4769 veram

1925 4826 2045 4866 esse
2072 4809 2373 4863 noluerunt.
2403 4807 2516 4875 Ipse
2539 4807 2789 4863 Dominus
2818 4809 2980 4862 dicit:
3031 4808 3139 4878 Ego
3164 4823 3276 4861 sum
3310 4805 3454 4859 Deus

1925 4908 1971 4955 et
2004 4917 2100 4954 non
2124 4911 2195 4954 est
2221 4900 2355 4953 alius
2376 4909 2676 4969 pra'terme.
2704 4899 2832 4953 Item
2861 4900 2911 4953 in
2939 4899 3132 4967 psalm.
3161 4912 3336 4952 xxvn:
3370 4896 3494 4961 Quis

1931 4991 2069 5044 Deus
2097 4998 2281 5059 praeter
2309 4989 2614 5054 Dominum,
2645 4999 2732 5042 aut
2760 4992 2873 5059 quis
2924 4989 3063 5043 Deus
3115 5000 3300 5057 praeter
3328 4988 3496 5041 Deum

1847 5070 1900 5130 Ι)
1928 5083 2196 5136 nostrum?
2225 5083 2290 5136 Et
2315 5081 2413 5151 ipsi
2441 5081 2758 5135 conﬁtentur
2788 5081 2909 5147 quia
2939 5091 2993 5135 et
3025 5080 3189 5135 Filius
3225 5080 3365 5134 Deus
3393 5088 3495 5132 est.

1931 5174 2226 5229 Ostendam
2246 5173 2375 5227 mihi
2407 5172 2674 5239 quomodo
2699 5187 2833 5227 unus
2862 5181 2975 5237 est,
3008 5171 3109 5227 nisi
3138 5170 3261 5240 quia
3307 5169 3496 5230 Pater.

1928 5275 1979 5321 et
2011 5264 2194 5330 Filius,
2224 5273 2279 5321 et
2310 5264 2539 5334 Spiritus
2568 5272 2780 5318 sanctus
2808 5277 2943 5317 unus
2969 5275 3072 5317 est.

2565 5389 2733 5429 CAPUT
2773 5389 2851 5428 Ill.

2005 5464 2282 5532 Quomodo
2309 5464 2515 5519 miserit
2536 5464 2691 5518 Pater
2722 5464 2935 5531 Filium,
2955 5464 3031 5518 sic
3059 5459 3500 5517 docetur:Missio

1935 5558 2051 5612 Filii
2085 5561 2375 5612 incarnatio
2403 5566 2487 5611 est
2517 5556 2667 5622 Filii;
2711 5556 3023 5611 testiﬁcatur
3066 5550 3335 5620 apostolus
3363 5551 3497 5605 Pau-

1940 5652 2020 5705 lus
2047 5658 2097 5703 et
2146 5647 2263 5718 quis
2294 5648 2486 5705 missus
2530 5647 2627 5714 sit,
2677 5657 2851 5701 utrum
2891 5644 3052 5698 Filius
3085 5641 3204 5708 Dei,
3244 5656 3308 5697 an
3341 5640 3506 5697 Filius
