4002 6188
473 325 582 383 759

1458 294 1791 363 CEREALIS
1829 296 2326 357 CASTELLENSIS
2364 295 2668 355 EPISCOPI

3637 292 3736 350 760

478 434 728 501 Ῑὶοωῖιιῖδν
762 432 944 488 dicens
976 446 989 481 ε
1024 426 1162 481 Μὶιίι
1184 424 1321 478 De?“
1350 417 1543 473 Filium
1564 434 1736 479 munt.
1768 384 1962 483 factm;
1985 426 2047 465 ex
2080 413 2120 468 Α
2155 410 2281 465 liena
2314 428 2345 463 a
2373 411 2632 481 regalibus
2669 406 2874 461 sedibus
2918 417 3022 461 tuis
3048 449 3060 470 .
3096 407 3150 461 in
3178 409 3401 462 mediam
3446 410 3736 463 exterminii

476 528 706 591 muliere,
731 526 918 594 factum
938 523 1029 573 sub
1052 520 1176 589 lege,
1205 523 1263 568 ut
1289 529 1375 569 eos
1403 512 1487 581 qui
1518 509 1611 563 sub
1642 510 1748 579 lege
1775 513 1922 561 erant
1964 519 2039 555 re-

479 619 686 671 dimeret
710 611 849 684 (Gal.
880 608 977 680 tv).
1003 603 1243 675 Ergoqui
1266 618 1328 658 es
1352 602 1572 656 muliere
1598 598 1771 652 lat-tus
1797 604 1903 660 est,
1934 595 2049 663 ipse

479 709 671 762 missus
697 680 786 772 qui
807 711 908 766 est,
939 701 1100 754 etiam
1129 698 1228 753 sub
1257 698 1375 765 lege
1405 693 1536 759 fuit,
1566 694 1708 746 sicut
1732 690 1900 753 dixit;
1927 680 2069 740 nam'

481 798 622 853 Deus
650 793 890 850 condidit
919 792 1107 860 legem.
1165 788 1298 842 Item
1336 786 1452 854 ipse
1490 783 1763 852 apostolus
1810 780 1938 834 dicit
1983 780 2050 832 de

478 888 718 942 Christo:
751 884 1092 951 Semetipsum
1107 878 1383 933 exinanivit
1404 879 1623 945 formam
1644 873 1772 927 servi
1790 872 2044 940 accipiens

482 976 709 1049 (Philip.
738 976 819 1043 ll).
854 972 1075 1039 Quando
1098 969 1446 1033 semetipsum
1477 963 1790 1027 exinanivit,
1814 972 1938 1016 tunc
1968 976 2052 1015 se-

483 1067 765 1134 metipsum
794 1063 967 1126 misit;
1000 1074 1120 1114 nam
1153 1067 1206 1112 et
1238 1061 1351 1125 ipse
1394 1055 1558 1109 Filius
1604 1054 1765 1107 dicit:
1808 1051 1916 1119 Ego
1944 1049 2055 1102 veni

481 1172 702 1227 quaerere
731 1165 777 1208 et
793 1155 987 1207 salvare
1003 1150 1138 1221 quod
1162 1148 1407 1219 perierat.
1437 1145 1531 1199 llic
1551 1158 1656 1197 non
1688 1142 1834 1205 dicit,
1862 1141 2056 1193 missus

480 1262 597 1302 sum
619 1285 633 1310 ,
664 1245 759 1299 sed
790 1243 918 1296 veni.
948 1241 1079 1295 Nam
1108 1248 1161 1293 et
1189 1238 1418 1305 Spiritus
1467 1243 1683 1288 sanctus
1727 1232 1870 1283 misit
1906 1244 2053 1291 eum,

482 1341 621 1396 sicut
648 1338 902 1406 scriptam
921 1375 935 1399 ,
966 1334 1080 1401 ipso
1110 1332 1356 1395 docente,
1394 1336 1476 1383 est
1511 1326 1564 1379 in
1597 1324 1726 1378 lsztia
1757 1320 2012 1389 propheta
2040 1335 2054 1373 :

482 1430 549 1484 Et
591 1446 753 1495 nunc,
787 1429 985 1497 inquit,
1015 1422 1268 1476 Dominus
1302 1421 1438 1473 misit
1467 1434 1575 1485 me,
1609 1428 1655 1471 et
1694 1414 1918 1483 Spiritus
1948 1412 2056 1481 ejus

486 1519 639 1590 (Isai.
677 1519 885 1588 sum).
916 1519 1044 1571 Item
1065 1515 1195 1568 dicit
1221 1512 1335 1581 ipse
1365 1511 1565 1565 Filius:
1598 1508 1825 1577 Spiritus
1850 1504 2059 1557 Domini

483 1628 633 1680 super
664 1626 760 1673 me,
790 1616 997 1679 propter
1026 1606 1162 1671 quod
1188 1602 1333 1656 unxit
1363 1618 1462 1662 me,
1492 1598 1833 1667 evangelisare
1861 1612 2059 1665 paupe-

486 1701 623 1756 ribus
651 1701 783 1753 misit
822 1714 919 1765 me,
969 1708 1071 1753 etc.
1107 1695 1247 1763 Ergo
1272 1694 1442 1761 major
1467 1698 1545 1744 est
1574 1686 1802 1757 Spiritus
1847 1696 2060 1741 sanctus

2151 510 2339 554 terram
2386 501 2636 569 prosilivit
2676 497 2841 569 (Sap.
2889 499 3069 563 XVIII).
3103 497 3245 565 Ergo
3279 507 3332 552 et
3379 512 3475 550 rex
3523 506 3612 551 est
3642 497 3734 565 qui

2151 596 2361 660 regales
2387 592 2593 644 obtinet
2617 590 2795 644 sedes.
2828 589 2959 643 Item
2987 591 3039 641 in
3069 587 3424 657 Apocalypsi:
3458 587 3589 639 Haec
3608 589 3735 640 dicit

2151 679 2321 733 Filius
2374 678 2491 744 Dei,
2544 679 2631 748 qui
2676 686 2749 733 est
2799 688 2848 731 et
2892 678 2980 747 qui
3037 678 3134 747 fuit
3188 678 3508 744 omnipotens
3555 675 3737 739 Deus,

2154 772 2210 826 ln
2239 771 2560 839 Evangelio:
2595 770 2781 823 Omnia
2805 785 3117 839 quaecunque
3142 768 3296 821 Pater
3329 769 3487 834 facit,
3536 768 3648 820 hrec
3690 777 3739 822 et

2154 862 2327 916 Filius
2372 863 2607 916 similiter
2649 863 2774 931 facit
2802 859 2991 931 (Joan.
3022 859 3106 928 v).
3147 858 3275 912 Item
3304 860 3354 913 in
3397 858 3693 927 Evangelia
3722 876 3736 911 :

2155 953 2303 1008 Sicut
2336 953 2489 1006 Pater
2514 953 2725 1006 suscitat
2745 961 2971 1005 mortuos
2990 960 3039 1005 et
3058 951 3299 1018 eivi/icat,
3322 950 3395 1003 sic
3416 949 3594 1003 Filius
3613 967 3736 1019 quos

2156 1044 2261 1097 vult
2288 1044 2525 1111 vivi/Scal.
2572 1043 2627 1097 In
2658 1043 2787 1096 Isaia
2818 1041 2981 1096 Filius
3027 1041 3155 1094 dicit
3186 1057 3198 1091 :
3236 1038 3365 1094 Ecce
3408 1057 3501 1110 ego
3531 1020 3737 1094 mithm

2156 1149 2362 1187 manum
2390 1148 2556 1186 meam
2581 1147 2734 1201 super
2760 1147 2847 1184 vos
2873 1139 2922 1184 et
2947 1130 3374 1199 deprcedabuntur
3411 1131 3499 1196 qui
3530 1132 3739 1198 deprae-

2158 1226 2401 1279 daverunt
2424 1239 2531 1289 vos,
2559 1233 2603 1278 et
2630 1225 2796 1278 scietis
2820 1224 2940 1294 quia
2969 1223 3220 1276 Dominus
3242 1224 3565 1293 omnipotens
3599 1240 3740 1290 sum,

2157 1324 2202 1370 et
2221 1318 2307 1386 qui
2324 1318 2457 1369 misit
2487 1332 2564 1369 me
2595 1312 2847 1368 Dominus
2876 1316 3194 1383 omnipotens
3221 1324 3311 1368 est.

2229 1409 2487 1463 Jeremias
2510 1407 2765 1476 propheta
2796 1406 2920 1460 dicit
2948 1424 2962 1460 :
3004 1406 3224 1477 Magnus
3250 1414 3342 1469 est,
3372 1415 3419 1459 et
3452 1422 3557 1458 non
3588 1405 3744 1459 habet

2160 1502 2335 1568 ﬁnem,
2358 1499 2586 1553 excelsus
2607 1510 2651 1553 et
2674 1499 2943 1553 immensus
2962 1497 3052 1552 hic
3077 1498 3216 1553 Deus
3237 1508 3429 1564 noster;
3452 1510 3498 1552 et
3530 1517 3634 1553 non
3666 1509 3743 1554 est

2160 1594 2313 1646 alius.
2337 1594 2398 1645 Et
2423 1602 2478 1645 ut
2502 1602 2751 1660 appareat
2774 1591 2840 1644 de
2862 1592 3077 1645 Christo
3099 1592 3224 1655 dici,
3250 1594 3519 1659 sequitur:
3546 1591 3745 1645 Postea

2162 1683 2214 1735 in
2241 1684 2386 1736 terris
2405 1684 2545 1736 visus
2573 1690 2675 1746 est,
2720 1693 2767 1735 et
2797 1698 2909 1734 cum
2959 1682 3244 1735 hominibus
3284 1694 3609 1737 conversatus
3638 1696 3741 1737 est.

490 1794 621 1847 Filio
643 1836 657 1861 ,
691 1793 733 1846 si
781 1754 952 1860 majdr
993 1798 1075 1843 est
1104 1754 1207 1856 qui
1221 1786 1381 1840 mittit
1404 1824 1417 1848 ,
1444 1784 1562 1853 quia
1593 1754 1820 1853 Spiritus
1847 1789 2057 1835 sanctus
2092 1754 2138 1813 Β
2166 1772 2294 1826 Item
2318 1772 2601 1841 Apostolus
2627 1790 2641 1825 :
2664 1772 2776 1826 Nos
2796 1783 2984 1835 autem,
3008 1771 3206 1841 inquit,
3230 1773 3568 1840 prtedicamus
3587 1770 3746 1825 Chri-

502 1886 647 1937 mislt
671 1883 859 1937 Filium
890 1880 1006 1933 Dei.
1058 1880 1197 1932 Deus
1240 1877 1420 1945 utique
1451 1874 1647 1942 ubique
1675 1883 1774 1943 est,
1797 1874 1918 1941 quia
1946 1873 2019 1926 ait
2045 1890 2059 1924 :

487 1974 679 2028 Caelum
701 1983 745 2025 et
773 1983 964 2024 terram
1010 1984 1102 2038 ego
1150 1967 1358 2034 impleo.
1413 1965 1476 2017 Et
1506 1963 1631 2017 alibi
1658 1963 1788 2017 dicit
1818 1980 1829 2016 :
1873 1962 2065 2016 Caelum

490 2065 611 2116 mihi
637 2063 777 2116 sedes
806 2069 897 2125 est,
923 2070 1055 2111 terra
1083 2066 1249 2110 autem
1281 2054 1558 2108 scabellum
1588 2055 1776 2123 pedum
1815 2069 2061 2106 meorum.

490 2154 769 2222 Quomodo
796 2151 953 2222 igitur
982 2150 1208 2204 mittitur
1261 2148 1462 2202 Filius?
1489 2157 1580 2201 aut
1606 2146 1872 2216 quomodo
1906 2147 2067 2199 mittit

491 2246 667 2309 Pater,
695 2246 738 2299 si
772 2246 824 2298 in
848 2244 985 2297 cmlo
1012 2252 1066 2296 et
1097 2242 1149 2295 in
1194 2250 1332 2295 terra
1366 2241 1563 2310 ubique
1606 2256 1740 2293 unus
1770 2248 1852 2293 est
1882 2238 2067 2293 Deus?

491 2338 620 2392 ltem
643 2336 764 2390 audi
796 2336 884 2391 ubi
916 2350 1021 2389 non
1051 2334 1221 2388 solum
1256 2333 1488 2402 aequales
1517 2334 1585 2386 ab
1615 2332 1929 2402 aequalibus,
1970 2330 2064 2383 sed

498 2438 552 2484 et
580 2430 811 2497 majores
851 2427 1132 2481 mittantur
1152 2440 1179 2478 a
1206 2424 1535 2489 minoribus,
1567 2425 1702 2477 sicut
1724 2424 1945 2492 legimus
1974 2437 2069 2476 an-

491 2520 665 2591 gelum
709 2533 830 2575 esse
868 2519 1091 2573 missum
1118 2532 1146 2571 a
1181 2517 1370 2580 Tobia,
1402 2526 1454 2570 et
1487 2516 1729 2570 Christus
1764 2514 1957 2568 missus
1987 2522 2070 2568 est

493 2627 520 2663 a
549 2610 722 2665 Pilato
747 2609 815 2664 ad
839 2610 1125 2667 Herodem.
1151 2608 1394 2680 Nunquid
1424 2606 1719 2662 humiliavit
1744 2621 1804 2662 se
1825 2605 2065 2676 angelus,

494 2701 614 2772 quia
642 2703 876 2770 perrexit
903 2717 1008 2771 quo
1047 2702 1240 2757 missus
1266 2710 1349 2756 est
1380 2715 1410 2754 a
1441 2698 1638 2753 Tobia?
1662 2707 1751 2752 aut
1776 2697 2071 2752 humiliavit

496 2807 556 2848 se
586 2793 851 2857 Christus,
876 2791 963 2860 qui
989 2806 1017 2844 a
1039 2791 1206 2845 Pilato
1235 2790 1429 2844 missus
1450 2796 1530 2843 est
1558 2788 1623 2841 ad
1650 2787 1954 2842 Herodem?
1982 2787 2069 2840 Vis

495 2884 652 2949 scire,
669 2886 787 2952 quia
814 2883 1009 2953 ubique
1030 2890 1114 2937 est
1139 2883 1329 2947 Filius,
1347 2897 1443 2936 nec
1465 2880 1647 2935 estubi
1674 2881 1930 2945 mittatur,
1949 2881 2069 2934 audi

496 2977 621 3046 quid
650 2977 778 3031 dicit
808 2978 922 3043 ipse
952 2975 1146 3029 Filius:
1180 2973 1342 3029 Nemo
1370 2974 1595 3028 ascendit
1635 2974 1686 3026 in
1735 2973 1937 3039 cazlum,
1974 2974 2072 3026 nisi

497 3070 580 3137 qui
610 3068 868 3122 descendit
900 3069 960 3120 de
982 3068 1107 3121 caelo
1130 3084 1149 3132 ;
1173 3065 1343 3119 Filius
1373 3066 1611 3129 hominis,
1640 3066 1726 3134 qui
1752 3074 1822 3117 est
1847 3065 1904 3117 in
1924 3066 2065 3118 caelo.

497 3160 612 3213 Non
642 3162 783 3213 enim
815 3159 973 3226 dixit,
1002 3159 1087 3227 qui
1112 3158 1209 3212 fuit
1235 3159 1287 3211 in
1317 3158 1476 3222 cmlo,
1502 3156 1597 3211 sed
1628 3157 1715 3223 qui
1755 3163 1826 3209 est
1851 3158 1905 3210 in
1927 3157 2070 3219 caelo,

500 3262 553 3306 et
587 3263 763 3305 tamen
793 3253 846 3305 in
877 3260 1013 3305 terra
1063 3251 1407 3325 loquebatur;
1449 3250 1541 3303 sed
1573 3258 1627 3302 et
1657 3251 1707 3301 in
1757 3259 1897 3303 terra
1952 3258 2073 3304 tunc

501 3343 661 3396 homo
710 3342 808 3396 fuit
832 3350 886 3396 et
916 3341 1078 3395 Deus.
1110 3340 1240 3395 Nam
1284 3341 1325 3393 si
1359 3340 1494 3394 Deus
1526 3356 1630 3393 non
1682 3339 1777 3392 luit
1806 3341 1853 3391 in
1897 3349 2032 3393 terra
2057 3382 2069 3405 ,

501 3431 768 3501 quomodo
795 3430 968 3501 angeli
996 3431 1071 3485 illi
1100 3430 1490 3492 ministrabant,
1511 3432 1645 3483 sicut
1666 3430 1923 3496 scriptum
1947 3440 2027 3483 est
2059 3448 2070 3481 :

502 3523 567 3576 Et
597 3524 822 3576 discessit
855 3522 1089 3576 diabolus
1109 3565 1122 3590 ,
1171 3532 1218 3575 ct
1246 3530 1484 3576 venerunt
1507 3519 1696 3590 angeli,
1725 3530 1771 3574 et
1817 3522 2077 3575 ministra-

502 3617 616 3670 bant
645 3617 693 3670 ei
716 3614 897 3687 (Joan.
924 3616 1081 3685 xvn).

1154 3720 1321 3759 CAPUT
1363 3721 1434 3759 IV.

575 3796 855 3865 Quomodo
882 3796 1140 3851 rlarilicet
1162 3796 1316 3849 l’ater
1347 3783 1558 3861 Filium,
1585 3797 1662 3850 sic
1682 3796 1919 3851 docetur.
1947 3796 2075 3850 Nam

508 3900 560 3944 et
580 3889 743 3942 Filius
769 3888 1027 3941 clariﬁcal.
1046 3887 1277 3951 Patrem,
1298 3889 1432 3941 sicut
1452 3890 1707 3957 scriptum
1729 3898 1811 3942 est
1828 3890 1878 3942 in
1907 3889 2079 3941 Evan-

508 3978 644 4047 gelio
674 3977 882 4031 dicente
914 3976 1026 4044 ipso
1052 3976 1189 4030 Filio
1211 3977 1275 4029 ad
1303 3977 1511 4031 Patrem
1548 3994 1561 4031 :
1588 3977 1697 4047 Ego
1729 3986 1775 4031 te
1802 3977 2080 4046 rlariﬁcavi

508 4085 661 4138 super
684 4076 893 4120 terram.
920 4066 1111 4121 lterum
1144 4067 1257 4135 ipse
1285 4068 1321 4120 [θ
1330 4069 1447 4123 ilius
1477 4068 1604 4122 dicit
1632 4087 1643 4119 :
1679 4069 1859 4133 Pater,
1888 4068 2081 4136 clariﬁ-

511 4176 568 4214 ca
596 4159 795 4213 Filium
824 4168 986 4225 tuum,
1018 4168 1069 4212 ut
1092 4168 1136 4212 et
1162 4157 1332 4212 Filius
1365 4170 1479 4212 tuus
1507 4160 1748 4227 clariﬁcet
1773 4169 1838 4212 te.
1877 4162 1937 4213 Et
1968 4161 2082 4229 ipse

512 4250 744 4320 Spiritus
773 4259 987 4303 sanctus
1012 4249 1265 4303 clat'ilicat
1290 4249 1478 4303 Filium
1498 4289 1513 4313 ,
1546 4251 1665 4317 quia
1688 4249 1941 4317 scriptum
1966 4263 2079 4304 esu

515 4341 634 4410 Ipse
661 4357 742 4393 me
770 4338 1102 4408 clariﬁcabit,
1134 4340 1255 4408 quia
1297 4340 1356 4391 de
1387 4354 1494 4390 meo
1517 4340 1763 4408 accipiet,
1789 4351 1835 4392 et
1876 4356 2081 4393 annun-

2163 1872 2317 1926 stum,
2348 1861 2443 1916 Dei
2470 1864 2725 1930 virtutem,
2761 1873 2804 1916 et
2827 1861 2922 1916 Dei
2940 1862 3261 1931 sapientiam.
3298 1863 3424 1915 Item
3455 1863 3574 1930 ipse
3617 1877 3746 1919 cum

2164 1955 2231 2008 de
2255 1953 2451 2008 Iudaeis
2481 1954 2747 2022 loquitur:
2775 1952 3004 2018 Quorum
3034 1961 3223 2020 patres,
3257 1952 3446 2019 inquit,
3472 1960 3518 2004 et
3544 1967 3609 2004 ea:
3630 1953 3748 2021 qui‘

2165 2045 2255 2098 bus
2278 2042 2510 2097 Christus
2552 2043 2830 2096 secundum
2868 2058 3093 2108 carnem,
3136 2042 3225 2111 qui
3275 2051 3346 2094 est
3373 2057 3529 2110 super
3562 2042 3746 2094 omnia

2166 2136 2300 2189 Deus
2322 2135 2610 2187 benedictus
2639 2135 2691 2186 in
2709 2134 2917 2187 scecula.
2942 2134 3135 2187 Amen.

2811 2242 2976 2280 CAPUT
3016 2243 3085 2279 VL

2238 2319 2413 2383 Quare
2428 2318 2619 2372 dixerit
2641 2317 2807 2371 Filius
2831 2335 2843 2368 :
2877 2316 3031 2371 Pater
3060 2319 3225 2387 major
3247 2332 3325 2369 me
3348 2325 3441 2381 est,
3466 2318 3549 2371 vel
3574 2330 3750 2384 quare

2168 2411 2368 2465 dictum
2394 2408 2465 2465 sit
2492 2408 2635 2479 quod
2662 2408 2821 2464 Pater
2834 2408 3050 2463 tradidit
3075 2407 3261 2460 Filium
3285 2422 3460 2473 suum,
3492 2407 3748 2461 docetur.

2169 2501 2436 2573 Scriptum
2468 2511 2551 2556 est
2587 2500 2641 2555 in
2673 2500 2880 2570 psalmo
2903 2540 2918 2567 ,
2965 2499 3101 2553 Filio
3153 2498 3362 2554 dicente
3386 2498 3451 2551 ad
3482 2498 3696 2551 Patrem
3728 2512 3746 2548 :

2173 2593 2249 2647 De
2276 2600 2444 2647 ventre
2472 2593 2651 2646 matris
2679 2608 2802 2647 mete
2849 2591 2987 2646 Deus
3035 2607 3175 2644 meus
3195 2605 3248 2644 es
3276 2598 3332 2642 tu
3361 2587 3547 2661 (Psal.
3592 2588 3747 2656 ut).

2171 2682 2313 2753 Ergo
2339 2684 2408 2739 de
2437 2691 2625 2738 ventre
2651 2685 2837 2737 matris
2878 2692 2961 2738 est
2986 2682 3125 2736 Deus
3154 2682 3271 2750 ejus
3314 2680 3503 2747 Pater,
3536 2688 3591 2733 et
3620 2678 3750 2733 ideo

2173 2777 2343 2844 major
2372 2783 2456 2830 est
2487 2773 2664 2829 Pater.
2696 2774 2825 2829 ltem
2853 2774 2967 2843 ipse
2999 2774 3038 2827 F
3042 2775 3162 2827 ilius
3189 2773 3240 2826 in
3270 2774 3474 2842 psalmo
3501 2771 3665 2825 dicit:
3698 2770 3749 2824 O

2177 2867 2413 2931 Domine,
2446 2881 2538 2937 ego
2567 2881 2735 2919 servus
2762 2873 2893 2931 tuus,
2927 2882 3020 2935 ego
3062 2880 3234 2918 servus
3264 2871 3382 2916 tuus
3411 2871 3457 2917 et
3483 2862 3625 2930 ﬁlius
3652 2878 3749 2915 an-

2174 2960 2307 3013 cillw
2336 2970 2440 3013 tua:
2470 2956 2637 3024 (Psal.
2669 2961 2820 3024 cxv),
2845 2957 2897 3011 id
2939 2966 3020 3012 est
3043 2955 3239 3009 Μυῖα).
3274 2954 3388 3023 ipse
3417 2964 3500 3009 est
3527 2968 3749 3018 servus,

2176 3062 2226 3104 et
2256 3050 2379 3105 inde
2408 3050 2579 3118 major
2599 3059 2680 3103 est
2707 3049 2881 3104 Pater.
2915 3048 3042 3102 Item
3076 3064 3089 3100 :
3116 3046 3273 3109 Deus,
3306 3045 3447 3101 Deus
3474 3062 3638 3113 meus,
3668 3063 3750 3099 re-

2179 3144 2313 3211 spice
2333 3142 2387 3195 in
2416 3157 2495 3194 me
2517 3155 2536 3195 :
2556 3156 2712 3207 quare
2741 3155 2818 3192 me
2838 3136 3150 3208 dereliquisti
3167 3135 3339 3207 (ιλ-και.
3368 3135 3480 3205 ΠΙ)
3506 3137 3529 3188 ?
3554 3136 3619 3188 Et
3651 3136 3749 3189 ite-

2175 3249 2291 3287 rum
2320 3253 2333 3286 :
2365 3232 2579 3288 Salvum
2605 3248 2683 3285 me
2706 3233 2788 3301 [ac
2817 3247 2878 3284 ea:
2916 3246 3000 3283 ore
3021 3229 3200 3282 leonis.
3234 3229 3355 3281 [hec
3384 3229 3447 3278 ad
3476 3227 3746 3279 hominem

2180 3328 2473 3396 pertinent;
2506 3341 2628 3379 nam
2660 3336 2709 3378 et
2733 3324 2846 3392 ipse
2875 3322 2978 3376 ait:
3010 3321 3317 3375 Poleslatem
3346 3320 3501 3371 habeo
3528 3319 3749 3388 ponendi

2177 3421 2402 3474 animam
2440 3434 2637 3483 meant,
2670 3424 2718 3470 et
2745 3423 3039 3486 potestatem
3082 3412 3240 3466 habeo
3298 3412 3479 3464 iterum
3516 3409 3749 3462 sumendi

2177 3529 2321 3571 eam:
2345 3526 2489 3564 nemo
2513 3526 2625 3563 eam
2648 3508 2779 3563 tollit
2801 3525 2830 3559 a
2856 3524 2954 3573 me,
2992 3508 3079 3561 sed
3106 3522 3195 3577 ego
3225 3522 3355 3576 pono
3376 3520 3487 3558 eam
3513 3519 3547 3555 a
3576 3518 3679 3565 me,
3706 3512 3749 3553 et

2176 3605 2357 3658 iterum
2379 3615 2523 3654 sumo
2549 3616 2660 3653 eam
2685 3598 2998 3672 (Joan.xx).
3032 3598 3088 3651 lo
3122 3595 3349 3664 psalm.:
3385 3591 3495 3663 Ego
3536 3590 3749 3643 dormivi

2179 3704 2226 3747 et
2252 3709 2486 3747 somnum
2531 3691 2659 3761 cepi,
2709 3700 2755 3745 et
2780 3690 3049 3753 resurre'ci,
3078 3690 3195 3757 quia
3245 3687 3489 3740 Dominus
3530 3684 3747 3749 suscepit

2180 3799 2274 3836 me.
2308 3784 2375 3837 Et
2404 3782 2707 3850 Apostolus,
2728 3780 2849 3849 quia
2877 3780 3068 3847 seipse
3096 3778 3261 3831 Filius
3284 3775 3520 3841 tradidit,
3548 3776 3626 3826 sic
3645 3772 3742 3823 ait:

2184 3876 2282 3943 Qui
2313 3893 2390 3929 me
2419 3875 2617 3939 dilexit,
2650 3873 2838 3942 inquit,
2870 3882 2915 3926 et
2939 3871 3146 3924 tradidit
3174 3869 3492 3937 semetipsum
3529 3879 3620 3933 pro
3648 3878 3743 3914 me.

2184 3969 2311 4021 Item
2345 3968 2457 4034 ipse
2482 3966 2770 4036 Apostolus
2801 3982 2813 4016 :
2848 3964 2948 4028 Qui
2978 3962 3187 4026 dilexit,
3224 3958 3421 4026 inquit,
3469 3952 3746 4007 Ecclesium

2180 4077 2347 4129 suam,
2376 4070 2422 4113 et
2447 4058 2658 4112 tradidit
2684 4055 3005 4125 semetipsum
3035 4067 3125 4122 pro
3148 4066 3229 4117 ea,
3262 4048 3515 4101 mandans
3534 4060 3644 4098 eam
3662 4041 3738 4094 la-

2184 4168 2332 4205 vacro
2355 4166 2499 4220 aquis
2519 4167 2552 4203 η
2578 4149 2743 4202 verba.
2762 4148 2894 4201 Item
2919 4147 2970 4199 in
3001 4142 3236 4213 Epistula
3260 4140 3453 4195 Paulus
3476 4138 3543 4191 ad
3569 4134 3738 4201 Ephe-

2185 4244 2292 4298 sios
2319 4260 2330 4295 :
2376 4242 2523 4297 Sicut
2560 4248 2605 4295 et
2631 4239 2884 4300 Christus,
2912 4235 3099 4305 inquit,
3128 4231 3307 4285 dilexit
3336 4245 3429 4282 nos
3457 4237 3505 4282 et
3532 4222 3741 4279 tradidit

2185 4338 2510 4403 semetipsum
2536 4350 2628 4402 pro
2660 4333 2822 4387 nobis.
2867 4330 2999 4386 Item
3038 4329 3091 4383 in
3120 4326 3327 4396 psalmo
3362 4326 3475 4393 ipse
3493 4320 3655 4375 dicit:
3684 4318 3745 4372 Ut

515 4433 655 4486 tiabit
680 4431 839 4487 vobis.
864 4429 917 4485 Si
941 4444 1069 4498 ergo
1086 4428 1343 4482 clarilicat
1370 4429 1596 4495 Spiritus
1625 4436 1838 4483 sanctus
1864 4430 2080 4495 Filium,
2114 4458 2165 4516 ι)
2192 4431 2375 4499 faciam
2406 4429 2709 4483 voluntatem
2741 4435 2899 4489 tuam,
2928 4424 3064 4478 Deus
3095 4438 3257 4486 meus,
3280 4418 3439 4473 volui.
3479 4416 3644 4471 Homo
3674 4412 3744 4466 di-

512 4539 781 4594 nunquam
812 4523 986 4591 major
1012 4532 1094 4576 est
1146 4520 1279 4575 Filio
1325 4521 1552 4588 Spiritus
1592 4532 1828 4577 sanctus.
1870 4522 1933 4575 Et
1974 4523 2087 4590 ipse

520 4617 682 4671 Filius
711 4615 838 4669 dicit
866 4616 920 4668 in
952 4614 1156 4683 psalmo
1183 4629 1196 4666 :
1231 4613 1555 4680 Sacriﬁcium
1584 4614 1753 4666 laudis
1781 4615 2089 4682 honoriﬁca-

520 4706 592 4757 bit
621 4719 719 4757 me.
735 4703 871 4772 Ergo
892 4704 1210 4758 sacriﬁcium
1230 4702 1399 4755 laudis
1422 4701 1789 4757 holocaustum
1824 4704 2089 4772 passionis

518 4794 815 4864 accipitur;
853 4795 903 4847 in
936 4796 1182 4862 passione
1216 4809 1342 4864 ergo
1372 4795 1696 4849 clariﬁcatur
1740 4796 1927 4860 homo,
1966 4811 2087 4848 nam

525 4892 663 4945 Deus
693 4898 908 4952 semper
933 4892 1015 4937 est
1041 4884 1327 4953 gloriosus.
1365 4883 1455 4937 Vis
1482 4884 1618 4939 scire
1644 4886 1763 4954 quia
1788 4901 1891 4938 non
1918 4886 2087 4939 solum

520 4990 735 5045 semper
763 4975 1026 5044 gloriosus
1050 4973 1146 5026 l'uit
1174 4972 1356 5037 Filius,
1373 4973 1466 5027 sed
1486 4982 1539 5026 et
1556 4973 1696 5027 Deus
1720 4973 1901 5042 gloria:
1924 4972 2019 5026 luit
2036 4984 2090 5027 et

528 5076 628 5129 est,
654 5066 926 5134 apostolus
949 5064 1140 5119 Paulus
1155 5066 1278 5119 dicit
1299 5065 1367 5120 de
1391 5065 1618 5119 Jndmis:
1652 5065 1711 5120 Si
1738 5067 1869 5119 enim
1898 5081 2087 5135 cagno-

522 5158 729 5222 vissent,
761 5172 1015 5226 nunquam
1038 5155 1309 5207 Dominum
1330 5155 1508 5225 gloria:
1534 5157 1926 5223 cruciﬁxissent.
1942 5155 2090 5209 Nunc

519 5264 650 5319 ergo
679 5249 768 5319 qui
800 5250 934 5302 mori
966 5247 1156 5316 potuit,
1184 5248 1296 5315 ipse
1316 5257 1369 5300 et
1395 5247 1683 5316 gloriﬁcari
1714 5249 1906 5315 potuit,
1933 5247 2091 5301 homo

524 5350 750 5396 tantum.
772 5339 903 5394 Nam
932 5340 1049 5392 audi
1072 5338 1195 5407 quid
1218 5339 1359 5393 dicat
1387 5341 1499 5407 ipse
1523 5338 1707 5402 Filius,
1741 5340 2007 5408 quomodo
2034 5355 2093 5394 se

519 5436 634 5502 ipse
652 5434 969 5490 sanctiﬁcat:
991 5430 1057 5485 In
1076 5433 1303 5496 veritate,
1318 5432 1524 5496 dicens,
1540 5432 1801 5499 sancti/ica
1825 5432 2089 5500 meipsum.

852 5572 855 5573 ν
1182 5540 1347 5579 CAPUT
1388 5540 1440 5577 ν.

592 5616 746 5682 Quod
774 5618 1113 5687 omnipotens
1142 5626 1224 5672 est
1257 5617 1440 5680 Filius,
1477 5616 1554 5671 sic
1579 5616 1821 5671 docetur.
1851 5614 1905 5668 In
1940 5614 2095 5669 Salo-

542 5688 702 5762 molle
721 5706 950 5774 legitur:
986 5708 1314 5776 Omnipotens
1343 5723 1502 5763 sermo
1543 5717 1679 5775 tuus,
1713 5706 1950 5770 Domine,
1987 5706 2091 5759 exi-

2192 4522 2265 4576 cit
2290 4521 2341 4574 in
2374 4520 2615 4588 psalmo:
2647 4516 2782 4571 Deus
2828 4532 2991 4581 incus,
3029 4511 3297 4583 quomodo
3326 4508 3568 4577 superius
3592 4502 3743 4558 dixit:

2195 4614 2270 4665 De
2284 4620 2452 4665 ventre
2481 4610 2654 4663 matris
2676 4624 2799 4661 mete
2827 4606 2963 4660 Deus
2999 4621 3137 4659 meus
3178 4619 3230 4656 es
3260 4612 3331 4656 tu.
3364 4601 3432 4655 Et
3459 4610 3629 4653 tamen
3656 4608 3744 4661 po-

2193 4713 2304 4757 stea
2352 4701 2611 4771 sequitur,
2650 4699 2861 4769 quando
2902 4696 3074 4751 dixit:
3123 4694 3190 4749 Ut
3227 4694 3416 4763 {ariam
3454 4691 3746 4744 voluntatem

2196 4807 2360 4861 tuam,
2391 4794 2529 4850 Deus
2549 4810 2709 4857 meus,
2736 4791 2996 4859 adiunxit,
3027 4789 3181 4843 voluit
3200 4804 3217 4853 ;
3238 4784 3364 4855 quia
3390 4782 3575 4845 voluit,
3604 4778 3745 4834 fecit:

2196 4888 2310 4955 ipse
2335 4886 2475 4940 enim
2507 4884 2677 4938 estde
2698 4897 2803 4953 quo
2820 4882 3041 4936 dicitur:
3072 4878 3255 4931 Omnia
3280 4886 3589 4943 qmecunque
3607 4867 3744 4921 voluit

2197 4977 2334 5044 fecit.
2370 4975 2485 5045 Ipse
2513 4975 2655 5026 nasci
2689 4973 2875 5040 voluit,
2906 4972 3019 5039 ipse
3048 4968 3182 5022 mori
3208 4966 3410 5031 voluit,
3444 4966 3554 5033 ipse
3583 4958 3744 5013 omnia

2197 5071 2302 5137 pati
2334 5068 2522 5129 voluit,
2548 5074 2601 5119 et
2626 5064 2852 5129 esurire,
2901 5070 2955 5116 et
2984 5062 3152 5125 sitire,
3186 5067 3239 5113 et
3281 5053 3490 5117 lassari,
3516 5064 3566 5107 et
3589 5060 3745 5105 tamen

2197 5161 2490 5213 secundum
2527 5156 2817 5210 hominem.
2850 5152 2979 5206 Nam
3013 5152 3094 5204 vis
3128 5150 3268 5203 scire
3295 5146 3471 5217 qualis
3496 5145 3563 5199 sit
3599 5138 3745 5195 Filius

2202 5251 2329 5306 Dei?
2356 5250 2515 5304 Isaias
2536 5250 2663 5304 dicit
2687 5265 2698 5299 :
2726 5247 2865 5300 Deus
2881 5254 3121 5307 ceternus,
3145 5242 3229 5309 qui
3248 5242 3365 5311 fecit
3388 5250 3573 5292 (eterna
3595 5246 3743 5292 terra,

2196 5360 2297 5397 non
2329 5342 2572 5397 laboravit
2604 5354 2760 5409 neque
2807 5336 3013 5400 exui-iit,
3041 5342 3179 5395 etc.;
3225 5329 3291 5383 de
3338 5328 3477 5381 Filio
3520 5322 3659 5385 dicit,
3687 5319 3746 5371 de

2196 5450 2298 5502 qun
2328 5432 2524 5486 dictum
2550 5439 2671 5485 est:
2709 5428 2892 5481 Omnia
2934 5442 3026 5495 per
3069 5426 3234 5494 ipsum
3275 5425 3413 5492 facta
3449 5426 3583 5472 sunt.
3626 5412 3742 5467 Nam

2203 5526 2340 5579 Deus
2369 5524 2496 5577 nihil
2524 5522 2670 5586 mali,
2701 5536 2762 5575 ac
2790 5518 2989 5572 laboris
3018 5516 3122 5586 pati
3160 5514 3352 5584 potuit,
3386 5512 3471 5566 cui
3497 5509 3677 5563 dicitur
3696 5506 3741 5553 in

2196 5614 2404 5682 psalmo
2431 5629 2495 5665 xx
2520 5629 2534 5665 :
2568 5611 2688 5663 Non
2709 5610 2945 5662 accedent
2968 5606 3035 5658 ad
3056 5615 3104 5659 te
3122 5606 3277 5673 mala,
3306 5613 3353 5658 et
3375 5599 3627 5673 ﬂagellum
3655 5608 3745 5647 non

2197 5702 2619 5771 appropinquabit
2640 5698 2964 5755 tabernaculo
2987 5706 3093 5751 tua.
