4002 6188
342 266 438 322 761

981 388 1149 428 CAPUT
1198 388 1287 427 γη.

411 464 488 518 De
514 462 682 517 libera
707 462 824 517 Filii
854 473 1114 531 potestate
1150 465 1226 518 sic
1253 466 1493 518 docetur.
1529 464 1585 517 tn
1626 464 1916 531 Evangelii)

339 554 507 609 dicit:
537 551 713 619 Pater,
749 557 859 606 volo
881 564 935 605 ut
964 554 1050 605 ubi
1092 570 1184 623 ego
1235 570 1367 619 sum,
1398 564 1445 607 et
1471 554 1554 606 isti
1598 555 1699 607 sint
1724 568 1914 606 mecum

338 644 517 714 (Joan.
544 646 695 708 xvu).
725 643 840 697 Non
870 644 1025 707 dixit,
1059 653 1197 711 peto.
1231 644 1344 697 Non
1378 644 1510 698 dixit
1539 645 1592 698 in
1628 644 1914 713 Evangelia

336 737 402 789 ad
432 738 724 803 leprosum.
754 745 896 804 peto,
931 736 1023 790 sed
1070 737 1204 803 volo,
1240 738 1485 792 mundare
1532 738 1745 809 (Matth.
1770 741 1908 807 vui).

336 826 466 881 ltcm
487 827 539 879 in
571 827 857 895 Evangelia
876 827 943 880 ad
976 826 1213 891 Petrum,
1246 828 1371 880 dum
1399 842 1457 882 se
1478 838 1687 897 peteret
1715 837 1772 881 ut
1798 844 1913 881 am-

336 917 548 971 bularet
576 932 737 983 super
766 932 978 985 aquam,
1008 917 1084 970 ait
1112 917 1299 971 Jesus:
1339 917 1484 971 Veni.
1528 917 1643 971 Non
1682 918 1906 986 rogavit,

334 1008 426 1061 sed
456 1007 892 1062 venidixitJtem
933 1007 997 1061 ad
1026 1007 1383 1061 Chanaumam
1424 1008 1701 1062 mulierem
1736 1008 1907 1063 dixit:

333 1097 457 1151 Non
498 1113 612 1150 sum
647 1098 827 1151 missus
864 1097 963 1150 nisi
993 1098 1062 1149 ad
1110 1113 1225 1150 oves
1266 1114 1378 1165 qua:
1421 1100 1675 1167 perierunt
1726 1100 1909 1151 domus

334 1184 499 1241 Israel
528 1184 741 1256 (Matth.
788 1184 902 1255 xv).
937 1183 1161 1238 Gentilis
1189 1198 1305 1239 erat
1334 1186 1544 1249 mulier,
1577 1195 1754 1239 tamen
1784 1188 1906 1254 quia

333 1279 520 1343 voluit,
548 1277 790 1347 praestitit
819 1277 1132 1331 beneﬁcium
1162 1285 1213 1331 et
1241 1279 1448 1330 sanavit
1478 1278 1637 1330 ﬁliam
1672 1280 1810 1345 ejus,
1840 1278 1906 1332 ad

333 1384 490 1436 quam
524 1382 585 1422 se
606 1368 825 1420 missum
855 1381 959 1419 non
986 1380 1108 1420 esse
1132 1366 1359 1420 dixerat.
1382 1366 1495 1421 Non
1516 1367 1658 1421 enim
1690 1369 1755 1420 ad
1778 1382 1908 1436 gen-

335 1470 436 1525 tes,
467 1461 563 1512 sed
611 1458 677 1512 ad
728 1458 943 1512 Judteos
973 1466 1090 1511 erat
1133 1458 1429 1511 destinatus
1466 1459 1750 1523 Christus;
1784 1468 1908 1515 tunc

332 1554 499 1606 dixit:
538 1550 581 1604 0
601 1552 798 1615 mulier,
828 1568 1013 1619 magna
1041 1561 1114 1602 est
1142 1550 1269 1618 ﬁdes
1292 1559 1401 1613 tua,
1432 1551 1522 1617 ﬁat
1543 1551 1632 1602 tibi
1652 1554 1779 1604 sicut
1808 1554 1903 1607 vis.

334 1640 399 1694 Et
422 1652 606 1695 sanata
628 1652 697 1695 est
724 1641 834 1709 ﬁlia
864 1645 974 1713 ejus
998 1658 1061 1694 ea:
1090 1642 1180 1693 illa
1210 1640 1361 1693 hora.
1398 1643 1475 1694 Ad
1503 1656 1659 1708 quam
1689 1656 1747 1694 se
1779 1642 1906 1696 tuis-

1258 265 1587 322 LIBELLUS
1622 262 1897 320 CONTRA
1939 263 2327 323 MAXIMINUM
2368 221 2733 324 ARIANUMS

1941 374 1990 430 Α
2022 373 2206 433 Filius.
2239 376 2445 430 dicatur
2470 376 2598 430 mihi
2629 378 2897 446 quomodo
2935 390 3120 434 auctor
3147 391 3229 435 est
3266 380 3444 447 Pater,
3466 388 3582 441 sine

3493 274 3591 331 7G?

2021 482 2127 535 quo
2158 482 2427 537 nunquam
2460 468 2557 523 fuit
2601 469 2789 533 Filius,
2833 472 2953 539 quia
2987 472 3148 528 Pater
3170 475 3288 527 sine
3316 474 3590 531 voluntate

2018 572 2139 611 esse
2168 571 2273 610 non
2307 559 2513 626 potuit?
2541 560 2690 626 Quod
2714 560 3112 629 dicitur-Pater,
3143 572 3363 629 propter
3394 562 3584 616 Filium

2017 648 2231 716 dicitur,
2278 658 2334 704 et
2378 649 2467 703 ille
2513 650 2650 703 Deus
2677 650 2871 704 dicitur
2899 651 2966 705 de
2999 652 3126 705 Deo.
3152 651 3256 706 Sed
3286 652 3405 720 quia
3451 650 3582 704 dixit

2019 740 2200 801 Filius,
2220 749 2274 793 et
2297 739 2437 808 quod
2466 740 2659 794 dicitur
2683 740 2867 802 Filius.
2894 750 3108 809 pmpter
3130 741 3338 795 Patrem
3365 740 3579 795 dicitur.

2013 828 2145 883 Nam
2197 829 2309 899 Ego
2336 830 2388 881 in
2418 828 2605 893 Patre,
2644 839 2692 883 et
2728 829 2883 883 Pater
2909 831 2963 883 in
2992 846 3071 883 me
3091 870 3107 894 ,
3142 845 3245 884 non
3275 838 3579 896 separatur,

2014 922 2105 974 sed
2138 922 2257 976 ideo
2287 935 2423 975 unus
2451 930 2533 975 est
2562 922 2717 976 Deus.
2741 921 2847 976 Sed
2879 923 2921 975 si
2949 922 3124 974 minor
3148 930 3230 974 est
3254 920 3417 974 Filius
3438 935 3467 972 a
3485 920 3583 972 Pa-

2015 1020 2117 1075 tre,
2140 1025 2305 1076 quare
2333 1011 2473 1065 dixit
2502 1011 2660 1065 Pater
2674 1014 2726 1065 in
2755 1027 2834 1065 me
2855 1012 2970 1064 est?
3008 1010 3286 1079 Nunquam
3325 1008 3581 1078 majorem

2011 1106 2186 1168 potest
2214 1113 2405 1169 capere
2431 1099 2625 1153 minor.

2631 1202 2801 1241 CAPUT
2830 1203 2885 1240 ἰ.

2081 1279 2273 1333 Contra
2305 1278 2353 1331 id
2385 1278 2525 1346 quod
2550 1278 2731 1331 dicunt
2762 1278 2968 1331 Patrem
3016 1276 3306 1345 imperasse
3360 1272 3494 1329 Filio
3523 1283 3580 1329 ut

2010 1370 2207 1424 faceret
2231 1377 2549 1432 creaturam,
2581 1366 2953 1435 respondetur.
2979 1366 3109 1419 Cum
3156 1365 3337 1434 utique
3370 1373 3425 1419 et
3464 1363 3580 1432 ipse

2009 1463 2165 1517 Pater
2194 1462 2398 1524 fecerit,
2434 1475 2553 1513 nam
2584 1460 2837 1526 scriptum
2861 1469 2978 1513 est:
3024 1458 3297 1514 Faciamus
3329 1460 3579 1513 hominem

2007 1552 2075 1603 ad
2093 1551 2363 1617 imaginem
2386 1559 2432 1601 et
2451 1549 2835 1602 similitudinem
2884 1559 3109 1602 nostram
3156 1549 3305 1619 (Gen.
3364 1550 3426 1620 1).
3478 1548 3578 1605 Ubi

2007 1639 2307 1693 ostenditur
2351 1641 2547 1706 pariter
2585 1648 2853 1707 operatos,
2909 1646 2967 1692 ut
3024 1655 3185 1693 unum
3239 1641 3405 1693 Deum
3458 1655 3577 1695 esse

334 1750 450 1788 sum
484 1750 590 1787 non
620 1748 738 1787 esse
778 1733 1013 1795 dixerat,
1041 1747 1204 1800 quare
1231 1730 1556 1784 concedebat
1587 1732 1904 1785 beneﬁcium
1939 1723 1984 1781 B
2012 1744 2349 1789 monstraret.
2376 1734 2624 1803 Sequitur
2653 1732 2923 1801 Scriptura
2955 1750 2967 1784 :
3011 1731 3075 1784 Et
3113 1734 3230 1801 fecit
3256 1732 3391 1786 Deus
3419 1733 3576 1785 homi-

333 1826 422 1880 ei?
451 1826 592 1894 Ergo
622 1825 770 1878 vides
802 1826 921 1893 quia
953 1838 1070 1892 qua}
1097 1824 1264 1876 voluit
1316 1823 1460 1886 fecit,
1492 1839 1596 1876 nun
1629 1838 1745 1891 qum
1771 1824 1903 1877 alius

330 1916 637 1985 imperavit.
682 1914 811 1969 Item
862 1916 913 1968 in
956 1916 1159 1983 psalmo
1189 1915 1255 1968 de
1282 1912 1495 1968 Christo
1527 1915 1686 1967 dicit:
1724 1913 1905 1968 Omnia

329 2023 639 2077 quacunque
666 2006 917 2060 Dominus
948 2006 1104 2059 voluit
1136 2005 1253 2074 fecit
1284 2006 1336 2056 in
1385 2004 1528 2070 caelo,
1582 2013 1630 2058 et
1666 2006 1717 2058 in
1748 2014 1903 2070 terra,

329 2098 383 2151 in
404 2098 538 2151 mari
563 2108 609 2151 et
639 2096 867 2150 omnibus
895 2096 1111 2165 abyssis.
1140 2095 1255 2149 Non
1279 2095 1433 2163 dixit,
1463 2110 1792 2164 quaecunque
1814 2109 1905 2163 pe-

331 2188 469 2243 tivit.

964 2291 1134 2331 CAPUT
1162 2292 1273 2330 VIII.

398 2367 599 2423 Contra
628 2366 679 2421 id
704 2366 844 2437 quod
872 2367 1026 2421 dicit:
1052 2366 1220 2436 Major
1242 2366 1432 2434 estqui
1462 2366 1905 2447 generat,_minor

328 2469 414 2514 est
471 2461 563 2529 qui
611 2469 913 2530 generatur.
966 2461 1090 2515 llaec
1125 2459 1453 2528 temporibus
1491 2473 1902 2529 cognOscuntur,

330 2552 383 2604 iu
414 2548 632 2604 Christo
653 2559 830 2605 autem
863 2550 1005 2605 nulla
1038 2561 1162 2603 sunt
1194 2562 1459 2620 tempora,
1496 2566 1588 2619 per
1616 2566 1770 2619 quem
1797 2542 1907 2604 om?

328 2644 416 2697 nia
446 2641 582 2696 ficta
624 2650 763 2696 sunt.
796 2641 909 2696 Non
940 2650 1023 2697 est
1051 2644 1193 2696 enim
1238 2657 1304 2697 ex
1351 2652 1589 2712 tempore
1624 2642 1905 2710 sempiter-

329 2748 455 2797 nus,
478 2732 570 2802 qui
600 2741 724 2787 ante
752 2742 987 2801 tempora
1027 2735 1266 2786 noscitur
1284 2743 1588 2801 generatus,
1612 2738 1747 2786 sicut
1776 2733 1905 2800 legi-

330 2836 452 2875 mus
482 2824 602 2891 quia
638 2822 805 2875 Adam
838 2836 866 2874 a
898 2822 1047 2875 nullo
1070 2824 1285 2891 genitus
1316 2830 1431 2886 est,
1482 2831 1537 2877 et
1565 2832 1738 2877 tamen
1790 2824 1903 2889 ipse

326 2925 381 2968 et
413 2914 554 2968 ﬁlius
571 2914 688 2981 ejus
714 2914 871 2967 ambo
896 2923 1049 2967 erant
1075 2928 1229 2982 pares
1254 2924 1306 2968 et
1335 2914 1585 2983 mquales,
1611 2916 1728 2982 quia
1747 2916 1903 2969 ambo

325 3015 488 3063 erant
543 3007 810 3062 homines.
852 3008 1023 3076 Major
1064 3017 1117 3061 et
1148 3008 1319 3061 minor
1357 3010 1684 3077 temporibus
1734 3010 1897 3075 ﬁunt,

324 3102 452 3167 quia
480 3116 618 3154 unus
649 3101 904 3161 senescit,
930 3108 981 3154 et
1016 3100 1151 3153 alius
1178 3101 1392 3155 crescit.
1426 3101 1531 3155 Sed
1562 3102 1700 3170 apud
1732 3103 1896 3156 Deum
1924 3079 1969 3139 θ

326 3209 599 3261 nunquam
633 3192 845 3251 fuelunt
876 3202 1140 3261 tempom.

396 3286 515 3353 Ipsa
536 3286 677 3339 enim
709 3295 942 3353 tempora
972 3301 1064 3351 per
1087 3285 1275 3339 Filium
1305 3284 1440 3338 facta
1460 3295 1601 3353 sunt,
1618 3296 1668 3341 et
1692 3287 1822 3340 nihil
1847 3288 1898 3340 in

323 3375 437 3430 Deo
471 3375 766 3443 temporale
791 3385 891 3430 est.
942 3374 1095 3429 Tolle
1135 3391 1262 3444 ergo
1294 3384 1530 3444 tempora
1551 3416 1566 3441 ,
1598 3385 1652 3430 et
1675 3377 1900 3431 ostende

322 3466 453 3522 mihi
479 3466 736 3535 majorem
765 3475 818 3520 ct
840 3467 1122 3521 minorem.
1148 3466 1599 3533 Quemadmodum
1633 3468 1808 3521 minor
1832 3472 1901 3521 sit

322 3557 493 3611 Filius
524 3573 628 3611 non
654 3558 826 3612 solum
860 3559 1013 3612 Patre
1035 3574 1151 3625 sui»,
1177 3559 1271 3614 sed
1303 3567 1357 3613 et
1382 3559 1601 3627 angelis,
1629 3560 1900 3627 apostolus

324 3649 523 3702 Paulus
563 3648 628 3703 ad
662 3650 914 3703 Hebraeos
966 3650 1032 3703 de
1061 3650 1176 3719 ipso
1223 3650 1352 3703 dicit
1389 3666 1403 3704 :
1440 3649 1590 3702 Nunc
1613 3691 1628 3716 ,
1662 3652 1895 3716 inquam,

318 3740 521 3793 modico
562 3740 730 3793 minus
759 3740 821 3792 ab
868 3742 1061 3809 angelis
1112 3740 1415 3793 minoratum
1451 3740 1670 3793 vidimus
1699 3739 1895 3793 Jcsum.

317 3830 533 3897 Quare?
562 3831 843 3900 Sequitur:
869 3829 1087 3899 Propter
1107 3833 1389 3902 passionem
1414 3833 1587 3884 mortis
1608 3831 1789 3901 (Hebr.
1806 3846 1837 3885 ιι
1853 3830 1891 3899 ).

971 3940 1138 3978 CAPUT
1175 3942 1246 3977 ΙΧ.

386 4011 587 4066 Contra
618 4012 668 4066 id
695 4012 833 4081 quod
865 4012 1073 4071 dicunt:
1098 4016 1298 4068 Auctor
1324 4024 1405 4068 est
1432 4016 1518 4082 qui
1546 4020 1787 4083 generat,
1813 4014 1892 4068 vi-

318 4104 449 4161 dent
477 4105 820 4174 principium.
849 4105 988 4159 Patri
1021 4120 1124 4160 non
1155 4116 1236 4162 est
1256 4109 1560 4174 auctoritas,
1587 4108 1677 4161 ubi
1707 4108 1894 4161 volun-

318 4207 404 4253 tas
434 4197 577 4252 nulla
610 4205 710 4251 est.
746 4196 903 4251 Pater
941 4199 1082 4253 enim
1118 4213 1215 4252 nec
1237 4199 1419 4253 volens
1462 4216 1560 4254 nec
1588 4200 1777 4254 nolens
1804 4215 1893 4269 ge-

317 4288 460 4353 nuit,
494 4287 587 4341 sed
636 4297 843 4341 natura.
878 4287 1008 4341 Nam
1058 4289 1101 4343 si
1150 4289 1336 4343 volens
1372 4292 1579 4357 genuit,
1622 4306 1749 4358 ergo
1779 4291 1888 4358 ipsa

315 4381 563 4435 voluntas
609 4380 781 4433 Patris
808 4380 974 4433 Filius
1013 4389 1125 4444 est,
1168 4381 1304 4434 sicut
1348 4381 1591 4449 legimus.
1616 4381 1747 4448 Quia
1778 4381 1889 4449 ipse

315 4481 398 4526 est
418 4472 640 4525 verbum
666 4479 719 4525 et
748 4471 915 4524 virtus
943 4480 998 4525 et
1018 4470 1275 4538 sapientia
1297 4487 1311 4535 ;
1337 4472 1449 4541 ipse
1471 4481 1554 4526 est
1572 4482 1625 4526 et
1646 4474 1887 4527 voluntas

316 4562 509 4615 Patris.
541 4561 597 4616 Si
636 4562 923 4630 aliquando
954 4575 1060 4617 non
1110 4560 1205 4614 fuit
1234 4561 1399 4616 Filius
1419 4602 1434 4626 ,
1465 4564 1751 4631 aliquando
1779 4580 1885 4618 non

316 4655 411 4706 fuit
440 4653 615 4715 Pater,
645 4653 764 4721 quia
797 4654 953 4706 Pater
980 4668 1101 4707 esse
1134 4670 1235 4706 non
1260 4655 1450 4722 potuit,
1485 4656 1527 4708 si
1564 4656 1752 4709 Filium
1780 4673 1884 4711 non

317 4743 610 4796 habuisset.
649 4743 755 4799 Sed
791 4744 926 4796 sicut
961 4744 1113 4796 Pater
1137 4752 1369 4798 a-tetnus
1405 4755 1506 4805 cst.
1541 4747 1609 4799 ita
1641 4756 1695 4801 et
1719 4747 1885 4801 Filius

312 4842 542 4886 :rternus
574 4842 674 4898 est,
703 4834 770 4888 de
794 4848 898 4902 quo
924 4835 1176 4901 scriptum
1212 4846 1289 4887 cst
1328 4854 1342 4891 :
1385 4834 1449 4888 In
1475 4837 1731 4907 primipio
1776 4846 1882 4890 erat

322 4923 561 4987 Verbum,
593 4934 637 4976 et
693 4923 909 4977 Verbum
940 4935 1045 4977 erat
1085 4925 1226 4995 apud
1271 4926 1465 4990 Deum;
1512 4936 1558 4979 et
1605 4926 1742 4979 Deus
1778 4937 1882 4981 erat

322 5014 560 5078 Verbum,
583 5016 677 5069 ltoc
703 5027 812 5069 erat
837 5017 890 5069 in
936 5018 1189 5088 principio
1230 5019 1372 5085 apud
1417 5017 1578 5071 Deum
1610 5020 1787 5089 (Joan.
1818 5021 1879 5087 ι).

312 5105 421 5159 Non
456 5108 662 5175 capitur
691 5117 950 5177 tempore,
980 5123 1087 5161 non
1120 5108 1282 5163 habet
1311 5109 1543 5173 initium,
1578 5125 1675 5163 nec
1725 5110 1882 5162 inclu-

313 5198 451 5251 ditur
478 5199 714 5254 smculis.
752 5200 815 5253 Et
846 5200 895 5253 in
925 5201 1128 5268 psalmo
1153 5200 1280 5253 dicit
1307 5201 1471 5254 Filius
1519 5200 1582 5254 ad
1625 5200 1831 5254 Patrem
1865 5217 1878 5253 :

315 5286 421 5358 Ego
451 5306 648 5358 semper
694 5300 859 5342 tecum
887 5306 1020 5343 sum.
1053 5291 1105 5344 Si
1145 5292 1287 5343 enim
1319 5306 1531 5357 semper
1559 5305 1676 5344 cum
1726 5291 1883 5345 Patre

314 5379 408 5430 luit
438 5378 625 5444 Filius,
654 5380 919 5444 quomodo
948 5388 1134 5434 auctor
1164 5390 1244 5434 est
1276 5382 1452 5446 Pater,
1485 5381 1570 5447 qui
1605 5390 1727 5433 ante
1750 5397 1885 5432 nun-

313 5485 465 5535 quam
508 5471 604 5523 fuit
633 5471 655 5523 ?
707 5471 833 5523 Item
866 5471 931 5526 dc
962 5471 1077 5538 ipso
1122 5472 1335 5536 dicitur,
1374 5469 1683 5539 Priusquam
1711 5471 1884 5538 ﬁerent

314 5570 522 5626 montes,
575 5568 621 5612 et
651 5561 924 5629 ﬁngeretur
967 5572 1122 5624 terra,
1154 5570 1198 5613 et
1229 5560 1362 5614 orbis
1408 5571 1577 5625 terraz,
1618 5576 1649 5612 a
1697 5561 1881 5613 steculo

314 5666 463 5713 usque
491 5653 545 5704 in
574 5653 813 5705 sa‘culttm
838 5663 888 5705 tu
922 5671 989 5707 rs.
1017 5654 1073 5709 Si
1103 5654 1261 5717 igitur
1299 5656 1541 5709 voluntas
1587 5662 1668 5709 est
1708 5652 1879 5707 Patris

1912 4428 1967 4487 D

2008 1841 2123 1878 nent
2151 1824 2218 1875 ad
2243 1825 2517 1892 imaginem
2540 1834 2584 1876 et
2606 1823 2993 1875 similitudinem
3015 1838 3182 1876 suam.
3208 1823 3320 1877 Non
3349 1823 3481 1876 dixit
3507 1824 3575 1876 te.

2004 1925 2196 1970 certtnt
2221 1916 2315 1979 dii,
2333 1930 2451 1968 cum
2471 1914 2690 1967 dixisset
2706 1914 2952 1983 faciamus
2976 1914 3265 1977 hominem;
3295 1914 3386 1966 sed
3409 1912 3577 1966 dixit:

2008 2003 2148 2059 Deus
2198 2006 2314 2072 fecit
2358 2003 2612 2056 hominem
2665 2003 2731 2054 ad
2780 2003 3055 2072 imaginem
3100 2012 3145 2055 et
3190 2001 3577 2054 similitudinem

2006 2110 2172 2147 suam.
2207 2094 2334 2148 Item
2360 2093 2405 2146 si
2438 2093 2594 2146 Pater
2617 2106 2721 2145 non
2748 2090 2875 2145 fecit
2900 2100 3217 2153 creaturam,
3241 2101 3295 2144 et
3315 2092 3582 2156 quomodo

2008 2185 2135 2239 dicit
2165 2184 2331 2237 Filius
2357 2199 2373 2240 :
2405 2181 2562 2235 Pater
2580 2198 2723 2235 meus
2744 2197 2901 2249 usque
2923 2180 3075 2234 modo
3119 2188 3383 2248 operatur,
3413 2190 3462 2233 et
3486 2195 3580 2250 ego

2008 2274 2228 2345 operor?
2249 2274 2377 2328 ltem
2407 2273 2453 2327 si
2484 2274 2643 2329 Pater
2671 2288 2776 2326 non
2808 2272 2930 2327 fecit
2975 2280 3271 2326 creaturam
3294 2311 3308 2334 ,
3349 2279 3404 2325 et
3445 2285 3579 2339 quo-

2008 2368 2167 2420 modo
2195 2367 2375 2421 dicunt
2402 2365 2630 2435 apostoli
2650 2366 2715 2419 ad
2740 2365 2949 2418 Patrem
2983 2381 2997 2417 :
3030 2362 3107 2416 Tu
3136 2379 3210 2427 es,
3240 2361 3579 2429 Domine,qui

2008 2458 2171 2527 feciin
2193 2456 2374 2510 caelum
2402 2468 2448 2509 et
2478 2465 2686 2519 terram,
2710 2471 2847 2508 mare
2868 2464 2911 2507 et
2936 2454 3108 2506 omnia
3128 2468 3241 2522 qua:
3266 2454 3319 2503 in
3343 2452 3415 2505 eis
3435 2458 3577 2516 sunt,

2006 2548 2093 2615 qui
2114 2563 2202 2613 per
2226 2562 2280 2598 os
2302 2546 2464 2597 sancti
2497 2545 2642 2611 pueri
2673 2545 2747 2596 tui
2775 2542 2942 2595 David
2967 2543 3140 2593 diiisti
3192 2556 3211 2593 :
3263 2539 3434 2604 Quare
3476 2538 3577 2607 fre-

2007 2649 2240 2693 muerunt
2260 2651 2452 2710 gentes,
2478 2648 2522 2691 et
2546 2636 2723 2704 pepuli
2753 2633 2980 2688 meditati
3009 2640 3125 2683 sunt
3155 2631 3327 2682 inania
3350 2629 3575 2683 ?Astite-

2006 2742 2124 2785 runt
2147 2748 2286 2801 reges
2309 2742 2476 2792 terraz,
2499 2738 2545 2782 et
2574 2728 2829 2798 principes
2850 2731 3185 2777 convenerunt
3223 2723 3275 2774 in
3298 2737 3456 2773 unum
3480 2721 3574 2773 ad-

2005 2838 2174 2876 versus
2197 2820 2491 2884 Dominum,
2515 2828 2561 2872 et
2588 2818 2827 2869 adversus
2850 2812 3107 2867 Cltristum
3134 2813 3242 2881 ejus
3279 2808 3458 2883 (Psal.
3488 2810 3572 2879 It).

2006 2911 2355 2967 Conrenerunt
2384 2911 2517 2962 enim
2540 2911 2589 2959 in
2619 2908 2824 2960 veritate
2844 2906 2895 2957 in
2920 2904 3119 2957 civitate
3150 2904 3246 2954 ista
3271 2916 3422 2969 super
3451 2915 3572 2952 san-

2007 3014 2142 3057 ctum
2170 3017 2383 3072 puerum
2411 3011 2552 3052 tuum
2575 2997 2752 3050 Jesum
2772 2995 3044 3054 Christum,
3065 3008 3215 3062 quem
3238 2991 3451 3055 unxisti,
3468 2988 3575 3042 He-

2002 3096 2153 3148 rodes
2178 3102 2223 3145 et
2250 3091 2466 3145 Pontius
2496 3087 2698 3141 Pilatus
2736 3102 2851 3139 cum
2889 3083 3139 3156 gentibus,
3161 3091 3209 3135 et
3248 3090 3353 3134 toto
3386 3080 3569 3146 Israel,

2003 3198 2049 3240 et
2081 3188 2305 3254 fecerunt
2329 3185 2458 3237 sicut
2482 3197 2661 3234 manus
2687 3189 2776 3232 tua
2796 3188 2840 3231 et
2856 3178 3125 3230 consilium
3148 3185 3293 3227 tuum
3319 3174 3573 3245 pne/inie-

2002 3287 2082 3330 rat
2115 3275 2370 3346 (Acen).
2406 3274 2544 3342 Ergo
2572 3271 2639 3325 de
2690 3268 2902 3323 Christo
2960 3267 3310 3336 loquebantur
3358 3267 3423 3318 ad
3478 3266 3572 3318 Pa-

2003 3376 2159 3431 trem,
2183 3365 2270 3433 qui
2302 3363 2545 3417 dicebant
2578 3378 2591 3414 :
2623 3359 2699 3413 Tu
2722 3376 2793 3425 es,
2827 3357 3061 3419 Domine,
3086 3357 3173 3425 qui
3202 3356 3365 3424 fecisti
3394 3356 3572 3407 cretum

2000 3466 2047 3509 et
2070 3464 2275 3515 terram,
2305 3467 2443 3523 mare
2470 3459 2514 3503 et
2543 3449 2716 3501 omnia
2742 3462 2855 3517 qute
2872 3448 2923 3498 in
2946 3450 3018 3498 eis
3042 3453 3182 3497 sunt.
3214 3445 3353 3512 Lege
3386 3446 3435 3496 in
3468 3447 3571 3498 Ac-

2002 3546 2140 3598 tibus
2172 3541 2571 3611 Apostolorum,
2603 3547 2656 3592 ct
2684 3537 2922 3591 invenies
2945 3535 3009 3589 de
3040 3534 3177 3588 Filio
3219 3526 3327 3588 dici
3367 3531 3435 3586 ad
3474 3532 3571 3586 Pa-

2001 3645 2133 3689 trem
2164 3634 2317 3687 istam
2340 3631 2679 3687 sententiam.

2634 3734 2803 3774 CAPUT
2844 3735 2875 3773 Χ
2886 3734 2897 3771 1
2908 3757 2921 3771 .

2069 3819 2202 3885 Quia
2233 3819 2370 3871 Deus
2397 3824 2481 3871 est
2507 3815 2731 3884 Spiritus
2754 3823 2994 3876 sanctus,
3018 3812 3094 3865 sic
3109 3810 3351 3865 docetur.
3377 3806 3566 3862 Petrus

1999 3910 2062 3963 ad
2091 3924 2210 3963 cum
2242 3908 2330 3978 qui
2359 3907 2696 3962 subtraxerat
2717 3904 2785 3958 de
2814 3904 2987 3973 pretio
3018 3902 3162 3956 villa:
3213 3901 3347 3955 dixit
3382 3916 3394 3952 :
3431 3898 3566 3963 Quid

1995 4011 2068 4054 est
2109 4000 2247 4069 quod
2275 3996 2500 4067 implevit
2540 3995 2763 4051 Satanas
2812 4010 2898 4047 cor
2929 4001 3069 4045 tuum
3116 3990 3319 4043 mentiri
3351 3988 3569 4056 Spiritui

1996 4095 2215 4146 sancto?
2254 4093 2314 4146 Et
2352 4088 2691 4160 postmodum
2733 4085 2973 4155 adjunxit
3008 4101 3020 4135 :
3060 4082 3181 4135 Non
3233 4097 3285 4134 es
3332 4080 3567 4132 mentitus

1995 4184 2300 4248 hominibus,
2317 4184 2406 4237 sed
2434 4181 2539 4235 Deo
2566 4180 2703 4251 (Act.
2721 4177 2804 4246 v).
2821 4178 2948 4231 Item
2972 4174 3023 4227 in
3042 4173 3259 4227 Actibus
3282 4168 3568 4238 Apostolo-

1995 4292 2111 4331 rum
2139 4274 2409 4340 scribitur,
2443 4270 2601 4325 Petro
2626 4268 2892 4337 cogitante
2918 4272 2971 4318 et
3001 4264 3278 4317 haesitante
3317 4259 3384 4314 de
3412 4258 3528 4312 visu
3547 4300 3561 4326 ,

1993 4369 2120 4423 dicit
2145 4365 2374 4436 Spiritus
2398 4373 2611 4419 sanctus
2645 4380 2657 4413 :
2691 4359 2823 4413 Ecce
2849 4358 2943 4411 viri
2975 4362 3203 4426 quaarunt
3230 4364 3307 4417 te;
3327 4367 3559 4420 exsurge,

1994 4470 2041 4512 et
2063 4457 2327 4521 descende,
2349 4465 2395 4509 et
2415 4455 2541 4509 vade
2559 4469 2672 4507 cum
2697 4452 2801 4505 illis
2829 4449 2959 4501 nihil
3002 4445 3257 4513 dubitans,
3306 4444 3427 4513 quia
3469 4460 3563 4512 ego

1994 4554 2109 4607 illos
2135 4551 2251 4604 misi
2274 4550 2343 4602 ad
2366 4558 2433 4602 te.
2459 4546 2527 4600 Et
2552 4546 2752 4599 veniens
2776 4541 2961 4596 Petrus
2987 4539 3052 4591 ad
3075 4537 3360 4591 Cornelium
3392 4535 3522 4588 dixit
3545 4550 3566 4590 :

1994 4644 2060 4697 In
2085 4645 2291 4697 veritate
2327 4640 2432 4694 scio
2473 4639 2593 4708 quia
2614 4653 2716 4689 non
2744 4640 2817 4687 est
2847 4644 3181 4700 personarum
3225 4627 3361 4679 Deus
3410 4641 3560 4677 acce-

1993 4748 2108 4807 ptor
2135 4734 2274 4804 (Act.
2298 4733 2379 4801 x).
2407 4729 2487 4785 Ad
2514 4727 2763 4798 gentilem
2794 4725 2936 4779 enim
2994 4722 3188 4774 missus
3241 4718 3308 4771 ab
3361 4716 3563 4785 Spiritu

1992 4836 2197 4892 sancto,
2230 4827 2349 4896 quia
2379 4824 2553 4879 adhuc
2578 4819 2822 4889 gentibus
2853 4831 2956 4870 non
2981 4812 3367 4883 praedicabatur
3391 4811 3563 4863 Evan-

1991 4922 2210 4992 gelium,
2242 4916 2334 4973 sed
2358 4916 2483 4970 solis
2507 4912 2724 4967 Iudaeis.
2754 4910 2883 4963 ltcm
2927 4907 2978 4959 in
3025 4903 3365 4992 Evangelia:
3406 4897 3560 4951 Jesus

1991 4991 2160 5066 autem
2191 5010 2391 5080 Spiritu
2420 5014 2594 5059 sancto
2617 5003 2792 5072 plenus
2817 5013 3076 5067 regressus
3115 5005 3186 5047 est
3225 5011 3275 5047 at
3303 4991 3558 5046 Jordane.

1993 5104 2072 5157 An
2108 5116 2211 5154 non
2243 5106 2323 5152 est
2352 5096 2493 5150 Deus
2521 5092 2607 5161 qui
2638 5091 2824 5159 implet
2871 5084 3070 5142 Deum?
3108 5084 3247 5154 Ergo
3278 5084 3418 5137 Deus
3445 5092 3559 5136 erat

1992 5195 2047 5248 in
2078 5192 2310 5255 Christo,
2342 5202 2449 5258 quo
2472 5186 2656 5255 plenus
2684 5190 2768 5235 est.
2796 5192 3071 5249 regressus
3094 5191 3119 5229 a
3149 5175 3399 5231 Jordane.
3423 5173 3555 5226 Item

1992 5281 2278 5352 Apostolus
2313 5297 2325 5331 :
2355 5276 2573 5332 Nescitis
2598 5273 2716 5342 quia
2748 5285 2962 5339 corpora
2999 5276 3165 5321 uestra
3211 5262 3453 5332 templum
3499 5261 3556 5313 in

1989 5373 2124 5427 vobis
2141 5382 2212 5426 est
2240 5370 2464 5439 Spiritus
2492 5365 2696 5421 sancti?
2723 5362 2951 5417 Secutus
2979 5368 3061 5414 est
3088 5373 3101 5410 :
3129 5355 3418 5421 Glorificate
3438 5367 3557 5422 ergo

1991 5466 2153 5521 Deum
2176 5466 2227 5517 in
2254 5478 2462 5532 corpore
2490 5468 2672 5513 vestro.
2698 5456 2826 5510 ltem
2865 5455 2915 5506 in
2963 5450 3246 5505 Salomone
3280 5462 3292 5496 :
3328 5443 3557 5513 Spiritus

1988 5556 2197 5611 Domini
2225 5552 2433 5624 replevit
2456 5550 2622 5604 orbem
2646 5558 2914 5601 terrarum.
2946 5540 3075 5593 Item
3104 5535 3288 5591 Esnias
3320 5534 3555 5603 prophe-

1991 5664 2040 5707 ta
2066 5668 2078 5706 :
2115 5646 2179 5701 Et
2212 5646 2352 5700 Dixit
2380 5642 2623 5698 Dominus
2644 5640 2711 5692 ad
2734 5650 2850 5689 me:
2881 5632 3046 5696 Vade,
3073 5630 3155 5685 die
3190 5628 3382 5700 papula
3412 5627 3553 5707 huic;
