4002 6188
456 276 560 334 765

1423 275 1755 339 CEREALIS
1792 273 2284 331 CASTELLENSIS
2324 272 2626 333 EPISCOPI

3577 278 3665 335 76i

458 398 591 448 Δανα
607 393 906 460 audietis,“
926 408 1025 447 non
1047 392 1357 463 intelligetis,
1375 402 1477 447 etc.
1503 394 1670 460 Quem
1696 391 1827 446 dicit
1853 391 2015 444 Deum
2049 390 2092 445 A
2122 388 2195 440 ire
2216 388 2269 441 in
2296 387 2612 457 Bithyniam,
2636 395 2681 441 et
2709 402 2807 441 non
2823 402 2907 440 eos
2928 402 3105 453 passus
3120 396 3193 440 est
3216 387 3438 456 Spiritus
3460 402 3666 448 sanctus,

460 484 666 547 Esaias,
695 484 866 551 ipsum
886 481 1014 537 dicit
1039 482 1293 551 Spiritum
1334 490 1579 538 sanctum
1618 480 1930 550 Apostolus.
1961 479 2020 535 Si

460 573 601 629 Deus
625 575 842 641 spiritus
870 580 984 639 est,
1034 574 1301 643 quomodo
1341 573 1575 641 Spiritus
1622 582 1838 626 sanctus
1881 571 2022 625 Deus

460 679 565 719 non
596 674 709 728 est;
740 665 786 717 si
813 680 919 718 non
960 673 1042 719 est
1073 666 1210 718 Deus
1237 664 1465 733 Spiritus
1485 675 1722 726 sanctus,
1756 661 2023 732 quomodo

461 755 589 809 dicit
614 755 885 825 apostolus
913 755 1104 809 Paulus
1134 773 1146 807 :
1177 753 1455 808 Divisiones
1482 766 1651 807 autem
1692 755 2023 807 donationum

461 854 599 908 sunt,
626 847 764 899 idem
802 856 973 899 autem
994 846 1251 913 Spiritus;
1278 855 1325 898 et
1364 847 1633 900 divisiones
1677 848 2023 913 operationum

462 947 602 1002 sunt,
628 953 760 990 unus
783 946 949 991 autem
972 938 1236 1003 Deus,_qui
1273 948 1513 1007 operatur
1548 938 1718 989 omnia
1760 938 1813 990 in
1848 936 2026 989 omni-

465 1026 578 1091 bus,
615 1026 704 1095 qui
745 1027 921 1080 dividit
967 1028 1175 1095 propria
1203 1028 1474 1095 unicuique
1502 1035 1653 1096 prout
1691 1028 1796 1081 uult
1820 1024 1873 1091 (Ι
1903 1026 2022 1080 Cor.

465 1115 600 1185 xu)?
626 1117 740 1185 Ipse
769 1125 851 1171 est
874 1117 1101 1184 Spiritus
1126 1127 1357 1182 sanctus,
1390 1118 1456 1172 de
1485 1134 1590 1187 quo
1615 1119 1742 1174 dicit
1770 1122 2026 1187 propheta

468 1207 690 1261 Esaias:
722 1208 976 1275 Spiritus,
1010 1208 1223 1278 inquam
1251 1249 1265 1273 ,
1308 1212 1568 1280 sapientia:
1612 1221 1659 1264 et
1700 1212 1984 1265 intellectus
2007 1252 2023 1277 ,

467 1298 666 1351 consilii
683 1307 730 1351 et
748 1298 1082 1366 fortitudinis,
1107 1301 1328 1354 scientia:
1365 1309 1414 1355 et
1469 1303 1690 1371 pictatis,
1735 1313 1783 1356 et
1834 1304 2029 1357 timoris

473 1387 693 1443 Domini.

1098 1476 1261 1515 CAPUT
1299 1478 1394 1516 ΧΠ.

537 1546 669 1612 Quia
696 1555 749 1601 et
773 1556 981 1602 creator
1001 1557 1083 1603 est
1103 1549 1331 1617 Spiritus
1380 1560 1632 1615 sanctus,
1672 1552 1751 1606 sic
1789 1552 2027 1607 docetur.

471 1638 525 1690 In
557 1636 656 1691 Job
686 1637 909 1705 legimus
937 1654 949 1689 :
983 1638 1207 1704 Spiritus
1236 1640 1436 1692 divinus
1462 1650 1535 1693 est
1559 1642 1646 1708 qui
1676 1640 1795 1707 [erit
1835 1658 1932 1694 me.
1974 1642 2030 1695 Itt

2125 477 2263 533 Ecce
2290 478 2547 547 apostolis
2578 478 2826 544 imperat.
2850 477 2977 531 Item
3006 477 3059 531 in
3079 477 3361 533 Salomone
3376 480 3501 534 dicit
3522 499 3536 534 :
3560 483 3670 554 Spi-

2123 569 2252 621 ritus
2272 580 2477 621 sanctus
2506 567 2633 621 mihi
2658 566 2948 635 Sapientia,
2979 567 3032 620 id
3062 576 3147 621 est
3174 567 3226 621 in
3253 565 3484 623 Christo.
3513 571 3672 638 Spiri-

2124 665 2205 710 tus
2232 658 2294 711 S.
2329 659 2527 722 unicus,
2556 658 2847 725 multiplex,
2875 657 3095 723 subtilis,
3132 658 3403 714 immobilis
3427 702 3443 726 ,
3492 664 3676 717 incoin-

2123 752 2387 820 quinatus,
2406 760 2592 819 certus,
2615 767 2842 816 securus,
2866 766 3048 804 amans
3072 752 3282 816 bonum,
3297 755 3469 807 omnia
3492 765 3674 824 potem,

2125 843 2297 894 omnia
2326 843 2615 907 prazsciens,
2642 849 2691 895 et
2710 841 2798 909 qui
2821 842 2991 910 capiat
3020 857 3191 895 omnes
3222 842 3423 911 spiritus
3450 845 3679 914 intelligi-

2126 931 2270 994 biles,
2297 932 2516 984 mundus
2542 930 2756 983 subtilis.
2780 931 2915 983 Ecce
2939 931 3109 998 qualis
3130 940 3211 985 est
3235 931 3463 1000 Spiritus
3486 932 3539 987 S.
3560 934 3677 989 Item

2128 1019 2179 1073 in
2200 1019 2489 1087 Evangelio
2512 1032 2525 1069 :
2560 1018 2622 1071 Et
2643 1034 2900 1090 regressus
2928 1028 3001 1071 est
3022 1017 3174 1071 Iesus
3200 1020 3251 1073 in
3277 1021 3458 1073 virtute
3473 1021 3683 1089 Spiritus

2127 1109 2179 1162 in
2207 1106 2493 1162 Calilceam.
2550 1110 2603 1162 In
2649 1111 2841 1162 virtute
2881 1108 3114 1175 Spiritus
3139 1109 3375 1163 ambulat
3425 1110 3674 1167 Chris‘us.

2130 1200 2256 1254 Item
2290 1201 2342 1253 in
2365 1199 2512 1253 Actis
2542 1200 2919 1268 Apostolorum
2963 1199 3224 1268 legimus:
3253 1201 3385 1267 Quia
3412 1201 3684 1270 loqueban-

2130 1298 2216 1344 tur
2240 1291 2465 1358 apostoli
2497 1288 2943 1357 quemadmodum
2994 1290 3151 1341 dahat
3198 1289 3279 1344 eis
3317 1293 3683 1358 pronuntiatio.

2136 1378 2369 1447 Spiritus
2394 1378 2553 1432 dabat
2575 1379 2830 1446 apostolis
2853 1378 3297 1446 quemadmodum
3331 1380 3684 1449 loquebantur.

2132 1469 2263 1523 Item
2304 1468 2576 1537 apostolus
2599 1468 2794 1522 Paulus
2840 1468 3074 1522 ostendit
3100 1483 3216 1537 quas
3250 1470 3445 1524 tribuat
3479 1471 3687 1539 Spiritus

2132 1568 2349 1615 sanctus
2371 1559 2555 1613 dicens
2588 1577 2598 1610 :
2633 1558 2861 1613 Fructus
2887 1571 3060 1614 autem
3105 1562 3328 1630 Spiritus
3348 1572 3455 1628 est,
3485 1565 3686 1629 caritas,

2139 1650 2407 1717 gaudium,
2436 1665 2555 1717 pax,
2583 1650 2963 1719 longanimitas,
2998 1652 3301 1721 benignitas,
3331 1653 3689 1721 bonitas,ﬁdes,

471 1728 673 1793 psalmo
706 1744 717 1779 :
750 1726 936 1780 Emitte
964 1728 1198 1797 spiritum
1222 1738 1362 1781 tuum
1390 1737 1436 1781 et
1489 1730 1791 1783 creabuntur
1838 1731 1857 1801 (
1885 1730 2029 1785 Psal.
2062 1737 2110 1797 Β
2136 1740 2486 1802 mansuetudo,
2521 1740 2868 1808 continentia(
2886 1738 2913 1791 Ι
2953 1739 3108 1793 Jonn.
3154 1744 3249 1807 tv).
3306 1743 3373 1796 Et
3404 1743 3618 1811 legimus
3645 1746 3690 1798 in

469 1816 601 1886 cut).
629 1817 683 1871 Ιιι
716 1818 999 1886 Evangelia
1032 1837 1043 1869 :
1072 1818 1284 1871 Inventa
1315 1828 1388 1872 est
1414 1818 1582 1873 Maria
1606 1820 1793 1874 habens
1822 1821 1884 1875 de
1908 1821 2032 1890 Spi-

470 1911 571 1962 ritu
594 1919 791 1962 sancto.
815 1907 907 1961 Cui
934 1908 1105 1961 fuerat
1142 1908 1340 1962 dictum
1372 1927 1384 1960 :
1420 1910 1646 1979 Spiritus
1692 1921 1896 1964 sanctus
1949 1928 2034 1964 su-

468 2000 713 2067 perveniet
732 2000 783 2050 in
804 1999 1093 2060 te,etuirtus
1112 1998 1358 2049 Altissimi
1377 1998 1689 2052 obumbrabit
1711 2000 1799 2053 tibi
1821 2000 2032 2069 (Matth.

471 2090 531 2155 ι).
567 2086 622 2140 In
650 2088 850 2155 psalmo
876 2102 889 2137 :
926 2086 1086 2139 Verbo
1109 2085 1313 2139 Domini
1334 2088 1446 2141 caeli
1472 2089 1660 2156 firmati
1684 2100 1822 2156 sunt,
1848 2102 1893 2144 et
1922 2092 2039 2160 Spi-

470 2176 570 2228 ritu
590 2177 693 2228 oris
716 2179 825 2246 ejus
856 2177 1018 2229 omnis
1052 2178 1209 2231 virtus
1238 2194 1406 2231 eorum
1441 2178 1607 2245 (Psal.
1651 2182 1849 2248 nam).
1894 2182 1947 2236 Si
1982 2182 2036 2236 in

472 2273 623 2319 utero
652 2265 869 2335 virginis
890 2266 1118 2329 Spiritus
1144 2276 1359 2323 sanctus
1381 2269 1570 2323 Filium
1605 2271 1695 2325 Dei
1737 2272 1880 2336 fecit,
1912 2272 2035 2340 quid

474 2353 582 2407 Deo
603 2352 767 2408 deluit
793 2355 932 2422 quod
962 2370 1064 2409 non
1095 2357 1335 2410 creavit?
1358 2357 1411 2410 In
1444 2359 1727 2427 Evangelio
1772 2376 1788 2413 :
1829 2361 1889 2414 Si
1926 2361 2037 2429 quis

471 2459 573 2497 non
596 2455 801 2498 renatus
832 2448 981 2514 fuerit
1006 2463 1067 2500 ea:
1086 2464 1217 2517 aqua
1236 2458 1282 2502 et
1305 2448 1504 2517 Spiritu
1532 2462 1726 2516 sancto,
1748 2469 1848 2505 non
1876 2463 2037 2520 potest

470 2533 640 2587 uidere
683 2551 896 2602 regnum
948 2534 1062 2590 Dei.
1114 2539 1356 2607 Amplius
1401 2549 1485 2594 est
1530 2542 1671 2594 enim
1723 2558 2038 2611 regenerare

471 2638 628 2693 quam
649 2639 830 2679 creare
848 2643 860 2678 :
877 2641 1000 2680 ecce
1020 2628 1249 2695 Spiritus
1277 2639 1489 2684 sanctus
1510 2642 1808 2700 regenerat,
1823 2633 2038 2702 quando

472 2715 525 2770 in
546 2716 812 2786 baptismo
836 2719 1164 2773 renascimur
1196 2735 1289 2789 per
1313 2720 1509 2790 ipsum.

1104 2849 1268 2888 CAPUT
1305 2851 1416 2890 Xﬂh

540 2923 671 2988 Quia
701 2923 994 2979 viviticator
1021 2936 1102 2979 est
1122 2926 1370 2994 Spiritus,
1392 2929 1467 2981 sic
1489 2928 1732 2983 docetur.
1757 2929 2040 2996 Apostolus

471 3014 600 3068 dicit
624 3032 638 3067 :
673 3015 864 3069 Littera
890 3017 1104 3081 occidit,
1126 3017 1356 3084 Spiritus
1374 3028 1550 3074 autem
1575 3022 1805 3075 viviﬁcm
1837 3021 1887 3091 (Ι
1916 3021 2036 3076 Cor.

2136 1828 2340 1884 Joanne
2368 1829 2607 1897 apostolo
2639 1846 2650 1880 :
2682 1829 2813 1895 Quia
2848 1830 2978 1883 Deus
2998 1832 3183 1885 caritas
3208 1842 3302 1887 est.
3333 1834 3389 1889 Si
3421 1836 3556 1887 Deus
3597 1850 3678 1889 ca-

2136 1920 2287 1981 ritas,
2319 1919 2487 1987 qualis
2509 1929 2589 1972 est
2617 1919 2845 1986 Spiritus
2874 1930 3106 1983 sanctus,
3137 1922 3287 1990 cujus
3316 1930 3402 1976 est
3431 1924 3535 1991 ipsa
3565 1924 3689 1977 cari-

2138 2008 2255 2062 tas?
2285 2009 2373 2063 Sic
2397 2011 2536 2062 enim
2585 2010 2748 2062 habes
2777 2025 2933 2078 supra
2983 2032 2997 2068 :
3050 2011 3181 2078 Quia
3235 2013 3430 2081 fructus
3477 2014 3688 2085 Spiritus

2137 2100 2305 2156 sancti
2334 2110 2405 2155 est
2430 2102 2617 2155 caritas
2639 2099 2691 2171 (I
2716 2100 2874 2154 Joan.
2909 2102 3007 2169 tv).

2753 2205 2922 2245 CAPUT
2960 2207 3046 2243 XV.

2208 2281 2285 2336 De
2313 2281 2572 2336 Trinitate
2614 2292 2670 2335 et
2720 2282 2880 2336 Verbi
2912 2283 3213 2340 divinitate.
3247 2283 3302 2339 Si
3341 2285 3570 2341 Trinitas
3604 2301 3698 2343 non

2138 2382 2238 2437 est,
2269 2388 2435 2442 quare
2464 2373 2660 2427 dictum
2688 2382 2772 2429 est
2805 2391 2816 2424 :
2849 2373 2931 2427 Ite
2954 2416 2969 2441 ,
3003 2376 3252 2441 baptizate
3293 2393 3471 2431 omnes
3512 2387 3697 2447 gentes,

2144 2466 2197 2519 in
2220 2465 2424 2519 nomine
2445 2463 2641 2530 Patris,
2665 2473 2713 2518 et
2743 2464 2890 2532 Filii,
2919 2474 2967 2518 et
2997 2466 3225 2533 Spiritus
3245 2470 3449 2521 sancti?
3467 2468 3519 2525 Si
3548 2472 3703 2523 unitas

2136 2573 2246 2610 non
2273 2566 2374 2622 est,
2409 2572 2574 2626 quare
2604 2557 2655 2610 in
2683 2572 2788 2612 uno
2819 2558 3033 2613 nomine
3064 2559 3264 2614 dictum
3296 2568 3415 2627 est,
3452 2571 3504 2616 et
3532 2577 3626 2615 non
3656 2563 3700 2617 in

2142 2648 2477 2704 nominibus?
2500 2648 2554 2703 Si
2587 2646 2821 2702 Trinitas
2864 2663 2969 2702 non
3011 2659 3124 2713 est,
3168 2665 3336 2717 quare
3378 2650 3507 2705 dicit
3542 2650 3704 2705 Domi-

2141 2753 2275 2792 nus:
2303 2738 2412 2809 Ego
2439 2754 2553 2792 sum
2586 2735 2725 2791 Deus
2754 2737 3046 2804 Abraham,
3094 2737 3230 2793 Deus
3272 2739 3455 2805 Isaae,
3500 2750 3547 2794 et
3578 2739 3701 2795 Deus

2140 2827 2412 2882 Jacob?Si
2444 2829 2619 2881 unitas
2648 2842 2751 2881 non
2784 2836 2901 2893 est,
2951 2843 3115 2897 quare
3158 2829 3289 2883 dicit
3352 2832 3509 2885 tertio
3547 2830 3697 2896 Deus,

2141 2927 2197 2973 et
2222 2934 2325 2974 non
2350 2919 2545 2987 pariter
2571 2918 2702 2972 Deos
2731 2918 3057 2987 appellavit?
3089 2920 3144 2976 Si
3176 2920 3421 2975 Trinitas
3463 2936 3563 2975 non
3593 2932 3695 2985 est,

2146 3029 2311 3083 quare
2341 3014 2525 3067 dicunt
2555 3014 2605 3067 in
2638 3013 2791 3067 Esaia
2818 3012 3097 3081 Seraphim
3128 3013 3401 3068 laudantia
3436 3030 3447 3064 :
3479 3015 3697 3077 Sanctus,

472 3105 577 3170 Ill).
635 3105 761 3159 Item
816 3106 866 3159 in
900 3107 1185 3175 Evangelio
1223 3122 1237 3156 ε
1293 3109 1521 3176 Spiritus
1561 3121 1633 3165 est
1666 3115 1752 3181 qui
1790 3114 2036 3181 rivi/icat,
2067 3091 2113 3152 C
2149 3102 2385 3165 Sanctus,
2419 3103 2662 3169 Sanctus,
2694 3102 2945 3157 Dominus
2974 3102 3109 3157 Deus
3132 3104 3365 3158 Sabaoth
3401 3104 3579 3175 (Esai.
3606 3106 3696 3173 VI).

472 3210 590 3246 caro
619 3206 789 3248 autem
817 3212 918 3248 non
964 3198 1166 3265 prodest
1191 3199 1465 3268 quidquam
1497 3200 1675 3269 (Joan.
1701 3201 1793 3271 vt).
1822 3204 1875 3256 In
1910 3205 2041 3258 Eze-

472 3283 645 3337 chiele
673 3284 737 3338 ad
767 3298 888 3338 ossa
920 3286 1065 3340 arida
1098 3287 1327 3341 liliorum
1361 3290 1517 3344 Israel
1564 3293 1843 3347 mandatur
1872 3303 1924 3348 et
1959 3294 2040 3348 di-

470 3374 629 3439 citur,
663 3390 756 3443 pcr
783 3376 1088 3445 prophetam
1116 3391 1127 3426 :
1162 3376 1304 3433 Dabo
1336 3380 1588 3450 Spiritum
1610 3399 1773 3436 meum
1798 3384 1850 3438 in
1877 3384 2037 3455 vobis,

471 3474 517 3517 et
569 3465 753 3518 rivetis.
803 3466 928 3521 Item
978 3469 1261 3536 Apostolus
1304 3470 1431 3525 dicit
1480 3484 1495 3520 :
1537 3471 1598 3527 Si
1652 3484 1822 3527 autem
1870 3475 2039 3544 Spiri-

472 3563 552 3607 tus
595 3558 705 3627 ejus
759 3558 845 3625 qui
891 3558 1147 3611 snscitarit
1208 3558 1384 3613 Iesum
1431 3559 1690 3616 Christum
1745 3581 1778 3617 a
1829 3566 2041 3620 mortuis

472 3648 661 3700 habitat
711 3650 762 3701 in
808 3650 967 3717 vobis,
1009 3652 1281 3720 viviﬁcabit
1315 3662 1362 3705 et
1408 3656 1648 3708 mortalia
1697 3673 1910 3727 corpora
1958 3675 2039 3712 ve.

470 3751 575 3793 stru
622 3757 711 3809 per
768 3742 1076 3796 habitantem
1126 3745 1377 3813 Spiritum
1420 3751 1529 3819 ejus
1583 3750 1633 3801 in
1680 3751 1815 3803 vobis
1863 3750 2038 3820 (Rom.

473 3845 588 3895 vni,
626 3832 735 3901 ll).
760 3832 897 3902 Ergo
930 3835 1168 3888 mortalia
1190 3850 1413 3906 corpora
1431 3839 1763 3896 viviﬁcanlur
1785 3857 1814 3896 a
1835 3843 2035 3912 Spiritu

472 3929 681 3972 sancun

1080 4007 1247 4049 CAPUT
1287 4010 1399 4051 ιιν.

541 4075 674 4142 Quia
704 4085 757 4131 et
787 4077 902 4148 ipse
924 4084 1151 4151 propriae
1178 4087 1456 4154 potestatis
1480 4097 1533 4143 et
1559 4092 1847 4146 voluntatis
1877 4091 1969 4159 sit,
1987 4101 2043 4149 et

477 4169 817 4236 omnipotens
846 4172 915 4224 sit
938 4172 1165 4241 Spiritus
1195 4178 1251 4230 S.
1278 4178 1355 4231 sic
1380 4179 1622 4234 docetur.
1649 4183 1934 4250 Apostolus
1962 4186 2043 4238 di-

473 4260 544 4310 cit
574 4275 588 4311 :
617 4259 719 4312 Alii
742 4261 891 4314 datur
916 4265 1259 4332 manifestatio
1287 4266 1511 4335 Spiritus
1533 4271 1600 4322 ad
1620 4272 1885 4327 utilitatem
1905 4318 1919 4340 ,
1952 4276 2044 4328 alii

474 4349 627 4401 datur
656 4367 745 4421 per
776 4352 1025 4421 Spiritum
1051 4371 1217 4408 sermo
1251 4358 1535 4423 sapientior,
1561 4360 1651 4412 alii
1678 4377 1842 4415 sermo
1874 4366 2040 4417 scien-

2146 3196 2240 3252 Ubi
2269 3207 2324 3251 et
2349 3196 2668 3252 Trinitatem
2700 3198 2987 3251 ostendunt
3013 3206 3067 3252 et
3097 3199 3385 3265 unitatem,
3412 3200 3528 3268 quia
3556 3198 3701 3250 Deum

2142 3287 2327 3342 dicunt
2357 3296 2412 3343 et
2441 3289 2544 3347 no'n
2569 3288 2722 3341 deos.
2752 3288 2805 3342 Si
2833 3287 3064 3343 Trinitas
3088 3304 3191 3343 non
3232 3296 3314 3343 est
3334 3330 3352 3351 ,
3386 3304 3547 3357 quare
3588 3287 3697 3341 dicit

2141 3379 2429 3447 Apostolus
2462 3391 2475 3427 :
2502 3377 2585 3433 Ea:
2614 3381 2749 3446 ipso,
2781 3389 2828 3432 et
2854 3395 2943 3448 per
2966 3381 3151 3449 ipsum,
3184 3388 3229 3434 ct
3254 3381 3306 3433 in
3328 3381 3445 3451 ipso
3475 3388 3586 3433 sunt
3605 3394 3695 3431 om-

2139 3471 2247 3526 nia.
2269 3471 2373 3525 Aut
2402 3472 2445 3526 si
2477 3471 2711 3525 Trinitas
2740 3486 2844 3524 non
2870 3479 2949 3525 est
2979 3481 3070 3525 aut
3095 3472 3302 3540 unitas,
3339 3487 3507 3542 quare
3533 3471 3696 3538 sequi-

2146 3569 2252 3627 tur,
2286 3563 2404 3631 ipsi,
2437 3560 2626 3631 gloria,
2653 3571 2706 3615 et
2734 3576 2838 3615 non
2871 3561 2999 3630 ipsis
3016 3562 3207 3631 gloria,
3262 3561 3308 3615 si
3372 3562 3546 3631 plures
3587 3566 3697 3613 sunt

2141 3653 2421 3720 diilQuod
2453 3654 2497 3707 si
2528 3654 2595 3707 de
2635 3653 2793 3707 Patre
2845 3655 2945 3708 hoc
2993 3654 3177 3708 volunt
3220 3654 3393 3722 aliqui
3442 3656 3698 3722 accipere,

2142 3759 2269 3813 ergo
2316 3736 2842 3800 noncalumnientur
2874 3744 3042 3810 Filio,
3076 3744 3324 3815 quoniam
3381 3747 3519 3801 sicut
3559 3745 3697 3798 Pater

2143 3834 2356 3899 Filium,
2388 3833 2466 3887 sic
2491 3848 2587 3902 per
2608 3833 2799 3887 Filium
2831 3834 2967 3887 facta
2994 3843 3117 3888 sunt
3137 3835 3342 3889 omnia.
3383 3832 3557 3904 Itaque
3579 3835 3698 3888 Deus

2144 3940 2248 3979 non
2282 3932 2610 3988 numeratur,
2635 3938 2741 3978 non
2769 3935 3013 3993 augetur,
3047 3940 3151 3979 non
3183 3925 3412 3994 indiget,
3445 3924 3561 3992 quia
3604 3936 3695 3976 non

2143 4015 2422 4069 minuitur.
2451 4014 2506 4068 Si
2538 4014 2674 4069 Deus
2693 4023 2774 4067 est
2795 4016 2973 4082 utique
3005 4013 3192 4082 Filius,
3217 4029 3321 4067 non
3355 4013 3583 4068 admittit
3608 4014 3694 4066 ista

2143 4106 2196 4161 in
2226 4121 2306 4171 se,
2340 4120 2460 4159 nam
2487 4105 2599 4173 ipse
2625 4104 2756 4159 dicit
2796 4105 2861 4158 ad
2896 4104 3167 4159 diabolum
3208 4114 3509 4159 tentantem
3541 4122 3552 4156 :
3591 4102 3697 4156 Non

2144 4196 2356 4250 tentabis
2386 4195 2658 4248 Dominum
2690 4194 2851 4248 Deum
2875 4202 3019 4247 tuum
3068 4194 3281 4261 (Matth.
3324 4194 3429 4264 ιν).
3488 4194 3549 4247 Et
3575 4192 3699 4246 Tho-

2145 4300 2259 4340 mas
2308 4284 2584 4353 apostolus
2616 4283 2778 4349 dicit,
2826 4299 2946 4336 cum
2990 4283 3229 4351 palparet
3275 4282 3395 4337 loca
3441 4282 3696 4336 vulnerum

2146 4383 2258 4451 ejus
2301 4399 2315 4435 :
2367 4379 2616 4433 Dominus
2662 4395 2802 4432 meus
2850 4388 2896 4432 et
2948 4379 3084 4431 Deus
3134 4394 3293 4433 meus.
3345 4376 3697 4446 Inseparabilis

474 4440 570 4541 lim.
591 4442 866 4541 ξεευηάξξηι
901 4443 1131 4497 eumdem
1159 4446 1435 4515 δρίνίιαηιν
1467 4450 1557 4501 alii
1596 4451 1720 4511 Ῑίάεδ
1763 4453 1813 4505 ίη
1860 4453 2036 4507 eadem
2066 4444 2119 4503 D
2143 4440 2337 4541 qbippe
2365 4481 2447 4524 est
2472 4469 2725 4524 Trinitas.
2754 4468 2935 4537 Neque
2963 4470 3104 4522 enim
3133 4467 3343 4521 locutus
3373 4440 3578 4522 est-ubi
3604 4482 3696 4520 non

473 4530 698 4596 Spiritu,
719 4536 808 4587 alii
847 4538 1053 4589 donatio
1084 4539 1407 4591 curationum
1435 4542 1488 4592 in
1531 4558 1631 4595 uno
1660 4543 1859 4610 Spiritu
1882 4585 1896 4609 ,
1948 4547 2040 4600 alii

472 4622 785 4687 operationes
808 4627 1208 4691 sanitatum,alii
1237 4631 1523 4699 prophetia,
1545 4633 1634 4686 alii
1656 4636 1910 4705 judicatio
1936 4637 2041 4705 spi-

474 4713 681 4778 rituum,
723 4714 813 4767 alii
834 4732 1015 4784 genera
1044 4718 1335 4788 linguarum
1359 4737 1379 4775 :
1401 4723 1507 4776 haec
1532 4728 1707 4777 autem~
1725 4728 1895 4778 omnia
1920 4743 2045 4796 ope-

472 4814 613 4857 ratur
635 4821 765 4858 unus
790 4817 938 4875 atque
963 4808 1098 4861 idem
1121 4812 1367 4879 Spiritus,
1392 4816 1622 4869 dividens
1674 4820 1883 4887 prOpria
1920 4822 2011 4872 uni
2022 4848 2039 4860 -

473 4895 650 4961 cuique
673 4908 823 4965 prout
844 4898 943 4950 rult
968 4896 1022 4968 (I
1047 4898 1163 4952 Cor.
1194 4908 1307 4970 xtt).

547 4985 686 5041 Ecce
714 4988 853 5056 quod
884 5000 1139 5057 operatur
1174 5009 1307 5048 unus
1344 5005 1504 5064 atque
1546 4996 1687 5053 idem
1721 5000 1947 5068 Spiritus
1978 5008 2037 5055 ut

476 5077 603 5145 vult,
635 5095 739 5133 non
769 5096 886 5149 qua:
914 5082 963 5136 ei
986 5084 1330 5151 imperantur.
1366 5088 1481 5155 Ipse
1503 5090 1760 5146 Dominus
1785 5094 1836 5147 in
1862 5094 2035 5147 Evan-

470 5170 605 5238 gelia
644 5170 814 5228 dicit:
854 5171 1079 5238 Spiritus
1121 5177 1207 5230 ubi
1254 5178 1358 5231 vult
1399 5180 1560 5250 spirat
1600 5182 1786 5253 (Joan.
1818 5184 1930 5253 ιιι).
1979 5185 2034 5238 In

468 5264 688 5318 Actibus
717 5263 1093 5332 Apostolorum
1132 5268 1283 5336 jubet
1326 5271 1555 5338 Spiritus
1591 5272 1833 5342 Philippo
1876 5283 1934 5328 ut
1977 5289 2036 5330 se

468 5357 711 5410 eunucho
740 5357 995 5413 Candacis
1026 5362 1224 5428 regina:
1253 5356 1620 5433 conju‘ngeret.
1646 5364 1772 5419 Item
1804 5366 2033 5434 Spiritus

467 5448 628 5501 dicit:
655 5450 928 5521 Segregate
951 5452 1073 5503 mihi
1099 5451 1385 5506 Barnabam
1426 5466 1471 5508 et
1518 5455 1742 5510 Paulum
1791 5461 1843 5512 in
1886 5476 2035 5525 opere

466 5546 659 5602 sancto,
683 5555 782 5606 quo
809 5543 978 5594 vocavi
1002 5542 1136 5596 illos.
1171 5542 1308 5597 Ecce
1336 5544 1563 5612 Spiritus
1591 5557 1806 5603 sanctus
1849 5562 2033 5616 segre—

466 5637 553 5696 gat
573 5630 840 5697 apostolos
866 5641 920 5687 ct
948 5642 1116 5687 vocat.
1153 5633 1280 5689 Itcm
1311 5634 1376 5689 de
1419 5635 1671 5705 apostolis
1701 5656 1715 5693 :
1746 5637 2028 5693 Tentabant

2142 4566 2231 4616 sit.
2263 4562 2508 4621 Pater.ct
2530 4559 2716 4624 Filius,
2746 4567 2799 4613 et
2828 4559 3056 4627 Spiritus
3099 4566 3347 4623 sanctus,
3401 4560 3591 4629 ubique
3636 4557 3699 4611 si-

2144 4654 2251 4707 mul
2280 4661 2425 4716 sunt,
2457 4667 2554 4706 nec
2580 4661 2898 4720 separantur
2923 4652 3072 4714 locis,
3104 4652 3226 4720 quia
3264 4666 3369 4704 non
3414 4662 3494 4706 est
3528 4667 3697 4719 corpo-

2146 4758 2270 4799 reus
2302 4744 2459 4804 Deus,
2492 4757 2591 4796 nec
2618 4750 2925 4796 numeratur
2953 4742 3115 4804 Deus,
3143 4745 3265 4811 quia
3298 4758 3404 4795 non
3438 4742 3700 4811 subjicitur

2148 4834 2408 4896 numeris,
2448 4833 2588 4885 Deus
2612 4833 2769 4901 igitur
2802 4843 2984 4886 nosmr
3013 4848 3147 4886 unus
3178 4842 3278 4887 est.
3308 4832 3441 4886 Nam
3473 4848 3587 4887 cum
3614 4831 3700 4884 Pa-

2153 4931 2257 4988 ter,
2281 4932 2335 4976 et
2357 4922 2542 4985 Filius,
2577 4930 2631 4975 et
2656 4921 2886 4989 Spiritus
2913 4931 3129 4976 sanctus
3153 4922 3239 4989 sit,
3273 4937 3434 4978 nemo
3462 4922 3701 4977 Christia-

2147 5028 2247 5068 nus
2273 5023 2383 5066 tres
2410 5013 2544 5066 Deos
2578 5012 2772 5080 poterit
2792 5012 2989 5077 dicere,
3022 5015 3142 5081 quia
3170 5013 3221 5067 in
3253 5015 3400 5068 nullo
3427 5032 3453 5067 a
3498 5030 3554 5069 se
3577 5013 3699 5066 divi-

2150 5116 2214 5155 na
2239 5100 2399 5155 distat
2429 5100 2914 5156 natura.Numerus
2944 5103 3207 5172 siquidem
3236 5104 3478 5158 ordinem
3500 5102 3699 5165 sufﬁcit,

2151 5190 2426 5260 aequalitas
2456 5205 2558 5244 non
2584 5191 2804 5255 amittit,
2832 5193 2969 5246 alter
3004 5194 3145 5247 enim
3194 5196 3421 5262 primum
3452 5195 3699 5263 sequitur,

2142 5281 2293 5334 alteri
2327 5281 2516 5335 tertius
2536 5282 2853 5349 applicatur.
2904 5281 3008 5337 Sed
3052 5297 3173 5337 cum
3220 5285 3417 5353 gradus
3460 5284 3574 5339 ﬁeri
3604 5298 3698 5337 non

2142 5370 2349 5438 possint
2377 5386 2440 5424 ex
2474 5370 2688 5439 paribus
2714 5372 2801 5440 qui
2830 5371 2983 5425 subdi
3021 5373 3227 5441 possint
3264 5372 3699 5442 quemadmodum

2138 5470 2468 5523 numeratur,
2497 5476 2631 5514 unus
2652 5474 2779 5529 ergo
2795 5461 3053 5530 erit,quia
3085 5476 3190 5516 non
3214 5462 3369 5517 habet
3399 5462 3699 5525 secundum,

2139 5553 2405 5608 secundus
2432 5553 2627 5622 quippe
2658 5553 2880 5607 minoris
2921 5553 3162 5607 ordinem
3217 5561 3388 5619 tenet,
3445 5563 3501 5608 et
3538 5554 3699 5607 minor

2140 5643 2365 5699 alterum
2408 5642 2553 5708 facit,
2595 5643 2730 5697 alter
2782 5643 3135 5710 posteriorem
3190 5643 3405 5712 indicat,
3450 5642 3697 5713 posterior
