4002 6188
316 296 422 349 763

1202 291 1526 350 LIBELLUS
1563 291 1838 348 CONTRA
1862 289 2273 349 ’ΜΑΧΙΜΙΝΗΜ
2316 295 2643 357 ΑΒΙΑΝΕΜ.

3466 314 3567 369 766

317 410 575 477 imparem
605 405 796 475 signat.
822 404 1056 460 Remove
1080 404 1416 472 distantiam,
1448 416 1499 461 et
1530 407 1671 475 quod
1702 418 1888 459 nume-
1919 404 1971 461 A
1997 418 2081 469 co,
2119 408 2353 475 nunquid
2383 411 2509 478 quia
2553 411 2774 479 legimus
2816 417 2868 468 in
2919 414 3157 470 Levitico
3195 418 3409 485 proprio
3449 418 3570 472 loco

317 512 404 554 res
434 506 539 551 nan
566 496 807 550 habebis.
838 495 1102 564 Propheta
1134 496 1301 553 dicit:
1336 496 1620 564 Sapientice
1654 498 1764 565 ejus
1792 512 1892 548 non

317 599 388 642 est
409 602 671 641 numerus.
702 586 756 641 Si
779 586 1040 655 sapientia
1084 586 1200 655 ejus
1257 602 1361 641 non
1404 598 1735 652 numeratur,
1769 601 1897 661 quo-

315 677 476 731 modo
506 676 672 730 Filius
695 686 1023 739 numeratur,
1054 676 1141 745 qui
1170 684 1253 731 est
1282 677 1553 746 Sapientia
1584 678 1756 731 Patris
1777 719 1791 741 ,
1822 679 1894 731 si-

314 776 407 821 cut
429 766 716 835 Apostolus
736 766 907 820 dicit?
933 766 1107 833 Quare
1134 776 1253 835 post
1279 767 1493 821 Patrem
1526 768 1797 821 secundus
1824 769 1898 821 di-

315 859 451 913 citur
484 858 672 926 Filius,
705 873 826 913 cum
848 859 1107 928 sapientia
1135 874 1240 914 non
1273 870 1608 927 numeretur,
1655 860 1781 931 quia
1811 868 1893 916 est

315 950 576 1019 sapientia
598 949 793 1004 Patris.

954 1055 1123 1094 CAPUT
1163 1056 1274 1095 XVL

385 1130 517 1197 Quia
551 1129 829 1183 invisibilis
853 1138 933 1183 est
959 1131 1144 1194 Filius,
1178 1132 1254 1184 sic
1282 1131 1529 1186 docetur:
1551 1131 1716 1185 Nemo
1748 1134 1894 1188 novit

316 1223 513 1275 Filium
536 1224 633 1276 nisi
664 1221 839 1287 Pater,
866 1238 1022 1290 neque
1045 1223 1247 1275 Patrem
1273 1225 1383 1289 quis
1405 1224 1538 1276 novit
1560 1224 1659 1275 nisi
1693 1221 1885 1287 Filius,

316 1322 361 1366 et
382 1315 469 1368 cui
493 1314 705 1367 voluerit
732 1312 898 1367 Filius
920 1312 1159 1366 revelare.
1187 1311 1239 1365 In
1279 1314 1533 1381 Apostolo
1576 1315 1642 1367 de
1682 1313 1894 1369 Christo

315 1404 571 1471 scriptum
602 1412 683 1457 est
708 1408 722 1448 ε
752 1400 848 1455 llic
869 1402 1134 1456 invisibilis
1174 1405 1543 1472 primogenitus
1576 1406 1726 1458 totius
1754 1420 1894 1457 crea-

316 1511 464 1552 tura’.
511 1498 677 1549 Item:
711 1494 941 1549 Christus
991 1495 1140 1549 Iesus
1184 1496 1312 1548 venit
1356 1498 1409 1549 in
1460 1498 1592 1549 hunc
1645 1499 1890 1549 mundum

318 1600 605 1659 peceatores
635 1588 802 1641 salvos
835 1588 1019 1655 facere,
1049 1602 1262 1655 quorum
1290 1590 1480 1653 primus
1513 1603 1603 1658 ego
1634 1604 1779 1651 sum;
1806 1589 1894 1641 sed

318 1682 430 1733 ideo
468 1677 868 1731 misericordiam
900 1686 1192 1730 consecutus
1228 1694 1340 1730 smn
1365 1716 1378 1739 ,
1420 1688 1473 1730 ut
1524 1678 1573 1729 in
1603 1693 1681 1729 me
1730 1678 1893 1742 primo

1997 494 2096 547 sub
2121 510 2223 548 una
2248 500 2510 552 sententia
2542 502 2869 556 nominatum
2900 503 3089 573 Jacob,
3117 507 3352 561 secundo
3382 507 3526 561 Isaac
3548 548 3564 573 ,

2000 588 2154 639 tertio
2187 589 2475 655 Abraham,
2505 592 2622 646 ideo
2652 591 2935 647 dicendum
2971 606 3053 649 est
3084 598 3357 652 meliorem
3401 598 3566 652 fuisse

1996 676 2162 733 Jacob
2190 680 2260 733 ab
2286 681 2447 745 Isaac,
2474 694 2563 736 aut
2607 684 2861 752 majorem
2912 686 3056 740 Isaac
3098 689 3363 742 Abraham
3422 697 3567 757 patre

1998 783 2115 833 suo,
2150 771 2289 824 sicut
2310 774 2449 825 enim
2479 775 2733 842 scriptum
2782 784 2864 829 est
2912 792 2926 830 :
2959 775 3024 829 Et
3069 781 3383 832 memorabor
3416 779 3596 833 testae

1994 864 2151 914 menti
2172 861 2359 928 Jacob,
2386 864 2509 916 dicit
2543 866 2811 928 Dominus,
2837 874 2881 919 et
2906 869 3189 919 testamenti
3219 867 3387 934 Isaac,
3426 879 3472 922 et
3495 876 3569 922 te-

1996 955 2233 1006 stamenti
2262 955 2541 1009 Abraham.
2569 958 2880 1011 Ilominibus
2907 974 3010 1011 non
3038 959 3570 1027 prmjudicntis,taxa-

1998 1045 2072 1097 tio
2096 1045 2201 1099 Deo
2227 1046 2590 1114 prazjudicium
2616 1063 2711 1100 cur
2742 1048 2931 1113 infert,
2960 1052 3001 1102 si
3038 1049 3173 1102 forte
3207 1048 3399 1102 alicubi
3424 1050 3571 1117 prior

1999 1145 2205 1190 taxatur
2234 1137 2390 1192 Pater
2427 1154 2453 1189 a
2488 1139 2641 1203 Filio,
2697 1150 2786 1193 aut
2827 1140 2992 1195 Filius
3046 1156 3076 1194 a
3136 1141 3338 1210 Spiritu
3380 1148 3568 1196 sancto

1997 1228 2160 1296 priori
2184 1227 2297 1280 loco
2326 1242 2355 1281 a
2382 1228 2537 1282 Patre
2562 1239 2815 1283 laxatum.

2625 1334 2794 1373 CAPUT
2828 1337 2914 1373 XX.

2069 1410 2261 1464 Contra
2297 1411 2346 1464 id
2380 1410 2520 1480 quod
2551 1411 2737 1465 dicunt
2770 1430 2782 1462 :
2816 1412 2973 1466 Pater
3008 1413 3078 1465 illi
3107 1414 3282 1466 omnia
3323 1413 3567 1483 subjecit.

1999 1503 2287 1570 Aposmlus
2310 1503 2375 1556 ad
2408 1504 2713 1558 Corinthios
2754 1504 2965 1558 dicitde
3002 1504 3135 1558 Filio
3169 1518 3182 1553 :
3217 1506 3456 1571 Oportet,
3494 1508 3570 1558 in-

1999 1592 2132 1659 quit,
2166 1592 2310 1644 illum
2342 1609 2574 1661 regnare,
2610 1594 2767 1646 donec
2796 1604 2950 1662 ponat
2982 1611 3153 1647 omnes
3180 1595 3410 1647 inimicos
3450 1610 3568 1647 suos

2000 1682 2088 1734 sub
2113 1682 2322 1750 pedibus
2349 1686 2451 1736 suis
2478 1685 2621 1751 (Cor.
2646 1685 2756 1753 xv).
2786 1685 2851 1738 Et
2883 1684 2949 1737 a’d
2980 1685 3353 1753 Pliilippenses
3380 1701 3393 1735 :
3422 1684 3570 1738 Unde

318 1769 601 1821 ostenderet
647 1766 874 1820 Christus
925 1765 1077 1819 Jesus
1116 1782 1310 1819 onmem
1365 1768 1799 1834 longanimitatem
1840 1770 1889 1819 in
1927 1751 1971 1808 Β
1997 1774 2145 1826 etiam
2173 1787 2521 1842 exspectamus
2551 1751 2820 1829 Dominum
2850 1776 3029 1829 Jesum
3049 1751 3304 1828 Christum
3335 1775 3572 1830 Salvam-

318 1860 680 1929 formationem
702 1874 872 1911 eorum
901 1858 987 1925 qui
1023 1858 1260 1910 credituri
1293 1868 1407 1909 sunt
1436 1856 1515 1909 illi
1542 1858 1593 1909 in
1632 1862 1782 1909 vitam
1828 1873 1896 1909 cc-

319 1958 515 2004 ternam
544 1965 562 2002 :
593 1948 699 2017 regi
728 1956 894 1999 autem
936 1946 1241 1999 sa’culorum
1276 1945 1583 2006 immortali,
1621 1945 1891 2009 invisibili,

318 2042 413 2093 soli
437 2039 545 2092 Deo
576 2039 736 2091 honor
758 2046 803 2089 et
829 2038 993 2107 gloria
1016 2038 1068 2091 in
1112 2038 1299 2091 stecula
1337 2037 1660 2090 secet/lorum.
1711 2037 1895 2090 Invisi-

319 2133 441 2185 bilis
470 2138 706 2199 estergo
738 2128 918 2191 Fdius,
948 2130 1034 2197 qui
1065 2128 1212 2182 venit
1259 2137 1563 2195 peccatores
1605 2127 1779 2181 salvos
1821 2128 1897 2181 l'a-

316 2238 460 2278 cere.
497 2223 551 2277 Si
590 2224 799 2276 videtur
838 2220 1002 2274 Filius
1028 2263 1041 2284 ,
1079 2221 1283 2273 videtur
1319 2230 1371 2273 et
1418 2220 1595 2281 Pater,
1645 2220 1893 2287 quoniam

315 2317 574 2383 scriptum
607 2321 688 2367 est
714 2329 724 2363 :
758 2312 859 2376 Qui
885 2327 962 2363 me
990 2311 1141 2373 vidit,
1168 2310 1298 2363 ridet
1319 2321 1364 2364 et
1396 2310 1621 2364 Patrem.

920 2438 1088 2477 CAPUT
1134 2438 1261 2476 λνη.

385 2520 587 2575 Contra
623 2516 675 2570 id
718 2518 856 2583 quod
900 2518 1080 2571 dicunt
1126 2532 1139 2567 :
1181 2530 1245 2568 ex
1291 2513 1447 2568 Patre
1483 2530 1575 2582 per
1616 2513 1808 2568 Filium
1842 2514 1892 2568 in

313 2613 520 2680 Spiritu
552 2619 735 2663 sancto
761 2623 880 2663 esse
907 2608 1106 2662 omnia.
1133 2607 1266 2660 Audi
1304 2606 1423 2675 quia
1466 2621 1569 2659 non
1615 2606 1786 2659 solum
1828 2620 1892 2659 ex

314 2703 498 2765 Patre,
523 2699 616 2754 sed
645 2706 699 2752 et
725 2714 789 2753 ex
820 2697 983 2765 Filio,
1014 2707 1066 2751 et
1107 2696 1307 2764 Spiritu
1336 2703 1520 2748 sancto
1560 2693 1691 2748 facta
1714 2695 1890 2748 omnia

314 2794 558 2846 invenies
587 2791 807 2844 dictum.
840 2787 1127 2857 Apostolus
1153 2788 1217 2841 ad
1251 2787 1508 2854 Ephesios
1547 2788 1626 2842 sic
1667 2787 1792 2841 dicit
1828 2787 1894 2841 de

314 2882 456 2937 Filio
489 2898 505 2937 :
540 2882 807 2934 Veritatem
832 2889 998 2932 autem
1023 2880 1350 2948 facientes'in
1386 2879 1594 2931 caritate
1618 2895 1896 2948 augeantur

314 2979 369 3028 in
398 2973 493 3027 illo
521 2989 609 3042 per
630 2974 821 3037 omn‘a,
853 2972 939 3041 qui
965 2980 1036 3023 est
1060 2979 1209 3040 caput
1235 2970 1487 3036 Christus,
1515 2986 1579 3023 ea:
1603 2987 1701 3035 quo
1733 2978 1895 3024 totum

2000 1881 2105 1917 rem
2134 1876 2359 1917 nostrum
2388 1884 2404 1929 ;
2432 1869 2515 1933 qui
2541 1867 2918 1936 lransﬁgurabil
2947 1884 3133 1935 corpus
3155 1866 3573 1919 humilitatisno-

1996 1963 2117 2008 strcc
2147 1957 2467 2022 conformatus
2498 1958 2700 2024 corpori
2730 1958 2906 2023 gloria:
2946 1972 3052 2009 sua:
3091 1957 3372 2008 secundum
3396 1971 3574 2025 opera-

1998 2045 2203 2108 tionem,
2231 2056 2285 2097 ut
2316 2047 2470 2115 possit
2500 2048 2595 2098 sibi
2622 2046 2869 2117 subjicere
2898 2047 3070 2098 omnia
3100 2045 3325 2116 (Philip.
3354 2045 3414 2113 1).
3443 2046 3571 2098 Item

1997 2136 2284 2203 Apostolus
2309 2137 2456 2203 dicit,
2482 2138 2605 2205 quia
2633 2137 2797 2190 Filius
2826 2137 2997 2190 tradet
3032 2152 3252 2205 regnum
3290 2136 3400 2189 Deo
3430 2136 3572 2188 Patri

1995 2242 2123 2292 suo;
2159 2230 2409 2297 scriptum
2439 2238 2521 2282 est
2549 2228 2689 2282 enim
2719 2228 2787 2281 de
2818 2228 3032 2282 Christo
3068 2251 3079 2285 :
3129 2226 3255 2279 Cum
3303 2228 3575 2280 tradiderit

1995 2334 2204 2390 regnum
2229 2317 2335 2373 Deo
2362 2328 2406 2371 et
2436 2318 2601 2372 Patri.
2630 2318 2769 2388 Ergo
2802 2318 2972 2387 major
2992 2328 3073 2371 est
3104 2316 3272 2371 Filius
3304 2331 3333 2369 a
3382 2316 3572 2380 Patre,

1997 2410 2117 2478 quia
2143 2410 2255 2478 ipse
2281 2410 2456 2464 tradet
2488 2410 2628 2463 Patri
2670 2426 2768 2463 suo
2809 2411 3068 2478 regnum?
3115 2409 3240 2462 Ilaec
3284 2417 3408 2462 sunt
3454 2423 3573 2477 qua:

1999 2500 2257 2569 tantisper
2280 2516 2707 2555 commemorare
2730 2502 2872 2569 potui
2902 2510 2955 2554 ct
2981 2499 3253 2567 decerpsi;
3287 2498 3446 2552 multa
3477 2513 3573 2552 au-

2001 2598 2107 2643 tem
2132 2591 2487 2657 praetermissa
2514 2599 2636 2643 sunt
2671 2590 3052 2658 impedimento
3076 2588 3375 2642 velocitatis
3396 2625 3414 2650 ,
3451 2602 3571 2657 qua:

1998 2678 2180 2748 legens
2208 2681 2406 2748 poterit
2446 2680 2703 2733 invenire.
2744 2681 2854 2734 lloc
2901 2690 3101 2734 tantum
3141 2680 3309 2734 lector
3351 2688 3568 2745 teneat,

1997 2767 2278 2823 Dominum
2308 2770 2470 2825 Deum
2516 2770 2735 2823 minime
2765 2785 2988 2823 numero
3018 2770 3315 2838 suhjacere,
3350 2770 3571 2824 minime

1996 2862 2230 2928 separari
2260 2874 2271 2907 :
2305 2860 2445 2930 quod
2475 2863 2618 2914 enim
2652 2860 2927 2914 minimum
2976 2869 3057 2914 est
3078 2901 3093 2926 ,
3126 2860 3265 2913 Deus
3297 2874 3403 2913 non
3440 2867 3522 2912 est
3552 2873 3566 2911 :

1996 2951 2089 3004 sed
2114 2951 2253 3019 quod
2281 2951 2421 3005 Deus
2442 2960 2542 3016 est,
2564 2951 2751 3015 Filius,
2779 2962 2832 3006 et
2859 2951 3088 3019 Spiritus
3110 2958 3327 3005 sanctus
3344 2958 3568 3017 uterque

316 3082 502 3136 corpus
532 3079 810 3117 connexum
841 3071 887 3115 et
911 3072 1248 3128 compactum.
1294 3062 1428 3115 Ecce
1462 3077 1526 3116 ex
1558 3060 1694 3115 Filio
1726 3081 1736 3115 :
1766 3063 1889 3117 audi

2000 3041 2261 3108 perlectus
2329 3040 2668 3113 [professus]
2729 3051 2833 3097 est.
2894 3042 3019 3096 Ilaec
3083 3050 3165 3096 est
3225 3052 3401 3095 autem
3445 3055 3569 3093 veta

315 3166 373 3211 et
396 3171 461 3210 ex
495 3154 695 3223 Spiritu
739 3161 923 3206 sancto
957 3170 968 3203 :
1014 3150 1207 3220 Siquis
1247 3168 1347 3203 non
1399 3161 1602 3203 renatus
1642 3152 1792 3219 fuerit
1832 3168 1895 3205 ea:

317 3263 455 3315 aqua
486 3256 532 3298 et
562 3245 761 3313 Spiritu
781 3254 981 3306 sancto,
1006 3258 1105 3294 non
1138 3251 1295 3308 potest
1326 3242 1492 3294 videre
1526 3259 1737 3312 regnum
1776 3241 1889 3296 Dei.

320 3337 388 3392 Et
438 3337 630 3390 iterum
684 3335 734 3387 in
792 3332 1077 3402 Evangelia
1124 3332 1353 3402 legitur:
1392 3332 1481 3387 Sic
1510 3343 1580 3386 est
1618 3334 1781 3387 omnis
1811 3335 1895 3401 qui

321 3442 472 3483 natus
502 3437 572 3481 est
591 3444 653 3481 ea:
681 3426 901 3496 Spiritu.

952 3510 1124 3550 CAPUT
1164 3509 1307 3547 XVHL

389 3589 588 3645 Contra
620 3588 670 3642 id
700 3587 839 3657 quod
866 3587 1048 3639 dicunt
1075 3602 1085 3635 :
1111 3584 1242 3650 Quia
1276 3583 1435 3639 Pater
1467 3584 1710 3653 perhibet
1742 3586 1891 3640 testi-

322 3680 558 3735 monium
590 3678 744 3732 Filio.
774 3679 891 3745 Ipse
917 3676 1160 3730 Christus
1178 3675 1304 3728 dicit
1330 3675 1381 3729 in
1416 3675 1707 3744 Evangelio
1737 3690 1750 3722 :
1783 3675 1895 3747 Ego

322 3787 435 3825 sum
462 3770 548 3838 qui
570 3768 907 3822 testimonium
934 3766 1167 3834 perhibeo
1198 3766 1265 3818 de
1300 3781 1397 3818 me.
1438 3766 1577 3834 Ergo
1608 3766 1720 3834 ipse
1748 3768 1896 3820 testi-

325 3866 513 3919 [icwtur
546 3859 614 3913 de
641 3874 717 3913 se.
752 3856 1035 3925 Propheta:
1068 3855 1443 3924 perhibuerunt
1485 3855 1617 3907 Filio
1657 3856 1896 3908 testimo-

322 3956 494 4016 niurn,
528 3949 761 4021 nunquid
794 3949 1020 4016 majores
1051 3954 1174 3999 sunt
1216 3945 1487 4013 propheta:
1535 3944 1703 3997 Filio?
1752 3946 1892 4014 Apo-

322 4046 446 4101 stuli
476 4041 857 4111 perhibuerunt
888 4036 1247 4091 testimonium
1275 4034 1426 4102 Filio,
1472 4035 1707 4104 nunquid
1733 4036 1897 4104 majo-

323 4151 411 4192 res
457 4144 581 4189 sunt
620 4129 844 4199 apostoli
890 4128 1026 4182 Filio
1084 4126 1217 4181 Dei?
1255 4124 1359 4179 Sed
1403 4140 1524 4179 cum
1571 4125 1895 4179 ostenderim

324 4230 444 4298 quia
475 4227 587 4294 ipse
611 4223 709 4279 sibi
741 4221 1006 4291 perhibuit
1048 4218 1439 4281 testimonium,
1473 4232 1577 4271 non
1625 4218 1729 4271 erit
1758 4216 1897 4285 quod

324 4321 392 4372 ab
423 4314 744 4370 adversariis
770 4310 1187 4379 respondeatur:
1222 4306 1331 4378 Ego
1357 4322 1489 4371 sum,
1520 4306 1685 4377 inquit
1710 4308 1895 4374 Filius,

326 4412 413 4479 qui
430 4410 671 4479 testiﬁcor
691 4406 754 4460 de
776 4421 874 4459 me.

962 4509 1126 4549 CAPUT
1166 4508 1275 4546 XIX.

396 4590 592 4642 Contra
624 4587 673 4640 id
702 4584 843 4655 quod
871 4584 1049 4637 dicunt
1076 4600 1088 4636 :
1121 4582 1296 4647 Quare
1321 4582 1465 4649 prius
1496 4582 1674 4646 Pater,
1701 4581 1895 4635 deinde

330 4679 492 4734 Filius
525 4677 848 4733 nominatur.
878 4676 1014 4728 Audi
1041 4682 1096 4728 et
1122 4673 1311 4727 Filium
1360 4675 1589 4741 priorem
1634 4673 1895 4727 nominari

327 4786 353 4821 a
384 4770 560 4823 Patre.
593 4764 1027 4836 Apostolus-dicit
1054 4763 1117 4816 ad
1146 4762 1357 4817 Galatas
1384 4777 1395 4811 :
1433 4762 1552 4815 Non
1588 4764 1651 4814 ab
1678 4761 1898 4815 homini-

328 4861 435 4921 bus,
466 4874 625 4928 neque
648 4874 735 4925 per
757 4856 1031 4921 hominem,
1074 4854 1161 4906 sed
1208 4870 1295 4920 per
1326 4855 1503 4905 Jesnm
1545 4851 1805 4906 Christum
1852 4864 1898 4905 ct

332 4949 491 5002 Deum
518 4948 741 5000 Patrem.
775 4945 902 4998 Item
927 4944 991 4997 ad
1018 4944 1527 4997 Thessalonicenses
1572 4942 1686 5011 ipse
1722 4945 1848 4997 dicit
1881 4961 1893 4996 :

328 5039 447 5107 Ipse
476 5046 645 5090 autem
670 5036 914 5088 Dominus
936 5045 1102 5087 noster
1130 5032 1279 5088 Jesus
1306 5035 1536 5087 Christus
1556 5043 1601 5086 et
1630 5034 1762 5087 Deus
1792 5034 1899 5087 Pa-

327 5138 401 5182 ter
423 5137 612 5192 noster,
640 5127 727 5195 qui
757 5126 933 5178 dilexit
962 5141 1079 5183 nos,
1106 5132 1151 5176 et
1174 5124 1311 5176 dedit
1340 5126 1737 5177 consolationem
1752 5134 1898 5177 ceter-

329 5236 466 5283 nam,
498 5229 601 5273 etc.
633 5217 770 5272 Ecce
793 5222 939 5286 prior
984 5226 1066 5269 est
1106 5216 1272 5269 Filius
1303 5217 1625 5269 nominatus.
1673 5218 1811 5271 Audi
1843 5226 1897 5271 et

327 5311 577 5378 Spiritum
609 5316 850 5361 sanctum
903 5306 1065 5376 priori
1112 5305 1231 5359 loco
1272 5306 1553 5359 nominari.
1604 5306 1897 5373 Apostolus

327 5400 452 5454 dicit
481 5415 494 5449 :
529 5399 696 5453 Unum
728 5414 913 5464 corpus
940 5406 985 5450 et
1009 5413 1135 5450 unus
1160 5396 1415 5465 Spiritus,
1447 5397 1576 5448 sicut
1599 5399 1759 5450 vocati
1783 5399 1901 5451 estis

328 5492 380 5540 in
404 5506 508 5542 una
536 5502 624 5555 spe
645 5488 921 5539 vocationis
950 5496 1148 5551 vestraz,
1182 5502 1310 5538 unus
1356 5486 1494 5538 Deus
1519 5526 1532 5549 ,
1572 5501 1675 5538 una
1729 5487 1857 5554 ﬁdes
1882 5527 1896 5549 ,

330 5596 484 5634 unum
514 5580 941 5647 baptisma,unus
988 5576 1123 5630 Deus
1170 5585 1215 5629 et
1263 5576 1418 5629 Pater
1466 5577 1708 5629 omnium.
1761 5577 1899 5631 Ecce

334 5671 482 5741 prius
506 5670 781 5740 Spiritum,
812 5676 865 5725 et
896 5677 1077 5739 postea
1110 5669 1317 5723 Patrem
1343 5668 1650 5721 nominavit.
1684 5668 1785 5723 Sed
1818 5669 1896 5724 di-

1925 4447 1975 4506 D

1999 3135 2274 3202 perfectio,
2327 3149 2483 3202 quam
2518 3150 2620 3187 non
2678 3133 2891 3202 subjicit
2936 3134 3154 3186 alterius
3200 3131 3567 3199 comparatio,

1996 3240 2095 3279 nec
2150 3236 2388 3280 remanet
2450 3224 2591 3295 quod
2624 3226 2790 3293 possit
2829 3238 3157 3278 accrescere.
3192 3224 3331 3276 Deus
3352 3222 3571 3291 spiritus

1995 3325 2114 3382 est,
2163 3334 2268 3373 non
2310 3333 2469 3382 caro;
2524 3318 2825 3371 intellectus
2856 3325 2970 3381 est,
3019 3331 3128 3369 non
3173 3323 3258 3369 est
3304 3313 3565 3381 globatio;

1997 3410 2262 3464 internum
2291 3410 2468 3464 lumen
2499 3421 2601 3474 est,
2637 3425 2741 3463 non
2766 3409 3017 3462 materies
3044 3407 3387 3462 circumfusa.
3443 3406 3566 3460 Ideo

1996 3517 2103 3555 non
2144 3499 2394 3553 dividitur
2432 3500 2607 3562 Pater,
2638 3507 2690 3552 et
2734 3498 2914 3562 Filius,
2959 3507 3013 3552 ct
3049 3498 3275 3566 Spiritus
3319 3504 3565 3560 sanctus,

1996 3590 2116 3658 quia
2150 3603 2253 3643 non
2287 3596 2370 3643 est
2403 3588 2543 3653 talis,
2577 3588 2662 3654 qui
2695 3602 2754 3640 se
2782 3598 2927 3655 paret
2958 3586 3147 3649 incidi;
3180 3594 3232 3638 et
3261 3593 3437 3638 tamen
3469 3585 3569 3638 Pa-

1996 3689 2098 3744 ter,
2126 3678 2284 3733 Pater
2312 3688 2420 3741 est;
2469 3679 2657 3742 Filius,
2706 3677 2868 3733 Filius
2913 3687 3023 3742 est;
3070 3678 3299 3746 Spiritus
3328 3685 3562 3741 sanctus,

1999 3767 2227 3836 Spiritus
2271 3776 2487 3821 sanctus
2531 3778 2646 3833 est;
2688 3778 2741 3822 et
2786 3768 2981 3836 ultique
3026 3769 3141 3823 sine
3191 3766 3415 3821 invicem
3460 3782 3565 3819 non

1997 3868 2157 3913 sunt:
2184 3858 2304 3927 quia
2338 3874 2471 3912 unus
2501 3868 2583 3913 est
2610 3860 2696 3927 qui
2729 3859 2946 3929 intelligi
2978 3866 3182 3927 potest,
3205 3857 3439 3928 separari
3461 3871 3566 3912 non

2000 3958 2193 4020 potest.
2239 3950 2352 4004 Non
2402 3961 2525 4004 sunt
2573 3952 2909 4020 conglobati,
2955 3953 3073 4020 quia
3114 3966 3218 4006 non
3264 3960 3387 4004 sunt
3428 3950 3571 4005 velut

1998 4043 2154 4107 terei;
2188 4058 2290 4096 non
2332 4051 2456 4096 sunt
2494 4043 2676 4107 divisi,
2716 4043 2835 4112 quia
2876 4042 2991 4096 sine
3022 4042 3248 4095 invicem
3278 4055 3382 4094 non
3422 4046 3565 4094 sunt.

2002 4134 2123 4188 llaec
2148 4142 2230 4187 est
2255 4150 2378 4187 vera
2412 4145 2460 4188 et
2495 4132 2754 4187 catholica
2802 4131 2960 4197 ﬁdes,
2994 4146 3150 4199 quam
3195 4129 3437 4183 Christus
3475 4129 3571 4183 do-

2001 4224 2113 4278 cuit
2135 4232 2187 4279 et
2218 4224 2463 4291 tradidit,
2493 4221 2718 4291 apostoli
2750 4221 3074 4283 docuerunt,
3105 4229 3157 4274 et
3188 4232 3372 4272 omnes
3400 4216 3570 4271 sancti

2001 4315 2321 4383 patriarchae
2351 4324 2404 4368 et
2434 4314 2703 4382 propheta:
2742 4310 2968 4364 ﬁdeliter
3009 4311 3333 4363 cecinerunt.
3371 4307 3571 4373 Propo-

2001 4405 2282 4461 sitionibus
2331 4407 2433 4459 tuis
2474 4406 2692 4473 juvante
2740 4403 2922 4465 Patre,
2970 4408 3024 4454 et
3070 4398 3233 4461 Filio,
3275 4406 3329 4451 et
3369 4396 3571 4465 Spiritu

2002 4508 2206 4563 sancto,
2231 4498 2299 4551 de
2329 4496 2474 4549 Novo
2498 4507 2549 4548 et
2576 4495 2750 4549 \‘eteri
2774 4493 3114 4546 Testamento
3136 4488 3406 4558 respondi,
3433 4501 3573 4541 nunc

2001 4603 2132 4643 vero
2173 4602 2266 4655 pro
2295 4586 2552 4640 catholica
2577 4625 2590 4648 ,
2637 4598 2758 4651 quae
2790 4584 2980 4650 ltitique
3023 4588 3107 4633 est
3136 4579 3257 4643 tide,
3289 4579 3388 4631 alia
3419 4577 3571 4632 testi-

2005 4680 2177 4733 monia
2211 4677 2492 4747 proposui,
2521 4675 2712 4744 quibus
2752 4674 3073 4741 respondere
3100 4672 3315 4725 debeas.
3350 4670 3402 4723 In
3436 4669 3574 4723 libro

2006 4769 2290 4837 Sapientiae
2317 4786 2330 4822 :
2359 4768 2478 4837 quia
2510 4767 2646 4820 sicut
2676 4766 2815 4817 Deus
2844 4763 3122 4832 sapientia,
3156 4776 3273 4831 qua:
3300 4770 3382 4816 est
3407 4760 3575 4815 Filius

2004 4858 2134 4927 Dei,
2173 4860 2251 4912 sic
2290 4867 2342 4911 et
2383 4856 2612 4925 Spiritus
2660 4864 2874 4907 sanctus
2922 4853 3065 4907 novit
3112 4849 3330 4906 consilia
3375 4848 3569 4903 Patris.

2012 4950 2064 5004 ln
2108 4948 2294 5005 eodem
2346 4948 2521 5000 libro:
2562 4946 2685 5014 quia
2727 4943 3062 5011 omnipotens
3102 4949 3188 4997 est
3232 4940 3424 5000 Filius,
3476 4951 3569 5006 per

2006 5057 2165 5111 quem
2201 5041 2333 5094 facta
2365 5047 2487 5093 sunt
2510 5037 2710 5091 omnia.
2743 5035 2798 5089 In
2823 5035 3011 5089 eodem
3042 5034 3178 5086 libro
3204 5050 3216 5083 :
3248 5032 3369 5101 quia
3408 5030 3577 5099 Spiri-

2009 5140 2092 5186 tus
2118 5139 2332 5185 sanctus
2374 5130 2533 5184 etiam
2574 5127 2760 5190 Filius,
2791 5124 2880 5194 qui
2923 5124 3115 5178 dicitur
3158 5124 3324 5177 virtus
3366 5121 3479 5175 Dei.
3518 5120 3574 5173 In

2007 5221 2195 5277 eodem
2228 5220 2364 5273 libro
2408 5218 2603 5272 dicitur
2638 5216 2705 5270 de
2733 5215 2934 5284 Spiritu
2983 5222 3188 5280 sancto,
3219 5214 3306 5283 qui
3338 5212 3576 5265 incorru-

2008 5310 2207 5381 ptibilis
2234 5318 2334 5364 est.
2380 5308 2437 5363 In
2477 5307 2663 5362 eodem
2695 5307 2830 5361 libro
2860 5322 2874 5359 :
2904 5305 3194 5360 secundum
3235 5304 3456 5356 formam
3486 5313 3578 5353 su-

2007 5411 2200 5471 sceptzc
2236 5401 2544 5456 humilitatis
2583 5399 2843 5453 visibilem
2887 5397 3014 5451 dicit
3041 5396 3343 5455 Christum,
3387 5403 3576 5445 secun-

2007 5494 2130 5546 dum
2164 5492 2384 5546 formam
2417 5507 2540 5545 vero
2567 5490 2778 5546 deitatis
2809 5504 2911 5541 non
2953 5484 3244 5548 visibilem,
3274 5482 3365 5536 sed
3396 5481 3580 5536 invisi-

2008 5582 2166 5637 bilem
2209 5583 2532 5651 pronuntiat.
2576 5580 2724 5648 Quod
2769 5578 2909 5633 enim
2941 5575 3167 5639 videtur,
3207 5573 3395 5637 homo,
3436 5573 3577 5641 quod

2009 5689 2111 5728 non
2142 5672 2367 5741 videtur,
2403 5671 2541 5726 Deus
2571 5669 2892 5742 agnoscitur.
2918 5665 2975 5720 In
3006 5661 3192 5721 eodem
3222 5662 3356 5717 libro
3385 5662 3578 5718 dicitur
