4002 6188
421 284 520 338 τδγ
1377 274 1431 332 s
1472 272 1815 330 suemus
1851 271 2435 329 csnrnscmsnss
2473 270 2862 330 EPISGOPUS.
3074 322 3079 327 .
3198 316 3203 317 κ
3577 278 3674 334 763

420 397 539 465 quin
571 394 733 447 Filius
775 393 864 445 Dei
901 390 967 444 de
992 387 1284 442 substantia
1329 396 1412 439 est
1443 387 1633 439 Patris.
1679 386 1733 437 lu
1768 386 1987 438 Cantico
2018 390 2066 445 Α
2094 400 2209 440 etus
2236 405 2248 440 :
2292 388 2514 456 Spiritus
2545 389 2790 451 veritatis,
2825 403 2973 453 quem
3006 388 3227 441 munzlus
3258 404 3357 440 non
3387 400 3546 459 potest
3580 410 3673 445 ac-

421 487 791 547 Canticorntn,
826 483 913 535 ubi
955 481 1223 535 Christum
1264 479 1393 533 dicit
1439 493 1561 532 esse
1601 478 1831 545 Regem,
1873 493 1992 529 cum
2097 481 2279 546 cipere,
2302 480 2421 544 quia
2450 479 2669 530 mundus
2698 494 2798 531 non
2826 479 3109 541 videteum,
3130 494 3221 529 nec
3250 481 3501 549 cognoscit
3522 499 3671 534 eum:

420 580 484 628 ad
511 592 630 630 emn
662 576 896 628 Ecclesia
928 573 1174 637 loquitur.
1211 569 1264 621 lu
1309 568 1679 623 Ecclesiastiro
1704 583 1719 620 :
1749 568 1873 636 quia
1917 568 1995 619 iu-
2095 584 2180 621 vos
2211 580 2375 621 autent
2402 570 2704 637 cognoscitis
2730 584 2864 630 eum,
2894 569 3011 635 quia
3040 568 3179 635 apud
3232 584 3308 620 os
3340 573 3585 633 manebit,
3628 585 3677 625 et

422 668 766 721 numerabilis
807 672 890 717 est
935 660 1240 729 magnitudo
1286 658 1401 713 Dei.
1434 659 1583 712 Unde
1624 660 1843 711 docetur
1873 658 1991 724 quia
2095 658 2146 710 in
2172 659 2307 710 vobis
2334 658 2449 709 erit.
2482 658 2537 710 In
2569 657 2803 710 Canticis
2831 656 3101 710 Christum
3130 657 3257 711 dicit
3277 672 3396 713 esse
3426 659 3628 728 Regem
3658 679 3674 723 ;

421 756 714 825 blaSphemi
751 763 870 806 sunt
900 752 988 820 qui
1020 751 1334 803 Trinitatem
1364 748 1682 814 separando,
1715 763 1774 800 ac
1819 747 1993 814 gradi-
2094 762 2211 802 cum
2243 747 2530 801 Eerlesiam
2568 748 2829 815 loquitur:
2874 746 3171 800 Introduxit
3202 764 3278 801 me
3304 765 3393 801 rex
3434 750 3485 801 in
3530 751 3677 803 cubi-

422 851 519 905 bus
544 860 597 904 et
626 849 862 902 numeris
886 844 1107 897 credunt
1146 857 1264 895 esse
1304 840 1651 894 suadendum.
1695 842 1747 891 ln
1793 840 1993 905 psalmo
2094 838 2267 889 culum
2294 853 2463 902 suum,
2493 838 2797 889 exsultemus
2825 848 2868 888 et
2891 836 3237 906 jurundemur
3256 838 3307 890 in
3339 847 3403 890 te.
3439 839 3573 892 item
3602 842 3670 892 si-

422 956 560 996 cxvn
583 940 827 993 similiter
853 936 919 989 de
948 934 1241 1001 Sapientia,
1264 946 1382 1001 qua:
1411 940 1490 985 est
1514 930 1676 983 Filius
1711 930 1821 992 Dei,
1843 930 1919 982 sic
1939 938 1993 983 et
2095 926 2420 980 militudines
2472 926 2587 983 auri
2619 925 2871 980 iaciemus
2912 926 3006 979 tibi
3057 941 3176 978 cum
3232 926 3675 984 distinctionibus

422 1028 1036 1101 Spiritussaurtnsnovit
1061 1022 1277 1078 consilia
1300 1024 1501 1077 Patris:
1522 1021 1801 1074 Consilium
1823 1031 1991 1072 autem
2093 1015 2321 1082 argenti,
2351 1027 2623 1081 quousque
2661 1028 2753 1067 rex
2784 1014 2850 1067 sit
2894 1014 2944 1066 in
2976 1015 3213 1067 recuhitu
3244 1030 3362 1068 suo.
3398 1016 3452 1069 ln
3482 1017 3676 1071 Eccle-

422 1132 563 1174 ιιηιυι
592 1120 703 1188 quis
732 1120 852 1178 sat,
889 1116 985 1168 nisi
1028 1124 1080 1167 tu
1108 1114 1306 1166 dederis
1336 1113 1679 1181 Sapientiam,
1719 1122 1763 1165 et
1795 1113 1993 1165 miseris
2094 1106 2311 1160 siastiro
2332 1125 2344 1156 ι
2364 1106 2484 1169 quia
2509 1105 2910 1158 innumerabilis
2936 1114 3019 1158 est
3048 1107 3352 1174 magnitudo
3381 1108 3494 1160 Dei.
3517 1108 3675 1163 Unde

424 1211 673 1279 Spiritum
690 1209 752 1259 de
767 1205 1064 1258 altissimis?
1085 1207 1137 1256 tn
1163 1202 1349 1256 eodem
1370 1202 1640 1270 libroquia
1658 1202 1992 1270 omnipotens
2093 1195 2313 1249 docetur
2334 1210 2490 1263 quam
2528 1195 2823 1263 blasphemi
2871 1195 2980 1248 sint
3030 1197 3081 1248 in
3110 1196 3423 1250 Trinitatem
3458 1198 3555 1253 Dei
3584 1200 3675 1269 qui

421 1311 504 1355 est
527 1300 706 1359 Filius,
738 1313 829 1365 per
849 1312 1004 1365 quem
1032 1295 1164 1348 facta
1192 1303 1315 1347 sunt
1339 1295 1515 1347 omnia
1545 1310 1556 1345 :
1588 1292 1708 1345 Non
1735 1293 1889 1355 enim,
1920 1293 1992 1344 in-
2093 1288 2391 1354 separando
2429 1285 2679 1349 gradibus
2706 1301 2769 1340 ac
2806 1289 3042 1340 numeris
3067 1288 3337 1342 suadenda
3364 1291 3671 1347 mstimant:

422 1389 894 1461 quit,impossibtlis
920 1384 1994 1452 eratomnipotensmanustua,quwcrcavit
2093 1388 2145 1431 et
2173 1379 2292 1444 qtiis
2343 1377 2678 1444 invesﬁgavit
2707 1378 3087 1445 magnitudinis
3131 1380 3248 1448 ejus
3286 1381 3597 1449 imperium,
3623 1390 3678 1437 et

422 1488 612 1549 omna,
637 1491 681 1534 et
707 1481 874 1532 orbem
898 1491 1143 1531 terrarum
1167 1493 1229 1530 ex
1250 1477 1459 1529 materia
1476 1475 1703 1543 informi.
1725 1474 1780 1527 ln
1804 1474 1991 1528 eodem
2095 1467 2507 1535 magnitudinem
2522 1468 2636 1535 ejus
2653 1469 2770 1537 quis
2785 1468 3184 1523 denumeravit?
3199 1471 3254 1524 In
3269 1473 3475 1539 psalmo
3497 1488 3675 1537 xxrtt,

422 1575 557 1628 libro
582 1591 595 1626 :
628 1574 745 1640 quia
770 1571 1001 1638 Spiritus
1022 1577 1235 1621 sanctus
1264 1568 1424 1621 etiam
1452 1568 1615 1619 Filius
1642 1577 1755 1619 est:
1790 1566 1993 1631 disper-
2092 1562 2339 1614 similiter
2368 1562 2433 1613 de
2462 1561 2729 1628 Sapientia
2750 1602 2763 1623 ,
2794 1577 2912 1629 quae
2953 1572 3036 1615 est
3090 1564 3258 1618 Filius
3305 1565 3421 1631 Dei,
3467 1567 3677 1620 dictum

422 1668 467 1720 si
501 1680 593 1733 per
620 1663 877 1733 Spiritum
908 1673 1147 1714 sanctum
1183 1660 1391 1713 virtutis
1424 1666 1525 1711 tua:
1568 1657 1991 1725 persecutionem
2094 1663 2215 1707 est:
2246 1652 2365 1720 quia
2397 1653 2672 1721 sapientiae
2723 1654 2840 1723 ejus
2866 1671 2970 1707 non
2997 1664 3079 1708 est
3118 1672 3372 1712 numerus
3400 1675 3412 1709 :
3452 1658 3681 1727 Magnus

423 1758 562 1826 passi
596 1756 662 1808 ab
689 1755 817 1821 ipsis
858 1753 1011 1806 factis
1041 1752 1171 1806 suis.
1204 1752 1258 1805 lu
1289 1750 1476 1805 eodem
1524 1748 1658 1803 libro
1689 1749 1754 1802 dc
1793 1747 1989 1815 Spiritu
2024 1737 2068 1794 Β
2098 1743 2346 1796 Dominus
2395 1753 2582 1808 uoster,
2628 1754 2676 1795 ct
2726 1760 2914 1814 magna
2952 1745 3111 1798 virtus
3165 1747 3296 1813 ejus,
3323 1757 3372 1800 et
3405 1750 3685 1815 sapientia:

422 1857 607 1900 sancto
633 1847 754 1914 quia
801 1842 1217 1908 incorruptibilis
1243 1851 1324 1893 est
1360 1859 1371 1893 :
1405 1840 1815 1906 Incorruptibilis
1859 1840 1994 1891 enim
2092 1834 2203 1901 ejus
2227 1850 2330 1885 non
2359 1843 2429 1885 est
2453 1849 2710 1887 numerus.
2735 1832 3188 1901 Propositionibus
3209 1836 3327 1890 istis
3352 1837 3685 1891 Maximinus

428 1939 655 2007 Spiritus
684 1948 801 1990 tuus
822 1937 872 1988 in
903 1935 1133 1987 omnibus
1159 1944 1252 1986 est.
1285 1933 1342 1986 ltt
1373 1933 1559 1986 eodem
1593 1932 1751 1996 libro,
1790 1930 1873 1983 tibi
1906 1946 1990 1983 se-
2094 1924 2333 1977 Arionita
2357 1923 2484 1975 nihil
2518 1924 2698 1977 valens
2718 1925 2784 1977 ad
2816 1926 3270 1993 respondendum,
3301 1928 3593 1982 dillerebat
3615 1928 3687 1982 de

424 2030 657 2085 cundum
689 2030 910 2081 formam
952 2034 1214 2094 susceptas
1244 2025 1556 2078 humilitatis
1581 2024 1842 2077 visibilem
1869 2023 1996 2075 dicit
2095 2013 2181 2066 die
2213 2015 2262 2065 ἰη
2294 2013 2455 2065 ἀίοῐῐι-
2489 2013 2723 2068 Cerealis
2750 2029 2880 2069 vero
2907 2015 3045 2069 dixit
3091 2017 3197 2082 illi,
3251 2019 3341 2085 qui
3394 2020 3683 2085 intererat,

422 2120 718 2180 Christum,
750 2116 1041 2171 secundum
1089 2117 1313 2169 formam
1346 2130 1472 2166 vero
1502 2114 1714 2167 deitatis
1734 2128 1837 2166 non
1865 2112 1993 2165 visi-
2096 2106 2179 2159 cui
2218 2114 2334 2158 erat
2378 2105 2672 2171 injunctum
2700 2124 2712 2158 :
2746 2105 3040 2175 Propositis
3087 2108 3153 2160 ah
3196 2124 3263 2161 eo
3287 2108 3687 2177 quaestionibus

422 2210 608 2276 bilem,
634 2208 727 2261 sed
779 2206 1101 2260 invisibilem
1143 2204 1452 2273 pronuntiat
1493 2204 1717 2258 dicens:
1756 2202 1997 2256 Videntes
2097 2198 2382 2265 adjut'ante
2430 2197 2542 2251 Deo
2570 2197 2859 2264 respondi,
2908 2213 3006 2251 cur
3052 2199 3187 2252 meis
3218 2199 3686 2266 pr0positionibus

423 2302 569 2354 illum
596 2316 743 2367 quem
775 2299 896 2353 olim
943 2298 1226 2368 negabant,
1263 2297 1424 2349 Deum
1466 2305 1772 2366 agnoverunt
1803 2310 1994 2348 verum.
2099 2305 2205 2343 non
2262 2288 2582 2355 respondet?
2609 2287 2782 2356 Supra
2834 2297 3189 2343 memoratum
3233 2290 3391 2357 igitur
3436 2288 3688 2341 Maximi-

422 2391 480 2445 ln
515 2390 703 2443 eodem
746 2389 915 2443 libro:
943 2388 1067 2457 quia
1112 2388 1275 2441 Filius
1332 2387 1425 2441 Dei
1465 2387 1532 2441 de
1576 2387 1869 2440 substantia
1915 2394 2000 2441 est
2098 2395 2249 2441 num,
2276 2379 2359 2432 cui
2389 2389 2504 2433 erat
2531 2378 2851 2447 iniunctum,
2878 2393 2999 2432 cum
3025 2379 3358 2440 conveniret,
3390 2381 3589 2432 tacuit.
3622 2378 3687 2430 Et

424 2483 632 2537 Patris:
664 2481 766 2534 Pro
807 2482 988 2547 quibus
1040 2482 1340 2550 angelorum
1382 2495 1495 2532 esca
1542 2479 1720 2531 cibasti
1754 2477 2000 2548 populum
2099 2471 2170 2525 ait
2195 2470 2441 2524 Cereali:
2478 2468 2623 2523 Vade
2664 2468 2758 2521 tibi
2798 2469 2849 2522 iit
2878 2468 3143 2537 propriam
3180 2468 3508 2533 Ecclesiam,
3560 2469 3688 2536 quia

423 2583 584 2639 tuum,
629 2579 674 2625 et
702 2581 933 2638 paratum
962 2586 1142 2637 panem
1170 2569 1232 2622 de
1279 2569 1403 2622 caelo
1434 2570 1713 2638 prwstitisti
1754 2569 1859 2621 illis
1889 2568 1998 2621 sine
2099 2571 2392 2616 conventus
2432 2576 2461 2614 a
2488 2576 2575 2615 me
2609 2559 2926 2614 Maximinus
2956 2561 3123 2614 noluit
3167 2559 3518 2628 respondere,
3560 2558 3689 2613 hinc

424 2664 617 2727 labore,
641 2678 788 2714 omne
812 2660 1227 2714 delectamentum
1258 2661 1311 2712 in
1355 2676 1408 2712 se
1439 2660 1726 2723 habentem,
1751 2670 1800 2713 et
1830 2660 1992 2713 omnis
2101 2655 2411 2723 intelligitur
2436 2653 2556 2722 quia
2589 2668 2691 2706 non
2720 2652 2905 2717 valuit,
2940 2652 3027 2706 ubi
3061 2653 3244 2715 tacuit,
3267 2659 3321 2704 et
3350 2652 3459 2704 tuis
3485 2662 3690 2717 propo-

422 2752 620 2818 saporis
647 2752 943 2803 suavitatem
974 2766 991 2814 ;
1019 2750 1347 2803 substantiam
1377 2751 1507 2802 enim
1532 2760 1739 2803 tuamet
1765 2750 1996 2802 dulcedi—
2100 2745 2380 2802 sitionibus
2426 2744 2754 2815 respondere
2808 2744 2999 2798 noluit.
3051 2743 3167 2814 Jatn
3220 2743 3361 2797 inter
3396 2757 3495 2797 vos
3544 2742 3692 2796 Deus

424 2859 533 2895 nem
562 2859 686 2910 quas
722 2842 774 2893 iu
820 2838 959 2893 Filio
1003 2840 1188 2892 habeas
1237 2841 1554 2894 ostendebas.
1600 2840 1653 2893 In
1707 2839 1993 2907 Evangelia
2100 2838 2267 2891 audit.

424 2931 715 2984 secundum
744 2931 1000 2984 Joannem
1028 2948 1039 2981 :
1069 2931 1188 2997 quia
1215 2930 1494 2983 invisibilis
1517 2940 1596 2982 est
1617 2929 1846 2998 Spiritus
1873 2944 1994 2983 san-

425 3079 3681 3115 W

992 3110 1111 3111 ,
1162 3110 1505 3125 ,,,,,,,,c_,_.,_,,
1536 3110 1561 3111 κ
1626 3110 1677 3111 η

425 3123 969 3134 ————————-—-———-—-

1762 3239 1976 3279 EODEM
2022 3237 2343 3280 TEMPORE.

1029 3402 1295 3671 S.
1410 3396 3084 3672 EUGENIUS

1567 3769 2116 3823 CARTHAGINENSIS
2161 3767 2527 3820 EPISCOPUS.

1531 4046 1994 4117 NOTITIA
2048 4043 2189 4115 EX
2247 4042 2589 4120 CAVE..

497 4216 787 4288 Eugenius,
812 4224 971 4285 gente
1009 4215 1160 4279 Afer,
1190 4228 1330 4268 anno
1355 4214 1460 4271 480
1486 4229 1513 4267 a
1537 4214 1839 4273 catholicis,
1873 4213 1993 4279 qui-
2020 4215 2065 4272 C
2098 4214 2245 4280 quasi
2274 4213 2449 4269 adhuc
2483 4214 2694 4270 vivente
2727 4216 2962 4286 loquitur
2982 4216 3292 4273 Gennadius
3334 4220 3388 4275 in
3419 4220 3690 4291 Catalogo

428 4312 524 4367 bus
578 4306 873 4361 llunericus
922 4304 1279 4358 Vandalorum
1326 4319 1420 4357 rex
1474 4303 1706 4356 'I.en0nis
1769 4302 1898 4369 imp.
1940 4308 1995 4354 et
2097 4306 2416 4371 scriptorum
2474 4306 2616 4377 (cap.
2664 4307 2776 4377 97),
2827 4324 2982 4377 quem
3039 4310 3141 4364 isto
3194 4325 3336 4366 anno
3386 4313 3692 4367 contexuit.

427 4400 674 4454 Placidia:
705 4398 949 4465 precibus
979 4404 1229 4451 exoratus
1261 4395 1487 4463 eligendi
1519 4393 1755 4463 episcopi
1786 4395 1993 4448 veniam
2100 4399 2285 4451 Exstat
2328 4398 2539 4453 libellus
2582 4414 2675 4454 seu
2730 4401 2931 4471 prolixa
2986 4402 3109 4469 fidei
3155 4403 3417 4473 Confessio
3466 4407 3696 4461 nomine

428 4498 806 4553 concesserat,
846 4488 1130 4557 episcopus
1162 4485 1598 4553 Carthaginensis
1641 4487 1993 4551 constitutus,
2096 4490 2467 4556 episcopormn
2522 4488 2891 4544 Africanorum
2967 4492 3232 4547 llunerico
3288 4496 3402 4563 regi
3458 4495 3647 4549 oblata
3679 4535 3696 4558 .

429 4586 710 4643 postquam
741 4577 897 4630 sedes
929 4578 1244 4631 Arianorum
1273 4577 1477 4631 sawitia
1506 4591 1600 4645 per
1621 4575 1690 4629 24
1716 4589 1883 4630 annos
1907 4590 2000 4629 va-
2100 4579 2236 4646 apud
2270 4579 2540 4633 Victorem
2573 4580 2840 4635 Vitensem
2868 4582 3042 4652 (cujus
3065 4582 3325 4653 integrum
3350 4584 3547 4638 librum
3581 4596 3693 4641 ter-

427 4672 659 4718 caverat.
717 4666 871 4716 Anno
918 4667 1044 4730 484,
1097 4667 1320 4720 collecm
1371 4666 1508 4735 apud
1537 4667 1911 4735 Carthaginem
1933 4667 1999 4719 ab
2102 4668 2229 4722 tium
2284 4671 2583 4738 constituit)
2629 4670 2705 4723 De
2745 4673 3095 4737 persecutione
3142 4673 3427 4727 Vandalica
3466 4675 3565 4728 lib.
3616 4693 3696 4739 Ill,

431 4751 695 4807 llunerico
742 4754 1111 4822 episcoporum
1143 4757 1455 4811 Arianorum
1486 4759 1660 4819 turba,
1689 4758 1778 4827 qui
1817 4758 1997 4826 dispu-
2101 4774 2222 4829 pag.
2262 4760 2351 4815 55.
2399 4760 2527 4827 Ejus
2567 4761 2709 4815 enim
2761 4776 2898 4826 esse,
2932 4763 3056 4817 licet
3090 4762 3144 4817 id
3174 4778 3277 4817 non
3308 4764 3446 4817 dicat
3474 4764 3694 4831 Victor,

433 4846 688 4899 tationem
719 4858 837 4897 cum
865 4845 1148 4899 catholicis
1177 4854 1593 4911 committerent,
1628 4850 1891 4918 Eugenius
1924 4851 1997 4901 Iu-t
2101 4859 2255 4902 extra
2306 4863 2518 4903 omnem
2565 4852 2991 4905 controversiam
3038 4852 3188 4919 ponit
3227 4852 3540 4907 Gennadius
3572 4856 3699 4909 loco

431 4936 699 4990 culentam
729 4934 847 4988 lidei
876 4936 1261 5001 professionem
1290 4940 1397 5007 regi
1424 4940 1639 5003 obtulit,
1669 4950 1812 4993 tanta
1837 4940 2002 4992 ratio-
2102 4937 2282 4992 citato.
2314 4939 2547 4993 llabetur
2575 4938 2777 4994 Concil.
2813 4951 2945 4996 tom.
2980 4942 3069 5009 ιν,
3103 4958 3223 5012 pag.
3253 4943 3409 5010 “28,
3447 4954 3503 4999 et
3525 4946 3580 4999 in
3608 4946 3699 4999 Bi-

432 5027 517 5080 nis
540 5026 589 5078 vi
614 5025 893 5085 munitam.
928 5035 987 5078 ut
1012 5026 1292 5081 hatreticos
1320 5029 1386 5081 ad
1412 5030 1685 5084 silentium
1716 5032 1911 5097 pariter
1939 5044 2002 5083 ac
2102 5029 2363 5085 bliollteca
2401 5031 2615 5085 Patrum
2656 5043 2783 5086 tom.
2816 5033 2948 5100 Vlll,
2980 5047 3101 5103 pag.
3136 5035 3258 5089 685.
3292 5035 3520 5105 Scripsit
3547 5052 3694 5105 pra}.

433 5117 636 5171 rabiem
674 5115 927 5183 adigeret.
971 5116 1136 5170 Paulo
1182 5128 1299 5184 post
1324 5120 1393 5172 ab
1435 5119 1701 5174 llunerico
1736 5120 2002 5174 Tantallu-
2104 5131 2268 5188 terra,
2310 5132 2442 5177 teste
2474 5124 2662 5177 eodem
2696 5126 2994 5191 Gennadio,
3035 5142 3153 5196 qua:
3199 5129 3535 5192 interierunt,
3571 5131 3693 5195 epi-

438 5221 655 5261 nrnsem
677 5205 944 5287 civitatem
975 5207 1026 5259 in
1054 5206 1286 5261 confinio
1305 5209 1651 5278 Tripolitanze
1680 5211 1834 5263 sitam
1868 5211 2003 5265 relc-
2103 5213 2261 5266 stolas
2312 5216 2379 5266 ad
2423 5215 2617 5282 plebem
2657 5231 2766 5268 sua:
2813 5232 2951 5270 cura:
2982 5220 3302 5271 commissam
3355 5220 3512 5287 paulo
3564 5230 3694 5274 ante

436 5306 612 5367 gatur,
636 5306 689 5351 et
711 5296 942 5350 Antonio
963 5296 1061 5349 loci
1084 5298 1353 5363 episcopo,
1371 5298 1622 5353 hazretico
1646 5301 1998 5364 ferocissimo,
2103 5303 2345 5357 exsilium
2392 5305 2615 5370 missas;
2658 5308 3014 5360 altercationes
3044 5324 3175 5376 quas
3201 5324 3321 5363 cum
3366 5311 3693 5366 Arianorum

436 5385 821 5441 excruciandus
846 5385 1211 5440 committitur.
1238 5386 1443 5452 Postea,
1469 5389 1511 5441 si
1542 5389 1797 5458 Gregorio
1833 5390 2001 5444 Turo-
2105 5395 2419 5462 praesulibus
2458 5410 2552 5464 per
2605 5398 2963 5450 internuntios
3014 5398 3219 5466 habuit,
3254 5399 3557 5453 Hunnerico
3585 5402 3697 5470 regi

443 5479 591 5529 nensi
622 5476 789 5544 (Hist.
823 5475 1014 5529 Franc.
1044 5476 1132 5528 lib.
1161 5490 1217 5538 ιι,
1247 5491 1362 5545 cap.
1394 5478 1449 5545 5)
1475 5478 1629 5543 ﬁdes,
1658 5481 1997 5549 Albigensem
2106 5498 2428 5554 nunrupatas
2446 5503 2465 5552 ;
2494 5500 2680 5554 preces
2712 5487 2943 5557 denique
2973 5503 3072 5556 pro
3100 5490 3279 5557 quiete
3300 5490 3691 5548 catholicorum

442 5566 727 5619 Galliarum
768 5568 951 5621 urbem
996 5574 1291 5634 aSportatus
1333 5574 1437 5632 est,
1480 5569 1566 5622 ubi
1623 5586 1763 5624 anno
1793 5572 2003 5625 circiter
2031 5579 2080 5640 ι)
2105 5578 2463 5648 apologiarum
2492 5578 2557 5632 ad
2580 5578 2767 5646 instar,
2793 5578 2966 5635 eidem
2999 5580 3225 5635 oblatas.

443 5659 547 5716 495
578 5662 655 5713 vel
680 5661 834 5727 paulo
864 5669 986 5728 post
1011 5660 1167 5714 vitam
1199 5658 1394 5712 liniisse
1425 5657 1646 5713 videtur.
1670 5661 1741 5714 De
1771 5677 1834 5717 eo
1858 5662 1999 5716 enim
