4002 6188
896 380 1298 437 EXGERPTUM
1343 380 1433 433 EX
1470 379 1821 435 GREGORIO
1860 379 1900 432 Τ

1980 378 2138 445 ιοΝ..
2183 378 2266 432 DE
2310 379 2366 433 S.
2414 377 2733 442 EUGENIO,
2776 377 2923 432 ETC.

3426 381 3533 435 ’ῖἸο

1362 605 2055 707 PBOFESSIO
2136 606 2463 705 FIDE]

1228 760 1702 816 EPISCOPURUM
1742 760 2274 817 CATHOLICORUM
2314 763 2590 819 AFRlC/F.

706 989 1509 1104 EUGENIO
1582 891 3123 1110 GAI‘KBTHAGINENSI

1750 1180 2065 1223 REDACTA.

361 1366 533 1439 (Hanc
560 1365 948 1421 Professionem
988 1365 1133 1429 ﬁdei,
1173 1380 1290 1433 qum
1323 1366 1513 1417 librum
1542 1366 1753 1416 tertium
1787 1363 2023 1419 historiae
2054 1366 2443 1421 Persecutionis
2479 1366 2778 1422 Vandalicas
2805 1367 3100 1435 constituit,
3130 1368 3326 1424 videsis
3352 1383 3534 1437 supra,

1779 1454 1881 1508 col.
1909 1455 2056 1523 219.)

1098 1666 1586 1730 EXCERPTUM
1632 1666 1740 1727 EX
1788 1667 2206 1728 GBEGORIO
2252 1669 2694 1730 TURONENSI

1051 1904 1138 1985 S.
1222 1902 1759 1985 EUGENIO
1839 1902 2801 1990 CARTHAGINENSI

837 2057 916 2099 ΕΤ
959 2055 1118 2099 Αιῐιε
1163 2056 1657 2100 CONFESSORIBUS
1702 2055 1810 2107 QUI
1856 2056 1971 2099 SUB
2016 2057 2340 2102 HUNERICO
2384 2061 2546 2104 REGE
2590 2054 2762 2103 PASSI
2812 2060 2993 2104 SUNT.

362 2285 417 2340 1.
453 2282 678 2337 Vandali
705 2300 737 2336 a
763 2283 874 2336 loco
917 2298 1010 2337 suo
1036 2284 1251 2353 digressi
1285 2299 1400 2337 cum
1429 2284 1719 2341 Gunderico
1754 2303 1869 2359 rege
1896 2293 1944 2352 Α
1974 2292 2254 2344 cratissimo
2298 2293 2501 2343 nomine
2540 2292 2656 2344 ειεδὶ
2686 2293 2807 2355 sint,
2850 2292 2912 2344 ab
2938 2291 3221 2345 hominibus
3250 2308 3351 2345 non
3381 2303 3540 2358 potest

295 2377 343 2428 in
374 2373 572 2427 Callias
594 2380 770 2435 ruunt,
797 2370 979 2440 quibus
1004 2371 1149 2424 valde
1169 2372 1372 2425 vastatis
1396 2372 1677 2441 Hispanias
1705 2392 1866 2444 appe-

296 2475 428 2517 tunt.
456 2454 568 2515 Hos
593 2462 751 2515 secuti
795 2460 948 2515 Suevi
965 2499 981 2526 ,
1012 2460 1066 2513 id
1084 2471 1156 2513 est
1186 2464 1442 2527 Atamani,
1475 2463 1748 2518 Calliciam
1773 2482 1870 2535 ap-

297 2552 639 2621 prehendunt.
687 2548 797 2603 Nec
826 2551 984 2602 multo
1024 2559 1135 2617 post
1168 2553 1468 2605 scandalum
1508 2554 1639 2607 inter
1664 2564 1870 2608 utrum-

299 2660 395 2711 que
431 2642 596 2695 oritur
633 2639 905 2711 papulum,
940 2641 1176 2707 quoniam
1229 2645 1502 2713 prapinqui
1550 2646 1751 2716 (Colb.,
1778 2646 1868 2714 ibi)

296 2731 394 2785 sibi
446 2740 755 2785 erant.......
806 2730 927 2783 Post
972 2730 1077 2784 hazc
1120 2735 1535 2801 prosequentibus
1574 2736 1873 2792 Alamannis

297 2839 455 2890 usque
479 2823 546 2873 ad
574 2821 907 2886 Traductam,
940 2824 1157 2875 transito
1184 2824 1313 2875 mari
1348 2823 1573 2878 Vandali
1594 2842 1683 2895 per
1704 2835 1862 2881 totum

301 2912 534 2978 Africam
560 2927 620 2964 ac
653 2911 1026 2965 Mauritaniam
1055 2922 1171 2965 sunt
1201 2913 1442 2982 dispersi.

367 3003 456 3058 II.
487 3004 592 3059 Sed
610 3007 851 3075 quoniam
877 3022 1050 3059 eorum
1083 3016 1302 3076 tempore
1337 3011 1619 3079 persecutio
1644 3012 1696 3063 in
1726 3011 1874 3065 Chri-

305 3098 504 3151 stianos
531 3098 773 3164 invaluit,
801 3100 999 3153 videtur
1021 3111 1074 3153 ut
1093 3102 1263 3167 aliqua
1286 3118 1348 3155 ex
1373 3103 1451 3157 his
1477 3119 1587 3171 qua:
1612 3106 1746 3158 circa
1780 3107 1874 3159 Dei

298 3186 557 3239 Ecclesias
585 3188 895 3253 intulerunt,
922 3190 998 3242 vel
1037 3191 1461 3258 quemadmodum
1505 3192 1569 3246 de
1605 3210 1760 3265 regno
1789 3210 1875 3248 ea:-

296 3276 440 3346 pulsi
467 3287 616 3342 sunt,
636 3294 987 3332 memorarem.
1006 3279 1255 3349 Defuncto
1278 3280 1435 3351 igitur
1451 3290 1474 3317 ιι
1510 3281 1870 3347 Trasimundo,

297 3378 416 3439 post
462 3370 652 3425 scelera
676 3385 787 3438 qua:
827 3372 879 3423 in
923 3373 1112 3425 sanctis
1150 3370 1246 3425 Dei
1284 3373 1534 3438 exercuit,
1584 3373 1874 3428 Honoricus

298 3469 466 3512 mente
506 3459 762 3512 crudelior
794 3460 1091 3528 Africanum
1120 3470 1331 3529 occupat
1361 3477 1573 3532 regnum
1595 3502 1612 3529 ,
1636 3473 1784 3532 atque
1813 3480 1875 3517 ex

299 3552 545 3605 electione
578 3550 926 3605 Vandalorum
944 3551 1068 3621 ipsis
1093 3554 1435 3622 prceponitur,
1459 3556 1605 3624 cujus
1634 3555 1726 3608 sub
1754 3563 1874 3609 tem-

1971 2382 2350 2451 comprehendt'.
2408 2383 2566 2437 Testis
2595 2394 2669 2437 est
2720 2392 2888 2437 tamen
2930 2384 3107 2451 Africa
3136 2398 3247 2451 qua:
3294 2385 3447 2443 misit,
3497 2393 3544 2436 et

1972 2472 2161 2526 Christi
2202 2474 2409 2525 dextera
2433 2489 2545 2541 qua:
2570 2476 2780 2543 gemmis
2803 2473 3299 2526 immarcessibilibus
3328 2466 3563 2523 corona?

1971 2564 2058 2618 vit.
2101 2562 2338 2631 Legimus
2386 2574 2555 2616 tamen
2607 2564 2943 2632 quorumdam
2991 2580 3054 2616 ex
3092 2563 3218 2630 ipsis
3265 2569 3547 2629 martyrum

1973 2653 2232 2720 passiones
2252 2693 2265 2715 ,
2299 2669 2361 2706 ex
2388 2653 2567 2720 quibus
2609 2653 2843 2718 quwdam
2888 2651 3179 2721 replicando
3208 2659 3360 2715 sunt,
3386 2660 3443 2703 ut
3480 2650 3546 2702 ad

1972 2761 2031 2799 ea
2059 2760 2171 2812 qua:
2195 2744 2560 2814 spopondimus
2593 2744 2873 2796 veniamus.

2044 2834 2163 2889 ΙΙΙ.
2205 2835 2375 2906 Igitur
2406 2834 2577 2888 Ciro'a
2600 2874 2616 2899 ,
2643 2836 2773 2897 falso
2798 2843 3004 2886 vocatus
3032 2834 3321 2903 episcOpus,
3347 2832 3548 2884 lucreti-

1974 2943 2147 2981 corum
2195 2937 2315 2979 tunc
2357 2926 2615 2979 maximus
2642 2924 2921 2978 habebatur
2959 2932 3217 2987 assertor;
3246 2938 3459 2991 cumque
3482 2921 3549 2972 ad

1972 3019 2368 3089 persequendum
2405 3017 2718 3072 Christianos
2759 3034 2848 3071 rex
2890 3033 2979 3083 per
3016 3016 3213 3068 diversa
3238 3013 3549 3065 transmitte-

1972 3118 2069 3173 ret,
2097 3116 2327 3161 sanctum
2349 3105 2636 3178 Eugenium
2662 3109 2976 3177 episcopum,
3006 3107 3167 3159 virum
3195 3103 3550 3157 inenarrabilis

1974 3200 2276 3265 sanctitatis,
2304 3200 2389 3270 qui
2411 3209 2529 3252 tunc
2554 3200 2807 3268 ferebatur
2834 3214 3031 3267 magna:
3053 3195 3339 3265 prudentia:
3363 3209 3468 3247 esse
3492 3193 3549 3244 in

1972 3291 2258 3346 suburbano
2296 3291 2509 3344 civitatis
2546 3305 2653 3343 sum
2695 3288 2878 3357 reperit
2928 3295 3233 3356 persecutor.
3270 3284 3433 3349 Quem
3478 3283 3553 3334 ita

1974 3381 2218 3456 violenter
2262 3383 2459 3449 rapuit,
2507 3389 2562 3434 ut
2614 3396 2706 3433 nec
2759 3377 2783 3417 δ
2839 3379 2906 3430 ad
2946 3378 3314 3431 cohortandum
3355 3390 3554 3446 gregem

1976 3469 2163 3523 Christi
2213 3470 2379 3523 locum
2427 3469 2609 3522 habere
2659 3469 2988 3539 permitteret.
3048 3465 3148 3519 Ille
3201 3480 3316 3518 vero
3356 3480 3469 3516 eum
3499 3479 3552 3516 se

1973 3561 2163 3613 videret
2187 3560 2390 3624 abduci,
2420 3559 2686 3629 epistolam
2728 3558 2916 3610 civibus
2957 3558 3064 3610 suis
3100 3572 3191 3626 pro
3221 3552 3552 3608 custodienda

299 3658 426 3711 pore
447 3644 624 3711 quanti
652 3642 1055 3699 Christianorum
1082 3646 1259 3716 populi
1297 3662 1390 3714 pro
1434 3647 1545 3716 ipso
1576 3645 1766 3702 Christi
1790 3664 1873 3700 sa-
1905 3643 1949 3700 Β
1980 3650 2081 3717 ﬁde
2100 3650 2349 3703 catholica
2372 3650 2467 3701 hoc
2489 3649 2637 3703 modo
2676 3648 2953 3702 transmisit
2982 3665 2995 3700 :

1619 3799 2243 3904 EPISTOLA

1619 3802 1825 3903 EPI
1909 3805 1983 3903 T
2076 3802 2243 3904 LA

561 3974 712 4089 S.
786 3976 1541 4089 EUGENII
1609 3802 3230 4093 CASRgHAGINl-INSIS

1062 4164 1144 4205 AD
1171 4163 1346 4206 CIVES
1390 4164 1567 4223 SUOS,
1602 4164 1723 4207 PRO
1758 4164 2200 4209 CUSTODIENDA
2230 4166 2382 4208 FIDE
2418 4163 2785 4211 CATHOLICA.

380 4280 735 4335 Dilectissimis
752 4291 797 4336 ct
823 4283 873 4335 in
898 4280 1087 4336 Christi
1117 4300 1290 4336 amore
1328 4282 1635 4337 dulcissimis
1665 4285 1790 4352 ﬁliis
1833 4298 1879 4341 et
1909 4287 1954 4349 C
1986 4289 2047 4341 tis
2082 4289 2377 4358 abundeque
2407 4288 2622 4341 obtestor
2656 4301 2745 4351 per
2785 4283 2879 4337 Dei
2916 4283 3226 4354 majestatem
3266 4293 3311 4334 et
3337 4298 3424 4347 per
3454 4291 3554 4333 tre-

304 4371 512 4442 ﬁliabus
558 4371 801 4426 Ecclesia:
838 4372 961 4425 mihi
993 4384 1014 4412 ο
1043 4391 1073 4424 a
1105 4372 1212 4426 Deo
1254 4378 1531 4427 commissa:
1555 4414 1571 4439 ,
1617 4373 1879 4446 Eugenius

304 4464 598 4530 episcopus.
633 4462 837 4534 Regalis
862 4465 1111 4517 emanavit
1136 4465 1437 4530 auctoritas,
1462 4474 1509 4516 et
1527 4480 1619 4529 pro
1642 4479 1879 4519 exercen-

306 4556 375 4606 da
421 4554 525 4619 ﬁde
570 4554 822 4607 catholica
865 4556 1028 4608 edicto
1073 4551 1203 4608 nos“
1230 4556 1297 4606 ad
1326 4554 1679 4625 Carthaginem
1712 4558 1877 4610 venire

302 4643 564 4712 prtecepit.
599 4641 665 4694 Et
704 4642 820 4695 ideo
848 4659 911 4695 ne
954 4643 1123 4696 abiens
1151 4660 1181 4695 a
1212 4643 1349 4697 vobis
1385 4642 1670 4697 Ecclesium
1703 4644 1795 4698 Dei
1822 4646 1875 4699 in

290 4735 562 4809 'ambiguo.
620 4734 714 4786 hoc
756 4743 827 4786 est
881 4736 935 4785 in
986 4750 1230 4802 suspenso
1283 4735 1607 4801 dimitterem,
1634 4746 1724 4789 aut
1766 4752 1877 4790 oves

302 4823 499 4876 Christi
528 4840 631 4876 non
659 4839 803 4877 verus
827 4832 999 4894 pastor
1027 4825 1229 4879 silentio
1246 4826 1623 4892 relinquerem;
1650 4842 1883 4880 necessa-

303 4916 442 4967 rium
465 4915 591 4968 duxi
611 4916 701 4968 has
723 4931 815 4985 pro
836 4931 914 4967 me
935 4915 1148 4969 vicarius
1170 4926 1343 4970 vestra:
1362 4918 1581 4987 dirigere
1598 4918 1883 4982 sanctitati,

304 5010 359 5059 in
379 5008 560 5074 quibus
583 5023 682 5060 non
700 5008 810 5061 sine
831 5006 1071 5077 laerymis
1098 5018 1233 5077 peto,
1267 5009 1462 5075 hortor,
1495 5025 1697 5074 moueo,
1719 5016 1766 5063 et
1801 5025 1883 5063 sa-

380 5237 406 5264 ι
434 5226 736 5297 Legendum
776 5225 1065 5281 Censerico.

384 5297 408 5334 δ
439 5296 529 5351 Sie
555 5298 709 5351 Coll).
734 5299 803 5350 At
828 5298 980 5363 edit.,
1011 5301 1076 5348 ad
1106 5296 1409 5349 hortandum
1454 5312 1651 5366 gregem
1686 5296 1876 5351 Christi

306 5365 469 5421 ullum
496 5367 635 5420 abire
662 5368 984 5435 permitteret.
1009 5366 1311 5435 Legendum
1346 5365 1501 5429 forte,
1542 5365 1688 5420 illum
1718 5368 1874 5429 abire,

308 5448 411 5492 etc.
441 5438 598 5506 Reg.,
623 5435 979 5490 Christicolum
1004 5438 1143 5488 abire
1168 5437 1497 5505 permitteret.

384 5518 405 5545 ο
433 5504 718 5562 Sic'codex
746 5506 940 5575 Regius
978 5516 1033 5561 et
1057 5506 1181 5560 editi
1214 5506 1331 5570 alii;
1364 5521 1493 5559 mss.
1536 5506 1661 5570 duo,
1689 5505 1743 5559 in
1775 5504 1877 5558 Do-

310 5578 486 5641 mino;
517 5592 582 5631 ex
612 5576 803 5644 quibus
824 5578 978 5644 alter,
1008 5577 1307 5630 commissis.

382 5646 405 5681 α
429 5646 519 5702 Sic
546 5643 672 5717 mss.
701 5646 928 5717 2;_editi
976 5646 1169 5700 habent
1202 5661 1234 5698 a
1260 5644 1592 5717 Carthagine.
1622 5643 1877 5700 Batonius

314 5714 378 5771 ad
405 5731 532 5771 ann.
566 5715 688 5781 484,
711 5732 741 5768 a
770 5714 1089 5787 Carthagine.

1983 4380 2221 4431 mendum
2244 4379 2430 4447 judicii
2453 4380 2605 4439 diem,
2629 4385 2780 4445 atque
2806 4375 3050 4428 adventus
3079 4372 3265 4425 Christi
3285 4369 3554 4424 terribilem

1980 4470 2281 4532 claritatem,
2314 4476 2371 4519 ut
2388 4467 2541 4534 ﬁxius
2558 4466 2767 4519 teneatis
2788 4464 3091 4517 catholicam
3117 4462 3289 4529 ﬁdem,
3319 4476 3555 4514 asseren-

1981 4565 2052 4609 tes
2086 4564 2108 4591 θ
2142 4553 2189 4605 F
2194 4556 2339 4607 ilium
2370 4553 2517 4606 Patri
2543 4569 2649 4607 esse
2673 4552 2939 4619 aqualem,
2972 4560 3017 4603 et
3047 4549 3299 4619 Spiritum
3326 4559 3558 4602 sanctum

1981 4646 2209 4699 eamdem
2236 4645 2417 4697 habere
2438 4660 2551 4696 cum
2591 4643 2749 4696 Patre
2781 4652 2828 4695 et
2862 4640 3002 4694 Filio
3042 4640 3299 4694 deitatem.
3346 4639 3556 4695 Servate

1979 4738 2150 4805 itaque
2198 4736 2334 4788 unici
2362 4735 2678 4804 baptismatis
2718 4733 2960 4805 gratiam,
2990 4732 3330 4785 custodientes
3361 4728 3380 4768 ί
3412 4731 3557 4784 Chri-

1980 4826 2158 4880 smatis
2203 4826 2511 4879 unctionem.
2546 4824 2710 4878 Nemo
2758 4833 2870 4894 post
2917 4838 3124 4893 aquam,
3164 4830 3446 4877 revertatur
3490 4820 3557 4873 ad

1984 4933 2187 4985 aquam,
2210 4926 2417 4969 renatus
2443 4931 2506 4969 ea:
2533 4931 2667 4983 aqua
2697 4924 2745 4968 t5.
2778 4913 2922 4967 Nutu
2944 4915 3077 4967 enim
3106 4912 3197 4966 Dei
3224 4914 3302 4966 sal
3331 4914 3381 4965 in
3418 4927 3553 4980 aqua

1986 5007 2273 5078 conﬁcitur,
2331 5004 2419 5058 sed
2463 5004 2505 5058 si
2544 5004 2597 5057 in
2643 5019 2831 5073 aquam
2884 5004 3145 5057 redactum
3195 5002 3366 5071 fuerit,
3396 5002 3558 5054 omnis

2058 5234 2081 5262 ε
2113 5224 2211 5278 Ms.
2254 5224 2304 5287 1,
2347 5231 2623 5291 asserentes
2667 5223 2894 5289 Patrem,
2932 5232 2979 5275 et
3027 5221 3281 5291 Spiritum
3322 5230 3556 5275 sanctum

1986 5296 2209 5348 eamdem
2232 5294 2415 5346 habere
2435 5310 2549 5345 cum
2569 5289 2705 5347 Filio
2727 5295 2987 5346 deitatem.

2062 5362 2080 5401 ί
2115 5365 2396 5417 Salvianus
2425 5363 2661 5430 ejusdem
2708 5363 2805 5415 azvi
2836 5373 3021 5416 auctor
3052 5362 3146 5417 lib.
3181 5378 3232 5415 ιιι
3259 5359 3324 5430 ἀίει
3358 5357 3560 5410 Guber-

1987 5434 2202 5487 natione
2234 5433 2347 5495 Dei,
2375 5429 2509 5485 bona
2538 5448 2657 5500 qua:
2678 5433 2993 5487 Christianis
3038 5432 3175 5485 Deus
3202 5429 3454 5500 assignat,
3477 5441 3561 5500 re-

1987 5516 2235 5563 censens,
2266 5498 2651 5556 commemorat
2676 5504 2838 5555 sancti
2868 5503 2967 5569 bap
2992 5500 3181 5552 ismatis
3208 5498 3447 5569 gratiam,
3482 5498 3562 5548 di-

1986 5573 2091 5626 vini
2118 5571 2404 5624 chrismatis
2427 5572 2735 5638 unctionem,
2765 5572 2903 5639 quod
2925 5566 3143 5621 chrisma
3166 5566 3558 5621 ecclesiasticum

1989 5642 2147 5713 paulo
2178 5650 2296 5713 post
2316 5642 2567 5713 appellat.

2062 5721 2085 5757 ε
2105 5712 2251 5767 Colb.
2285 5711 2429 5764 addit
2450 5719 2497 5764 et
2527 5710 2722 5779 Spiritu
2750 5716 2939 5760 sancto.
