4002 6188
427 345 544 412 7η

1289 342 1340 400 8.
1382 343 1726 401 EUGENIUS
1761 341 2353 402 CARTHAGINENSlS
2395 344 2785 402 EPISCOPUS.

3560 344 3666 399 779.

423 458 615 524 species
642 461 752 526 ejus
782 456 1050 528 confestim
1086 472 1376 510 evacuatur.
1425 456 1574 511 Unde
1603 473 1703 510 non
1741 456 1996 509 immerito
2028 462 2073 519 Α
2105 458 2182 511 tos
2213 474 2436 525 ponens,
2479 473 2558 510 me
2589 465 2921 527 prietereunte
2954 471 3066 510 cum
3104 458 3310 525 reliquis
3347 461 3577 518 exclama
3623 467 3675 521 in

427 547 675 602 Dominus
715 547 767 599 in
809 545 1086 615 Evangelio
1113 545 1184 598 ait
1208 561 1226 598 :
1247 546 1306 600 Si
1329 541 1408 596 sal
1431 554 1455 581 ει
1481 546 1795 614 infatuatum
1820 546 1991 612 fuerit,

423 641 476 692 in
517 653 618 706 quo
659 636 912 690 satietur?
937 635 999 688 Et
1025 636 1195 705 utique
1225 637 1320 688 hoc
1351 645 1420 687 est
1447 634 1720 704 infatuari,
1753 633 1881 687 velle
1917 651 1998 687 se-

424 728 588 780 cundo
610 727 805 781 condiri
826 741 940 779 eum
972 727 1126 780 semel
1151 727 1343 795 factum
1373 725 1603 792 sufficiat.
1631 723 1752 777 Non
1783 725 1998 776 audistis

424 820 680 874 Christum
737 820 982 872 dicentem
1013 834 1031 871 :
1057 819 1153 884 Qui
1195 816 1348 871 semel
1393 815 1527 870 lotus
1571 826 1667 880 est,
1699 832 1801 868 non
1851 813 1998 868 habet

425 912 770 964 necessitatem
812 911 994 961 iterum
1039 905 1245 960 lavandi
1289 905 1473 972 (Joan.
1513 905 1680 974 xm)?
1732 903 1994 970 ideoque,

426 1007 630 1073 fratres,
663 1011 708 1054 et
735 1001 851 1068 ﬁlii,
871 999 1090 1067 ﬁliteque
1118 1012 1240 1050 mea:
1263 997 1315 1048 in
1345 996 1582 1061 Domino,
1617 1011 1717 1048 non
1762 1011 1848 1047 vos
1877 1011 1999 1046 con-

425 1095 585 1143 tristet
615 1089 840 1141 absentia
866 1103 1012 1140 mea:
1037 1085 1063 1123 b
1093 1086 1215 1154 quia
1243 1086 1285 1137 si
1314 1085 1574 1138 catholica:
1596 1084 1878 1154 disciplina:
1905 1085 1998 1136 att-

425 1181 689 1242 luereatis,
723 1195 813 1248 ego
847 1194 929 1230 vos
961 1192 1052 1229 nec
1101 1177 1471 1245 longinquitate
1507 1177 1682 1244 aliqua
1709 1175 1994 1238 obliviscar,

426 1286 519 1324 nec
562 1278 719 1322 morte
746 1283 777 1320 a
806 1267 944 1320 vobis
974 1264 1211 1318 divellor.
1242 1265 1436 1319 Scitote
1461 1270 1580 1332 quia
1615 1274 1636 1302 ο
1665 1266 1999 1332 quodcunque

425 1361 598 1431 fecerit
632 1374 708 1411 me
747 1355 903 1409 dividi
932 1371 962 1407 a
990 1355 1150 1418 vobis,
1185 1370 1376 1407 mecum
1405 1364 1477 1407 est
1506 1353 1694 1423 palma.
1730 1352 1791 1406 Si
1817 1353 1883 1404 ad
1911 1367 1999 1405 ex-

424 1452 595 1504 silium
643 1450 846 1514 abiero,
906 1446 1035 1499 beati
1077 1444 1293 1498 Joannis
1341 1444 1661 1512 evangelista:
1711 1441 1998 1510 exemplum

426 1539 452 1578 ἀ
469 1540 662 1604 habeo;
693 1540 736 1592 si
763 1540 828 1592 ad
853 1539 1026 1591 mortis
1051 1537 1280 1598 exitium,
1313 1535 1443 1588 Mihi
1470 1540 1626 1593 vivere
1648 1534 1878 1588 Christus
1903 1544 1997 1597 est,

427 1643 474 1686 et
519 1632 647 1685 mori
678 1631 875 1684 lucrum
904 1628 1165 1698 (Philipp.
1196 1642 1237 1696 I,
1261 1626 1374 1697 ‘21).
1425 1627 1486 1682 Si
1526 1627 1743 1691 rediero,
1794 1627 1995 1695 fratres,

427 1724 651 1793 implebit
706 1721 842 1774 Deus
886 1719 1195 1773 desiderium
1249 1729 1487 1772 vestrum.
1535 1716 1767 1768 Attamen
1819 1715 1998 1784 sufﬁcit

2099 564 2283 619 magna
2307 549 2510 609 virtute,
2535 548 2708 600 dicens
2734 561 2752 598 :
2778 545 2866 610 Te,
2889 544 3168 600 beatissime
3188 545 3364 602 Cirola
3388 560 3573 607 nostra:
3595 571 3676 607 re-

2099 637 2305 708 ligionis
2334 639 2564 699 antistes,
2595 637 2838 704 deprecor
2867 645 2921 689 ut
2951 637 3223 706 respiciens
3253 645 3544 710 manifestes
3567 643 3678 713 gto-

2097 730 2231 781 riam
2265 744 2327 781 ac
2351 729 2588 781 virtutem
2617 737 2779 793 tuam,
2825 737 2881 779 ut
2922 727 3094 780 oculos
3121 745 3257 782 meos
3288 731 3541 801 aperiens,
3573 750 3676 787 me-

2099 838 2213 874 rear
2233 821 2396 873 lucem
2437 822 2606 873 videre
2634 836 2786 887 quam
2823 821 3045 888 perdidi.
3097 819 3196 884 Qui
3225 823 3374 890 jussa
3397 825 3677 891 complens,

2099 911 2419 979 residensque
2447 911 2500 962 in
2527 911 2718 980 platea,
2762 920 3054 963 transeunte
3083 913 3317 966 hreretico
3346 930 3464 966 cum
3488 918 3680 970 sanctis

2103 1001 2217 1064 Dei,
2260 1001 2352 1054 iste
2384 1001 2472 1069 qui
2509 998 2669 1052 Deum
2703 1000 2916 1053 irridere
2956 1010 2978 1037 ⁶
3007 1002 3277 1070 cogitabat,
3329 1006 3581 1059 exclamat
3627 1009 3680 1059 in

2097 1107 2283 1160 magna
2311 1091 2693 1152 virtute,dicens
2715 1106 2732 1143 :
2759 1090 2892 1143 Audi
2920 1109 3017 1156 me,
3038 1094 3320 1148 beatissime
3346 1094 3542 1163 Cirola,
3555 1097 3682 1151 audi

2098 1200 2196 1248 me,
2224 1171 2395 1237 sancte
2417 1182 2652 1236 sacerdos
2686 1181 2817 1236 Dei:
2842 1185 3031 1252 respice
3057 1186 3335 1239 ctecitatem
3359 1203 3546 1244 meam.
3573 1187 3682 1243 Ea:-

2099 1274 2266 1343 periar
2289 1288 2378 1342 ego
2410 1273 2773 1325 medicamenta
2795 1289 2907 1342 qua:
2931 1290 3065 1341 sazpe
3085 1277 3202 1327 caeci
3230 1277 3409 1346 reliqui
3438 1294 3471 1330 a
3501 1289 3550 1331 te
3576 1296 3681 1332 me-

2097 1373 2305 1416 ruerunt
2337 1359 2382 1428 τ,
2409 1378 2522 1430 quae
2548 1363 2733 1432 leprosi
2755 1366 2946 1433 experti
2963 1375 3099 1430 sunt,
3122 1382 3234 1435 qua:
3251 1369 3346 1434 ipsi
3367 1370 3518 1422 etiam
3543 1386 3681 1423 mor-

2101 1453 2172 1506 tui
2198 1464 2580 1521 ~persenserunt.
2625 1453 2820 1522 Adjuro
2861 1462 2907 1506 te
2935 1471 3023 1523 per
3053 1457 3216 1524 ipsam
3267 1459 3499 1511 virtutem
3526 1476 3680 1528 quam

2099 1546 2274 1612 habes,
2307 1555 2360 1598 ut
2386 1546 2512 1598 mihi
2540 1547 2881 1610 desideratam
2907 1548 3143 1600 restituas
3170 1548 3356 1614 lucem,
3387 1551 3508 1618 quia
3536 1554 3682 1620 grati

2097 1655 2212 1694 sum
2242 1639 2466 1692 ctecitate
2485 1653 2774 1708 percussus.
2795 1637 3077 1691 Veritatem
3103 1640 3237 1692 enim
3260 1643 3486 1696 nesciens
3507 1659 3682 1696 verum

2099 1730 2293 1784 dicebat
2317 1746 2336 1784 :
2364 1731 2482 1798 quia
2508 1739 2781 1784 cazcaverat
2803 1746 2917 1783 eum
2944 1732 3217 1801 cupiditas,
3247 1743 3296 1785 et
3321 1735 3563 1787 virtutem
3590 1733 3684 1788 Dei

427 1815 600 1881 modo,
628 1813 764 1882 quod
788 1811 925 1865 vobis
949 1826 1053 1862 non
1081 1809 1240 1873 tacui,
1273 1808 1448 1861 monui
1475 1817 1520 1860 et
1545 1805 1761 1858 instruxi
1786 1821 1996 1874 quomo-
2028 1811 2070 1870 Β
2099 1821 2458 1890 οηιηεροιεηιί,
2484 1820 2700 1873 irridere
2729 1836 2818 1890 per
2846 1823 3114 1890 pecuniam
3139 1823 3443 1875 tun-magal.

427 1904 494 1958 do
536 1905 696 1973 potui,
736 1902 944 1971 ideoque
993 1900 1232 1952 immunis
1279 1915 1391 1952 sum
1432 1914 1462 1950 a
1490 1897 1735 1967 sanguine
1772 1897 1998 1948 omnium

427 1999 776 2070 pereuntium;
799 1997 902 2048 scio
921 1994 1042 2063 quia
1062 1991 1306 2046 adversus
1328 2008 1410 2044 eos
1436 1991 1662 2059 legentur
1685 1990 1866 2043 littera:
1893 1989 2001 2040 ista:

429 2101 548 2144 ante
575 2088 795 2142 tribunal
821 2086 1028 2153 Christi,
1053 2100 1166 2138 cum
1190 2083 1374 2136 venerit
1403 2084 1614 2135 reddere
1639 2080 1903 2148 unicuique
1925 2095 2002 2131 se-

430 2181 649 2236 cundum
707 2194 862 2244 Opera
909 2193 1024 2230 sua.
1059 2175 1119 2230 Si
1147 2189 1371 2227 reversus
1397 2174 1561 2242 fuero,
1592 2175 1796 2239 fratres,
1828 2170 2001 2222 videbo

430 2288 514 2326 vos
539 2271 590 2323 in
615 2274 709 2322 hac
735 2269 866 2330 vita;
889 2267 932 2320 si
959 2282 1187 2319 reversus
1208 2281 1310 2317 non
1333 2264 1495 2332 fuero,
1528 2262 1704 2316 videbo
1729 2275 1816 2314 vos
1841 2260 1893 2313 in
1922 2259 2004 2328 fu-

430 2374 566 2416 tura.
601 2361 727 2415 Dico
758 2372 924 2413 tamen
955 2359 1111 2422 vobis,
1142 2356 1336 2421 Valete,
1365 2367 1504 2408 orate
1538 2370 1632 2423 pro
1658 2353 1823 2418 nobis,
1847 2361 1895 2406 et
1918 2356 2004 2422 je-

430 2457 607 2528 junate
638 2467 656 2505 :
681 2454 801 2520 quia
821 2450 1085 2520 jejunium
1105 2456 1150 2502 et
1165 2448 1483 2517 eteemosyna
1509 2461 1703 2514 semper
1726 2445 2003 2497 Dominum

429 2545 496 2596 ad
519 2541 1270 2609 misericordiamdeﬂexerunt.
1292 2538 1598 2592 Mementote
1627 2551 1732 2589 esse
1758 2537 2003 2602 scriptum

430 2635 480 2686 in
513 2632 788 2703 Evangelia
820 2647 838 2684 :
868 2629 1045 2685 Nolite
1076 2630 1251 2683 timere
1290 2645 1373 2683 eos
1418 2630 1503 2696 qui
1528 2628 1766 2681 occidunt
1797 2643 2000 2696 corpus,

430 2725 648 2777 animam
669 2733 839 2775 autem
868 2737 968 2773 non
996 2729 1205 2790 possunt
1223 2721 1483 2782 occidere;
1505 2719 1672 2771 timete
1697 2727 1865 2771 autem
1887 2733 2002 2769 eum

429 2815 512 2880 qui
537 2823 797 2883 postquam
824 2811 1057 2865 ocriderit
1079 2827 1283 2879 corpus,
1316 2809 1459 2862 habet
1487 2817 1778 2878 potestatem
1802 2815 1866 2859 'et
1895 2807 2006 2858 ani-

428 2921 560 2958 mant
587 2903 814 2973 perdere,
840 2911 885 2955 et
923 2901 1117 2954 mittere
1146 2901 1197 2952 in
1220 2899 1501 2970 gehennam
1532 2896 1744 2970 (Matth.
1774 2913 1829 2962 x,
1860 2898 1975 2966 28).

433 3037 641 3106 Explicit
660 3041 869 3102 Eugenii
891 3038 1113 3101 epistola,
1135 3039 1194 3086 ad
1217 3051 1356 3087 suum
1379 3037 1508 3087 redit
1533 3037 1694 3086 tbema
1716 3036 2002 3099 Gregorius.

2172 1912 2258 1965 Vl.
2296 1911 2437 1964 Tunc
2460 1910 2816 1965 han'etieorum
2843 1912 3114 1980 episcopus
3142 1914 3406 1982 paululum
3437 1930 3492 1967 se
3518 1914 3687 1967 diver-

2101 2004 2160 2057 tit
2182 2003 2328 2072 quasi
2349 2004 2401 2055 in
2431 2003 2614 2056 virtute
2643 2002 3071 2071 triumphaturus,
3103 2001 3266 2057 elatus
3290 2005 3514 2056 vanitate
3533 2015 3688 2072 atque

2101 2094 2355 2163 superbia,
2389 2094 2553 2162 posuit
2581 2109 2787 2146 manum
2805 2109 2949 2146 suam
2967 2110 3119 2162 super
3139 2094 3310 2148 oculos
3329 2097 3462 2160 eius,
3477 2098 3690 2151 dicens:

2105 2187 2396 2241 Secundum
2432 2187 2587 2256 fidem
2624 2197 2869 2252 nostram,
2901 2204 3001 2257 qua
3040 2199 3171 2242 reete
3210 2187 3370 2240 Deum
3407 2189 3692 2255 credimus,

2103 2281 2400 2350 aperiantur
2426 2281 2561 2332 oculi
2589 2282 2680 2332 tui.
2718 2280 2782 2333 Et
2811 2297 2929 2333 mox
2956 2290 3011 2333 ut
3031 2279 3127 2333 hoc
3157 2287 3300 2346 nefas
3328 2281 3516 2347 erupit,
3555 2282 3694 2334 risus

2103 2382 2328 2426 mutatur
2350 2374 2404 2426 in
2431 2374 2714 2442 planctum,
2740 2383 2784 2427 et
2811 2373 2958 2428 dolus
2981 2375 3201 2444 episcopi
3228 2383 3298 2426 est
3319 2377 3615 2444 patefactus
3640 2375 3694 2428 in

2104 2465 2305 2532 publico
2334 2475 2378 2518 κ.
2421 2464 2554 2522 Ναηι
2580 2474 2751 2517 tantus
2793 2467 2939 2518 dolor
2965 2467 3137 2519 oculos
3168 2466 3340 2518 miseri
3372 2467 3511 2518 illius
3547 2468 3695 2517 inva-

2104 2557 2191 2619 sit,
2219 2565 2271 2607 ut
2299 2571 2382 2608 eos
2408 2555 2583 2625 digitis
2613 2557 2698 2608 vix
2721 2557 3094 2623 comprimeret,
3121 2573 3183 2609 ne
3210 2564 3495 2622 creparent.
3529 2556 3695 2608 Deni-

2105 2661 2198 2715 que
2217 2647 2439 2699 ctamare
2465 2647 2610 2714 erepit
2652 2648 2825 2710 miser,
2857 2663 2919 2698 ac
2941 2647 3108 2699 dicere
3132 2662 3151 2701 :
3191 2645 3280 2700 Vw
3311 2647 3438 2698 mihi
3468 2647 3696 2702 misero!

2105 2735 2224 2801 quia
2253 2734 2487 2787 seductus
2517 2751 2630 2786 sum
2659 2735 2719 2787 ab
2759 2736 2965 2788 inimico
3001 2736 3123 2805 legis
3153 2735 3355 2788 divina'.
3408 2735 3502 2789 γω
3545 2737 3694 2798 mihi.

2106 2823 2227 2893 quia
2255 2821 2420 2876 Deum
2445 2839 2533 2893 per
2556 2825 2817 2892 pecuniam
2839 2825 3052 2878 irridere
3081 2824 3298 2887 voiui,et
3320 2825 3697 2894 quinquaginta

2107 2930 2289 2968 aureos
2320 2915 2514 2983 accepi,
2539 2926 2590 2966 ut
2621 2915 2717 2967 hoc
2745 2917 2942 2982 facinus
2980 2926 3340 2984 perpetrarem.
3379 2918 3461 2968 Ad
3496 2919 3699 2984 episco-

2109 3021 2232 3076 pum
2272 3015 2439 3058 autem
2482 3006 2646 3058 aiebat
2685 3021 2703 3058 :
2749 3005 2880 3057 Ecce
2923 3022 3105 3058 aurum
3136 3016 3293 3068 tuum,
3330 2996 3490 3060 redde
3520 3007 3699 3060 lumen

2113 3110 2299 3159 meum,
2329 3095 2468 3162 quod
2493 3094 2610 3148 dolo
2641 3105 2728 3147 tuo
2749 3095 2970 3164 perdidi.
3012 3095 3210 3162 Vosque
3239 3110 3384 3165 rogo,
3419 3095 3698 3164 gloriosis—

501 3169 590 3224 Ν.
624 3167 820 3221 Ductus
861 3168 1031 3235 itaque
1065 3175 1268 3218 sanctus
1299 3163 1554 3234 Eugenius
1584 3163 1652 3215 ad
1688 3179 1853 3232 regem
1893 3179 2002 3214 cunt

2113 3184 2226 3236 simi
2264 3183 2563 3243 Christiani,
2591 3200 2654 3236 ne
2695 3184 2988 3252 despiciatis
3028 3185 3284 3248 miserum,
3329 3184 3417 3237 sed
3456 3186 3699 3239 velociter

431 3259 523 3315 illo
552 3259 856 3312 Arianorum
887 3259 1144 3327 episc0po,
1176 3272 1268 3326 pro
1311 3255 1412 3323 fide
1440 3256 1690 3309 catholica
1715 3255 2001 3308 decertavit.

432 3351 658 3418 Cumque
681 3369 790 3406 eum
817 3352 880 3404 de
906 3359 1095 3404 sanetae
1116 3349 1377 3403 Trinitatis
1410 3349 1646 3418 mysterio
1668 3348 2007 3437 potentissime

430 3444 712 3504 devicisset,
741 3451 790 3496 et
818 3443 1024 3509 insuper
1066 3439 1251 3491 multas
1281 3454 1368 3508 per
1397 3453 1510 3491 eum
1539 3439 1746 3492 virtutes
1776 3439 2006 3492 Christus

435 3533 802 3601 ostend.ret,in
826 3537 1072 3602 majorem
1096 3528 1348 3582 insaniam
1369 3529 1503 3581 idem
1524 3529 1786 3597 episcopus
1813 3529 2006 3582 invidia

432 3627 780 3695 inﬂammante
799 3622 1140 3677 succenditur.
1161 3619 1323 3673 Erant
1345 3621 1475 3673 enim
1495 3630 1614 3673 tunc
1637 3622 1869 3688 tempori.
1891 3637 2005 3674 cum

439 3726 607 3773 sancto
648 3715 877 3784 Eugenio
925 3715 1018 3766 viii
1060 3713 1441 3783 prudentissimi
1485 3723 1635 3781 atque
1677 3714 2000 3779 sanctissimi,

443 3805 783 3860 Vindemiatis
806 3814 854 3855 et
882 3803 1145 3870 Longinus
1173 3803 1415 3872 episcopi,
1449 3819 1595 3870 pares
1622 3805 1806 3870 gradu,
1839 3813 1884 3854 et
1910 3805 2010 3856 vir-

439 3907 542 3951 tu'e
572 3914 673 3950 non
699 3897 935 3964 impares.
963 3892 1093 3946 Nam
1118 3905 1321 3946 sanctus
1360 3893 1690 3947 Vindemialfs
1710 3911 1766 3947 eo
1789 3904 2010 3960 tempore

440 3989 696 4058 ferebatur
725 3995 979 4038 mortuum
1022 3985 1309 4046 suscitasse,
1345 3983 1604 4054 Longinus
1633 3997 1801 4038 autem
1840 3987 2009 4039 multis

439 4079 652 4148 infirmis
682 4078 898 4131 salutem
935 4075 1140 4139 tribuit;
1182 4073 1439 4143 Eugenius
1478 4091 1672 4143 quoque
1711 4092 1811 4127 non
1849 4078 2011 4128 solum

439 4170 707 4224 visibilium
733 4169 996 4222 oculorum
1026 4165 1324 4231 creritatem,
1356 4165 1442 4217 sed
1482 4165 1630 4216 etiam
1658 4165 1897 4216 mentium
1925 4165 2012 4218 de—

441 4262 677 4330 pellebat.
962 4244 963 4247 η

514 4351 576 4404 ν.
609 4350 758 4415 Quod
787 4364 996 4402 cernens
1021 4345 1106 4398 ille
1137 4360 1350 4411 nequam
1392 4343 1696 4396 Arianorum
1727 4345 2011 4415 episcopus,

441 4453 676 4496 uocatum
702 4447 768 4494 ad
792 4457 844 4494 se
873 4439 1144 4508 quemdam
1174 4437 1446 4501 hominem,
1477 4436 1538 4488 ab
1564 4436 1653 4489 illo
1680 4453 1776 4505 quo
1806 4438 1912 4507 ipse
1937 4441 2013 4491 vi-

2106 3275 2385 3326 succurrite
2415 3274 2662 3342 pereunti.
2709 3273 2839 3328 Vere
2868 3275 2999 3326 enim
3043 3275 3251 3345 COgttOt'i
3278 3274 3398 3342 quia
3425 3275 3566 3327 Deus
3598 3292 3700 3327 non

2107 3363 2352 3415 irridetur
2376 3361 2522 3432 (Gal.
2553 3379 2624 3429 Vl,
2657 3363 2738 3431 7).

2180 3452 2289 3506 VII.
2317 3451 2459 3506 Tunc
2481 3454 2642 3506 sancti
2665 3452 2761 3506 Dei
2781 3455 3126 3507 misericordia
3148 3455 3269 3507 moti
3292 3469 3312 3506 :
3335 3453 3697 3522 Si,inquiunt,

2110 3545 2293 3610 credis,
2322 3544 2490 3597 omnia
2516 3544 2778 3612 possibilia
2803 3555 2922 3597 sunt
2950 3545 3194 3598 credenti.
3225 3546 3288 3598 At
3315 3544 3404 3597 ille
3431 3544 3698 3597 clamabat

2109 3651 2225 3688 voce
2254 3651 2439 3704 magna
2459 3648 2478 3686 :
2511 3635 2611 3697 Qui
2649 3650 2752 3688 non
2781 3635 3052 3688 crediderit
3081 3634 3336 3688 Christum
3371 3631 3574 3686 Filium
3611 3634 3700 3687 Dei

2108 3735 2154 3780 et
2179 3725 2432 3794 Spiritum
2457 3733 2688 3778 sanctum
2710 3725 2955 3794 aequalem
2980 3725 3163 3778 habere
3182 3725 3518 3777 substantiam
3543 3734 3700 3794 atque

2110 3815 2344 3868 deitatem
2371 3831 2484 3868 cum
2515 3814 2622 3867 Deo
2654 3814 2827 3878 Patre,
2861 3816 3013 3868 hodie
3036 3830 3149 3883 qua:
3178 3830 3266 3884 ego
3297 3815 3504 3884 perfero
3527 3818 3700 3881 patia-

2111 3917 2214 3960 tur.
2256 3907 2322 3960 Et
2357 3907 2542 3976 adjecit
2576 3922 2594 3960 :
2625 3906 2788 3960 Credo
2834 3906 2990 3958 Dium
3024 3905 3231 3960 Pa'rem
3270 3909 3696 3972 omnipotentem,

2111 3998 2258 4050 credo
2273 3995 2469 4049 Filium
2486 3995 2577 4048 Dei
2603 3996 2860 4048 Christum
2879 3996 2911 4047 ,Ι
2917 4012 3054 4048 esum
3079 3995 3327 4064 mqualem
3349 3995 3520 4059 Patri,
3538 3997 3695 4048 credo

2115 4087 2367 4157 Spiritum
2396 4095 2624 4140 sanctum
2645 4085 2790 4138 Patri
2813 4097 2858 4138 et
2877 4085 3016 4139 Filio
3042 4085 3527 4138 consubstantialem
3548 4096 3702 4153 atque

2112 4186 2436 4231 coceternum.
2487 4176 2614 4230 ch
2661 4177 2739 4229 illi
2775 4177 3058 4245 audientes,
3103 4185 3149 4229 et
3179 4171 3234 4230 se
3267 4177 3477 4230 invicem
3505 4176 3702 4230 honore

2113 4281 2289 4325 mutuo
2320 4272 2700 4340 prtevenientes,
2742 4271 2906 4322 oritur
2941 4270 3069 4321 inter
3095 4285 3178 4322 eos
3219 4278 3390 4321 sancta
3418 4271 3700 4330 contentio,

2113 4367 2223 4430 quis
2246 4362 2405 4414 oculis
2428 4364 2538 4431 ejus
2559 4362 2760 4430 signum
2789 4361 2942 4413 beata:
2969 4360 3130 4412 crucis
3159 4362 3463 4425 imponeret.
3501 4358 3700 4413 Vinde-

2117 4453 2284 4506 mialis
2305 4467 2421 4504 vero
2441 4467 2502 4504 ac
2531 4452 2787 4523 Longinus
2813 4450 3128 4521 Eugenium;
3158 4448 3246 4501 ille
3273 4461 3438 4500 autem
3465 4465 3494 4501 e
3523 4460 3703 4502 contra

441 4534 579 4586 vebat
603 4548 771 4586 errore
793 4532 1074 4598 deceptum,
1096 4529 1200 4580 ait:
1227 4526 1346 4580 Non
1370 4527 1537 4596 patior
1555 4527 1690 4596 quod
1715 4527 1767 4580 hi
1789 4529 2002 4597 episc0pi

2115 4559 2197 4595 cos
2237 4553 2414 4595 exorat
2450 4550 2503 4595 ut
2541 4557 2722 4594 manus
2758 4542 3072 4610 imponerent
3096 4555 3248 4592 cteco.
3283 4536 3433 4603 Quod
3473 4554 3598 4590 cum
3629 4539 3703 4607 fe-

444 4623 602 4676 multa
627 4623 679 4674 in
709 4623 897 4691 populo
927 4623 1076 4690 signa
1104 4620 1426 4688 depromunt,
1462 4618 1675 4688 illosque
1712 4620 1904 4685 cuncti,
1933 4635 2011 4672 me

445 4712 696 4781 neglecto,
727 4720 1027 4774 sequuntur.
1058 4709 1322 4776 Acquiesce
1347 4723 1480 4759 nunc
1507 4705 1587 4759 his
1613 4722 1725 4776 qua:
1750 4709 2013 4778 principio,

445 4816 493 4856 et
533 4802 749 4870 acceptis
790 4801 1157 4870 quinquaginta
1205 4802 1406 4862 aureis,
1449 4800 1567 4852 sede
1620 4801 1672 4852 in
1716 4802 1883 4864 platea
1931 4819 2019 4869 per

446 4911 598 4959 quam
628 4894 770 4948 nobis
797 4899 869 4944 est
892 4894 1151 4954 transitus,
1185 4900 1230 4943 et
1261 4907 1464 4943 manum
1493 4907 1645 4959 super
1669 4892 1868 4948 clausos
1894 4912 2016 4950 ocu-

491 5019 694 5097 {Apud
710 5017 895 5097 Multi):
911 5033 961 5097 v_,
978 5017 1067 5097 15ῑ
1078 5025 1129 5072 et
1141 5017 1270 5097 Luc.
1288 5019 1497 5097 stimet,
1515 5018 2022 5097 habeturevanuerit;

445 5100 502 5145 et
523 5091 683 5142 Marc.
701 5105 810 5168 xw,
825 5089 913 5152 50,
932 5089 1199 5168 insulsum.
1217 5091 1282 5141 At
1298 5091 1405 5141 Atri
1433 5091 1673 5168 legebant
1688 5089 2018 5168 infamatum,

449 5170 504 5215 ut
536 5169 677 5228 patet
697 5173 760 5212 ex
783 5160 1079 5227 Augustino
1106 5159 1171 5212 de
1193 5173 1440 5228 sermone
1463 5160 1668 5214 Domini
1695 5159 1754 5214 in
1773 5180 1970 5224 urente.

526 5227 550 5301 β
581 5229 669 5301 Sic
691 5244 884 5301 exgms.
911 5242 1264 5301 reposuimus.
1301 5227 1436 5301 Editi
1461 5243 1579 5282 cum
1610 5231 1786 5299 Colb.,
1821 5236 1952 5301 Quin
1977 5241 2022 5293 si

450 5300 714 5353 catholicae
737 5299 1022 5364 disciplina:
1050 5298 1371 5362 adluereatis,
1401 5315 1491 5366 ego
1523 5316 1606 5352 vos
1646 5298 1854 5358 nec..'...'
1887 5311 2016 5362 obli-

450 5372 753 5424 viscor......
778 5366 1008 5421 divellor.
1042 5366 1196 5434 Reg.,
1226 5372 1394 5436 quasi,
1421 5379 1522 5422 etc.

526 5451 548 5478 c
573 5441 659 5513 _Sic
679 5440 849 5513 eidem
871 5439 1022 5513 Colb.
1043 5443 1108 5490 At
1129 5438 1237 5513 edit
1257 5453 1374 5489 cum
1398 5440 1542 5505 regio
1568 5455 1692 5504 ms.,
1714 5442 2024 5513 Quoeunque

452 5511 766 5578 mefecerint
783 5509 940 5562 dividi
964 5523 1169 5578 agones.
1205 5507 1420 5571 Baron.,
1452 5523 1630 5575 agone.

527 5576 554 5612 α
584 5579 672 5696 Sile
690 5579 881 5632 Baron.
902 5593 917 5638 ;
939 5575 1031 5632 seu
1053 5575 1227 5642 Coib.,
1259 5578 1481 5644 profero.
1507 5578 1660 5632 Aliud
1679 5595 1800 5650 ms.,
1824 5596 2020 5641 constat

527 5662 630 5696 emo
655 5663 761 5696 um.

397 5681 400 5684 ι
455 5660 761 5710 exemptum.

533 5723 555 5749 °
593 5714 770 5780 Colb.,
816 5716 1117 5784 cegitaverat
1160 5716 1453 5771 exclamavit
1500 5733 1615 5772 voce
1661 5737 1867 5792 magna,
1910 5735 2014 5779 tota

2119 4634 2318 4694 cissent,
2339 4642 2385 4685 et
2407 4649 2584 4684 manus
2610 4647 2727 4684 suas
2756 4647 2906 4700 super
2929 4641 3079 4699 caput
3100 4632 3209 4698 ejus
3232 4637 3478 4694 tenerent,
3495 4636 3708 4682 sanctus

2122 4722 2383 4793 Eugenius
2405 4740 2606 4776 erucem
2627 4739 2775 4791 super
2797 4723 2967 4775 oculos
2992 4739 3052 4774 ea
3067 4723 3112 4774 ci
3139 4722 3351 4791 faciens,
3381 4723 3488 4773 ait:
3524 4719 3590 4772 In
3612 4736 3705 4772 no-

2123 4816 2256 4868 mine
2289 4813 2485 4878 Patris,
2514 4822 2560 4866 et
2594 4811 2742 4880 Filii,
2767 4822 2814 4865 et
2847 4812 3068 4882 Spiritus
3091 4815 3252 4866 sancti
3277 4811 3381 4865 ueri
3411 4809 3528 4873 Dei,
3552 4827 3705 4879 quem

2123 4905 2309 4958 trinum
2341 4905 2391 4955 in
2422 4919 2523 4956 una
2562 4903 2852 4971 wqualitate
2895 4913 3044 4970 atque
3091 4903 3449 4971 omnipotentia
3496 4903 3706 4969 confite-

2125 5035 2306 5103 virtute
2332 5049 2350 5086 :
2383 5034 2516 5086 Audi
2547 5051 2644 5103 me,
2675 5046 2865 5100 sancte,
2897 5047 3001 5090 etc.

2204 5101 2221 5139 ῖ
2255 5104 2402 5156 Colb.
2440 5105 2585 5156 addit
2611 5101 2856 5174 deripere.

2198 5183 2221 5218 ε
2263 5174 2448 5244 Simile
2478 5174 2601 5241 quid
2630 5172 2751 5228 huic
2779 5174 2852 5228 rei
2881 5175 3100 5242 conligit
3129 5172 3416 5244 Lcovigildi
3449 5175 3706 5244 tempori-

2124 5242 2223 5296 bus
2250 5244 2301 5296 in
2335 5243 2608 5314 Hisyania,
2643 5246 2715 5298 uti
2749 5254 3010 5299 memorat
3043 5245 3181 5298 idem
3213 5242 3502 5314 Gregorius
3534 5242 3707 5297 Turc-

2129 5313 2430 5367 nensisJib.
2465 5314 2530 5367 de
2552 5315 2731 5368 Gloria
2755 5315 3156 5379 Confessorum,
3189 5332 3305 5383 mp.
3335 5313 3419 5368 l5.
3445 5313 3543 5368 Ubi
3575 5329 3708 5382 rego.

2129 5394 2488 5451 conquerente
2515 5385 2656 5452 quod
2694 5401 2804 5438 sua:
2831 5397 2994 5438 sectae
3035 5388 3267 5453 episcopi
3304 5386 3444 5438 milia
3479 5383 3708 5437 ederent

2133 5454 2383 5506 miracula
2431 5455 2566 5507 sicut
2593 5453 2732 5524 apud
2762 5455 3052 5524 catholicas
3085 5457 3194 5508 lieri
3246 5456 3520 5517 solebant,
3563 5469 3705 5504 unns

2130 5537 2194 5576 ex
2230 5525 2332 5576 illis
2374 5523 2672 5589 hominem,
2707 5527 2795 5592 qui
2833 5523 3054 5591 pecunia
3084 5538 3363 5592 corruptus
3415 5539 3614 5577 caecum
3648 5538 3706 5575 se

2133 5592 2384 5661 lingeret,
2417 5607 2604 5647 curare
2654 5594 2956 5653 simulavit,
2986 5597 3080 5648 sed
3114 5595 3204 5649 Dei
3235 5604 3366 5649 nutu
3393 5593 3478 5648 ille
3517 5608 3704 5647 revera

2126 5675 2302 5717 (ξωως
2335 5661 2555 5718 effectus
2587 5665 2765 5720 dolum
2791 5661 3062 5733 patefecit.
