4002 6188
435 350 537 410 773

1617 338 1667 394 S.
1710 336 2018 393 FAUSTL‘S
2059 333 2474 391 IUIEGIENSIS.

3583 333 3683 387 776

431 470 602 523 dicens
624 481 654 517 α
680 463 791 515 loco
817 458 1036 513 recessit.
1070 455 1172 507 llla
1202 470 1314 507 vero
1339 455 1390 505 in
1414 452 1503 504 hoc
1534 460 1781 503 tormento
1809 451 1998 503 diutis.
2030 456 2075 511 Α
2106 450 2458 502 detrimentum
2489 446 2746 515 patiatur?
2769 453 2854 496 aut
2877 460 3029 514 quant
3055 442 3196 496 dabit
3224 442 3371 495 homo
3402 456 3681 498 commuta-

431 556 559 611 sime
593 554 809 613 detenta,
853 547 1055 600 tandem
1100 554 1319 614 martyre
1348 544 1557 613 jubente
1586 545 1791 605 locuta;
1835 543 2007 612 palam

433 646 661 715 confessa
690 650 757 694 est
781 637 915 709 quod
946 637 1075 689 clam
1105 636 1261 688 latere
1288 636 1541 686 voluerat.

502 735 613 790 Ml.
647 732 782 797 Quid
824 729 951 799 agis,
998 745 1026 779 ο
1073 726 1251 795 infelix
1290 722 1547 777 avaritia!
1595 721 1734 788 Quid
1779 720 2006 789 petendis

430 826 577 878 rebus
612 822 789 875 alienis
827 818 1106 873 succumbis
1133 832 1271 867 mens
1300 813 1536 883 frminea,
1571 829 1670 865 non
1699 812 1905 864 virilis?
1939 811 2007 865 Ut

430 914 553 983 quid
584 913 785 980 ﬁrmam
813 908 1022 967 loricam
1061 903 1236 958 mentis
1270 906 1467 956 modica
1506 903 1883 955 transverberas
1918 920 2003 955 sa-

431 1003 558 1071 gitta
597 999 935 1067 cupiditatis?
970 996 1105 1060 Quid
1147 1009 1442 1063 congregas,
1473 1008 1502 1044 o
1533 993 1704 1055 homo,
1730 992 1842 1044 auri
1867 992 2007 1045 rubi-

431 1093 597 1159 ginosi
634 1092 840 1153 talenta,
870 1105 982 1140 cum
1024 1089 1086 1138 iis
1124 1100 1334 1137 arsurus
1361 1084 1413 1135 in
1442 1083 1706 1152 gehenna?
1751 1081 1887 1147 Quid
1916 1082 2007 1134 tibi

434 1190 642 1250 prosunt
666 1180 889 1250 peritura
914 1177 1077 1238 lucra,
1110 1191 1223 1244 qua:
1244 1184 1443 1227 (sternte
1473 1176 1587 1225 vita:
1612 1173 1815 1243 pariunt
1842 1173 2005 1225 detri-

434 1284 622 1337 menta,
654 1275 809 1341 juxta
842 1269 969 1322 illud
1002 1266 1207 1320 Domini
1236 1266 1435 1319 verbum
1464 1280 1480 1317 :
1514 1264 1648 1327 Quid
1680 1263 1881 1330 prodest
1913 1261 2009 1312 ho-

436 1364 557 1416 mini
603 1364 647 1415 si
692 1370 851 1415 totum
894 1360 1141 1412 mundum
1183 1357 1425 1420 lucretur,
1476 1355 1662 1407 anima:
1689 1365 1859 1406 autem
1905 1368 2010 1405 sure

2110 541 2292 592 tionem
2316 555 2407 608 pro
2428 540 2599 590 anima
2624 554 2716 589 sua
2738 537 2760 588 ἶ)

2180 628 2316 681 ΧΗΙ.
2351 628 2433 699 [0
2465 631 2648 697 fratres
2679 624 3020 692 dilectissimi,
3056 640 3196 694 spem
3232 626 3285 677 in
3312 626 3421 678 solo
3467 624 3687 678 Redem-

2110 728 2251 785 ptore
2280 718 2439 787 ﬁgite,
2472 727 2517 769 ct
2553 717 2620 767 ad
2649 726 2892 770 wternam
2923 716 3141 785 patriam
3171 723 3333 768 mente
3363 717 3596 770 transite.
3629 716 3685 771 Si

2106 808 2238 859 enim
2267 807 2397 859 nihil
2419 808 2469 858 in
2496 807 2591 858 hoc
2619 807 2807 857 mundo
2833 805 3054 858 amando
3075 806 3364 873 possidetis,
3394 808 3546 859 etiam
3572 823 3694 876 pos-

2107 901 2318 954 sidendo
2363 911 2540 954 cuncta
2586 899 2882 967 reliquistis,
2933 901 3041 967 ipse
3077 902 3219 952 nobis
3263 901 3453 969 gaudia
3496 911 3692 954 a‘ternn

2106 995 2368 1057 concedat,
2398 994 2481 1061 qui
2506 993 2646 1046 nobis
2668 1002 2870 1045 trterna:
2890 992 3030 1059 pacis
3056 992 3278 1044 remedia
3300 992 3513 1044 contulit
3535 990 3692 1045 Iesus

2107 1085 2334 1139 Christus
2380 1084 2630 1138 Dominus
2672 1093 2866 1147 noster,
2913 1084 3001 1152 qui
3048 1099 3161 1135 cum
3208 1092 3395 1135 a'terno
3447 1081 3600 1133 Patre
3642 1096 3689 1133 et

2110 1176 2309 1245 Spiritu
2348 1185 2523 1229 sancto
2565 1174 2684 1227 vivit
2724 1184 2767 1227 et
2808 1183 2983 1243 regnat
3028 1174 3079 1226 in
3127 1172 3316 1225 siccata
3359 1173 3684 1226 sttculorum.

2113 1265 2319 1333 Amen.]

440 1487 3637 1544 ψ

1602 1624 1768 1667 ANNO
1813 1624 2039 1667 DOMINI
2081 1622 2409 1666 CCCCLXXX
2421 1624 2455 1666 ν
2470 1648 2482 1661 .

924 1764 1987 1935 SANCTUS

2120 1759 3194 1923 FAUSTUS

1693 2007 2059 2063 RHEGIENSIS
2082 2006 2441 2058 EPISCOPUS.

1617 2256 2468 2330 PROLEGOMENA.

1772 2566 2309 2649 NOTITI/E.

658 2741 757 2812 (Ex
798 2734 1100 2792 Bellarmin.
1140 2730 1207 2785 de
1252 2730 1513 2798 Scriptor.
1549 2727 1768 2793 eccles.)

508 2832 728 2886 Faustus
754 2845 815 2882 ex
842 2825 1088 2879 monacho
1113 2821 1367 2874 Lirinensi
1388 2821 1554 2889 factus
1575 2818 1839 2887 episcopus
1875 2816 2007 2869 Rhe-

442 2923 623 2994 giensis
666 2922 717 2973 in
745 2916 947 2979 Gallia,
992 2914 1115 2966 visit
1160 2910 1323 2963 medio
1346 2917 1565 2977 tempore
1611 2907 1740 2959 inter
1780 2917 2011 2958 sanctum

445 2993 749 3078 Prosperum
785 3018 831 3061 et
871 3014 1098 3059 sanctum
1136 2998 1461 3070 Fulgentium
1490 3014 1507 3051 :
1537 2996 1741 3065 scripsit
1786 2995 1849 3049 de
1887 2993 2014 3061 Spi-

442 3104 541 3154 ritu
564 3107 756 3161 sancto,
789 3105 836 3147 et
869 3102 1043 3145 contra
1083 3092 1333 3152 Arianos,
1358 3097 1403 3142 et
1436 3086 1865 3148 Macedonianos,
1899 3099 2013 3151 qua:

442 3207 542 3245 non
566 3194 792 3248 exstant;
817 3184 1021 3251 scripsit
1052 3189 1293 3246 prwterea
1322 3179 1474 3231 libros
1504 3178 1631 3229 duas
1662 3176 1724 3229 de
1740 3174 1942 3238 Gratia,
1968 3183 2015 3226 et

442 3278 625 3332 Libero
652 3272 900 3335 Arbitrio,
940 3270 1026 3338 qui
1064 3276 1283 3329 exstant,
1310 3276 1355 3319 et
1381 3281 1503 3334 quos
1524 3262 1820 3318 Gennadius
1841 3263 1897 3315 in
1922 3263 2013 3316 lib.

444 3367 507 3421 de
533 3366 669 3420 Viris
685 3363 869 3417 illustr.
892 3359 1033 3412 miris
1058 3356 1294 3411 laudibus
1314 3354 1453 3422 eﬂ'ert
1474 3371 1491 3418 ;
1513 3358 1600 3407 sed
1626 3352 1859 3407 Gelasius
1882 3367 2017 3420 papa

442 3459 495 3512 in
510 3457 707 3509 decreto
734 3454 795 3506 de
821 3451 961 3505 libris
991 3447 1297 3518 apocryphis
1317 3446 1520 3498 omnino
1548 3444 1711 3515 rejicit
1743 3457 1762 3496 :
1790 3453 1845 3495 ut
1866 3444 2018 3495 etiam

444 3548 714 3620 rejiciunt,
746 3553 792 3599 et
824 3541 1057 3612 refellunt
1084 3547 1291 3593 sanctus
1318 3535 1639 3608 Fulgentius,
1675 3534 1859 3588 Petrus
1889 3532 2017 3588 Dia-

447 3654 602 3693 conus
629 3676 643 3701 ,
680 3635 939 3688 Alc/timus
967 3631 1171 3693 Auitus,
1228 3638 1275 3683 et
1329 3629 1439 3681 alii.
1497 3626 1608 3679 Ado
1650 3624 1941 3679 Viennensis
1965 3627 2019 3678 in

448 3727 695 3781 Chronico
734 3724 802 3776 ad
823 3738 1010 3776 annum
1037 3720 1140 3773 4‘22
1163 3720 1236 3771 sic
1262 3717 1485 3785 loquitur
1506 3731 1526 3769 :
1567 3714 1790 3768 Faustus
1816 3730 1879 3767 ex
1925 3715 2018 3766 ab-

450 3818 563 3871 bate
590 3814 882 3868 monasterii
916 3810 1196 3863 Lirinensis
1226 3808 1363 3876 apud
1408 3806 1637 3875 Regnum
1687 3802 1869 3857 Gallia:
1906 3804 2015 3871 epi-

447 3924 631 3975 scopus
659 3910 841 3975 factus,
869 3902 1267 3971 Pelagianorum
1291 3900 1473 3966 dogma
1496 3898 1749 3949 destruere
1773 3905 1983 3948 conatus
2000 3937 2014 3961 ,

448 4003 503 4055 in
534 4013 751 4053 errarent
775 3995 962 4049 labitur
993 4010 1009 4045 :
1060 3993 1194 4044 unde
1216 3992 1302 4057 qui
1328 3992 1436 4059 ejus
1472 4004 1649 4044 sensus
1677 3988 1729 4039 in
1756 3990 1852 4039 hac
1878 3995 2023 4057 parte

2048 2725 2088 2783 Β
2118 2732 2321 2793 propter
2347 2723 2575 2791 aliquos,
2605 2723 2689 2791 qui
2716 2732 2890 2775 nostro
2925 2732 3146 2789 tempore
3180 2720 3427 2775 Faustum
3471 2723 3689 2775 catholi-

2113 2832 2228 2869 cum
2256 2817 2411 2887 fuisse
2442 2815 2765 2869 contendunt.

2325 2906 2425 2976 (Ex
2460 2905 2635 2961 indice
2662 2906 3039 2974 expurgatnrio
3062 2905 3129 2958 Μ.
3154 2904 3210 2958 S.
3243 2904 3475 2973 Palatii.)

2185 2998 2477 3054 Gennadius
2500 2999 2668 3071 (quem
2696 3006 2891 3052 constat
2914 2999 3070 3068 fuisse
3099 2999 3371 3065 plurimum
3401 2998 3695 3067 Semipela-

2116 3094 2303 3163 gianis,
2334 3109 2513 3158 eosque
2538 3093 2593 3145 in
2614 3109 2708 3145 suo
2737 3092 2825 3145 illo
2860 3091 2988 3145 libro
3018 3091 3080 3144 de
3112 3090 3248 3143 Viris
3277 3091 3573 3145 illustribus
3597 3093 3699 3162 ple-

2115 3198 2327 3252 rumque
2354 3181 2591 3236 laudibus
2618 3180 2883 3251 extulisse)
2914 3198 3039 3250 opus
3058 3182 3188 3234 istud
3217 3179 3401 3235 Fausti
3426 3183 3491 3236 de
3516 3182 3701 3236 Gratia

2118 3282 2165 3327 et
2190 3272 2371 3326 Libero
2400 3270 2625 3325 Arbitrio
2650 3270 2876 3341 appellat
2905 3272 3185 3342 egregium,
3214 3273 3351 3341 quod
3399 3273 3564 3325 etiam
3608 3273 3701 3324 mi-

2120 3378 2237 3415 rum
2266 3363 2318 3415 in
2344 3362 2551 3415 modum
2578 3362 2815 3415 laudasse
2837 3362 3083 3431 reperitur
3113 3361 3174 3416 S.
3204 3360 3452 3416 Sidonius
3498 3362 3701 3427 Apolii-

2119 3454 2260 3507 naris
2299 3452 2389 3507 lib.
2439 3468 2514 3518 Ix,
2554 3454 2703 3519 epist.
2728 3454 2795 3517 9;
2822 3452 2909 3507 sed
2948 3454 3055 3507 viro
3100 3462 3271 3506 sancto
3322 3462 3470 3522 atque
3498 3454 3702 3506 sincero

2120 3528 2347 3600 nondum
2365 3552 2633 3614 comperta:
2662 3545 2817 3613 fuisse
2846 3544 3139 3626 ﬁgebantur
3159 3543 3349 3596 techna:
3369 3554 3416 3595 et
3445 3544 3699 3611 impastu-

2122 3652 2193 3690 ra:
2240 3634 2444 3688 Fausti.
2470 3634 2819 3689 Ccrtissintnm
2848 3636 2980 3687 enim
3021 3644 3092 3689 est
3130 3632 3381 3686 Faustunt
3413 3634 3578 3699 fuisse
3609 3632 3701 3688 Se-

2124 3727 2575 3797 mipelagianorum
2617 3727 3036 3795 antesignanum,
3080 3735 3127 3778 et
3169 3726 3496 3791 scriptionem
3553 3725 3700 3777 istam

2124 3822 2234 3891 ejus
2260 3818 2341 3870 hic
2380 3818 2596 3885 positam
2623 3816 2797 3869 multis
2837 3815 3230 3886 Pelagianorum
3259 3816 3519 3867 erroribus
3547 3814 3699 3882 refer-

2126 3920 2251 3963 tam.
2282 3908 2347 3963 Id
2375 3909 2508 3976 quod
2538 3908 2719 3961 diserte
2748 3909 3053 3961 adnotarunt
3090 3906 3151 3962 S.
3196 3904 3429 3959 Isidorus
3474 3907 3597 3959 libr.
3640 3908 3698 3956 de

2132 4000 2269 4055 Viris
2292 4000 2594 4064 illustribus,
2619 4016 2730 4067 cap.
2766 3999 2860 4063 M;
2886 3998 2944 4053 S.
2974 3998 3084 4051 Ado
3114 3998 3411 4050 Viennensis
3428 3998 3699 4064 episcopus

446 4090 719 4145 catholicos
752 4086 1050 4156 praedicant,
1075 4083 1203 4136 sicut
1234 4080 1531 4136 Gennadius
1556 4081 1618 4133 de
1650 4080 1785 4132 Viris
1812 4079 2014 4131 illustri-

2128 4094 2179 4145 in
2198 4092 2455 4153 Chronico
2499 4107 2634 4143 anno
2675 4089 2879 4143 Domini
2928 4089 3054 4143 492.
3088 4090 3411 4157 Scripserunt
3458 4091 3701 4140 adversus

446 4183 536 4237 bus
555 4181 771 4236 scribens
799 4178 1004 4232 omnino
1024 4185 1213 4229 errant.
1241 4172 1328 4227 Ita
1351 4174 1483 4226 enim
1518 4172 1730 4225 liberum
1749 4170 2016 4223 arbitrium

446 4285 549 4329 tam
579 4273 891 4345 Augustinus
935 4284 1085 4337 quam
1114 4268 1279 4321 cteteri
1321 4264 1555 4318 catholici
1580 4264 1633 4316 in
1669 4262 1890 4315 Ecclesia
1922 4261 2016 4315 Dei

446 4366 645 4429 docent,
676 4373 730 4417 ut
759 4359 1088 4417 illuminatio,
1136 4356 1326 4420 virtus,
1358 4364 1404 4408 et
1433 4351 1573 4406 salus
1624 4351 1707 4404 illi
1744 4369 1775 4405 a
1815 4350 2015 4405 Christo

445 4471 534 4525 per
575 4454 850 4515 Christum,
902 4450 1029 4503 etin
1068 4445 1269 4500 Christo
1299 4446 1383 4497 sit.
1420 4442 1644 4497 Faustus
1668 4458 1783 4495 vero
1826 4444 1919 4495 iste
1945 4442 2017 4493 ita

447 4543 661 4595 liberum
692 4541 1094 4595 Christianorum
1131 4536 1395 4589 arbitrium
1417 4535 1591 4587 docere
1612 4541 1847 4598 conatur,
1873 4541 1925 4584 ut
1951 4531 2020 4584 il-

447 4633 732 4698 luminatio,
761 4632 941 4695 uirtus,
985 4639 1032 4683 et
1056 4630 1192 4683 sulus
1216 4643 1316 4679 non
1348 4643 1379 4679 a
1400 4626 1624 4687 Christo,
1668 4624 1756 4677 sed
1782 4640 1815 4675 a
1834 4632 2019 4676 natura

447 4725 551 4777 sit:
582 4732 755 4775 contra
788 4721 921 4773 hunc
946 4722 1116 4773 scribit
1153 4720 1469 4773 beatissimus
1516 4717 1691 4769 Auitus
1727 4715 2019 4769 Viennensis

448 4813 713 4883 episcopus
744 4808 1055 4863 lucidissima
1081 4808 1181 4875 fide
1208 4848 1222 4872 ,
1253 4812 1366 4879 ejus
1414 4807 1721 4876 redarguens
1760 4818 2016 4868 errorem;

446 4902 679 4956 similiter
699 4908 745 4953 et
770 4898 995 4953 Joannes
1023 4899 1098 4950 vir
1123 4898 1492 4952 eruditissimus
1514 4897 1853 4950 Antiochenus
1880 4912 2019 4964 pres-

447 4992 610 5061 byter.
648 5024 657 5025 ί

517 5081 748 5134 Isidorus
792 5082 863 5143 de,
890 5079 1024 5133 Viris
1070 5078 1347 5132 illustribus
1378 5079 1429 5132 in
1475 5079 1770 5155 Fulgentio,
1821 5080 1944 5131 dicit
1987 5095 2018 5132 a

448 5173 723 5244 Fulgentio
751 5172 963 5239 scriptos
994 5170 1145 5223 libros
1176 5180 1364 5237 septem
1393 5180 1570 5223 contra
1602 5168 1853 5223 Faustum
1872 5210 1888 5235 ,
1931 5171 2019 5237 qui

446 5267 577 5321 mira
599 5264 876 5317 calliditate
897 5261 1173 5314 catholicus
1194 5262 1351 5314 videri
1378 5261 1571 5315 volebat
1590 5302 1604 5326 ,
1628 5277 1745 5314 cum
1778 5261 2019 5333 Pelagia-

448 5373 543 5411 nus
571 5364 718 5410 esset.
753 5353 942 5407 Auctor
969 5366 1164 5420 quoque
1209 5350 1339 5403 Viue
1381 5352 1541 5405 sancti
1592 5350 1851 5423 Fulgentii
1899 5367 2017 5416 cap.

2120 4184 2213 4236 hoc
2236 4182 2415 4234 Fausti
2445 4197 2568 4250 opus
2591 4183 2652 4233 de
2678 4180 2858 4233 Gratia
2890 4179 2981 4232 Dei
3003 4196 3066 4233 ea:
3095 4180 3323 4248 professo
3349 4177 3408 4233 S.
3444 4178 3704 4231 Ctzsarius

2120 4274 2423 4326 Arelatensis
2446 4274 2728 4341 episcopus,
2766 4270 2826 4324 S.
2862 4268 3162 4338 Fulgentius
3205 4269 3483 4338 Iluspensis
3503 4270 3698 4338 episco~

2120 4380 2236 4431 pus,
2270 4364 2327 4417 S.
2362 4364 2587 4415 Alcimus
2626 4362 2797 4413 Avitus
2833 4358 3125 4413 Viennensis
3158 4359 3458 4427 episcopus,
3515 4357 3699 4411 Petrus

2119 4456 2384 4507 diaconus.
2418 4452 2485 4506 Et
2529 4469 2589 4507 ea:
2620 4452 2869 4506 haereticis
2896 4451 3125 4504 Joannes
3163 4449 3480 4503 Maxentius.
3534 4449 3698 4501 Porro

2122 4543 2181 4599 S.
2215 4542 2447 4597 Gelasius
2490 4544 2680 4610 primus
2701 4544 2752 4595 in
2783 4543 2977 4594 decreto
2999 4540 3062 4594 de
3107 4541 3250 4594 libris
3276 4541 3453 4603 sacris,
3512 4538 3698 4592 Fausti

2119 4649 2271 4700 opera
2304 4633 2475 4685 omnia
2530 4633 2661 4684 inter
2700 4632 2990 4701 apocrypha
3043 4631 3229 4693 reiicit.
3280 4629 3340 4684 S.
3389 4629 3697 4683 Ilormisdas

2119 4726 2271 4776 etiam
2293 4722 2513 4776 Roman.
2537 4722 2767 4791 pontifex
2785 4722 2932 4789 epist.
2950 4721 3015 4774 ad
3040 4737 3372 4790 possessorem
3392 4722 3696 4787 Africanum

2118 4814 2407 4883 episcopum
2433 4813 2540 4866 haec
2580 4813 2650 4863 ait
2674 4828 2693 4865 :
2729 4810 2868 4864 Hinc
2890 4826 3004 4864 vero
3032 4812 3165 4879 quod
3191 4827 3275 4864 vos
3300 4812 3363 4863 de
3398 4809 3583 4864 Fausti
3603 4828 3695 4862 cu-

2111 4907 2325 4975 jusdam
2354 4904 2489 4957 Galli
2510 4904 2751 4955 antistitis
2776 4903 3088 4957 consuluisse
3105 4903 3281 4957 litteris
3306 4905 3585 4967 indicastis,
3620 4904 3697 4955 his

2119 4996 2214 5047 sibi
2234 5010 2527 5064 responsum
2551 4994 2764 5048 habeant
2781 5011 2798 5048 :
2813 5011 2970 5065 neque
2994 4994 3163 5058 illum,
3180 5012 3339 5063 neque
3358 5012 3690 5064 quemquam.

2118 5102 2243 5154 quos
2264 5086 2317 5138 in
2336 5086 2688 5138 auctoritatem
2716 5085 2931 5138 Patrum
2961 5102 3058 5138 non
3086 5088 3261 5149 recipit
3288 5102 3497 5138 erantet:
3520 5086 3694 5137 catho-

2120 5174 2232 5228 lica:
2259 5176 2409 5243 ﬁdei,
2452 5186 2537 5227 aut
2575 5174 2950 5229 Ecclesiastica:
2979 5176 3283 5241 dlsciplime,
3314 5177 3693 5245 ambiguitaten

2120 5280 2266 5334 posse
2310 5266 2535 5333 gignere,
2565 5274 2653 5317 aut
2699 5266 2948 5334 religiosis
2990 5266 3345 5334 pra’judicium
3375 5282 3691 5335 comparare.

2121 5354 2340 5407 Tantum
2368 5354 2474 5406 ille.
2507 5352 2574 5405 Et
2603 5369 2667 5406 ex
2692 5354 2770 5407 his
2798 5353 2945 5421 plene
2965 5342 3293 5423 perspectum
3325 5355 3508 5407 habeas
3541 5370 3695 5422 quant

446 5448 516 5501 28
561 5456 771 5501 testatur
806 5461 839 5497 a
875 5450 1050 5497 sancto
1080 5438 1365 5509 Fulgentio'
1402 5442 1642 5512 refutatos
1685 5441 1840 5496 libros
1886 5445 2013 5495 duos
2040 5432 2093 5492 ἶ)
2118 5454 2261 5496 caute
2281 5445 2473 5511 scripta
2511 5444 2606 5495 ista
2638 5441 2817 5496 Fausti
2842 5443 2942 5495 sint
2969 5443 3059 5496 tibi
3090 5444 3412 5513 perlegenda,
3442 5444 3494 5495 in
3517 5444 3695 5512 quibus

454 5534 632 5589 Fausti
659 5540 716 5590 de
751 5535 928 5590 Gratia
954 5542 1004 5588 et
1035 5532 1214 5586 Libero
1255 5531 1491 5585 Arbitrio.
1528 5530 1593 5583 Et
1634 5531 1815 5585 Petrus
1843 5532 2016 5584 diaco-

452 5640 547 5676 nus
568 5627 619 5676 in
643 5625 767 5678 libro
796 5626 857 5679 de
885 5624 1242 5679 lncarnatione
1268 5632 1314 5676 et
1338 5622 1518 5677 Gratia
1548 5622 1757 5687 Christi,
1785 5640 1898 5690 cap.
1931 5622 2010 5675 nl-

455 5712 572 5764 tinto
596 5714 858 5765 anathema
882 5718 999 5767 dicit
1033 5716 1175 5769 libris
1205 5713 1404 5768 Fausti.
1439 5712 1558 5767 "ccc
1588 5715 1857 5766 almoncre
1880 5716 2010 5767 colui

2122 5533 2175 5585 in
2196 5548 2389 5586 errores
2421 5532 2603 5584 multos
2632 5530 2901 5601 Pelagiani
2937 5534 3201 5603 dogmatis
3220 5535 3513 5602 plerumque
3534 5532 3692 5597 offen-

2118 5626 2224 5678 des.
2260 5624 2322 5679 Si
2349 5640 2433 5678 eos
2482 5640 2597 5678 aues
2634 5625 2870 5679 collectos
2916 5626 3181 5694 inschere,
3215 5630 3419 5679 consule
3444 5626 3688 5677 Joannem

2118 5716 2431 5769 Maxentium
2453 5716 2502 5768 in
2542 5716 2868 5783 responsione
2888 5716 2955 5768 ad
2982 5717 3241 5783 epistolam
3273 5714 3560 5768 llormisda:
3585 5729 3688 5778 pa-
