4002 6188
250 300 356 356 777

1608 296 2142 354 PROLEGOMENA.

3408 304 3514 358 778

247 427 330 481 pte
353 411 424 464 ad
447 423 804 479 possessorem.
855 408 1134 464 Sciendum
1175 415 1341 461 tamen
1389 408 1656 478 epistolam
1706 411 1840 465 hanc
1867 424 1917 479 Α
1944 412 2302 479 revocandum,
2337 412 2480 466 haud
2502 411 2854 470 existimamus
2883 416 3186 489 indignant;
3215 434 3332 473 cum
3356 427 3526 485 tamen

251 499 438 556 Fausti
475 502 543 554 ad
568 499 822 553 Lucidum
847 499 1216 570 presbyterum,
1264 499 1598 570 approbatum
1626 509 1701 554 tot
1735 503 1845 567 epi-

248 608 525 664 scoporum
552 590 923 661 subscriptione
964 592 1019 644 in
1058 590 1274 643 concilio
1313 587 1618 656 Arelatensi,
1655 599 1701 644 et
1741 593 1845 662 epi~

248 686 436 737 stolam
466 681 644 736 Lucidi
681 681 958 751 presbyteri
985 681 1052 733 ad
1097 683 1360 751 episcopos
1405 690 1739 752 congregatos
1787 683 1842 735 in

247 776 450 847 synodo
485 773 852 846 Lugdunensi,
881 789 996 843 qua:
1033 772 1197 827 amba:
1221 774 1359 844 operi
1389 771 1576 827 Fausti
1615 776 1842 843 praemit-

251 881 460 935 tuntur,
493 885 644 923 sanas
687 885 794 923 esse
845 878 995 936 atque
1023 867 1327 932 catholicas,
1379 868 1580 937 judicio
1628 868 1843 921 duarum

249 962 566 1033 synodorum
590 961 942 1027 conﬁrmatas.
981 958 1300 1029 Neutiquam
1327 967 1495 1011 tamen
1529 960 1662 1012 ullus
1699 959 1761 1012 ob
1788 959 1842 1012 id

251 1057 503 1109 existimet
521 1055 586 1108 ab
607 1063 820 1123 utroque
840 1051 1057 1105 concilio
1072 1050 1380 1119 approbatos
1409 1059 1508 1104 tres
1528 1050 1684 1103 libros
1708 1049 1846 1104 Fau-

251 1148 315 1200 sti
335 1145 400 1199 de
427 1144 634 1209 Gratia,
662 1153 718 1195 ut
759 1143 865 1211 ipse
893 1142 1200 1196 mendaciter
1226 1142 1436 1196 innuere
1474 1142 1672 1195 videtur
1695 1142 1749 1195 in
1785 1158 1845 1195 ea

251 1255 364 1308 qute
411 1239 496 1290 hic
544 1238 810 1307 subjicitur
865 1235 1160 1304 praefatoria
1213 1233 1430 1304 epistola
1479 1234 1546 1285 at
1576 1232 1843 1287 Leontium

252 1331 546 1396 episcopum
577 1325 1001 1396 Forojuliensem.
1030 1325 1256 1380 Consule
1277 1326 1470 1392 plenius
1493 1325 1554 1377 de
1573 1325 1652 1378 his
1676 1327 1842 1379 omni-

255 1420 344 1472 bus
385 1418 716 1473 disserentem
757 1417 1036 1470 Baronium
1059 1424 1181 1470 tom.
1219 1415 1293 1469 VI
1321 1416 1512 1470 Annal.
1544 1417 1668 1470 eccl.
1699 1433 1835 1470 anno

253 1509 447 1566 Christi
476 1509 598 1565 490.

845 1619 944 1689 (Ex
984 1618 1248 1689 Cauisio.)
1291 1607 1304 1618 ’

1949 503 2012 556 de
2041 506 2152 574 ejus
2192 503 2398 574 scriptis
2443 504 2668 559 immota:
2699 516 2939 561 maneant
2972 511 3238 564 sententia:
3282 507 3524 568 Patrum.

1949 593 2099 657 Quod
2141 594 2279 647 enim
2331 611 2487 664 usque
2523 597 2590 649 ad
2636 595 2745 650 hare
2788 606 3016 667 tempora
3060 610 3236 654 nostra
3289 599 3530 658 eumdem

1948 683 2200 739 Faustum
2233 687 2484 740 continuit
2512 688 2643 741 inter
2666 697 2868 742 sanctos
2901 693 3325 763 martyrologium
3353 691 3525 748 Galli-

1946 793 2154 846 canum,
2177 795 2210 832 a
2237 795 2338 850 quo
2367 781 2535 848 ipsum
2561 779 2805 836 Halanus
2825 783 3046 851 primum
3069 787 3314 852 erpunxit
3341 802 3361 841 :
3390 788 3526 852 quod

1945 871 2135 936 etiam,
2187 881 2242 924 ut
2284 874 2592 939 accepimus,
2646 871 2876 926 Ecclesia
2899 873 3197 945 Rhegiensis
3224 877 3276 928 in
3321 875 3524 943 Callia,

1946 963 2032 1015 ubi
2052 963 2161 1030 ipse
2179 963 2307 1016 sedit
2329 965 2560 1028 antistes,
2584 979 2781 1034 semper
2805 979 2922 1017 eum
2948 973 3003 1016 ut
3031 976 3263 1018 sanctum
3288 966 3526 1031 coluerit,

1948 1055 2207 1108 celebrans
2253 1053 2485 1123 ejusdem
2531 1056 2752 1127 natalem
2816 1056 2876 1108 I7
2921 1055 3202 1118 Januarii;
3243 1057 3414 1125 ibique
3472 1059 3528 1111 in

1945 1149 2057 1218 ejus
2083 1145 2380 1199 memoriam
2410 1147 2689 1215 antiquitus
2719 1156 2886 1200 erecta
2922 1146 3152 1212 basilica,
3180 1149 3292 1218 ejus
3308 1149 3530 1202 nominis

1945 1236 2094 1290 titulo
2122 1236 2385 1303 insignita,
2416 1236 2660 1290 hactenus
2685 1238 2795 1305 ejus
2823 1236 2961 1290 cultu
2985 1237 3272 1307 a-ﬁdelibus
3294 1238 3530 1308 frequen-

1947 1337 2103 1392 tetur;
2143 1329 2376 1398 quodque
2423 1338 2496 1381 tot
2537 1329 2739 1383 sa’culis
2770 1328 3060 1384 Christiano
3089 1331 3207 1383 orbe
3233 1341 3488 1399 spectante
3511 1373 3526 1396 ,

1946 1415 2181 1471 Ecclesia
2204 1418 2437 1472 Romana
2462 1427 2675 1483 tacente,
2695 1419 2893 1472 nemine
2915 1420 3114 1488 penitus
3135 1419 3292 1490 (quod
3313 1420 3525 1493 sciatur)

1839 1538 1846 1553 ν
1946 1509 2360 1575 contradicente,
2412 1511 2511 1563 ista
2541 1510 2703 1564 eidem
2733 1508 2931 1564 Fausto
2969 1509 3192 1563 exhibita
3234 1510 3528 1583 intelligan-

1945 1607 2049 1664 tur,
2094 1599 2296 1671 opipari
2314 1615 2415 1651 non
2436 1597 2762 1668 prohibemur
2782 1598 2845 1652 de
2873 1599 3048 1652 eodem
3077 1597 3273 1668 Fausto
3302 1601 3530 1654 accidere

1943 1690 2167 1758 potuisse
2207 1688 2366 1759 (quod
2391 1689 2453 1742 de
2491 1689 2666 1742 multis
2705 1690 2826 1742 viris
2851 1691 3040 1744 sanctis
3087 1690 3354 1760 asseritur)
3392 1691 3529 1760 quod

337 1781 442 1848 Qui
471 1779 603 1832 scire
631 1778 789 1845 volet,
833 1777 946 1845 quis
986 1774 1238 1842 Faustus,
1285 1777 1398 1842 quis
1429 1775 1671 1829 Ruricius
1695 1816 1710 1840 ,
1755 1778 1843 1847 qui
1873 1792 1920 1851 Β
1946 1778 2242 1848 delinquens
2260 1781 2502 1832 erraverit
2525 1796 2545 1844 ;
2574 1795 2688 1832 cum
2712 1781 2925 1850 quwstio
2947 1781 3041 1834 illa
3059 1783 3210 1851 fuerit
3227 1784 3532 1838 auctoritate

257 1875 378 1928 item
401 1873 524 1937 atii,
550 1871 616 1924 ad
639 1887 765 1941 quos
791 1872 997 1938 scripta:
1029 1868 1110 1923 ha:
1130 1867 1380 1940 epistolae,
1413 1867 1490 1922 vel
1510 1869 1598 1938 qui
1626 1869 1694 1921 ad
1714 1869 1842 1922 alios

257 1967 594 2036 scripserunt,
625 1964 714 2017 ille
741 1962 908 2016 videat
945 1961 1222 2016 Sidonium
1244 1959 1626 2030 Apollinarem,
1663 1973 1709 2014 et
1747 1961 1846 2016 Ve-

258 2057 498 2110 nantium
519 2053 887 2116 Fortunatam,
910 2067 1062 2122 quem
1082 2052 1336 2122 integrum
1357 2052 1589 2121 notisque
1608 2059 1846 2106 accurate

257 2149 576 2218 illustratum
619 2147 761 2200 dedit
807 2144 1204 2212 Christophorus
1251 2143 1523 2198 Browerus
1572 2144 1846 2201 Societatis

257 2239 406 2296 Iesu.
445 2239 632 2294 Videat
668 2241 789 2294 item
827 2237 1232 2292 illustrissimum
1261 2235 1563 2292 Baronium.
1613 2236 1727 2291 Nos
1762 2237 1847 2292 hic

257 2331 318 2384 de
354 2331 573 2402 singulis
601 2338 824 2383 atlexcre
853 2344 954 2381 non
995 2326 1251 2381 volumus.
1285 2326 1508 2380 Tantum
1547 2328 1608 2381 de
1644 2326 1846 2382 Fausto

262 2421 566 2493 lihegiensi,
589 2421 673 2490 qui
697 2421 749 2473 in
780 2437 876 2473 ms.
907 2417 1200 2490 appellatur
1225 2429 1451 2482 sanctus,
1482 2420 1591 2472 lucc
1621 2422 1848 2474 notanda

258 2515 498 2568 videntur
521 2529 636 2584 qute
665 2511 918 2566 Baronius
947 2512 1010 2563 de
1033 2511 1130 2564 hoc
1163 2511 1276 2580 ipso
1305 2511 1454 2564 habet
1494 2511 1546 2564 in
1571 2513 1850 2582 appendice

260 2608 381 2660 tonsi
407 2605 451 2659 Χ
481 2607 550 2660 ad
582 2616 772 2659 tomum
799 2602 898 2670 γι,
935 2620 1069 2656 anno
1095 2603 1197 2658 690
1226 2601 1360 2673 (Col.
1388 2601 1584 2674 “22):
1629 2619 1646 2653 ‹
1684 2601 1849 2657 Porro

261 2697 504 2753 Faustus
541 2699 650 2768 ipse
678 2713 794 2751 cum
828 2695 902 2768 (a)
933 2725 1002 2736 —
1024 2696 1093 2748 ibi
1118 2724 1191 2735 -—
1226 2695 1474 2748 miramur
1501 2694 1563 2748 ab
1595 2694 1850 2764 aliquibus

263 2792 620 2858 imprudenter
648 2805 774 2843 sane
799 2787 1008 2842 inscribi
1038 2786 1285 2842 Sanctum
1303 2814 1373 2826 -—
1395 2786 1473 2839 his
1503 2787 1609 2840 haec
1638 2785 1852 2839 adde—

263 2882 377 2937 Ista
427 2883 631 2953 quidem
683 2883 846 2954 priori
887 2881 1108 2935 editione
1157 2895 1222 2934 ex
1258 2879 1496 2932 adductis
1542 2879 1854 2932 diversorum

199 3017 201 3019 .
258 2975 472 3042 scriptis
505 2974 782 3042 afﬁrmasse
807 3005 834 3035 ,ν
870 2987 974 3025 non
997 2970 1233 3024 indecens
1261 2969 1471 3039 quidem
1497 2969 1616 3037 fuit.
1648 2969 1710 3020 At
1739 2983 1855 3021 vero

265 3081 327 3120 ea:
342 3075 527 3138 postea
547 3065 759 3137 cognitis
785 3074 830 3117 et
853 3063 1109 3128 adductis,
1131 3076 1311 3115 rursus
1325 3062 1394 3112 ad
1406 3059 1667 3132 judicium
1689 3060 1855 3128 ipsum

336 3223 416 3295 (a)
448 3223 620 3278 Locus
668 3223 796 3295 to_mi
828 3221 965 3295 sexti
992 3234 1148 3288 quem
1179 3218 1266 3295 hic
1294 3227 1549 3295 retractat
1595 3220 1854 3295 Baronius

265 3288 353 3350 sic.
377 3288 436 3348 se
467 3295 626 3348 habet
656 3311 667 3346 :
708 3293 869 3345 Porro
917 3288 1140 3342 Faustus
1184 3292 1310 3358 ipse,
1343 3306 1460 3342 cum
1490 3291 1599 3356 ejus
1631 3290 1854 3358 fallacia:

262 3370 499 3428 detecta,
530 3373 696 3417 essent
718 3362 898 3432 quibus
922 3370 1137 3414 conatus
1171 3371 1244 3414 est
1273 3361 1512 3413 revellere
1542 3357 1853 3428 Pelagianos

283 3514 368 3530 ’—

369 3496 3330 3528 _______________________________________.__________.

1945 1868 2079 1921 sedis
2097 1870 2387 1936 apostolica:
2407 1869 2643 1937 deﬁnita,
2669 1881 2714 1921 et
2739 1870 2850 1938 ejus
2873 1871 3046 1939 opinio
3071 1872 3292 1923 aliorum
3317 1871 3530 1924 Patrum

1942 1960 2186 2013 sententia
2207 1959 2566 2022 condemnata,
2595 1960 2704 2026 ipse
2722 1976 2872 2012 suum
2894 1977 3117 2014 errorem
3150 1964 3304 2032 fuerit
3331 1963 3532 2033 scriptis

1944 2051 2211 2103 contrariis
2223 2050 2517 2118 detestatus,
2532 2067 2644 2118 qua:
2657 2051 2932 2120 potuerint,
2950 2052 3122 2104 utalia
3134 2053 3530 2120 quamplurima,

1946 2142 2187 2211 periisse;
2210 2140 2289 2194 vel
2318 2142 2488 2213 ipsum
2514 2150 2631 2194 ante
2661 2141 2968 2212 scriptorum
2991 2143 3179 2212 factam
3207 2143 3271 2195 ab
3304 2141 3534 2196 Ecclesia

1947 2237 2327 2289 damnationem
2347 2238 2482 2289 diem
2510 2237 2689 2291 abiisse
2712 2239 2960 2304 (incertus
2979 2248 3052 2292 est
3077 2243 3208 2291 enim
3232 2243 3348 2310 ejus
3370 2239 3535 2292 obitus

1948 2333 2135 2396 annus)
2161 2328 2426 2381 habentem
2447 2331 2498 2381 in
2520 2330 2689 2382 animo
2716 2329 2772 2381 in
2797 2329 2876 2382 his
2898 2331 3042 2400 sequi
3062 2331 3200 2399 quod
3226 2335 3534 2398 sequendum

1949 2421 2152 2474 doceret
2183 2420 2434 2476 Ecclesia.
2460 2419 2546 2474 Ita
2570 2423 2776 2491 quidem
2798 2438 2968 2490 ipsum
2996 2423 3338 2490 compositum
3364 2423 3534 2474 animo

1950 2514 2132 2582 fuisse,
2166 2513 2383 2583 aliisque
2410 2515 2716 2580 innotuisse,
2749 2514 2869 2567 inde
2900 2514 3052 2584 facile
3078 2520 3239 2582 potest
3285 2510 3534 2579 intelligi,

1949 2604 2085 2674 quod
2111 2619 2308 2672 semper
2343 2605 2418 2670 (ut
2447 2604 2678 2658 indicant
2706 2612 2822 2658 acta
2853 2605 3192 2657 conciliorum
3221 2599 3534 2655 Arelatensis

1952 2703 1998 2748 et
2014 2692 2397 2764 Lugdunensis)
2420 2695 2926 2748 communicationem
2951 2693 3125 2746 habuit
3141 2708 3254 2745 cum
3271 2692 3538 2747 sanctissi-

1954 2785 2050 2839 mis
2099 2784 2399 2839 orthodoxis
2447 2783 2738 2838 Galliarum
2768 2785 3039 2856 episcOpis.
3098 2781 3345 2838 Maneant
3383 2782 3537 2853 igitur

1958 2876 2156 2930 Fausto
2179 2878 2380 2947 integra
2400 2881 2528 2950 jura
2559 2894 2674 2942 sua,
2704 2893 2796 2930 nec
2825 2893 2887 2930 ex
2912 2877 3104 2930 nostris
3133 2876 3334 2946 scriptis
3358 2882 3537 2928 sentiat

1957 2970 2314 3041 prwjudicium
2337 2986 2356 3023 :
2376 2986 2537 3040 neque
2563 2971 2760 3036 privato
2783 2969 2975 3037 judicio
3000 2969 3214 3022 novitati
3239 2969 3386 3022 liceat
3413 2982 3539 3020 con-

1958 3061 2139 3115 vellere
2162 3061 2533 3130 antiquitatem.
2574 3079 2592 3111 ι
2630 3061 2758 3115 Ilaec
2791 3059 3068 3114 Baronius.

1954 3221 2158 3276 scrobes
2179 3221 2233 3275 in
2261 3221 2468 3290 lapsum
2497 3221 2829 3284 simplicium,
2861 3219 3169 3272 abalienavit
3208 3234 3241 3270 a
3263 3233 3318 3271 se
3346 3218 3542 3290 annuos

1956 3288 2330 3362 episcoporum,
2361 3303 2509 3357 atque
2541 3291 2764 3362 decessit
2802 3291 3084 3362 inglorius;
3112 3304 3258 3356 qut'm
3299 3288 3543 3362 miramur

1957 3356 2020 3414 ab
2051 3356 2308 3431 aliquibus
2340 3356 2690 3427 imprudenter
2715 3376 2835 3412 sane
2854 3356 3064 3411 inscribi
3095 3372 3354 3410 ssncrvu.
3389 3356 3540 3408 Ευιτ.

1417 3616 1823 3700 JACOBI
1869 3617 2408 3701 BASNAGII

976 3787 2202 3943 ANIMADVERSIONES
2281 3789 2826 3894 CRITIC/E

1162 3991 1295 4060 DE
1375 3988 1464 4063 S.
1539 3993 1950 4067 FAUSTO
2025 3990 2648 4072 RHEGIENSL

279 4167 364 4214 AN
399 4165 632 4211 FUERIT
659 4161 1196 4206 SEHIPELAGIANUS
1221 4161 1301 4203 ΕΤ
1325 4159 1558 4204 ΑΝΙΜΑε
1586 4163 1856 4206 MATERIA

1961 4164 1988 4207 S
2017 4163 2374 4220 DOCUERIT;
2396 4163 2477 4205 AN
2510 4159 2903 4205 VEBSIPELLIS
2924 4184 2940 4213 ,
2965 4156 3294 4204 EPISTOLAS
3317 4155 3546 4202 ιῦαωυ

1261 4240 1338 4281 ΕΤ
1367 4240 1535 4282 BINIS
1573 4242 1879 4286 CONCILHS
1915 4244 2346 4287 SUPPOBUERIT
2369 4269 2384 4296 ,
2426 4242 2565 4284 ETC.

1449 4361 2382 4390 ~—-—-———-——————

358 4523 416 4580 I.
439 4520 651 4575 Diversa
679 4483 864 4586 gaudet
893 4522 939 4567 et
967 4511 1165 4570 laborat
1193 4509 1330 4580 fama
1356 4505 1581 4560 Faustus
1611 4506 1864 4588 Rhegien-
1892 4509 1936 4570 C
1966 4511 2151 4566 saltem
2171 4515 2392 4584 plurima
2420 4531 2532 4584 qua:
2559 4515 2971 4583 interpretatione
2998 4514 3214 4586 benigna
3241 4531 3452 4584 prorsus
3470 4516 3549 4569 in-

285 4621 385 4686 sis,
409 4615 595 4687 quippe
624 4609 710 4678 qui
738 4625 771 4660 a
800 4605 1034 4676 plurimis
1061 4605 1190 4657 inter
1217 4601 1357 4654 divos
1385 4606 1727 4663 recensentur,
1757 4601 1868 4667 suf-

285 4715 527 4785 fragante
571 4703 803 4758 Ecclesia
844 4702 989 4771 cujus
1034 4699 1132 4767 fuit
1164 4697 1452 4764 episcopus.
1486 4691 1627 4746 Nam
1671 4692 1725 4744 in
1762 4691 1869 4785 ejus

287 4782 540 4857 honorem
565 4798 698 4850 diem
721 4798 905 4865 festum
925 4791 1167 4843 hactenus
1185 4788 1422 4842 celebrat.
1445 4785 1497 4840 Ν
1504 4793 1725 4839 utaverat
1746 4782 1872 4836 olim

289 4894 487 4950 Baroni
493 4909 572 4956 us,
584 4889 673 4960 qui
689 4888 837 4941 illum
849 4881 1191 4952 versipellem
1208 4882 1540 4950 vulpeculam
1557 4876 1870 4949 appellabat.

292 4988 401 5045 Sed
419 4984 664 5040 Ecclesia:
685 4977 984 5052 Rhegiensis
1004 4975 1416 5047 precibus,cujus
1437 4971 1727 5028 auctoritati
1742 4969 1874 5022 mul-

293 5089 402 5133 tum
418 5071 717 5131 detrahebat
736 5068 995 5124 annalista
1010 5064 1386 5129 celeberrimus,
1401 5064 1670 5132 impulsus,
1701 5060 1876 5130 pristi-

294 5186 418 5224 nam
445 5164 656 5219 mutavit
689 5160 1008 5223 sententiam,
1027 5165 1084 5211 ut
1104 5157 1288 5227 legitur
1322 5157 1375 5210 in
1406 5155 1706 5225 prtet'atione
1724 5151 1878 5207 Cani-

294 5261 467 5321 siana,
485 5271 638 5326 quam
653 5253 736 5311 hic
751 5249 1110 5316 descripsimus
1127 5247 1372 5315 integram
1387 5242 1544 5314 (Vide
1558 5243 1801 5310 superius
1824 5241 1874 5294 in

299 5352 401 5405 hac
413 5350 526 5418 ipsa
540 5340 772 5415 pag.).In
786 5340 923 5394 varia
933 5338 1114 5412 abeunt
1127 5343 1232 5390 tum
1243 5344 1428 5389 veteres
1440 5341 1545 5386 tum
1557 5332 1876 5385 recentiores.

301 5440 332 5494 1
340 5441 464 5494 llum
478 5435 689 5492 laudare
701 5433 902 5488 videtur
914 5426 1170 5484 Sidonius
1189 5424 1533 5495 Apollinaris,
1546 5423 1599 5474 in
1615 5421 1798 5475 litteris
1814 5419 1880 5472 ad

301 5536 474 5602 ipsum
500 5527 733 5597 scriptis;
755 5524 844 5578 sed
862 5538 928 5575 an
948 5520 1122 5588 iocari
1143 5517 1377 5580 voluerit,
1391 5523 1439 5568 et
1464 5513 1676 5566 nimium
1693 5508 1882 5602 Fausti

303 5601 534 5676 studium
549 5619 685 5670 circa
701 5610 1078 5686 pltilosOphiam
1097 5607 1500 5680 eteloquentiam,
1519 5619 1674 5674 quam
1697 5601 1881 5657 sectari

308 5712 614 5771 conabatur,
642 5708 830 5773 ridere,
847 5711 932 5757 aut
957 5704 1188 5770 laudare,
1207 5703 1372 5756 dicere
1389 5697 1567 5752 nolim.
1601 5693 1882 5772 Occurrunt

598 5803 868 5863 Ριτιιοι..
913 5793 1126 5855 LVIII.

1970 4605 2164 4674 digent.
2188 4604 2574 4675 Reformidabat
2599 4605 2843 4660 Sidonius
2864 4608 3166 4659 acerrimum
3190 4603 3375 4659 Fausti
3399 4606 3548 4673 iuge-

1970 4695 2144 4763 nium,
2175 4698 2263 4766 qui
2289 4696 2353 4750 ab
2388 4712 2447 4750 eo
2487 4697 2682 4751 litteras
2717 4697 3059 4766 exspectabat,
3099 4705 3146 4750 et
3171 4707 3400 4766 receptas
3428 4701 3569 4750 cen-'

1970 4801 2106 4841 sum
2147 4787 2445 4859 subjiciebat
2467 4803 2486 4842 :
2519 4806 2538 4840 ‹
2567 4785 2732 4856 quue
2757 4790 2976 4842 votivum
3006 4786 3132 4840 mihi
3160 4788 3426 4856 granditer
3453 4788 3551 4856 fuit

1974 4894 2033 4931 ac
2080 4887 2433 4947 peroptatum,
2468 4887 2520 4930 ut
2561 4880 2777 4948 epistola
2829 4880 3063 4948 injuncta
3100 4893 3190 4930 nec
3215 4879 3552 4946 denegaretur

1973 4967 2164 5037 scripta
2193 4966 2449 5027 amicitiae.
2480 4982 2571 5020 nec
2593 4967 2887 5020 subderetur
2924 4966 3054 5019 lecta
3081 4980 3327 5018 censuras.
3359 4981 3377 5015 ι
3409 4963 3550 5028 Quid

1974 5065 2151 5112 sonent
2189 5057 2282 5111 illa
2313 5057 2492 5120 verba,
2539 5055 2755 5108 viderint
2791 5055 3110 5124 interpretes.
3153 5071 3172 5105 ‹
3207 5053 3343 5116 Quin
3380 5053 3550 5123 potius

1975 5149 2200 5202 animam
2221 5148 2354 5201 male
2373 5147 2471 5201 sibi
2491 5145 2748 5200 consciam
2764 5153 2810 5200 et
2831 5161 2922 5216 per
2938 5143 3093 5198 horas
3109 5143 3179 5196 ad
3199 5143 3419 5213 ptenalis
3437 5142 3553 5196 vita

1975 5239 2148 5293 debita
2170 5238 2638 5292 contremiscentem
2665 5234 3085 5306 frequentissimis
3113 5235 3213 5288 tuis
3240 5235 3344 5287 illis
3381 5242 3428 5285 et
3457 5247 3548 5284 ra-

1981 5332 2275 5385 lentissimis
2301 5331 2588 5383 orationum
2615 5344 2880 5382 numerare
2906 5327 3187 5398 suffragiis,
3220 5338 3424 5394 precum
3454 5338 3548 5393 pe-

1977 5423 2106 5477 ritus
2147 5423 2532 5485 insulanarum,
2581 5436 2707 5488 quas
2753 5421 2818 5474 de
2868 5420 3108 5488 palaestra
3143 5411 3546 5483 congregationis

1977 5511 2252 5566 eremitidis
2271 5519 2365 5575 ,‘et
2409 5511 2472 5564 de
2495 5518 2675 5564 senatu
2701 5507 3044 5563 Lirinensium
3084 5502 3472 5558 cellulariorum
3498 5505 3552 5556 in

1979 5602 2151 5655 urbem
2176 5617 2392 5672 quoque,
2410 5604 2557 5671 cujus
2570 5599 2791 5655 ecclesia!
2809 5611 2958 5651 sacra
2981 5591 3359 5661 superinspicis,
3383 5599 3552 5648 trans-

1982 5693 2162 5763 tulisti,
2191 5691 2319 5749 nihil
2343 5700 2566 5749 mutatus
2594 5690 2792 5746 abbate.
2819 5705 2838 5740 ο
2872 5685 3083 5742 Videtur
3113 5683 3365 5741 Sidonius
3392 5685 3554 5740 ridere
