4002 6188
412 319 514 372 779

1572 302 1633 361 S.
1669 295 1983 357 FAUSTUS
2022 292 2448 349 RliEGIENSIS.

3597 299 3700 353 780

376 468 386 501 λ
411 442 519 487 twn
550 440 773 482 senatum
821 424 1369 489 celltdariorum,tunt
1397 416 1725 485 disciplinam
1754 406 1999 465 monasti-
2030 409 2077 466 Λ
2108 414 2306 470 notata,
2336 415 2391 459 et
2417 413 2618 459 natura)
2650 413 2846 459 nostra:
2870 404 2937 459 ad
2970 405 3091 461 lidei
3124 404 3332 460 initium
3354 417 3411 461 et
3435 407 3541 462 alia
3575 412 3699 477 plus

412 539 545 589 eam,
572 536 721 591 quam
752 518 947 571 tumido
979 515 1127 569 nimis
1149 508 1576 586 anitnaFaustus
1601 506 1667 559 ad
1699 503 1998 573 dignitatem

414 609 753 680 eptswpat'em
796 618 1060 679 promotus
1080 645 1096 670 ,
1127 613 1173 657 et
1200 603 1318 657 inde
1350 616 1502 655 sacra
1546 593 2006 667 superinspiciens

415 698 731 763 Obseruabat,
766 707 819 751 ut
853 697 988 769 plebi
1015 695 1306 759 cwterisque
1334 691 1539 763 facilius
1577 689 1879 758 imponeret,
1908 683 2008 737 ab-

416 792 860 847 stinentissimam
907 790 1068 843 vitam
1120 786 1392 856 professus
1419 826 1433 849 ,
1478 790 1534 837 et
1578 794 1685 834 non
1740 786 2003 832 secretam

417 902 665 951 crucem,
698 885 791 938 sed
842 883 1103 952 publicam
1146 879 1437 934 vanitatem
1484 872 1743 945 jactantia
1796 869 2007 924 ventosi

424 978 653 1032 tumoris
676 988 1006 1045 exaggerans
1027 1013 1041 1037 ,
1070 980 1327 1041 quantum
1355 968 1523 1037 potuit
1552 972 1868 1020 venenatam
1893 960 2007 1016 dis-

422 1069 784 1138 putationem,
835 1065 978 1119 velut
1012 1059 1403 1117 lndeclinabilis
1447 1058 1701 1111 virtutum
1743 1061 2008 1115 servator,

424 1159 654 1224 induxit,
680 1156 933 1227 inquiebat
963 1155 1142 1209 Avitus
1170 1171 1252 1223 ep.
1281 1154 1337 1208 4-
1371 1150 1521 1205 Hanc
1549 1150 1719 1217 ﬁrmat
1748 1148 2009 1215 conjectu-

425 1268 537 1305 ram
565 1249 927 1317 contraversia,
959 1260 1259 1317 quanquam
1286 1240 1709 1305 levissima,inter
1739 1235 2013 1292 Sidonium

429 1350 475 1397 et
505 1341 553 1395 F
555 1350 758 1394 austum
791 1348 931 1393 nata.
967 1336 1180 1390 Miserat
1219 1332 1447 1387 Faustus
1490 1331 1794 1385 Riochatunt
1830 1341 2013 1380 mona-

426 1434 577 1487 chum
599 1442 645 1486 et
675 1431 954 1487 antistitem
973 1428 1043 1480 ad
1078 1426 1371 1488 Britannos,
1398 1421 1718 1477 Contribules
1745 1435 1883 1486 suos,
1901 1427 1948 1472 et
1968 1417 2017 1470 ei

432 1524 650 1577 Libellos
674 1524 832 1586 duos,
860 1522 914 1573 in
944 1517 1222 1589 Aquitania
1262 1512 1522 1577 celandos,
1555 1510 1818 1564 Britannis
1846 1506 2015 1561 solum

431 1615 689 1685 legendos,
732 1612 1074 1664 commiserat.
1111 1606 1372 1662 Remansit
1412 1604 1552 1674 apud
1581 1600 1855 1658 Sidonium
1888 1598 2017 1651 Rio-

429 1709 611 1757 citatus
655 1719 746 1774 per
786 1703 1045 1764 bimestre,
1094 1707 1299 1770 propter
1342 1704 1508 1749 motus
1548 1705 1666 1747 tunc
1694 1690 1934 1760 temporis
1963 1689 2017 1742 in

2108 496 2377 567 aliquanto
2415 497 2649 552 tribucre
2676 496 2819 553 visus
2842 507 2924 552 est
2951 513 3109 567 quam
3144 514 3240 567 par
3262 509 3379 554 erat
3403 499 3699 571 (Sirmundi

2114 586 2359 642 Historia:
2382 587 2619 657 prwdest.
2647 604 2757 659 cap.
2776 588 2858 658 8).
2893 588 2998 643 Sed
3019 590 3172 659 hujus
3192 592 3455 645 sententia:
3472 593 3698 647 vindices

2110 678 2336 750 appellat
2368 679 2550 734 Patres
2578 679 2804 745 Gratcos,
2829 682 2931 734 into
2958 681 3129 750 ipsum
3156 681 3525 753 Augustinum,
3554 696 3696 740 ante-

2110 789 2263 837 quam
2291 781 2506 825 mentem
2528 779 2789 836 mutasset,
2819 778 2873 822 ut
2904 780 3089 824 cratera
3119 773 3371 826 omittam.

2184 862 2301 917 Stat
2330 862 2392 915 ab
2419 862 2579 915 altera
2607 871 2751 932 parte
2775 860 2831 914 Μ
2834 863 3092 932 auquinus
3118 880 3329 934 presses,
3358 866 3433 919 vir
3462 867 3699 922 doctissi-

2112 972 2244 1021 mus,
2264 954 2737 1008 Prwdestinatianaz
2762 952 2950 1021 fabula:
2975 955 3291 1023 confutalor,
3314 956 3401 1023 qui
3423 973 3525 1011 non
3548 960 3702 1011 nudo

2116 1045 2369 1100 Faustum
2389 1045 2753 1117 deprimit,sed
2782 1047 2834 1099 itt
2863 1062 2979 1099 eum
3008 1047 3260 1100 invehitur
3281 1058 3336 1101 ut
3354 1050 3699 1119 versipellem

2116 1139 2448 1206 vulpeculam
2494 1147 2549 1191 et
2590 1138 2938 1205 impostorem
2963 1181 2979 1205 ,
3020 1140 3110 1205 qni
3157 1138 3343 1193 Lucidi
3383 1140 3701 1209 epistolam,

2115 1238 2171 1284 et
2195 1228 2619 1299 subscriptiones
2648 1228 3000 1283 conciliorum
3028 1229 3204 1293 tinxit,
3252 1237 3310 1283 ut
3338 1229 3461 1284 aliis
3488 1230 3703 1288 facilius

2118 1320 2387 1376 illuderet.

2190 1412 2249 1466 ll
2260 1413 2282 1466 Ι
2295 1453 2308 1467 .
2330 1413 2557 1468 Mediam
2571 1422 2794 1467 tenemus
2816 1413 3077 1468 beatorum
3097 1412 3443 1470 viam.Peccat
3460 1415 3703 1472 Sirmum

2117 1508 2247 1575 dus,
2290 1506 2610 1573 quantumvis
2647 1506 3047 1572 eruditissimus,
3075 1522 3193 1561 eum
3219 1504 3404 1561 Fausti
3434 1520 3701 1577 patronos,

2120 1600 2416 1664 Hilarium,
2448 1598 2806 1665 Gennadium,
2833 1608 2953 1667 αέα,
2985 1596 3458 1667 Semipelagianos,
3497 1599 3701 1653 laudat.

2128 1695 2321 1749 Deinde
2342 1691 2605 1763 Fulgentii
2626 1700 2672 1745 et
2692 1690 2826 1744 Aviti
2850 1690 3156 1745 Viennensis
3186 1690 3489 1761 objectiones
3516 1690 3705 1759 frivola

430 1795 603 1851 Gallia
634 1769 949 1858 concitatos;
975 1801 1023 1845 et
1053 1791 1139 1860 qui
1163 1792 1226 1843 de
1253 1788 1450 1841 Fausto
1471 1786 1661 1855 stepius
1688 1782 2007 1853 loquebatur,

2133 1788 2316 1840 -atione
2340 1792 2554 1839 conatur
2590 1783 2809 1837 eludere.
2848 1780 3033 1836 Pereat
3062 1780 3398 1851 Mauguinus,
3426 1782 3515 1853 qui
3539 1783 3705 1836 multa

432 1892 497 1942 de
524 1888 741 1957 Scriptis
770 1887 869 1955 ipsi
898 1884 1179 1937 commissis
1206 1882 1361 1934 tacuit
1383 1881 1601 1949 penitus.
1628 1876 1732 1931 Sed
1758 1877 1812 1928 in
1840 1875 2019 1926 itinere
2116 1878 2251 1933 velut
2278 1876 2459 1946 ﬁctilia
2480 1873 2680 1928 Fausto
2720 1874 2931 1928 tribuat.
2956 1871 3214 1927 Miramur
3246 1882 3413 1926 ιανιεη
3449 1871 3706 1927 Faustum

434 1979 760 2048 postmodum
804 1974 1122 2029 Riochatum
1146 2014 1162 2039 ,
1192 1972 1357 2040 inquit
1395 1968 1675 2030 Sidonius,
1702 1966 1811 2019 cito
1842 1962 2019 2034 profe-

432 2072 601 2135 ctum,
634 2083 757 2123 cum
780 2066 1015 2136 quipiam
1042 2064 1109 2117 de
1151 2060 1444 2116 viatoribus
1484 2056 1864 2128 prodidissent,
1900 2069 2017 2124 my-

435 2160 584 2215 stica:
620 2172 766 2227 gaza:
802 2155 998 2210 clausis
1040 2151 1330 2206 involucris
1360 2149 1497 2203 clam
1538 2152 1679 2202 terre
1717 2145 2018 2208 thesauros,

436 2248 742 2321 pernicibus
769 2246 920 2315 equis
948 2245 1222 2300 insecutus
1250 2242 1562 2307 abeuntem,
1594 2239 1685 2308 qui
1712 2237 1864 2292 facile
1895 2250 2019 2307 pos-

436 2352 555 2401 sent
582 2338 791 2394 itineris
818 2335 1239 2407 pridianispatia
1265 2329 1770 2403 pratvertere,capti
1797 2328 2022 2397 bosttitis

435 2448 607 2507 genua
629 2431 980 2502 complector,
1003 2430 1245 2500 iumenta
1269 2427 1423 2492 sisto,
1458 2427 1609 2481 frena
1639 2424 1768 2495 ligo,
1786 2422 2022 2477 sarcinas

438 2526 611 2593 solvo,
653 2524 936 2595 quasitum
967 2521 1217 2576 volumen
1252 2519 1498 2582 invenio,
1530 2517 1786 2587 produco,
1819 2515 2020 2583 lectito,

439 2633 629 2687 magna
676 2631 741 2671 ex
789 2613 997 2684 magnis
1042 2615 1217 2681 capita
1266 2611 1592 2665 delrustans.
1641 2606 1773 2661 Inde
1818 2605 2025 2662 Sidonii

438 2710 773 2764 amarissima:
809 2708 1073 2778 ﬂuxerunt
1101 2704 1315 2774 querela:
1343 2703 1411 2756 ad
1440 2701 1693 2756 Faustum
1723 2701 1914 2771 ipsunt,
1955 2712 2022 2751 an

442 2804 784 2873 supercilium
810 2810 1059 2870 tanquam
1084 2797 1236 2867 rigidi
1256 2797 1483 2867 plosoris
1507 2795 1896 2851 extimescebas
1913 2792 1935 2845 ?
1955 2805 2022 2846 an

443 2896 562 2950 ideo
589 2910 675 2949 me
718 2891 1097 2947 fastidiendum
1130 2888 1617 2960 negligendumque
1646 2885 1865 2948 curasti,
1898 2883 2023 2953 quia

444 2995 817 3041 contemneres
842 2982 1151 3053 juniorem?
1182 2981 1322 3049 quod
1354 2994 1539 3049 parum
1569 2978 1731 3031 credo
1757 2992 1771 3041 ;
1805 2990 1870 3029 an
1901 2977 2023 3043 quia

446 3074 767 3129 indoctum?
795 3078 937 3140 quod
969 3071 1136 3138 magis
1178 3067 1293 3123 fero
1314 3111 1328 3137 ,
1360 3077 1457 3121 etc.
1489 3065 1617 3119 Ilazc
1656 3064 2022 3118 strictissintam

448 3180 549 3217 non
570 3164 775 3230 sapiunt
795 3160 1094 3214 amicitiam.
1132 3158 1272 3212 Intra
1296 3172 1475 3211 muros
1503 3165 1751 3224 peccatur
1777 3163 1830 3208 ct
1851 3164 2023 3209 extra.
2053 3124 2100 3189 Ο

452 3253 573 3309 Non
598 3252 767 3307 debuit
782 3252 1003 3304 amicum
1024 3249 1209 3313 celare,
1232 3248 1276 3301 si
1294 3246 1522 3299 Faustus
1546 3246 1641 3315 fuit
1664 3245 2021 3312 amicissimus,

445 3347 636 3415 scripta
652 3359 767 3415 qute
790 3343 1015 3397 mittebat
1046 3343 1099 3394 in
1114 3340 1351 3410 Angliam
1368 3355 1386 3403 ;
1404 3353 1493 3391 nec
1513 3336 1758 3392 Sidonius
1781 3336 2027 3406 festinatio

448 3441 511 3494 tis
543 3437 777 3491 monachi
802 3435 1009 3505 vestigia
1034 3434 1196 3504 sequi,
1222 3441 1273 3485 ut
1302 3449 1363 3485 ea
1390 3431 1581 3500 scripta
1606 3430 1701 3483 sibi
1727 3429 2024 3483 vindicaret.

452 3533 727 3583 Autuntant
756 3527 981 3599 plerique
1010 3527 1117 3579 [nec
1142 3526 1329 3593 scripta
1361 3522 1518 3591 fuisse
1543 3522 1672 3574 duos
1697 3520 1757 3574 de
1777 3519 1958 3575 Gratia
1981 3530 2028 3575 et

450 3624 632 3677 Libero
648 3622 870 3675 Arbitrio
888 3621 1073 3684 libros;
1095 3617 1181 3673 sed
1209 3616 1520 3687 Mauguinus
1541 3630 1724 3685 prwses
1745 3631 1845 3668 non
1864 3616 2027 3685 potuit

449 3718 542 3771 sibi
558 3715 894 3773 Sirmundum
915 3724 1154 3783 tanquam
1176 3710 1541 3780 sufl’ragantent
1567 3710 1824 3773 indicare;
1845 3710 2029 3779 quippe

449 3810 535 3877 qui
566 3808 618 3860 in
643 3808 775 3860 notis
810 3808 915 3860 hate
944 3823 1098 3873 opera
1116 3804 1297 3858 Fausti
1329 3804 1537 3873 periisse
1558 3813 1744 3871 tuetur,
1771 3818 1830 3855 ea
1871 3803 2028 3872 potis-

449 3898 633 3952 sintum
662 3898 880 3963 ratione,
900 3898 1036 3965 quod
1064 3895 1335 3962 Sidonius,
1360 3896 1447 3966 qui
1469 3897 1564 3948 hoc
1591 3911 1716 3965 Opus
1732 3895 2029 3964 operosissi-

451 4004 588 4042 mum
611 3987 823 4057 legerat,
848 3986 1144 4057 bipartitum
1166 3986 1257 4039 sub
1279 3986 1474 4057 dialogi
1501 3985 1776 4050 schemate,
1798 3984 1890 4038 sub
1910 4001 2030 4038 cau-

450 4095 625 4135 sarum
640 4079 857 4133 themate
875 4077 1307 4147 quadripartitunt
1327 4078 1482 4148 fuisse
1496 4078 1738 4147 afﬁrmet;
1755 4092 1866 4145 qua:
1886 4075 2028 4131 libris

452 4174 517 4225 de
543 4169 727 4225 Gratia
758 4187 859 4224 non
888 4171 1210 4225 conveniunt.

524 4265 667 4321 Inter
706 4276 891 4320 veteres
950 4263 1141 4317 Fausta
1178 4267 1498 4335 refragantes
1556 4261 1804 4315 rrcenseri
1851 4261 2029 4315 debent

461 4360 657 4431 Avitus,
696 4352 994 4410 Viennensis
1032 4354 1248 4423 prwsul,
1278 4364 1322 4407 et
1365 4354 1478 4406 Atio
1510 4351 1821 4421 (Cltronicon
1848 4353 1915 4407 ad
1938 4370 2025 4407 an.

456 4447 610 4517 492),
636 4446 863 4516 ejusdem
887 4445 1026 4499 urbis
1055 4442 1350 4515 episcopus,
1381 4443 1468 4511 qui
1494 4442 1693 4507 scribit,
1722 4444 1844 4496 dum
1874 4441 2029 4497 Pela-

456 4537 664 4607 gianam
692 4536 877 4607 dogma
902 4532 1160 4590 destruere
1186 4543 1479 4601 conaretur,
1510 4535 1562 4588 in
1589 4549 1807 4588 errarent
1826 4549 1932 4588 esse
1953 4533 2028 4587 la-

461 4642 629 4694 psum,
653 4637 696 4680 et
719 4629 828 4681 ideo
848 4630 1056 4683 liberum
1081 4628 1343 4682 arbitrium
1364 4629 1611 4692 docuisse,
1628 4635 1687 4681 ut
1716 4626 2031 4682 illuminalio

461 4716 577 4780 ejus
617 4724 673 4769 et
706 4717 851 4771 salus
894 4735 998 4774 non
1044 4719 1114 4774 sit
1146 4735 1174 4773 a
1216 4719 1451 4787 Christo,
1482 4718 1580 4775 sed
1600 4734 1630 4773 a
1658 4729 1866 4774 natura.
1896 4717 2033 4772 Eum

459 4806 673 4875 denique
699 4806 864 4860 virum
906 4812 1181 4877 profunda:
1206 4812 1507 4868 calliditatis
1548 4812 1774 4883 appellat
1801 4811 2031 4866 Isidorus

462 4895 515 4952 Η
523 4896 651 4969 ispal
655 4898 815 4952 ensis.

530 4986 556 5039 ι
568 4987 594 5039 l
603 5026 616 5039 .
633 4985 704 5040 1η
725 4986 921 5040 diversa
939 4988 1084 5056 plane
1097 4990 1278 5045 obeunt
1298 4993 1616 5061 recentiores,
1638 5004 1788 5062 prout
1809 4992 2030 5064 partiunt

463 5079 633 5132 studio
679 5078 1022 5146 abripiuntur.
1051 5098 1069 5131 ι
1099 5081 1221 5147 Quis
1249 5099 1394 5153 trquo
1421 5087 1591 5139 animo
1620 5087 1752 5153 ferat
1780 5085 2031 5140 Faustum

461 5167 631 5221 vexari
653 5167 883 5236 passima
902 5168 1095 5235 multis,
1110 5171 1407 5243 tradnciqne
1422 5183 1660 5244 tanquant
1676 5176 1996 5229 lttrreticum?
2007 5194 2025 5227 ι

464 5258 622 5323 inquit
651 5256 983 5313 Sirmundus.
1026 5257 1241 5326 Culpam
1278 5264 1505 5317 criminis
1542 5265 1703 5335 rejicit
1732 5266 1783 5318 in
1815 5264 2033 5320 Maxen-

465 5351 612 5417 tium,
632 5348 877 5420 Scytham
902 5347 1225 5417 monachum,
1247 5354 1331 5422 qui
1352 5355 1529 5425 longas
1558 5355 1730 5409 habuit
1754 5355 1867 5411 lites
1893 5359 2029 5412 circa

463 5444 702 5514 gratiam,
729 5442 789 5495 de
816 5441 995 5511 quibus
1021 5440 1162 5495 alibi.
1193 5441 1384 5498 Deinde
1410 5447 1606 5499 inducit
1634 5447 1785 5513 viras,
1815 5464 1874 5503 eo
1903 5458 2029 5503 tem-

398 5562 401 5565 ·
466 5552 588 5604 pore
611 5536 954 5590 celeberrimos
969 5574 985 5601 ,
1010 5532 1271 5589 Hilarium
1292 5536 1655 5606 Arelatensem,
1680 5537 2026 5606 Gennadium,

471 5625 775 5692 Maximum,
798 5636 846 5681 et
871 5626 1129 5680 Hilarium
1146 5626 1454 5696 pontificem.
1471 5627 1580 5684 Nec
1600 5631 1838 5700 diﬁitetur
1857 5641 2028 5686 tamen

466 5720 526 5775 ab
541 5719 684 5771 Avito
706 5717 977 5776 Viennensi
994 5730 1040 5776 et
1064 5716 1338 5788 Fulgentio
1362 5720 1514 5788 plura
1541 5722 1595 5777 in
1622 5724 1821 5789 scriptis
1845 5724 2028 5778 Fausti

2051 4493 2107 4554 Β

2119 1973 2249 2024 inter
2273 1967 2550 2023 catholicos
2583 1975 2630 2022 et
2655 1974 2856 2021 sanctos
2876 1965 3146 2019 recenseri.

2192 2062 2370 2117 Primo
2395 2062 2538 2116 binos
2562 2061 2625 2115 de
2646 2058 2830 2113 Libero
2858 2058 3084 2113 Arbitrio
3105 2068 3154 2113 et
3174 2057 3353 2113 Gratia
3380 2058 3537 2114 libros
3560 2051 3708 2112 Fair-

2121 2166 2227 2209 stus
2255 2154 2438 2223 edidit,
2472 2169 2597 2223 quos
2629 2150 2856 2205 laudavit
2884 2147 3211 2220 Fulgentius,
3239 2159 3287 2206 et
3319 2151 3579 2204 damnavit
3600 2150 3709 2214 Ge-

2122 2247 2280 2302 lasius
2322 2246 2568 2317 pontifex.
2594 2242 2809 2297 Initium
2840 2243 3053 2296 ducebat
3078 2258 3110 2296 u
3135 2240 3456 2312 Pelagianis,
3485 2258 3614 2312 quos
3640 2244 3709 2296 ab

2121 2338 2335 2392 exordio
2381 2336 2648 2405 confutare
2692 2333 2976 2397 ridebatur,
3014 2334 3103 2386 sed
3149 2334 3508 2402 postmodum,
3551 2334 3712 2387 tacito

2125 2428 2399 2501 Augustini
2425 2427 2658 2496 nomine,
2685 2426 2865 2495 gratia:
2898 2424 3254 2495 prtevenientis
3290 2432 3340 2478 et
3374 2426 3711 2493 praefestina-

2126 2521 2277 2575 tionis
2310 2519 2544 2590 gratuita:
2569 2526 2841 2572 assertores
2870 2515 3209 2570 vehementius
3233 2516 3529 2587 exagitavit.
3550 2514 3710 2570 Late-

2123 2611 2209 2665 bat
2252 2611 2479 2678 hwresis,
2503 2608 2780 2663 secundum
2808 2606 3111 2672 Baranium,
3139 2616 3196 2660 ut
3242 2606 3363 2660 latet
3401 2607 3586 2678 anguis
3611 2608 3711 2661 sub

2125 2702 2524 2774 prominentibus
2547 2700 2782 2769 ﬂoribus.
2808 2698 2875 2752 Et
2910 2712 3082 2752 revera
3106 2697 3216 2753 hcet:
3245 2697 3392 2754 habet
3422 2699 3530 2768 ipse
3558 2695 3711 2751 Fau-

2126 2804 2271 2847 stus:
2308 2811 2327 2843 s
2365 2792 2511 2848 Sicut
2548 2792 2686 2845 omni
2707 2790 2899 2845 homini
2927 2806 3140 2843 manum
3169 2790 3472 2860 acutumque
3501 2792 3711 2844 donarit

2128 2884 2299 2952 Deus,
2331 2886 2403 2939 ita
2435 2885 2669 2938 similiter
2695 2884 2833 2938 omni
2880 2883 3074 2937 homini
3122 2884 3431 2937 voluntatem
3456 2923 3473 2949 ,
3515 2894 3571 2937 ut
3593 2899 3713 2937 eam

2129 2985 2364 3041 versaret,
2400 2976 2611 3029 indulsit
2647 2976 2877 3046 justitia.
2910 2974 3046 3047 Ergo
3086 2975 3143 3028 in
3171 2973 3376 3028 homine
3401 2990 3506 3028 non
3532 2990 3713 3047 perso-

2130 3074 2265 3135 nale,
2286 3072 2374 3127 sed
2394 3072 2624 3141 generale
2651 3080 2697 3124 et
2724 3070 2983 3140 publicum
3001 3085 3188 3123 munus
3213 3077 3306 3123 est.
3324 3069 3504 3123 Aditus
3523 3085 3713 3139 capes—

2130 3165 2299 3219 sendcc
2337 3163 2548 3230 salutis,
2591 3162 2739 3233 quasi
2779 3163 2894 3233 fons
2930 3160 3141 3231 quidam
3184 3161 3240 3215 in
3285 3161 3508 3215 medium
3553 3161 3714 3230 huius

2130 3256 2309 3309 mundi
2331 3255 2609 3324 expositus,
2637 3263 2686 3309 et
2717 3255 2769 3307 in
2800 3269 3067 3307 commune
3088 3269 3353 3307 concessus
3375 3253 3442 3306 ad
3469 3254 3715 3308 haurien-

2130 3349 2253 3400 dum
2296 3347 2543 3400 universis
2588 3355 2754 3416 patet,
2792 3356 2847 3399 ut
2883 3345 3095 3416 largiori
3122 3344 3303 3397 merito
3344 3361 3459 3398 reus
3493 3345 3591 3409 sit,
3621 3346 3716 3413 qui

2130 3438 2339 3494 haurire
2368 3440 2661 3510 neglexerit.
2685 3457 2703 3490 t
2734 3438 2969 3492 Attanun
2995 3454 3084 3492 nec
3109 3438 3224 3508 plus
3243 3452 3386 3507 tequa
3406 3445 3606 3491 natura:
3625 3437 3718 3491 tri-

2130 3532 2295 3587 buisse
2321 3541 2468 3601 negat
2494 3531 2822 3586 Sirntundus.

2200 3626 2372 3678 Altera
2415 3624 2477 3677 de
2516 3624 2869 3678 ntaterialitate
2908 3622 3193 3677 animarum
3240 3622 3487 3678 sententia
3521 3622 3720 3691 legitur

2130 3718 2183 3771 in
2219 3717 2431 3786 epistola
2464 3715 2549 3782 16,
2576 3732 2730 3785 quam
2758 3715 2946 3785 publici
2973 3716 3109 3785 juris
3139 3715 3255 3785 fecit
3282 3715 3544 3769 Canisius.
3578 3713 3718 3767 Pro-

2132 3808 2215 3861 bat
2243 3808 2432 3862 scilicet
2469 3805 2696 3861 Faustus
2736 3807 2865 3859 nihil
2888 3815 3070 3875 prteter
3099 3806 3262 3860 Deum
3300 3807 3578 3875 inﬁnitum,
3605 3822 3719 3861 esse

2131 3901 2416 3970 spirituale,
2447 3908 2496 3955 et
2526 3902 2749 3954 animum
2774 3916 2879 3954 esse
2910 3900 3252 3969 corporalem,
3279 3914 3394 3952 eum
3417 3899 3482 3952 sit
3507 3900 3715 3953 loculis.

2138 4008 2157 4042 ι
2186 3990 2325 4046 Licet
2370 3991 2540 4057 enim,
2593 3990 2793 4059 inquit,
2843 4006 2945 4044 non
2999 3990 3384 4062 pronuntientus
3434 3989 3719 4045 nonnullas

2131 4101 2237 4138 esse
2271 4084 2564 4154 spirituales
2591 4082 2919 4151 substantias,
2951 4092 3007 4135 ut
3036 4082 3228 4152 angeli,
3258 4081 3585 4152 archangeli,
3614 4098 3720 4135 αι’-

2132 4184 2346 4245 terraque
2380 4179 2606 4241 virtutes,
2642 4176 2757 4240 ipsa
2790 4191 2990 4243 quoque
3024 4175 3196 4226 anima
3239 4184 3433 4237 nostra,
3470 4171 3548 4226 vel
3579 4184 3721 4226 certe

2131 4286 2219 4324 aer
2265 4269 2357 4323 iste
2395 4270 2626 4333 subtilis,
2672 4277 2837 4321 tamen
2881 4267 3192 4335 incorporea:
3237 4265 3526 4318 nullatenus
3566 4265 3713 4317 a'sti-

2131 4359 2335 4413 manda:
2371 4370 2522 4423 sunt;
2559 4357 2747 4411 habent
2782 4359 2919 4411 enim
2948 4356 3224 4409 secundum
3252 4371 3305 4408 se
3341 4370 3555 4423 corpus,
3596 4353 3720 4407 licet

2134 4452 2291 4507 tnulto
2320 4449 2781 4518 incontparabiliter
2813 4448 3015 4501 tenuius
3046 4463 3198 4517 quam
3241 4456 3417 4500 nostra
3443 4456 3559 4499 sunt
3596 4461 3717 4499 cor-

2135 4560 2280 4614 pora.
2314 4563 2332 4596 ι
2368 4542 2495 4596 Illac
2532 4551 2808 4597 extenuare
2833 4549 3071 4610 poterunt
3109 4540 3345 4611 Origenis
3383 4551 3717 4594 ceterorum-

2133 4652 2229 4704 que
2256 4634 2487 4700 Patrum,
2516 4634 2603 4702 qui
2630 4634 2754 4686 talia
2779 4633 3059 4686 docuerunt
3080 4631 3402 4695 auctoritate,
3426 4632 3717 4700 quicunque

2134 4727 2400 4780 voluerint.
2432 4722 2655 4793 Legatur
2683 4732 2848 4776 tamen
2882 4720 2966 4774 hic
2991 4719 3205 4790 epistola
3231 4720 3325 4788 17,
3351 4720 3405 4773 in
3437 4736 3538 4788 qua
3563 4717 3714 4773 loco-

2134 4819 2206 4872 les
2234 4826 2279 4870 et
2320 4816 2611 4869 materiales
2651 4824 2757 4868 tum
2785 4813 2984 4867 animos
3024 4821 3131 4867 tum
3171 4812 3383 4885 angelos
3415 4828 3524 4866 esse
3564 4813 3715 4866 vehe-

2135 4918 2326 4960 menter
2360 4905 2635 4959 contendit.
2675 4904 2787 4959 Nos
2824 4904 2983 4974 igitur
3020 4904 3109 4956 uni
3131 4904 3331 4957 litantes
3365 4904 3585 4969 veritati,
3622 4919 3715 4974 ge-

2133 5001 2345 5053 nuittam
2388 4998 2666 5067 Scriptoris
2706 5005 2919 5051 mentem
2961 4995 3305 5059 etucidamus,
3355 5004 3404 5047 et
3448 4996 3715 5064 sequimur

2135 5092 2441 5147 Mamertum
2482 5090 2848 5154 Viennensem,
2886 5088 3010 5159 qui,
3056 5088 3209 5141 tacita
3248 5083 3435 5140 Fausti
3474 5087 3711 5151 nomine,

2133 5186 2431 5237 sententiam
2464 5183 2575 5253 ejus
2611 5182 2674 5234 de
2714 5178 3002 5243 animabus,
3033 5178 3220 5246 scripta
3259 5192 3377 5230 mox
3402 5176 3544 5231 edito
3579 5192 3711 5230 can-

2134 5274 2343 5343 futavit,
2387 5274 2562 5327 eadem
2606 5258 2842 5325 methodo
2888 5284 3037 5335 usus,
3082 5271 3231 5341 cujus
3272 5269 3502 5322 inventor
3539 5276 3714 5321 tamen

2132 5367 2316 5420 dicitur
2342 5364 2614 5420 Cartesius.
2954 5410 2965 5418 .

2203 5457 2231 5510 1
2245 5456 2306 5510 γ.
2340 5455 2465 5509 Fuit
2494 5455 2651 5525 igitur
2681 5451 2908 5509 Faustus
2936 5452 3435 5524 Semipelagianismi
3471 5450 3717 5521 defensor

2130 5547 2428 5613 acerrimus,
2474 5556 2520 5600 et
2560 5545 2757 5598 animas
2797 5542 3083 5599 material.s
3109 5542 3306 5607 docuit,
3338 5549 3386 5594 et
3414 5541 3527 5594 lites
3565 5541 3718 5595 vehe-

2133 5638 2399 5693 mentiores
2458 5636 2633 5690 habuit
2687 5652 2805 5689 cum
2849 5632 3203 5705 Forajuliensi
3247 5632 3511 5703 spinam,
3561 5632 3719 5701 cujus

2132 5729 2283 5783 abbas
2311 5728 2426 5791 iura
2456 5726 2549 5780 sibi
2588 5725 2901 5792 vindicabat,
2941 5732 2991 5779 et
3019 5740 3077 5781 ea
3110 5722 3309 5780 ratione
3333 5721 3610 5779 damnatus
3638 5730 3717 5778 est
