4002 6188
350 311 455 369 78|

1692 310 2057 368 PROLEGOM
2064 311 2192 366 ENA
2204 351 2216 366 .

3514 323 3618 380 782

351 426 417 478 ab
461 425 745 478 Arelatensi
788 426 1035 491 concilio,
1078 434 1134 480 ut
1179 425 1366 496 patebit
1407 427 1644 497 inferius.
1690 425 1937 479 Eamdem
1965 427 2017 485 Λ
2040 424 2243 495 scriptis
2271 422 2440 478 adhuc
2470 424 2771 493 vindicavit,
2800 435 2855 480 ut
2878 426 3143 497 probaturi
3176 444 3350 487 sumus
3376 433 3619 490 adversus

349 515 533 569 habuit
561 516 809 585 patriam,
860 515 1179 571 Britanniam
1220 516 1444 583 scilicet,
1473 534 1628 586 quant
1667 517 1935 587 Pelagius,

347 614 401 659 et
430 621 495 659 ea:
519 621 581 658 ea
600 606 740 672 apud
769 604 947 660 Gallos
977 617 1184 678 uterque
1207 610 1576 678 transfretavit.
1606 608 1927 679 Philosophi-

351 698 431 751 cis
480 697 696 750 multant
736 698 1033 753 incubuerat
1077 698 1294 767 studiis,
1337 701 1525 770 quippe
1561 701 1935 771 philosOpItiam

350 791 471 860 ejus
520 788 889 858 pedissequam
940 799 993 845 et
1039 790 1195 845 lateri
1233 793 1484 847 comitem
1526 791 1940 862 inseparabilem

349 878 649 949 appellabat
680 879 931 935 Sidonius
962 880 1297 951 Apollinaris.
1330 882 1525 938 Deinde
1565 884 1789 953 forenses
1828 888 1936 958 agi-

354 972 486 1023 tavit
512 985 724 1035 causas;
753 986 892 1035 nam,
923 973 1036 1040 ipso
1067 972 1284 1028 Sidonio
1314 982 1456 1043 teste,
1490 975 1752 1045 palaestris
1785 992 1939 1032 exer-

351 1062 581 1117 cebatur
624 1061 881 1128 urbanis;
925 1067 1246 1133 postmodum
1292 1068 1624 1123 monasticam
1682 1070 1943 1139 professus

350 1156 544 1224 vitam,
592 1154 872 1210 Lirinensis
901 1161 1222 1223 monasterii,
1256 1168 1377 1214 tunc
1409 1164 1764 1231 famosissimi,
1803 1180 1943 1218 crea-

352 1253 445 1298 tus
474 1254 547 1299 est
580 1246 757 1311 abbas,
788 1264 923 1301 anno
952 1250 1077 1304 453.
1113 1250 1233 1304 Non
1261 1254 1398 1306 enim
1441 1252 1657 1307 Baronii
1685 1256 1944 1325 sequenda

354 1335 448 1387 hic
472 1343 589 1388 sunt
616 1337 851 1406 vestigia,
879 1340 969 1407 qui
998 1340 1135 1393 circa
1176 1339 1357 1395 Fausti
1395 1352 1623 1410 tempora
1665 1345 1945 1412 plurimum

353 1428 607 1495 peccavit.
648 1426 909 1483 Honorato
948 1430 1149 1498 abbati,
1180 1431 1269 1502 qui
1298 1433 1366 1486 ad
1402 1435 1573 1487 sedem
1601 1434 1945 1491 Arelatensem

356 1528 626 1581 promotus
654 1527 727 1573 est
764 1521 1005 1575 successit
1035 1520 1317 1592 Maximus,
1349 1541 1482 1578 anno
1517 1523 1639 1580 £26.
1672 1526 1823 1580 Rexit
1853 1529 1945 1580 ab-

353 1608 553 1661 batiam
583 1608 843 1665 Maximus
885 1628 973 1682 per
1012 1630 1173 1668 annos
1214 1624 1439 1684 septem,
1470 1618 1652 1684 quibus
1692 1618 1943 1686 peractis,

352 1702 429 1753 ad
465 1702 634 1755 sedem
664 1701 993 1773 Rhegiensem
1027 1706 1306 1762 translatus
1333 1718 1406 1762 est
1437 1725 1573 1762 anno
1601 1709 1724 1763 453.
1750 1710 1945 1781 Super-

2044 511 2408 578 Gaulminum,
2437 528 2499 568 ea
2525 514 2743 569 concilia
2781 526 3024 585 tanquam
3061 533 3093 571 a
3121 515 3317 575 Fausto
3354 525 3622 593 supposita

2040 605 2370 673 rejicicntem.

2131 693 2196 749 V.
2236 693 2495 766 Epistolas
2541 695 2725 752 Fausti
2764 707 2809 754 et
2856 698 3072 767 Lucidi,
3118 711 3355 774 tanquam
3401 706 3624 765 hominis

2045 789 2333 858 personati,
2381 799 2429 843 et
2476 791 2871 862 subscriptiones
2917 794 3189 849 duodecim
3231 798 3623 871 episcoporum,

2045 896 2171 949 quas
2193 881 2420 950 epistolis
2438 897 2542 935 suae
2565 881 2631 935 ad
2654 881 2910 937 Lucidum
2934 887 3170 956 apposuit
3204 885 3450 956 Faustus,
3478 897 3628 956 quin-

2045 971 2147 1023 imo
2176 969 2469 1025 Arelatense
2496 980 2543 1027 et
2572 971 2911 1044 Lugdunense
2938 976 3243 1045 concilium,
3274 994 3490 1046 quorum
3515 998 3627 1035 sen-

2045 1064 2250 1115 tentiam
2280 1064 2604 1135 interpretari
2631 1067 2810 1134 jussus
2838 1076 2948 1120 erat
2967 1110 2982 1135 ,
3015 1068 3230 1137 ﬁctilia,
3256 1084 3305 1124 et
3335 1072 3398 1125 ab
3424 1072 3627 1129 homine

2045 1153 2301 1220 hwretico,
2332 1165 2449 1220 aut,
2482 1164 2537 1209 ut
2567 1156 2793 1226 loquitur
2821 1157 3096 1228 Baronius,
3125 1162 3412 1233 versipelle
3440 1168 3630 1236 vulpe-

2046 1246 2163 1300 cula
2191 1249 2490 1317 supposita,
2535 1251 2736 1321 magnis
2774 1252 3037 1307 conatibus
3081 1257 3340 1329 contendit
3378 1259 3455 1312 vir
3498 1261 3627 1314 cele-

2048 1338 2313 1405 berrimus,
2345 1351 2392 1395 et
2435 1340 2751 1413 Mauguinus
2791 1343 2981 1412 presses
3009 1353 3269 1414 autumat,
3297 1348 3393 1403 hac
3428 1352 3627 1406 ratione

2048 1446 2197 1497 posse
2224 1432 2477 1484 vindicari
2520 1434 2727 1501 facilius
2781 1451 2989 1490 causam
3024 1454 3176 1507 quam
3214 1448 3405 1507 tuetur,
3448 1443 3626 1516 Augu-

2046 1521 2349 1587 stinianam,
2392 1525 2436 1576 si
2479 1525 2774 1580 nullatenus
2821 1529 3023 1599 ejurata
3068 1529 3164 1600 fuit
3206 1546 3238 1583 α
3280 1530 3505 1600 Lucido,
3540 1551 3628 1588 nec

2048 1610 2291 1665 damnata
2334 1613 2599 1686 suffragiis
2638 1618 2995 1687 episcoporum
3041 1617 3450 1678 Gallicanorum.
3489 1622 3629 1677 Pen-

2049 1700 2200 1755 deant
2226 1714 2468 1771 quantum
2494 1704 2748 1761 voluerint
2773 1708 2896 1776 alii,
2922 1719 2968 1763 et
2999 1709 3155 1779 ﬁdem
3191 1716 3408 1781 pendere
3434 1715 3630 1784 faciant

352 1803 438 1847 εδι
489 1794 641 1865 igitur
685 1806 743 1849 ιιι
783 1795 1032 1863 Faunus,
1074 1798 1160 1866 qui
1204 1798 1432 1854 Maximo
1480 1803 1751 1868 “censu,
1791 1804 1947 1858 abba,
1975 1792 2025 1853 B
2048 1791 2111 1844 ab
2141 1792 2407 1848 hominum
2440 1799 2773 1863 auctoritate,
2806 1792 2962 1868 ﬁdem
2992 1802 3289 1858 historicam
3310 1806 3501 1862 violare
3527 1825 3629 1862 non

352 1900 563 1944 creatus
599 1887 753 1957 fuerit
789 1889 963 1941 eodem
997 1904 1130 1942 anno
1153 1888 1275 1943 455.
1313 1889 1510 1960 Viginti
1547 1891 1651 1947 duo
1678 1903 1767 1947 aut
1804 1895 1953 1949 circi-

360 1992 447 2035 ter
472 1996 720 2033 annorum
758 1980 945 2047 spatio,
977 1980 1228 2033 cbbatiam
1269 1979 1588 2037 Lirinensem
1611 1983 1787 2055 gessit,
1818 1992 1865 2038 et
1894 2000 1951 2038 eo

361 2084 594 2145 tempore
656 2076 710 2128 in
764 2075 930 2128 locum
974 2074 1191 2130 Maximi
1234 2078 1461 2145 defuncti
1499 2082 1765 2152 episcopus
1814 2082 1953 2137 Rhe-

351 2166 546 2238 giensis
572 2166 814 2236 suffectus
839 2177 932 2221 est.
965 2167 1046 2221 Ad
1083 2185 1277 2223 annum
1314 2168 1422 2225 47‘2
1452 2174 1562 2243 ejus
1596 2174 1949 2245 episcopatum

355 2266 529 2330 refert
566 2259 854 2324 Baronius;
885 2261 975 2314 sed
1011 2270 1175 2328 errat,
1205 2278 1267 2315 ex
1305 2262 1500 2318 calculo
1539 2272 1773 2333 superius
1814 2267 1952 2321 indi-

349 2363 495 2408 cato.
525 2351 707 2407 Debuit
735 2354 868 2407 enim
892 2353 1161 2424 episcopus
1188 2354 1420 2408 ordinari
1441 2370 1576 2408 anno
1606 2355 1732 2422 455,
1763 2359 1950 2428 quippe

349 2463 477 2501 eum
505 2446 618 2498 lites
648 2444 710 2499 de
741 2444 1105 2516 jurisdictione
1148 2445 1462 2515 agitarentur
1498 2446 1632 2501 inter
1678 2446 1949 2502 Leontium

351 2536 741 2599 Arelatensem,
788 2543 836 2588 et
892 2532 1209 2589 Mamertum
1284 2533 1613 2590 Viennensem
1664 2554 1753 2593 an.
1806 2537 1943 2603 465,

350 2627 599 2682 Hilarius
635 2629 903 2697 pontifex,
937 2625 1189 2681 Faustum
1229 2636 1277 2682 et
1320 2629 1647 2693 Auxanium,
1684 2630 1944 2700 coepisco-

350 2738 453 2791 pos
480 2730 528 2774 et
556 2724 737 2791 fratres
774 2729 997 2786 nostros,
1020 2719 1225 2791 judices
1250 2728 1300 2774 et
1328 2720 1534 2773 concilii
1563 2720 1806 2788 prazsides
1848 2722 1942 2775 de-

349 2811 563 2882 legavit.
611 2811 841 2881 Lataque
877 2812 939 2863 ab
978 2812 1041 2864 iis
1082 2811 1358 2877 sententia,
1409 2810 1543 2863 idem
1588 2827 1723 2881 papa
1769 2812 1945 2864 eodem

348 2919 492 2958 anno
520 2902 583 2956 ab
617 2903 869 2972 episcopis
898 2903 1112 2969 definita
1148 2901 1436 2965 roboravit;
1467 2902 1586 2954 inde
1618 2901 1944 2955 concluditur

348 2994 521 3048 multo
553 2994 692 3061 prius
721 3010 871 3062 quam
900 2991 1157 3047 Baronius
1185 2993 1429 3061 confecit,
1458 2991 1751 3062 episcOpum
1785 2993 1943 3062 fuisse

349 3082 632 3139 Faustum.
664 3086 769 3139 Sed
809 3083 1037 3138 calculus
1066 3094 1236 3139 noster
1261 3100 1327 3138 ex
1353 3101 1411 3139 eo
1438 3076 1733 3155 conﬁrmari
1762 3084 1935 3149 debet,

2052 1885 2295 1953 patimur,
2322 1896 2376 1939 ut
2401 1890 2576 1957 fucum
2606 1890 2852 1957 faciamus
2882 1895 3163 1962 posteritati
3189 1906 3236 1950 et
3275 1900 3628 1966 prementibus.

2052 1973 2167 2029 Nec
2205 1976 2324 2031 inde
2366 1979 2557 2047 patitur
2597 1980 2812 2051 aliquod
2856 1983 3218 2040 detrimentum
3245 1988 3375 2054 fides
3413 2007 3531 2060 qua:
3568 1994 3629 2046 ab

2050 2071 2355 2125 auctoritate
2382 2072 2555 2125 divina
2581 2073 2784 2144 pendet.

2129 2160 2230 2218 Vl.
2277 2161 2402 2217 Han:
2461 2173 2581 2219 sunt
2642 2167 2907 2237 pra'cipua
2960 2170 3237 2243 Mauguini
3289 2184 3629 2246 argumenta:

2053 2252 2108 2306 1⁸
2137 2252 2431 2309 Gennadius
2460 2257 2589 2324 ipse,
2622 2258 3091 2331 Semipelagianus,
3124 2282 3214 2319 nec
3244 2265 3442 2333 Avitus,
3472 2270 3629 2323 errori

2049 2344 2301 2415 infensus,
2329 2364 2418 2401 nec
2442 2348 2599 2412 ullus,
2627 2361 2810 2420 prwter
2835 2351 3119 2420 Faustum,
3151 2358 3215 2411 de
3239 2362 3498 2426 personati
3526 2358 3628 2413 Lu-

2049 2436 2154 2488 cidi
2197 2438 2483 2508 ejuratione
2543 2439 2771 2510 binisque
2833 2445 3061 2499 conciliis
3119 2449 3422 2502 mentionem
3485 2451 3627 2519 fecit.

2047 2524 2105 2578 2°
2137 2524 2428 2582 Verisimile
2468 2546 2569 2584 non
2593 2541 2665 2584 est
2693 2540 2767 2586 tot
2796 2531 3041 2590 Ecclesia:
3069 2536 3350 2593 Gallicam
3386 2538 3628 2607 pramtlcs

2047 2615 2394 2671 celeberrimos
2423 2619 2695 2689 Augustini
2726 2622 2967 2693 dogmata
2998 2626 3291 2693 damnasse,
3329 2627 3623 2698 Semipela-

2046 2705 2450 2775 gianismumque
2483 2709 2681 2764 calculo
2709 2728 2801 2766 suo
2831 2714 3092 2782 probasse.
3120 2715 3177 2770 3°
3206 2716 3288 2771 Ex
3317 2719 3491 2773 codice
3527 2735 3629 2776 ms.

2044 2812 2193 2866 quem
2234 2799 2572 2867 descripserat
2616 2800 2852 2857 Canisius
2894 2813 3032 2875 patet
3074 2804 3194 2861 illas
3234 2807 3628 2879 subscriptiones

2043 2889 2247 2943 additas
2277 2892 2502 2960 epistola:
2524 2891 2709 2948 Fausti
2731 2896 2801 2948 ad
2829 2895 3082 2950 Lucidum
3100 2941 3115 2963 ,
3141 2906 3189 2954 et
3213 2901 3415 2956 variant
3440 2904 3629 2972 saepius

2044 2980 2251 3032 nomina
2292 2982 2570 3049 prtesulum
2599 2985 3040 3042 subscribentium.
3068 2990 3127 3044 4⁸
3160 2990 3400 3057 Quinimo
3427 2994 3628 3051 Leontii

2044 3086 2246 3133 nomen,
2292 3073 2378 3139 qui
2418 3090 2633 3141 prteesse
2676 3077 2851 3131 debuit
2880 3078 3167 3137 Arelatensi
3210 3086 3447 3148 concilio,
3489 3086 3628 3143 abest

348 3177 493 3247 quod
545 3175 802 3229 Maxima,
846 3174 1072 3245 ααίαετίι
1112 3174 1399 3229 Arelatem;
1442 3176 1687 3240 concilio,
1734 3176 1787 3229 ξη
1838 3191 1937 3244 quo
1961 3159 2011 3222 ο
2040 3158 2094 3212 in
2122 3162 2296 3214 codice
2333 3161 2634 3232 Hincmari,
2661 3169 2800 3235 apud
2826 3186 2974 3238 quem
3010 3170 3303 3228 Leucadius
3337 3175 3625 3247 subjicitur.

349 3268 585 3321 maxima
622 3267 962 3321 controversia
1004 3266 1139 3319 inter
1184 3263 1473 3335 Faustum,
1518 3267 1750 3320 abbatem
1796 3265 1938 3319 Liri-

348 3375 595 3421 nensem,
638 3368 687 3411 et
741 3356 1099 3425 Theodorum,
1149 3358 1439 3429 episcopum
1495 3356 1937 3428 Forojuliensem,

352 3451 457 3519 fuit
501 3449 810 3520 dijudicata.
862 3448 1145 3503 Oraverunt
1199 3446 1387 3501 Patres
1450 3450 1719 3516 pra’sulem
1770 3457 1825 3501 ut
1870 3448 1937 3500 ad

349 3540 648 3610 recipienda
680 3540 1095 3611 satisfactionum
1138 3538 1363 3593 remedia
1387 3539 1676 3609 festinaret,
1705 3550 1751 3591 et
1791 3537 1936 3592 Fau-

350 3642 489 3686 stum
526 3631 788 3697 abbatem,
831 3630 1033 3684 indulta
1054 3631 1219 3699 culpa:
1244 3630 1388 3683 venia
1407 3668 1424 3696 ,
1458 3629 1511 3682 in
1541 3629 1757 3699 pristina
1785 3645 1933 3699 pace,

351 3734 464 3779 toto
496 3725 726 3778 caritatis
754 3722 941 3791 affectu
969 3723 1249 3794 reciperet,
1282 3730 1331 3777 et
1369 3722 1437 3774 ad
1479 3722 1701 3775 insulam
1729 3738 1789 3774 ac
1817 3737 1937 3776 con-

353 3816 703 3888 gregationem
742 3814 877 3884 ipsi,
911 3813 1018 3867 Deo
1048 3814 1401 3881 dispensante,
1440 3814 1791 3879 commissam,
1821 3827 1937 3865 cum

352 3923 457 3961 sua
480 3906 644 3976 gratia
666 3913 713 3959 et
738 3905 951 3959 caritate
978 3906 1270 3959 remitteret.
1312 3904 1596 3973 Adfuerunt
1632 3905 1789 3974 igitur
1814 3920 1939 3957 con-

352 3999 479 4053 cilio
510 3995 792 4050 Arelatensi
821 4010 907 4060 tu,
953 4004 1059 4047 tum
1103 3993 1383 4061 Maximus,
1416 4004 1521 4047 tant
1558 3992 1805 4058 Faustus,
1850 3994 1939 4063 qui

354 4096 479 4161 iura
510 4087 879 4159 Forojuliensis
907 4088 1131 4157 episcopi
1160 4103 1408 4157 usurpare
1431 4087 1730 4154 conabatur,
1754 4096 1802 4140 et
1824 4086 1938 4138 ideo

355 4199 389 4236 α
415 4180 653 4234 societate
686 4178 783 4247 ipsi
816 4177 1084 4231 commissa
1121 4186 1433 4247 segregatus.
1466 4177 1711 4231 Dubitant
1751 4176 1939 4235 eruditi

356 4288 460 4340 quo
503 4282 721 4340 tempore
748 4278 1106 4339 congregatum
1152 4269 1305 4337 fuerit
1351 4268 1481 4322 illud
1509 4270 1811 4336 concilium;
1847 4270 1937 4323 sed

362 4362 563 4415 biennio
610 4369 809 4414 tantum
853 4361 1043 4413 distant
1093 4358 1296 4428 Binius,
1327 4360 1414 4429 qui
1446 4377 1534 4414 an.
1559 4360 1684 4425 455,
1707 4371 1752 4414 et
1780 4361 1935 4432 Pagi,

362 4454 450 4522 qui
490 4469 626 4506 anno
665 4452 773 4507 455
817 4451 1043 4504 habitum
1081 4451 1237 4521 fuisse
1280 4452 1580 4521 conjiciunt.
1624 4452 1729 4506 Sed
1771 4454 1935 4522 potuit

2040 3250 2273 3320 Denique
2300 3270 2472 3308 verum
2498 3272 2598 3309 non
2623 3265 2696 3311 est
2743 3258 2995 3314 Lucidum
3030 3264 3318 3331 epistolam,
3356 3283 3472 3335 qua:
3504 3285 3627 3338 pro-

2041 3343 2289 3410 truditur,
2310 3362 2568 3401 emarasse.
2593 3347 2903 3417 Argumenta
2927 3351 3144 3421 plurim-1
3169 3356 3335 3408 minus
3358 3358 3626 3424 probantia

2039 3435 2236 3489 silentio
2290 3439 2596 3505 premimus,
2647 3454 2711 3491 ne
2762 3440 2948 3494 librant
2996 3444 3455 3501 animadversionis
3513 3449 3626 3504 loco

2040 3540 2133 3577 con
2140 3526 2389 3591 ﬁciamus.

2117 3614 2249 3671 VII.
2284 3616 2393 3673 Nos
2426 3618 2672 3674 Faustum
2697 3631 2752 3675 ut
2788 3630 2940 3678 tanta:
2973 3626 3174 3694 fraudis
3210 3643 3353 3681 reum
3377 3628 3623 3688 damnare

2040 3724 2142 3763 non
2173 3726 2458 3774 possumus.
2503 3711 2588 3765 Vir
2614 3714 2886 3784 profunda:
2925 3716 3257 3784 calliditatis,
3286 3720 3345 3774 ab
3391 3718 3619 3788 Isidoro,

2038 3810 2087 3855 et
2122 3803 2225 3869 vul;
2243 3803 2389 3857 ecula
2415 3820 2447 3857 a
2476 3803 2700 3861 Baronio
2738 3809 2993 3879 appe'lari
3028 3812 3225 3882 potuit,
3255 3824 3301 3867 et
3338 3814 3622 3886 Semipela-

2038 3894 2343 3962 gianismum
2384 3912 2582 3950 summa
2632 3915 2746 3951 cum
2793 3899 3076 3957 calliditate
3122 3920 3469 3977 prOpugnare.
3516 3908 3623 3964 Sed

2038 3985 2161 4053 quid
2189 4001 2317 4051 opus
2357 3998 2463 4040 erat
2506 3990 2581 4041 illi
2622 3988 2907 4052 Lucidum,
2939 3994 3194 4055 privatum
3240 3995 3525 4060 hominem.
3558 4000 3621 4053 ab

2039 4093 2210 4131 errore
2231 4089 2540 4144 revocatum,
2558 4081 2611 4132 in
2628 4097 2831 4133 scenam
2853 4083 3111 4151 inducere,
3136 4096 3226 4137 aut
3247 4102 3375 4139 nova
3402 4090 3621 4144 concilia

2040 4171 2268 4241 ﬁngere?
2300 4173 2353 4225 1⁸
2378 4172 2611 4227 [labetur
2639 4176 2853 4243 epistola
2890 4174 3101 4243 Fausti,
3131 4188 3178 4231 et
3208 4180 3477 4250 abnegatio
3508 4182 3619 4236 Lu-

2040 4261 2145 4313 cidi
2163 4302 2177 4327 ,
2210 4278 2300 4315 nec
2326 4262 2436 4315 ullo
2463 4274 2673 4333 possunt
2702 4275 2999 4337 argumento
3034 4268 3199 4337 rejici.
3246 4267 3620 4327 Probabiturne

2042 4351 2160 4406 talis
2200 4357 2495 4425 conjectura
2535 4355 2754 4425 simplici
2800 4356 3090 4427 suspicione
3127 4357 3466 4413 calliditatis?
3488 4359 3617 4426 Quis

2040 4448 2173 4500 enim
2199 4448 2370 4501 credat
2409 4450 2700 4518 episcOpum
2740 4450 3145 4516 celeberrimum,
3164 4452 3279 4520 jam
3319 4452 3461 4504 senio
3494 4467 3617 4521 pro-

363 4561 499 4599 anno
540 4544 765 4613 sequenti
808 4544 941 4597 diem
986 4559 1135 4595 suum
1182 4542 1385 4609 abiisse,
1416 4552 1463 4596 et
1505 4543 1707 4607 deinde,
1751 4545 1936 4610 elapsis
1964 4524 2015 4585 D
2042 4547 2270 4602 vectum,
2313 4542 2441 4591 hanc
2481 4542 2715 4605 fraudem
2753 4541 3011 4593 incussum
3047 4541 3293 4609 ﬁnxisse?
3321 4542 3379 4595 2⁸
3406 4543 3620 4612 Episco-

363 4637 553 4704 aliquot
592 4634 867 4697 mensibus,
898 4630 1123 4686 Faustus
1148 4636 1255 4703 ejus
1299 4632 1437 4685 obire
1476 4633 1627 4687 vices.
1675 4632 1937 4703 Quidquid

365 4728 456 4793 sit,
490 4734 717 4796 pugnant
765 4742 936 4779 omnes
969 4728 1213 4779 adversus
1244 4723 1556 4790 Baronium,
1586 4728 1675 4795 qui
1713 4744 1804 4781 nec
1846 4744 1941 4782 au-

365 4820 580 4875 diendus
607 4820 695 4873 ubi
721 4818 1031 4887 Prosperum
1058 4819 1367 4888 Aquilonum
1385 4859 1400 4884 ,
1431 4820 1518 4889 qui
1556 4835 1817 4889 nunquam
1841 4821 1941 4891 fuit

363 4914 653 4981 episcopus,
688 4910 937 4977 Maximi,
973 4908 1227 4964 Faustum
1254 4926 1369 4963 vero
1400 4909 1647 4981 Prosperi
1683 4927 1941 4966 successo-

365 5018 470 5056 rem
504 5002 649 5071 facit.
684 4999 786 5054 Per
824 5000 1034 5071 triginta
1066 5000 1283 5069 quinque
1310 5017 1474 5055 annos
1512 5011 1560 5055 et
1603 5004 1737 5057 ultra
1770 5002 1941 5058 sedem

365 5094 701 5162 episcopalem
731 5094 949 5146 tenuisse
982 5092 1168 5163 conjici
1205 5101 1403 5163 potest,
1438 5110 1539 5147 non
1571 5094 1721 5148 modo
1753 5111 1815 5149 ea
1854 5111 1942 5147 ra-

367 5184 500 5237 tione
529 5184 667 5253 quod
698 5184 1007 5237 mirarentur
1033 5198 1203 5236 omnes
1240 5180 1377 5249 quod
1405 5178 1631 5236 Faustus
1672 5199 1764 5236 nec
1800 5199 1941 5238 sene-

364 5284 519 5331 sceret
546 5291 639 5328 nec
665 5276 848 5339 obiret,
878 5273 965 5327 sed
990 5273 1111 5343 quia
1139 5271 1449 5337 Gennadius,
1471 5273 1558 5340 qui
1581 5274 1781 5341 scripsit
1804 5291 1938 5329 anno

364 5368 467 5423 490
503 5368 745 5421 viventem
786 5366 953 5420 adhuc
981 5363 1239 5419 Faustum
1279 5366 1555 5435 referebat,
1589 5383 1607 5415 ι
1644 5365 1769 5419 Viva
1796 5383 1934 5433 voce,

366 5458 529 5528 inquit
554 5459 663 5521 ille,
694 5459 868 5511 doctor
903 5459 1132 5527 egregius
1164 5455 1389 5510 Faustus
1418 5456 1638 5511 creditur
1664 5466 1713 5510 et
1747 5460 1935 5527 proba-

368 5558 469 5601 tur.
502 5566 520 5598 ι
552 5545 620 5599 Et
645 5562 818 5601 revera
845 5547 911 5600 ad
936 5547 1070 5600 hunc
1098 5562 1250 5616 usque
1279 5547 1411 5599 diem
1442 5548 1596 5600 vitam
1624 5550 1938 5615 protraxisse

371 5648 532 5705 patet,
567 5640 688 5707 quia
716 5636 943 5691 conciliis
970 5636 1250 5691 Arelatensi
1278 5644 1323 5690 et
1360 5636 1691 5708 Lugdunensi
1731 5638 1934 5708 adfuit,

370 5738 458 5783 aut
498 5729 677 5782 saltem
721 5743 894 5782 eorum
935 5728 1113 5797 jussu.
1163 5742 1340 5783 eorum
1377 5742 1592 5783 canones
1637 5738 1685 5782 et
1735 5729 1943 5801 decre.'a

2042 4644 2224 4696 porum
2250 4628 2423 4697 sigilla
2449 4645 2549 4680 non
2580 4631 2783 4696 fuerunt
2808 4630 3029 4698 primum
3064 4632 3290 4701 epistola:
3316 4632 3500 4689 Fausti
3524 4655 3622 4706 up-

2043 4720 2236 4787 posita,
2286 4718 2426 4772 solus
2472 4719 2605 4771 enim
2644 4719 2973 4789 subscripsit;
3012 4722 3102 4775 sed
3144 4731 3421 4793 potuerunt
3458 4728 3522 4780 ab
3560 4747 3620 4783 eo

2042 4822 2265 4878 tempore
2301 4812 2539 4880 prcesules
2578 4812 2744 4883 ragati
2777 4827 2887 4865 eam
2917 4812 3234 4883 subsignare,
3262 4825 3317 4869 ut
3345 4825 3465 4871 tunc
3493 4828 3619 4872 tem-

2044 4905 2181 4972 poris
2204 4906 2389 4974 sacpius
2416 4908 2606 4973 factum
2630 4912 2722 4956 est.
2756 4902 2871 4957 Hoc
2899 4920 3073 4959 verum
3098 4916 3205 4972 est,
3233 4923 3406 4962 omnes
3429 4910 3621 4977 episco-

2045 5013 2136 5065 pos
2169 4997 2256 5066 qui
2283 4996 2366 5049 Itic
2394 5007 2739 5050 memorantur
2763 5014 2820 5051 ea
2859 5008 3006 5053 celate
3029 5000 3228 5063 vixisse,
3264 5010 3311 5054 et
3336 5002 3495 5070 fuisse
3528 5022 3619 5060 no-

2042 5094 2285 5149 tissimos.
2319 5092 2534 5146 Variare
2567 5104 2780 5163 possunt
2817 5095 3023 5148 nomina
3053 5095 3106 5147 in
3131 5096 3287 5148 variis
3324 5099 3617 5164 codicibus;

2040 5187 2128 5240 sed
2167 5198 2212 5239 et
2259 5187 2354 5238 hoc
2396 5185 2518 5238 alibi
2556 5189 2746 5257 stepius
2785 5188 2944 5239 evenit
2988 5187 3188 5240 incuria
3226 5189 3306 5243 vel
3351 5192 3616 5245 oscitantia

2038 5277 2471 5347 apographorum.
2502 5276 2560 5330 5⁵
2588 5275 2761 5346 Major
2786 5277 3000 5329 occurrit
3028 5276 3299 5345 difficultas
3331 5279 3468 5330 circa
3497 5277 3615 5332 bina

2040 5371 2252 5424 concilia
2284 5383 2402 5439 quce
2439 5368 2763 5432 indicantur;
2796 5366 2858 5420 ob
2895 5368 3150 5420 silentium
3188 5377 3293 5419 tum
3332 5366 3610 5430 Gennadii,

2041 5470 2147 5512 tum
2189 5458 2342 5510 Aviti.
2391 5456 2496 5511 Sed
2539 5473 2626 5509 nec
2669 5456 2839 5508 omnia
2878 5463 3118 5508 notantur
3146 5456 3211 5505 ab
3253 5454 3527 5519 historicis,
3566 5466 3614 5509 et

2038 5559 2335 5621 argumenta
2376 5548 2696 5601 adversantia
2739 5560 2905 5599 causa:
2951 5559 3101 5609 quam
3140 5552 3193 5594 tu
3225 5541 3373 5595 batur
3411 5543 3609 5611 Avitus,

2040 5643 2199 5709 potuit
2245 5640 2395 5692 silere
2444 5638 2634 5708 praesul
2687 5633 3003 5701 Viennensis,
3033 5632 3173 5684 binos
3218 5632 3408 5685 scilicet
3451 5644 3609 5690 castus

2037 5749 2317 5805 paucorum
2348 5732 2735 5801 episcOporum.
2763 5744 2795 5780 a
2824 5725 3004 5797 quibus
3046 5724 3309 5781 vulnerata
3340 5726 3445 5783 fuit
3480 5743 3610 5783 vers.
