4002 6188
428 303 534 359 785

1660 303 1716 357 s.
1757 301 2000 357 FAUS'I‘I
2043 294 2438 361 nnmneusls

3588 316 3680 371 784

424 430 523 471 tas.
559 417 822 486 Quidquid
862 418 957 482 sit,
1000 401 1211 471 habetur
1250 414 1465 485 epistola
1512 414 1697 469 Fausti
1734 418 1801 469 ad
1843 415 2011 471 Leon-
2041 422 2089 480 Α
2116 418 2318 485 bantur,
2350 419 2403 472 in
2434 418 3005 487 Semipelagianismum
3036 423 3371 492 propendere.
3418 424 3561 480 Unde
3589 446 3680 482 non

424 513 572 577 tium,
600 510 908 564 Arelatensis
933 508 1136 564 concilii
1162 508 1453 578 praesidem.
1484 508 1606 573 Quis
1632 508 1805 561 credat
1823 525 2009 585 ausum

425 602 583 671 fuisse
620 602 743 655 talia
772 601 1016 665 scribere,
1060 602 1250 654 vivente
1291 599 1539 653 Leontio?
1576 599 1851 653 viventibus
1894 601 2012 654 aliis

425 696 695 766 episcopis,
720 712 751 748 a
773 694 955 765 quibus
983 692 1159 759 fraudi
1190 702 1236 745 et
1265 690 1518 744 mendacii
1558 699 1679 743 nota
1720 701 1822 744 tam
1863 692 2016 760 facile

423 788 525 856 ipsi
562 789 808 859 potuisset
846 787 1022 840 inuri?
1052 785 1177 840 Ilaec
1214 795 1388 839 autem
1433 785 1671 855 leguntur
1696 786 1752 839 in
1795 788 2014 858 epistola

425 881 612 936 Fausti
630 882 698 935 ad
727 880 993 935 Leontium
1018 880 1361 933 Arelatensem
1388 895 1406 934 :

503 992 523 1024 ι
537 973 689 1037 Quod
712 988 805 1043 pro
820 970 1161 1026 sollicitudine
1175 969 1447 1041 pastorali,
1474 968 1614 1023 beate
1632 968 1789 1022 Pater
1805 968 2011 1035 Leonti,

426 1071 479 1123 in
525 1066 915 1122 condemnanda
967 1063 1433 1135 prwdestinationis
1479 1078 1692 1127 errore,
1744 1064 2015 1117 concilium

427 1160 745 1215 summdrum
764 1158 1049 1211 antistitum
1069 1157 1436 1228 congregastis,
1459 1156 1706 1209 universis
1728 1154 2016 1210 Galliarum

428 1250 677 1321 episcOpis
721 1248 1081 1311 consuluistis;
1131 1248 1268 1314 quod
1305 1262 1420 1301 vero
1462 1247 1531 1299 ad
1581 1247 1871 1301 ordinanda
1906 1264 2016 1315 qutc

429 1345 702 1399 collatione
733 1344 937 1415 publica
966 1342 1259 1395 doctissime
1296 1342 1598 1412 protulistis,
1633 1358 1838 1412 operam
1868 1342 2016 1410 inﬁr-

428 1441 523 1492 mis
544 1438 767 1491 humeris
790 1452 1069 1507 curamque
1090 1435 1387 1501 mandastis,
1415 1452 1599 1505 parum
1623 1446 1813 1489 sanctae
1838 1435 2018 1488 existi-

430 1531 641 1584 mationi
669 1529 1028 1594 consuluistis,
1072 1537 1117 1581 et
1158 1528 1362 1596 judicio
1410 1528 1638 1581 caritatis
1664 1543 1750 1580 vos
1792 1526 2018 1596 periculo

430 1622 689 1678 electionis
715 1624 989 1676 onerastis.
1024 1639 1041 1673 ι
1084 1619 1148 1673 Ει
1180 1621 1258 1674 his
1287 1620 1449 1674 verbis
1478 1620 1697 1689 epistola
1724 1620 1983 1672 clauditur
2002 1633 2021 1672 :

439 1734 457 1765 ε
494 1715 556 1769 In
593 1732 695 1785 quo
734 1714 939 1785 quidem
984 1711 1235 1780 opusculo
1258 1753 1273 1777 ,
1319 1722 1429 1782 post
1459 1712 1769 1764 Arelatensis
1815 1710 2021 1763 concilii

2118 514 2301 565 mirum
2342 511 2543 565 videtur
2570 513 2790 565 concilia
2828 530 2931 566 non
2972 514 3205 583 equidem
3230 517 3562 587 meumenica,
3604 523 3683 573 scd

2120 604 2453 672 provincialia
2471 602 2714 656 Ecclesia:
2729 603 3013 658 Gallicana:
3034 605 3151 658 huic
3166 608 3328 659 errori
3347 611 3685 665 auctoritatem

2119 697 2435 763 conciliasse,
2467 694 2832 765 Faustumque,
2864 699 2952 766 qui
2991 707 3062 750 tot
3102 714 3266 753 annos
3302 701 3458 769 vixit,
3501 720 3557 757 ea
3594 722 3688 773 qua

2120 788 2341 858 pollebat
2368 788 2663 854 subtilitate,
2691 788 3027 843 conciliorum
3054 790 3258 844 decreta
3287 808 3389 846 non
3415 796 3568 848 modo
3588 797 3690 865 suf-

2121 880 2305 949 fragio,
2346 880 2435 933 sed
2471 888 2518 932 et
2560 881 2879 949 argumentis
2916 883 3024 935 suis
3053 886 3322 951 probasse,
3366 895 3420 937 ut
3462 896 3595 956 patet
3634 905 3692 941 ex

2118 972 2331 1043 epistola
2354 970 2423 1025 ad
2445 970 2732 1036 Leontium,
2761 986 2877 1042 qua:
2903 974 3081 1043 negari
3111 990 3213 1027 non
3243 985 3427 1042 potest.
3461 977 3692 1048 Quisquis

2117 1064 2431 1134 synodorum
2459 1066 2608 1133 genio
2646 1063 2943 1129 indulserit,
2990 1068 3126 1119 hanc
3166 1067 3430 1120 veritatem
3456 1069 3693 1136 exemplis

2120 1157 2357 1225 plurimis
2406 1156 2708 1225 probaturus
2757 1166 2856 1210 est.
2906 1156 2964 1209 2°
3008 1156 3236 1211 Lucidus
3288 1161 3567 1229 presbyter.
3613 1164 3693 1230 qui

2121 1258 2289 1319 partes
2325 1249 2598 1318 Augustini
2626 1248 2884 1314 tuebatur,
2924 1250 3150 1303 maxima
3180 1252 3469 1320 suspicione
3499 1253 3691 1306 labora-

2122 1344 2226 1407 bat,
2256 1353 2360 1396 tum
2385 1340 2525 1411 apud
2554 1338 2805 1393 Faustum
2836 1341 3170 1409 versipellem,
3200 1354 3306 1394 tum
3334 1343 3475 1411 apud
3500 1353 3695 1396 ctcteros

2122 1433 2200 1485 his
2230 1432 2458 1501 partibus
2486 1430 2739 1494 addictos,
2773 1438 2825 1481 ut
2852 1430 2966 1496 ﬁeri
2995 1431 3143 1484 solet.
3193 1428 3321 1484 Ideo
3363 1432 3548 1485 timore
3582 1448 3693 1502 per-

2122 1524 2313 1586 culsus,
2344 1530 2392 1577 et
2430 1520 2643 1591 epistola
2672 1518 2857 1574 Fausti
2901 1522 3176 1587 impulsus,
3208 1522 3330 1575 dum
3360 1539 3500 1577 mens
3529 1525 3697 1576 territa

2122 1624 2399 1669 remaneret
2430 1613 2608 1678 dubia,
2652 1628 2810 1683 quam
2841 1621 3036 1681 partem
3063 1613 3477 1683 amplecteretur,
3511 1611 3698 1667 Fausto

2124 1708 2329 1777 obsequi
2359 1716 2403 1759 et
2434 1705 2869 1759 anathematismis
2908 1705 3005 1774 ipsi
3035 1706 3219 1758 oblatis
3246 1706 3562 1759 subscribere
3590 1722 3699 1758 coa-

429 1806 879 1877 subscriptionem,
933 1805 1073 1857 novis
1123 1805 1379 1856 erroribus
1434 1802 1785 1872 deprehensis,
1844 1803 2018 1871 aliqua
2054 1800 2093 1857 Β
2124 1810 2340 1855 ctusest.
2364 1799 2441 1853 De
2461 1800 2691 1853 libertate
2710 1798 2786 1852 vel
2806 1799 3065 1852 coactione
3084 1798 3179 1852 sibi
3200 1798 3438 1865 imposita
3451 1799 3701 1869 judicium

430 1899 611 1970 subjici
660 1896 885 1966 synodus
937 1895 1292 1964 Lugdunensis
1338 1894 1524 1963 exegit.
1577 1912 1594 1943 ι
1657 1893 1747 1947 Sic
1792 1892 2021 1945 Faustus

433 1988 669 2053 Leontio,
706 1990 819 2042 testi
849 1988 1072 2051 oculato,
1107 1985 1417 2037 Arelatensis
1458 1983 1664 2037 concilii
1694 1983 1933 2051 prtesidi,
1976 1992 2022 2039 et

431 2080 790 2151 Lugdunensis
817 2077 1040 2129 conscio.
1088 2075 1297 2128 Nollem
1324 2091 1416 2145 ego
1443 2076 1537 2127 tali
1564 2075 1752 2143 scripto
1774 2074 2027 2144 denegare

432 2169 609 2237 fidem,
640 2183 731 2221 nec
768 2166 1039 2221 verisimile
1079 2166 1135 2233 fit
1177 2164 1317 2218 hunc
1360 2166 1677 2235 episcoyum,
1711 2179 1769 2217 eo
1800 2173 2026 2234 tempore

432 2258 802 2330 philosophicis
849 2256 1061 2321 studiis,
1107 2264 1258 2309 tctate
1300 2266 1348 2309 et
1389 2255 1654 2320 doctrina,
1705 2257 2025 2324 quantumvis

433 2366 666 2413 erronea,
698 2348 1100 2414 celeberrimum,
1133 2347 1397 2414 scripsisse
1424 2356 1565 2400 tanta
1593 2364 1707 2400 cum
1733 2347 1948 2416 ﬁducia,
1978 2356 2024 2400 et

435 2449 697 2495 cowtaneo
727 2440 823 2494 sibi
849 2439 1063 2493 Leontio
1092 2439 1313 2506 dixisse,
1352 2456 1370 2489 ί
1402 2438 1552 2492 illum
1582 2439 1851 2492 concilium
1888 2454 2028 2491 sum-

434 2546 638 2586 morum
686 2531 974 2585 antistitum
1020 2545 1353 2601 congregasse
1404 2538 1459 2582 ut
1511 2531 1843 2583 damnaretur
1888 2546 2029 2583 error

434 2620 921 2693 prtedestinationis.
953 2638 971 2671 ι
1020 2619 1151 2674 Πωσ
1188 2623 1320 2674 enim
1357 2621 1454 2691 fuit
1485 2622 1629 2691 origo
1657 2623 2025 2675 controversia-

435 2726 571 2781 rum,
604 2714 789 2782 quippe
825 2713 913 2783 qui
950 2712 1477 2782 prtcdestinationem,
1509 2728 1801 2781 quanquam
1832 2713 2024 2783 gratui-

439 2813 565 2870 tum,
594 2804 939 2858 necessitatem
977 2803 1269 2855 actionibus
1297 2814 1345 2857 et
1375 2804 1618 2856 humana:
1648 2804 1897 2856 voluntati
1925 2805 2026 2855 im-

437 2912 627 2966 ponere
672 2896 1034 2949 contenderent
1082 2897 1509 2967 Semipelagiani.
1562 2896 1675 2950 Nec
1720 2898 1907 2950 mirum
1954 2905 2027 2950 est

436 2990 700 3058 episcopos
718 2986 963 3043 Ecclesia:
978 2986 1266 3041 Gallicana:
1286 3003 1398 3041 eam
1419 2989 1681 3056 amplexos
1701 2988 2023 3057 sententiam,

436 3096 592 3150 quam
620 3079 845 3147 plerique
871 3088 1080 3132 tuentur
1103 3079 1352 3132 hodierno
1377 3079 1479 3134 die.

2124 1893 2266 1947 nobis
2293 1895 2424 1961 ferre
2454 1909 2554 1945 non
2584 1893 2723 1945 licet.
2758 1890 2869 1943 IIoc
2899 1907 3053 1942 unum
3081 1890 3407 1959 conjicimus,
3431 1890 3702 1960 dejeratio-

2126 2002 2237 2039 nem
2280 1986 2361 2038 cui
2406 1984 2706 2053 subscripsit
2750 1982 2999 2048 Lucidus,
3047 1981 3235 2035 Fausti
3278 1999 3430 2035 manu
3468 1984 3706 2053 scriptum

2127 2079 2305 2147 fuisse,
2334 2087 2389 2131 ut
2417 2077 2528 2144 ﬁeri
2568 2078 2694 2128 solet
2736 2076 2797 2127 ab
2837 2076 2901 2127 iis
2929 2075 3016 2142 qui
3046 2074 3327 2139 triumphos
3355 2090 3507 2143 agere
3537 2073 3706 2127 volunt

2126 2169 2368 2221 adversus
2405 2168 2522 2233 ﬁdei
2564 2168 2795 2234 pristinae
2828 2166 3136 2235 defensores.
3189 2166 3245 2219 5°
3279 2164 3600 2219 Hincmarus
3631 2180 3707 2218 er-

2127 2262 2274 2327 ravit,
2308 2261 2395 2331 qui
2420 2260 2526 2314 hinc
2556 2260 2773 2313 concilia
2802 2275 2937 2311 anno
2963 2259 3060 2312 451
3096 2258 3365 2324 ascripsit;
3410 2257 3500 2310 sed
3539 2256 3707 2310 debent

2127 2353 2182 2405 in
2213 2352 2519 2420 posteriores
2547 2366 2707 2403 annos
2732 2349 2899 2421 rejici.
2933 2348 3066 2403 Sunt
3090 2350 3178 2418 qui
3203 2350 3271 2400 ad
3298 2364 3387 2401 an.
3410 2347 3553 2412 475;
3588 2347 3710 2419 Pagi

2127 2461 2241 2498 vero
2264 2445 2331 2497 ad
2355 2443 2462 2500 490
2484 2458 2677 2495 annum
2704 2441 2999 2513 assignat-it.

2202 2534 2331 2589 Παῖς
2355 2544 2475 2587 sunt
2512 2534 2714 2586 nomina
2750 2538 3031 2604 prtesulum
3066 2531 3156 2601 qui
3184 2530 3501 2586 subscribere
3528 2531 3712 2585 debue-

2130 2640 2282 2681 runt:
2311 2629 2550 2680 Leontius
2581 2626 2915 2688 Arelatensis,
2956 2628 3043 2677 sed
3080 2624 3174 2676 alii
3209 2623 3381 2692 legunt
3414 2623 3709 2684 Auxanius;

2132 2719 2379 2783 Faustus,
2430 2717 2659 2782 Paulus,
2710 2716 3024 2786 Eutrapius,
3076 2713 3431 2785 Pragmatius,
3479 2711 3713 2773 Patiens,

2132 2814 2398 2883 Megetius,
2430 2810 2703 2876 Claudius,
2733 2808 3043 2873 Leucadius,
3065 2807 3331 2872 Julianus,
3355 2807 3442 2874 qui
3466 2821 3644 2859 omnes
3667 2820 3713 2858 so

2131 2905 2384 2974 relegisse
2415 2904 2615 2966 dicunt,
2646 2911 2854 2968 excepto
2884 2898 3161 2967 Eufranio,
3191 2899 3276 2968 qui
3301 2898 3488 2951 addit:
3527 2897 3603 2952 Et
3624 2896 3715 2950 ad-

2130 2995 2354 3048 miratus
2399 3007 2516 3045 sum
2570 2990 2951 3060 plenitudinem
3001 2999 3260 3044 sanctam.
3322 2987 3555 3041 Lucidus
3609 3002 3737 3060 vero,

2130 3095 2372 3154 tanquam
2396 3086 2671 3153 abnegator
2688 3082 3017 3152 subsignavil.
3050 3080 3338 3151 Subjicitur
3358 3096 3479 3133 inea:
3499 3081 3713 3152 epistola

516 3171 685 3225 VIII.
729 3172 995 3225 Hactenus
1022 3173 1084 3226 de
1107 3172 1338 3226 conciliis
1361 3172 1549 3226 habitis
1578 3172 1698 3225 dum
1728 3189 2023 3244 nonagena-
2051 3167 2096 3230 C
2132 3174 2318 3229 Fausti
2364 3176 2432 3227 ad
2477 3173 2768 3239 Lucidum,
2814 3189 2965 3242 quant
3006 3174 3246 3226 omiserat
3289 3170 3529 3225 Canisius
3575 3182 3624 3225 et
3660 3187 3717 3225 ea

438 3265 571 3320 rium
582 3273 749 3334 ageret
764 3281 959 3317 annum
974 3263 1219 3319 Faustus.
1237 3264 1389 3318 Nunc
1402 3266 1464 3317 de
1477 3264 1697 3331 Lucida,
1711 3282 1857 3335 quem
1871 3267 2027 3335 ﬁdem

439 3356 714 3423 pristinam
740 3354 1015 3422 abnegasse
1038 3355 1347 3408 contendunt
1375 3353 1601 3424 plurimi,
1628 3365 1810 3425 negant
1839 3357 1948 3411 alii.

513 3442 642 3497 Htcc
672 3443 816 3498 nobis
845 3445 1141 3499 verisimilia
1176 3447 1356 3499 saltem
1383 3446 1618 3500 videntur
1644 3463 1661 3499 :
1702 3445 1755 3498 1⁸⁵
1785 3448 1931 3502 Tunc
1972 3450 2024 3503 in

438 3536 717 3605 Aquitania
740 3537 986 3605 praesules
1019 3537 1106 3607 qui
1136 3553 1164 3591 e
1201 3539 1508 3593 monasterio
1549 3539 1806 3595 Lirinensi
1843 3542 2013 3595 elicie-

2136 3266 2417 3321 Sirmundo
2454 3266 2717 3335 reponitur
2757 3263 2900 3333 (Vitl.
2926 3316 2932 3323 ,
2956 3264 3089 3317 inira
3116 3263 3221 3316 ci-l.
3272 3263 3420 3332 837),
3456 3272 3510 3314 ut
3565 3270 3717 3317 totam

2133 3360 2205 3413 rei
2252 3359 2428 3412 seriem
2465 3357 2747 3428 percipiant
2790 3358 3017 3411 lectores.
3072 3354 3177 3410 Sed
3222 3354 3503 3407 admonitio
3531 3353 3715 3407 Fausti

2134 3453 2216 3504 hic
2239 3452 2595 3522 prtemittenda
2629 3449 2799 3522 (Illam
2834 3466 2930 3505 nos
2962 3452 3103 3504 inter
3133 3461 3411 3503 sernmnes
3453 3448 3719 3503 edidimus

2124 3544 2258 3598 infra
2289 3544 2391 3597 CUI.
2419 3542 2569 3611 887).

509 3654 731 3725 (Confer
755 3658 800 3712 si
828 3658 1030 3727 placet,
1048 3666 1206 3729 caput
1234 3659 1267 3714 8
1299 3657 1546 3713 Historiae
1574 3660 2058 3729 prwdestinatiante,
2093 3661 2403 3731 I‘atrolngia:
2432 3670 2627 3715 nostra:
2656 3669 2784 3714 tom.
2810 3658 2939 3724 LIII,
2968 3657 3071 3713 col.
3099 3656 3252 3724 685.)

435 3788 2059 3823 W

1368 3943 2033 4059 SANC'I‘I
2108 3944 2783 4059 PAUSTI

443 4150 693 4278 DE
757 4147 1431 4276 GRATIA
1478 4155 1783 4274 DEI
1850 4153 2073 4279 ET
2132 4154 2807 4282 LIBERO
2857 4153 3704 4286 ARBITRIO

1895 4354 2073 4409 LIBRI
2119 4356 2275 4412 DUO.

1714 4500 2436 4533 ’Ἢ

1465 4618 1944 4726 LIBER
2024 4623 2679 4734 PRIMUS.

958 4797 1186 4853 CAPUT
1223 4797 1513 4854 PRIMUM.

447 4890 596 4956 Quod
621 4887 821 4957 Pelagii
849 4904 1026 4942 sensus
1046 4890 1133 4955 qui
1154 4891 1373 4961 gratiam
1402 4890 1601 4961 negavit
1623 4893 1785 4961 primo
1811 4892 1921 4946 loco
1943 4909 2025 4947 ne-

999 4975 1131 5013 cesse
1151 4960 1216 5012 sit
1247 4960 1457 5014 destrui.

519 5072 593 5125 De
622 5071 788 5141 gratia
843 5070 935 5125 Dei
976 5078 1033 5125 et.
1072 5071 1329 5126 tenuitate
1358 5072 1511 5128 liberi
1551 5073 1779 5142 arbitrii,
1830 5075 2024 5132 illumi-

444 5172 609 5220 nante
637 5172 823 5217 sancto
852 5162 1075 5233 Spiritu,
1127 5163 1275 5232 juxta
1320 5167 1658 5237 evangelicas
1688 5168 2016 5238 disciplinas,

446 5265 501 5312 et
525 5253 844 5325 apostolicas
870 5252 1084 5322 regulas
1107 5256 1403 5323 tractaturi,
1455 5258 1627 5325 primo
1674 5258 1794 5313 loco
1822 5247 2021 5329 Pelagii

450 5346 829 5417 blaspliemias,
872 5343 1075 5399 scilicet
1109 5344 1421 5412 jamdudum
1454 5347 1707 5403 Ecclesia:
1746 5348 2022 5405 catholicae

446 5438 554 5494 ﬁde
584 5438 843 5508 proditas,
875 5432 1175 5492 eruditione
1204 5437 1472 5503 confusas,
1506 5442 1822 5495 auctoritate
1849 5441 2021 5497 calca-

450 5539 549 5595 tas,
583 5529 727 5584 brevi
749 5538 803 5584 et
828 5529 1128 5583 necessario
1150 5539 1399 5581 sermone
1428 5531 1879 5599 praestringendas
1899 5546 2021 5587 esse

448 5623 796 5680 credidimus.
825 5624 932 5680 Pro
960 5638 1026 5678 eo
1052 5621 1193 5693 quod
1220 5623 1359 5677 inter
1387 5622 1620 5691 reliquas
1650 5624 1912 5693 dogmatis
1938 5627 2018 5681 sui

450 5711 893 5781 abominationes,
935 5714 1094 5770 etiam
1133 5713 1365 5770 laborem
1393 5712 1625 5770 hominis
1651 5716 1830 5771 valere
1865 5730 2018 5788 posse

2052 4806 2105 4867 D
2129 4804 2246 4861 sine
2272 4809 2463 4877 gratia,
2486 4810 2718 4868 elatione
2738 4811 3031 4870 damnabili
3058 4814 3326 4871 afﬁrmare
3351 4826 3580 4876 conatus
3608 4830 3708 4877 est.

2136 4896 2201 4949 Et
2230 4897 2348 4952 ideo
2371 4897 2602 4955 nefarios
2647 4915 2840 4957 sensus
2864 4917 2993 4959 suos
3035 4904 3123 4960 vel
3166 4921 3232 4960 ex
3280 4918 3429 4975 parte
3458 4911 3630 4981 aliqua
3657 4912 3711 4966 in

2131 4988 2363 5042 medium
2413 4991 2654 5059 proferre
2700 4995 3029 5064 curabimus,
3077 5006 3134 5049 ut
3180 4997 3439 5052 sollicitus
3490 5003 3711 5070 quisque

2130 5090 2441 5149 cognoscat,
2469 5083 2636 5136 multo
2664 5084 2806 5138 aliud
2836 5099 2957 5140 esse
2998 5086 3221 5142 salutari
3257 5088 3444 5158 gratia:
3476 5090 3708 5146 ofﬁcium

2129 5170 2327 5224 laboris
2374 5172 2683 5242 adjungere,
2731 5175 2872 5229 aliud
2904 5188 3030 5230 vero
3062 5178 3261 5233 nudum
3291 5180 3494 5250 absque
3530 5190 3709 5250 patro-

2129 5263 2271 5317 cinio
2286 5264 2716 5333 gratiaslaborem
2743 5269 3045 5323 temeritate
3058 5284 3159 5322 una
3182 5284 3446 5325 asserere.
3466 5272 3559 5326 llic
3582 5286 3707 5340 ergo

2128 5354 2252 5408 dum
2279 5355 2439 5410 altius
2466 5355 2751 5410 humanam
2801 5358 3161 5427 fragilitatem,
3214 5361 3498 5415 immemor
3543 5362 3703 5417 divini

2130 5445 2357 5513 timoris,
2404 5448 2633 5515 extollit,
2678 5448 2864 5517 iudicii
2912 5449 2993 5504 aui
3037 5451 3274 5520 perdidit
3296 5454 3601 5508 sanitatem.
3630 5453 3703 5507 Ita

2126 5553 2194 5593 ex
2220 5548 2373 5607 parte
2406 5539 2507 5594 alia
2535 5540 2749 5608 cecidit,
2799 5542 2925 5597 dum
2968 5544 3177 5600 arbitrii
3224 5545 3527 5601 libertatem
3574 5547 3705 5600 inte-

2124 5644 2274 5699 gram
2305 5630 2556 5698 prasdicat
2583 5640 2637 5685 et
2666 5632 2910 5697 illzesam,
2961 5634 3099 5689 sicut
3126 5635 3202 5689 illi
3233 5637 3323 5705 qui
3351 5628 3471 5689 eam
3498 5651 3564 5690 ex
3595 5642 3704 5687 toto

2126 5728 2374 5774 asserunt
2407 5720 2569 5777 fuisse
2595 5730 2928 5781 evacuatam.
2975 5724 3087 5781 Hoc
3132 5726 3311 5794 itaque
3349 5725 3473 5782 loco
3507 5723 3701 5796 gemini
