4002 6188
317 349 424 403 785

1451 343 1534 396 DE
1572 342 1828 397 GllA'l'lA
1871 342 2011 408 DEI,
2057 343 2229 408 ETC.,
2273 342 2398 395 LIB.
2444 344 2481 395 Ι.

3498 352 3602 406 τευ

316 461 458 509 inter
501 467 560 506 se
590 450 945 506 colluctantur
988 464 1228 514 errores,
1280 464 1504 516 quorum
1551 465 1688 504 unus
1730 452 1897 505 solam
1930 454 1986 513 Λ
2016 452 2147 518 Quia
2174 455 2283 508 sine
2309 470 2388 509 me
2413 453 2540 509 nihil
2567 459 2775 525 potestis
2798 458 2965 528 Iacere
2994 462 3172 532 (Joan.
3195 459 3320 530 xv)?
3349 459 3430 515 Ad
3447 461 3602 532 cujus

316 546 568 617 gratiam,
617 547 753 595 alter
783 543 954 595 solum
987 542 1248 607 laborem,
1281 542 1468 596 relicto
1496 543 1710 597 tramite
1750 553 1911 613 atque

321 654 574 694 mensura
606 636 875 698 veritatis,
904 635 1165 689 insinuat.
1196 634 1473 689 Sectarum
1508 650 1703 701 genere
1733 635 1911 704 diSpa-

317 746 430 799 res,
484 731 580 784 sed
612 728 889 795 impietate
917 727 1250 781 consimiles.
1295 726 1516 781 Diverso
1546 728 1759 796 quidem
1791 736 1907 781 stu-

318 824 432 890 dio,
478 820 573 875 sed
609 818 797 887 spiritu
829 817 985 871 unius
1014 816 1282 886 serpentis
1327 818 1626 873 insibilaut.
1673 819 1909 886 Quorum

319 928 485 977 unus,
513 911 569 966 id
598 921 700 977 est,
733 910 898 965 solius
926 909 1114 978 gratiae
1141 910 1479 979 praedicator,
1504 913 1676 981 prima
1697 912 1910 980 quidem

320 1011 500 1063 fronte
524 1021 789 1063 venenum
830 1019 986 1059 suum
1019 1005 1121 1061 sub
1164 1008 1345 1075 specie
1390 1007 1602 1076 pietatis
1646 1006 1907 1071 occultat;

321 1101 484 1166 alter,
534 1098 588 1154 id
635 1107 721 1153 est
768 1097 967 1151 laboris
1005 1106 1267 1164 assertor,
1317 1098 1561 1166 protinus
1605 1107 1909 1153 exstantem

320 1204 596 1247 tumorem
625 1190 867 1261 improba
896 1190 1130 1245 elatione
1158 1189 1485 1246 manifestat.
1537 1191 1660 1247 Hzec
1707 1192 1914 1261 profes-

320 1285 428 1349 sio,
464 1282 785 1338 insinuando
813 1283 987 1336 solum
1020 1282 1258 1337 laborem
1298 1283 1415 1352 ipso
1458 1283 1539 1338 sui
1579 1284 1732 1339 titulo
1762 1284 1913 1340 dete-

320 1374 519 1430 standa
541 1391 557 1427 :
582 1374 669 1429 illa
699 1372 867 1442 magis
891 1373 992 1426 sub
1020 1372 1272 1441 religioso
1290 1373 1473 1428 colore
1501 1376 1786 1429 metuenda
1806 1386 1909 1430 est.

324 1467 452 1521 Hmc
475 1465 818 1535 sacrilegium
846 1480 1004 1519 suum
1032 1465 1163 1534 ipsis
1192 1463 1303 1520 suis
1332 1465 1550 1520 auribus
1580 1466 1780 1535 prodit,
1823 1466 1912 1520 illa

325 1557 475 1611 virus
511 1571 668 1611 suum
700 1555 821 1609 imis
850 1554 1168 1622 visceribus,
1217 1569 1354 1623 pene
1390 1563 1676 1625 antequam
1708 1557 1909 1611 sentia-

324 1657 431 1712 tur,
464 1645 713 1701 infundit.
742 1645 886 1700 Duos
909 1654 1193 1714 angustum
1215 1646 1468 1701 obsidere
1496 1646 1687 1701 fretum
1719 1662 1913 1715 scepti-

333 1738 414 1791 los
442 1747 619 1806 putes,
643 1752 869 1805 quorum
890 1752 1025 1792 unus
1040 1737 1459 1807 subdeprimitur
1483 1739 1536 1793 in
1568 1740 1907 1809 profundum,

324 1834 465 1886 alter
493 1834 726 1887 minatur
755 1832 806 1886 in
833 1832 1051 1887 coelum.
1107 1832 1249 1886 Unus
1288 1831 1512 1886 infestus
1544 1833 1912 1902 navigantibus

323 1926 587 1989 cernitur,
625 1925 762 1978 alter
790 1939 930 1977 ('th3
963 1922 1232 1992 naufragia
1275 1924 1595 1991 improvisus
1637 1935 1908 1993 operatur.

323 2015 418 2071 Ille
444 2016 670 2085 gratiam
700 2016 951 2084 loquitur,
981 2015 1067 2069 hic
1095 2014 1358 2069 laborem.
1380 2013 1677 2082 Utrumque
1698 2014 1910 2084 eloquia

325 2110 506 2162 divina
533 2108 876 2162 conﬁrmant.
908 2106 966 2162 Si
996 2106 1317 2163 dissidentes
1347 2120 1647 2175 removeas,
1678 2115 1734 2161 et
1771 2107 1910 2173 dicta

323 2202 621 2271 conjungas
652 2200 807 2270 plena
854 2200 976 2255 ﬁdei
1007 2199 1287 2254 sinceritas
1315 2198 1617 2267 apparebit.
1658 2197 1763 2254 Sed
1787 2202 1912 2268 quia

325 2294 465 2359 velut
515 2293 788 2350 temerarii
832 2294 1063 2362 remiges
1108 2292 1224 2347 sine
1279 2291 1537 2361 magistro
1576 2291 1912 2362 inexplorato

324 2388 459 2439 mari
510 2385 632 2441 vela
673 2384 1045 2450 committunt,
1091 2400 1154 2440 ac
1196 2394 1500 2454 temperare
1544 2384 1911 2440 moderamina

324 2480 596 2547 nesciunt,
642 2488 698 2536 et
738 2479 1100 2549 gubernacula
1143 2486 1374 2533 tractare
1420 2492 1524 2531 non
1559 2487 1774 2543 norunt,
1826 2477 1911 2533 hic

259 2624 271 2633 ,
325 2579 581 2640 tanquam
623 2569 674 2625 iu
707 2570 898 2640 Scyllae
927 2571 1066 2624 male
1109 2570 1358 2625 dextrum
1390 2568 1562 2625 fertur
1587 2567 1907 2640 perieulum,

325 2664 417 2718 ille
444 2665 497 2719 in
528 2664 719 2719 lzevum
756 2664 1057 2734 Charybdis
1103 2663 1276 2718 tendit
1317 2662 1624 2732 abruptum.
1671 2663 1739 2717 Et
1782 2662 1909 2731 quid

324 2774 419 2812 eos
449 2758 592 2812 inter
618 2758 731 2813 haec
760 2756 938 2811 facere
989 2764 1251 2825 oporteat,
1300 2755 1346 2810 si
1387 2755 1658 2823 requiras;
1693 2754 1911 2824 proviso

325 2851 682 2917 gubernatore
708 2850 883 2903 navim
904 2848 1155 2903 fluctibus
1170 2847 1411 2911 credant,
1432 2845 1665 2901 medium
1694 2855 1909 2901 teneant

327 2957 566 3007 cursum,
589 2949 643 2994 ct
664 2941 824 2995 ambo
845 2940 972 2993 flatu
988 2940 1180 2995 dextro
1205 2938 1564 3007 perducentur
1583 2938 1650 2992 ad
1674 2949 1906 3007 portum.

330 3034 617 3087 Videamus
640 3033 727 3087 cui
751 3032 1006 3101 impietati
1034 3031 1306 3100 geminum
1335 3031 1476 3083 hunc
1503 3044 1744 3084 errorem
1770 3030 1907 3085 assi-

328 3125 516 3179 ruilare
543 3124 623 3179 vel
650 3124 896 3178 Conferre
920 3123 1206 3191 possimus.
1254 3122 1374 3177 Pari
1419 3121 1578 3176 modo
1623 3122 1678 3176 in
1706 3131 1906 3189 petram

328 3214 561 3269 :caudali
587 3213 889 3281 offendunt,
937 3213 1019 3267 vel
1066 3213 1142 3266 illi
1192 3212 1281 3281 qui
1326 3210 1595 3266 Christum
1627 3211 1908 3265 Dominum

327 3311 500 3363 solum
536 3309 721 3373 Deum,
773 3308 857 3361 vel
908 3308 981 3361 illi
1024 3307 1113 3376 qui
1165 3306 1339 3360 solum
1378 3305 1668 3370 hominem,
1716 3305 1910 3360 amissa

328 3401 668 3456 discretionis
689 3400 826 3468 luce,
847 3415 1090 3454 asserere
1113 3404 1588 3467 praesumpserunt.
1608 3397 1749 3453 Peue
1773 3407 1913 3451 utra-

328 3509 430 3559 que
476 3493 757 3556 nimietas,
810 3491 937 3545 dum
988 3490 1367 3545 discretionem
1417 3498 1576 3556 atque
1623 3486 1908 3540 discrimen

330 3593 515 3639 tenere
543 3585 735 3648 nescit,
787 3583 989 3652 icquale
1026 3583 1228 3636 crimen
1276 3580 1516 3634 incurrit.
1566 3578 1791 3632 l‘ruiude
1820 3578 1909 3647 qui

329 3676 597 3730 Christum
625 3676 795 3729 solum
831 3674 1102 3729 hominem
1154 3672 1370 3737 dixerit,
1419 3669 1632 3738 negavit
1678 3668 1911 3723 auctoris

330 3768 651 3834 potentiam;
686 3766 775 3834 qui
809 3766 978 3819 solum
1013 3765 1200 3828 Deum,
1232 3762 1461 3831 perdidit
1491 3758 1907 3815 misericordiam

330 3859 721 3925 Redemptoris.
754 3862 829 3910 Ac
863 3858 958 3916 sic,
994 3857 1081 3924 qui
1115 3868 1271 3907 unam
1301 3855 1353 3907 in
1390 3852 1614 3905 Domino
1641 3850 1909 3931 salvatore

327 3950 678 4004 substantiam
703 3948 1042 4010 conﬁtentur,
1092 3945 1144 4000 in
1184 3944 1322 3999 hanc
1347 3943 1781 4011 constringentur
1812 3957 1906 3995 ne-

326 4043 654 4105 cessitatem,
688 4050 745 4093 ut
772 4052 862 4092 aut
886 4041 1059 4093 solum
1088 4036 1363 4091 hominem
1392 4035 1528 4089 cmlo
1556 4034 1783 4102 lapsum,
1818 4042 1910 4086 aut

328 4135 498 4187 solum
547 4133 712 4186 Deum
740 4138 998 4200 cngantur
1042 4128 1225 4185 dicere
1270 4125 1605 4182 crucifixum.
1657 4124 1761 4180 Sed
1800 4140 1905 4178 non

326 4229 394 4281 ita
420 4237 519 4281 ρει.
576 4225 799 4279 Mortem
848 4223 990 4277 enim
1030 4237 1130 4275 nec
1177 4221 1325 4275 solus
1362 4220 1503 4274 Deus
1542 4218 1762 4281 sentire,
1811 4230 1910 4271 nec

328 4322 471 4373 so'us
503 4319 666 4372 homo
692 4332 948 4384 superare
982 4315 1260 4382 potuisset.
1293 4312 1361 4366 Et
1386 4312 1504 4365 ideo
1535 4325 1652 4365 eam
1692 4325 1785 4377 pro
1811 4323 1907 4378 ge-

328 4414 467 4465 mina
496 4412 705 4465 ratiOue
730 4408 1065 4469 substantiae,
1088 4404 1247 4458 homo
1268 4405 1501 4471 suscepit
1527 4412 1579 4455 ct
1600 4403 1735 4455 Deus
1758 4402 1904 4453 vicit.

326 4504 379 4558 Si
407 4518 536 4572 ergo
578 4501 818 4571 partibus
856 4499 1208 4569 proprietates
1251 4510 1373 4549 suas
1418 4494 1628 4561 reddas,
1676 4502 1729 4546 et
1756 4491 1908 4546 Citri-

326 4606 463 4648 stum
494 4594 663 4647 Deum
693 4592 847 4645 simul
875 4600 1035 4659 atque
1076 4589 1347 4644 hominem
1376 4586 1566 4640 credas
1594 4596 1646 4638 ct
1675 4599 1903 4649 asseras,
1932 4560 1985 4620 Ῑ)

328 4684 547 4751 perinde
576 4695 658 4739 est
682 4699 744 4738 ac
782 4683 827 4736 si
856 4684 1075 4752 gratiam
1118 4697 1238 4736 cum
1276 4679 1456 4732 labore
1496 4678 1807 4745 conjuugas,
1854 4688 1903 4729 ct

326 4779 391 4831 ab
417 4777 689 4846 adiutorio
717 4776 806 4830 Dei
838 4787 1087 4829 conatum
1130 4773 1361 4829 hominis
1400 4787 1504 4825 non
1541 4769 1790 4839 repellas.
1830 4768 1905 4822 Ita

327 4882 529 4934 tamen,
559 4876 617 4923 ut
645 4867 933 4922 adnitentis
966 4867 1259 4930 devotioni,
1297 4861 1543 4918 elationis
1568 4862 1779 4931 culpam
1810 4875 1902 4930 pe-

328 4963 468 5015 nitus
497 4975 603 5014 non
646 4959 964 5012 admisceas.
1017 4957 1151 5023 Quia
1179 4966 1434 5026 quantum
1477 4952 1783 5007 detrimenti
1826 4961 1908 5005 est

328 5067 433 5106 non
461 5051 730 5114 laborare,
766 5058 970 5103 tantum
1003 5047 1220 5116 periculi
1249 5048 1316 5101 de
1347 5046 1527 5101 labore
1559 5062 1903 5116 praesumere.

329 5143 468 5197 Dicit
508 5156 637 5211 ergo
667 5141 932 5211 Pelagius,
981 5140 1123 5207 quod
1171 5137 1237 5193 ad
1284 5138 1629 5193 obtinendam
1678 5138 1905 5194 salutem

330 5243 522 5290 natura
554 5234 786 5289 hominis
828 5233 928 5287 sibi
974 5232 1092 5286 sola
1139 5229 1387 5284 sufﬁciat.
1434 5229 1508 5284 lta
1558 5232 1642 5285 hic
1690 5232 1909 5301 pestifer

329 5327 520 5382 doctor
544 5324 797 5390 affirmat,
828 5323 984 5394 quasi
1019 5322 1192 5377 adhuc
1228 5322 1429 5376 tactura
1452 5323 1775 5377 conditionis
1804 5339 1899 5378 no.

331 5430 457 5472 stne
501 5418 556 5472 in
593 5425 735 5471 statu
771 5430 871 5471 suo
916 5414 1113 5468 illibata
1157 5420 1486 5482 permaneat.
1538 5411 1650 5481 Ego
1678 5414 1909 5468 arbitror

333 5509 475 5580 quod
504 5508 724 5564 libertas
745 5507 950 5563 arbitrii
980 5507 1080 5563 sibi
1110 5506 1224 5560 sola
1245 5504 1495 5560 sufﬁcere
1514 5506 1630 5560 sine
1656 5504 1909 5575 prtesidio

332 5601 519 5669 gratiae
546 5615 652 5655 non
682 5599 930 5669 potuerit,
976 5598 1136 5653 etiam
1165 5606 1450 5666 antequam
1487 5595 1822 5666 privilegium
1845 5597 1909 5652 il-

318 5695 438 5750 lius
464 5697 818 5767 transgressio
848 5695 1090 5750 violaret.
1113 5694 1394 5760 Quomodo
1419 5708 1548 5750 vero
1573 5710 1713 5752 nunc
1733 5702 1909 5765 potest

334 5786 437 5843 sibi
481 5789 594 5845 sola
642 5788 889 5845 sufﬁcere
900 5830 919 5863 ,
967 5787 1034 5843 ad
1075 5785 1229 5856 cujus
1270 5788 1628 5856 arrogantiam
1666 5788 1900 5845 dicitur:

2016 546 2487 613 praesumptionem
2513 546 2723 603 divinus
2754 564 2931 605 sermo
2958 552 3204 621 dirigitur
3233 570 3245 605 :
3274 551 3393 605 Nisi
3419 552 3597 607 Domic

2015 654 2107 690 nus
2146 637 2472 705 aediﬁcaverit
2514 640 2742 706 domum,
2791 642 2845 694 in
2884 660 3068 697 vatium
3115 646 3473 699 laboraverunt
3513 645 3601 712 qui

2013 731 2266 800 a’diﬁcant
2297 749 2408 785 eam
2431 732 2605 804 (Psal.
2634 733 2850 805 cxxvr)?
2877 736 3027 803 Quod
3048 739 3226 807 utique
3243 740 3463 794 clatiuui
3485 738 3601 793 sine

2012 824 2183 891 gratia
2212 826 2473 891 perlicere
2496 825 2810 897 denegatur,
2837 829 3121 883 humilitati
3149 846 3277 884 vero
3291 847 3412 886 cum
3431 833 3601 901 gratia

2014 913 2239 982 implere
2299 916 2632 972 conceditur.
2709 917 3057 989 Prosequitur
3125 920 3302 976 adhuc
3354 923 3600 993 Pelagius

2014 1003 2181 1057 Adam
2206 1006 2485 1061 mortalem
2513 1007 2733 1075 factum,
2764 1011 2853 1080 qui
2876 1010 2990 1066 sive
3020 1020 3312 1080 peccasset,
3350 1015 3461 1068 sive
3492 1031 3597 1069 non

2018 1104 2311 1161 peccasset,
2344 1108 2489 1151 esset
2518 1100 2831 1154 moriturus.
2863 1100 2969 1155 Sed
2992 1116 3115 1156 cum
3140 1102 3595 1172 dicitApzistolus,

2018 1186 2318 1258 Propterea,
2352 1190 2540 1260 inquit,
2591 1192 2720 1245 sicut
2763 1209 2851 1262 per
2887 1211 3046 1248 unum
3089 1196 3342 1249 hominem
3372 1199 3423 1250 in
3463 1198 3599 1249 hunc

2014 1281 2263 1334 mundum
2285 1293 2547 1350 peccatum
2567 1285 2798 1352 intravit,
2812 1294 2859 1340 et
2882 1304 2970 1358 per
2990 1298 3251 1357 peccatum
3272 1305 3406 1343 mors
3420 1290 3438 1360 (
3452 1289 3597 1343 Rom.

2015 1372 2090 1441 ν),
2111 1372 2364 1443 intelligis
2389 1375 2510 1444 quia
2540 1376 2582 1430 si
2602 1388 2877 1444 peccatum
2904 1393 3009 1432 non
3041 1380 3425 1449 praecessisset,
3449 1396 3598 1435 mors

2015 1473 2201 1519 secuta
2228 1480 2333 1519 non
2355 1474 2521 1530 esset,
2539 1477 2592 1521 et
2617 1466 2809 1523 donata
2837 1469 3214 1524 immortalitas
3236 1470 3596 1541 perdurasset,

2014 1571 2174 1624 quam
2208 1556 2392 1626 utique
2419 1558 2762 1614 manifestum
2785 1570 2869 1616 est
2896 1562 2995 1617 sub
3023 1563 3295 1632 proposita
3324 1564 3439 1632 lege
3466 1579 3597 1633 prre~

2015 1647 2220 1714 stitam,
2253 1657 2306 1703 ct
2334 1663 2454 1704 cum
2485 1650 2793 1707 conditione
2831 1652 3101 1721 collatam,
3128 1664 3185 1708 ut
3210 1654 3253 1708 si
3282 1671 3388 1709 non
3423 1670 3599 1710 reces-

2016 1738 2177 1793 sisset
2200 1739 2465 1808 superbus
2506 1742 2573 1795 ab
2602 1741 2924 1809 obedientia,
2977 1753 3320 1814 permaneret
3363 1756 3600 1802 aeternus

1944 1815 1988 1874 Β
2018 1829 2069 1883 in
2106 1830 2296 1899 gloria.
2343 1832 2474 1887 Nam
2509 1848 2631 1887 cum
2676 1832 3019 1889 interdictum
3070 1836 3288 1891 caeleste
3334 1837 3600 1892 sanxisset

2017 1923 2200 1977 dicens
2225 1942 2237 1975 :
2268 1921 2333 1976 In
2359 1941 2659 1995 quacunque
2686 1928 2769 1979 die
2783 1928 3098 1981 comederitis
3126 1932 3187 1981 de
3215 1931 3354 1999 ligno
3375 1931 3599 1984 scientia

2016 2014 2135 2068 boni
2158 2025 2203 2068 et
2232 2015 2377 2081 mali,
2402 2026 2560 2070 morte
2588 2018 2877 2071 moriemini
2904 2018 3055 2090 (Gen.
3081 2020 3168 2089 tt),
3197 2019 3383 2091 inclyti
3412 2029 3599 2088 gustus

2018 2107 2155 2160 male
2184 2121 2339 2160 suasa
2371 2109 2728 2177 praasumptio
2746 2110 2884 2165 facta
2912 2122 2997 2166 est
3025 2127 3087 2166 ex
3119 2112 3380 2167 accidenti
3411 2116 3599 2168 mortis

2016 2200 2247 2254 occasio.
2284 2200 2474 2267 Morte,
2505 2202 2694 2271 inquit,
2743 2205 2995 2258 morieris.
3042 2207 3097 2261 Si
3145 2206 3276 2259 nihil
3328 2208 3599 2276 largientis

2015 2291 2240 2345 contulit
2265 2294 2455 2361 gratia,
2488 2293 2615 2361 quid
2657 2304 2739 2349 est
2762 2296 2902 2365 quod
2933 2297 3154 2351 abstulit
3183 2299 3487 2353 damnantis
3516 2298 3597 2352 of-

2014 2382 2205 2438 fensa?
2250 2383 2392 2440 Mors
2422 2386 2621 2456 itaque,
2670 2386 2721 2440 id
2753 2397 2856 2450 est,
2900 2390 3239 2457 peregrinum
3273 2399 3327 2445 et
3356 2391 3599 2445 adventi-

2017 2476 2148 2531 tium
2179 2477 2399 2543 malum,
2447 2493 2551 2531 non
2581 2489 2664 2532 est
2703 2478 2836 2533 ordo
2865 2489 3089 2548 naturm,
3141 2482 3236 2536 sed
3284 2496 3440 2551 ptena
3467 2495 3595 2536 seu-

2018 2567 2216 2622 tentite.
2253 2567 2532 2634 Quoniam,
2570 2569 2761 2637 inquit,
2802 2567 3055 2623 Dominus
3086 2585 3295 2626 mortem
3336 2588 3438 2625 non
3478 2573 3596 2641 fecit

2015 2658 2171 2729 (Sap.
2206 2656 2267 2727 ι).
2300 2657 2676 2713 Ᾰέιθτιιίιίιιθηι
2705 2659 2965 2714 creditam
2993 2659 3157 2714 fuisse
3192 2662 3415 2726 homini,
3465 2663 3596 2715 livor

2017 2754 2130 2822 ipse
2160 2762 2384 2809 testatur
2410 2753 2632 2807 inimici.
2680 2753 2745 2807 Et
2770 2753 2891 2822 quia
2922 2755 2969 2807 ei
3017 2755 3470 2808 immortalitatem
3503 2755 3597 2809 dia-

2012 2848 2181 2918 jectus
2213 2847 2422 2909 invidit,
2455 2846 2577 2902 ideo
2603 2860 2819 2902 causam
2844 2847 3032 2901 mortis
3056 2846 3302 2917 ingessit,
3334 2848 3593 2902 dicendo:

2015 2942 2081 2996 In
2110 2957 2409 3011 quacunque
2441 2940 2522 2993 die
2547 2940 2868 2994 comederitis
2904 2941 2968 2994 de
2997 2940 3134 3012 ligno
3165 2940 3283 3003 hoc,
3304 2941 3595 3012 aperientur

2014 3034 2150 3088 oculi
2177 3035 2346 3102 vestri,
2375 3046 2423 3091 et
2448 3032 2589 3090 erilis
2617 3034 2743 3086 sicut
2775 3032 2849 3085 dii
2872 3030 3022 3101 (Gen.
3046 3031 3147 3101 ιιι).
3190 3031 3242 3087 Si
3268 3031 3367 3086 hoc
3393 3041 3594 3086 tantum

2015 3129 2239 3184 dixisset
2281 3147 2294 3181 :
2334 3122 2469 3185 Cum
2515 3125 2986 3199 manducaveritis,
3030 3125 3330 3180 satietatem
3375 3123 3443 3177 de
3491 3124 3595 3178 cibi

2016 3223 2279 3279 suavitate
2305 3223 2548 3293 capietis,
2594 3235 2762 3292 usque
2792 3220 2860 3274 ad
2891 3218 3337 3288 concupiscentiis
3366 3218 3596 3271 carnalis

2017 3315 2325 3370 illecebram
2356 3315 2711 3384 transgressio
2737 3309 3267 3387 pervenissetaCum
3298 3325 3429 3364 vero
3461 3308 3595 3363 hanc

2018 3406 2467 3473 praevaricationis
2492 3403 2828 3473 proposuerit
2856 3402 3014 3457 ﬁnem
3038 3401 3286 3468 dicendo,
3306 3401 3443 3453 tritis
3468 3401 3597 3452 sicut

2015 3499 2110 3561 dii,
2135 3497 2415 3552 edacitatis
2449 3496 2604 3564 culpa
2634 3509 2804 3562 usque
2826 3493 2893 3548 ad
2924 3493 3215 3547 divinitatis
3237 3491 3517 3553 ambitum,
3541 3501 3593 3545 et

2015 3603 2181 3658 usque
2211 3589 2276 3643 ad
2300 3588 2503 3643 crimen
2529 3586 2828 3655 majestatis
2852 3584 3099 3639 accessit.
3143 3582 3288 3635 Facti
3318 3589 3446 3635 sunt
3468 3596 3595 3649 ergo

2014 3681 2153 3734 sicut
2183 3678 2276 3742 dii,
2311 3679 2451 3743 dono
2476 3679 2661 3747 gratia:
2688 3674 2923 3732 cmleslis
2951 3673 3095 3728 exuti
3125 3682 3178 3727 et
3203 3672 3272 3727 de
3298 3672 3466 3726 beatae
3488 3680 3595 3723 sta-

2017 3772 2175 3825 tionis
2205 3772 2436 3824 culmine
2482 3768 2799 3837 proturbati.
2850 3766 2928 3821 Ac
2967 3766 3046 3820 sic
3094 3763 3320 3819 callidus
3372 3776 3594 3829 serpens

2015 3877 2111 3930 pro
2141 3861 2405 3931 supeibiac
2434 3861 2574 3914 malo
2599 3861 2800 3927 ejectus
2825 3873 2855 3911 e
2886 3857 3048 3922 cmlo,
3077 3853 3353 3910 machinas
3382 3854 3484 3907 sibi
3525 3853 3593 3905 ad

2015 3954 2288 4009 hominem
2341 3954 2703 4008 subruendum
2755 3951 2820 4006 de
2866 3967 2992 4006 casu
3046 3950 3285 4019 prepriu,
3337 3948 3595 4016 lapsuque

2013 4048 2293 4115 disposuit,
2324 4053 2379 4100 et
2404 4046 2674 4113 quomodo
2703 4044 2917 4108 cecidit,
2942 4044 3019 4096 sic
3047 4041 3273 4107 decepit.
3300 4040 3434 4107 Quid
3467 4055 3595 4091 vero

2013 4136 2157 4191 aliud
2190 4134 2591 4205 intelligendum
2622 4142 2724 4199 est,
2752 4134 2909 4186 etiam
2934 4135 2983 4185 in
3008 4132 3123 4198 ipsa
3153 4146 3254 4196 qua
3280 4128 3440 4181 horno
3462 4142 3593 4180 con-

2012 4228 2155 4283 ditus
2205 4236 2324 4293 est,
2390 4226 2482 4279 Dei
2534 4223 2763 4292 imagine
2813 4222 2914 4276 nisi
2963 4218 3311 4290 perennitatis
3349 4216 3593 4285 insigne?

2014 4334 2168 4390 quam
2218 4319 2606 4389 perennitatem
2657 4332 2762 4370 non
2809 4314 2980 4367 solum
3020 4317 3213 4364 anima:
3258 4325 3360 4362 ttuu
3410 4308 3593 4361 adern-

2015 4423 2177 4480 ptam,
2211 4412 2304 4464 sed
2336 4412 2494 4464 etiam
2534 4410 2742 4476 corpori
2775 4405 3016 4475 agnoscis
3050 4399 3457 4458 resurrectionis
3485 4399 3593 4452 vir-

2013 4512 2127 4557 tute
2158 4511 2481 4570 reparatam.
2532 4500 2865 4568 Quapropter
2904 4493 3355 4549 immortalitatem
3388 4490 3590 4542 homini

2013 4593 2354 4647 commissam
2389 4606 2493 4644 non
2524 4591 2735 4644 dubites
2781 4596 2906 4640 ante
2950 4585 3183 4653 culpam,
3233 4599 3389 4651 quam
3442 4583 3589 4634 reddi

2016 4683 2270 4752 perspicis
2310 4683 2469 4737 etiam
2514 4692 2631 4749 post
2662 4681 2893 4734 ruinam.
2942 4676 3148 4731 Assvrit
3185 4690 3314 4743 ergo
3351 4673 3591 4742 Pelagius

2012 4778 2125 4831 sive
2158 4784 2448 4844 pcccassel,
2482 4773 2593 4827 sive
2629 4787 2733 4826 non
2779 4777 3072 4839 pcccassel,
3122 4768 3370 4821 uninibus
3420 4765 3593 4818 tnodis

2012 4869 2177 4923 fuisse
2209 4868 2544 4922 moriturum.
2579 4866 2646 4919 Et
2686 4864 2788 4919 hoc
2817 4878 2883 4916 ex
2920 4862 3032 4931 ipsa
3078 4861 3340 4930 pravitate
3368 4859 3591 4912 descen-

2013 4962 2112 5028 dit,
2165 4961 2287 5030 quia
2320 4970 2476 5030 negat
2525 4959 2784 5029 originale
2813 4946 3087 5012 delictum.
3118 4954 3252 5008 Dum
3277 4953 3418 5007 enim
3448 4953 3589 5006 afﬁr-

2017 5070 2165 5109 mare
2212 5054 2487 5109 contendit
2529 5051 2807 5105 mortalem
2845 5050 3213 5102 necessitatem
3263 5044 3588 5099 conditionis

2017 5148 2203 5215 fuisse,
2224 5163 2331 5202 non
2356 5144 2812 5214 transgressionis,
2829 5141 2943 5194 vult
2961 5138 3129 5193 videri
3149 5138 3408 5206 originem
3433 5137 3591 5204 hujus

2014 5239 2209 5303 debiti;
2237 5254 2343 5294 non
2372 5254 2400 5292 a
2425 5250 2603 5302 servo,
2653 5232 2748 5288 sed
2788 5248 2817 5286 a
2846 5232 3105 5298 Domino;
3146 5246 3251 5283 non
3292 5245 3320 5284 a
3351 5240 3590 5284 contem-

2018 5340 2195 5401 ptore,
2223 5329 2317 5385 sed
2346 5330 2415 5383 ab
2441 5337 2659 5381 auctore
2680 5323 2928 5391 coepisse,
2958 5329 3016 5375 ut
3041 5320 3228 5376 mortis
3257 5320 3340 5374 lex
3368 5317 3584 5371 ordina-

2020 5422 2179 5475 tionis
2199 5420 2445 5475 credatur
2467 5433 2605 5479 eSSt',
2633 5430 2737 5469 non
2765 5412 3022 5469 criminis.
3056 5411 3123 5464 Et
3148 5410 3285 5463 hanc
3306 5406 3588 5477 lugendam

2016 5511 2388 5567 contritionem
2428 5523 2589 5578 super
2619 5508 2907 5561 humanum
2954 5516 3143 5571 genus,
3196 5514 3300 5552 non
3339 5498 3589 5567 pratvari-

2015 5612 2165 5661 calor
2193 5609 2408 5671 putetur
2439 5599 2820 5661 transmisisse,
2867 5594 2960 5647 sed
2983 5591 3247 5646 conditur.
3300 5592 3364 5642 Lt
3393 5587 3482 5643 ubi
3508 5598 3590 5643 est

2016 5693 2147 5749 illud
2184 5708 2200 5748 :
2229 5690 2433 5746 Invidia
2474 5699 2645 5745 autem
2670 5686 2860 5741 diaboli
2888 5698 3027 5737 mors
3070 5680 3294 5734 introivit
3329 5679 3391 5732 in
3421 5679 3590 5733 orbem

2016 5796 2266 5842 terrenum
2308 5783 2463 5855 (Sap.
2510 5781 2591 5847 ιι).
2657 5779 2790 5836 Dum
2828 5786 3007 5843 autem
3052 5778 3332 5845 peceatum
3368 5768 3592 5847 originis
