4002 6188
442 330 543 385 787

1695 325 1749 380 S.
1790 323 2035 380 FAUSll
2079 323 2484 379 RllEGlENSIS

3613 328 3705 382 788

440 444 469 495 ri
509 450 685 511 negat,
719 440 855 495 tollit
881 438 1101 494 omnino
1129 451 1343 492 causam
1370 450 1474 506 qua
1504 435 1829 503 Redemptor
1858 433 2020 488 adve-
2048 435 2098 493 A
2127 449 2272 497 num,
2306 434 2508 504 inquit,
2553 432 2753 487 tollitur
2782 434 3042 501 originale
3070 442 3375 504 peccatum,
3417 435 3487 489 de
3512 436 3705 495 duobus

440 535 597 588 nerit.
632 532 916 587 Videamus
948 542 1124 585 utrum
1171 546 1265 601 ριν
1304 530 1631 585 voluntatem
1682 528 1774 583 Dei
1809 543 1876 582 an
1925 544 2019 597 per

439 627 667 681 hominis
709 625 1027 693 pravitatem
1059 622 1242 678 infelix
1271 632 1325 678 et
1355 621 1606 677 deﬂenda
1651 620 1890 675 conditio
1921 622 2000 673 ini-

438 720 567 773 tium
597 716 905 787 sumpserit.
935 715 1073 770 Audi
1113 714 1240 784 quid
1288 714 1411 769 tuba
1454 722 1710 783 personet
1751 713 1993 768 veritatis

438 810 737 878 Propterea,
783 808 974 878 inquit,
1024 810 1154 861 sicut
1197 823 1287 877 per
1312 824 1472 861 unum
1517 808 1773 861 hominem
1803 809 1857 859 in
1881 806 2019 860 hunc

435 903 681 956 mundum
721 910 982 970 peccatum
1018 901 1243 965 intravit,
1275 908 1321 952 et
1352 916 1443 970 per
1473 909 1735 967 peccatum
1761 915 1916 964 mors,
1950 900 2022 950 ita

435 997 485 1049 in
515 1012 688 1049 omnes
712 996 942 1049 homines
962 1010 1095 1048 mors
1121 994 1436 1065 pertransiit,
1474 994 1526 1045 in
1553 1010 1652 1063 quo
1683 1009 1856 1046 omnes
1898 1007 2019 1063 pec-

435 1096 675 1139 caverunt
700 1086 879 1157 (llam.
902 1086 981 1155 v).
1006 1083 1242 1138 Dicendo
1269 1083 1512 1153 Pelagius
1535 1083 1701 1138 Adam
1740 1082 2019 1137 mortalem

436 1179 657 1246 factum,
692 1179 743 1232 in
772 1178 947 1247 primo
974 1176 1192 1230 factum:
1222 1175 1407 1230 ordine
1445 1175 1722 1229 constituit
1766 1184 2019 1239 mortem,

435 1283 594 1340 quam
624 1283 720 1339 pro
744 1283 879 1322 noxa
912 1267 1369 1337 praevaricationis
1411 1268 1567 1322 tertio
1610 1267 1777 1337 gradu
1806 1273 2022 1320 constat

435 1363 761 1433 impositam.
805 1362 979 1416 Ilomo
1021 1361 1165 1416 enim
1212 1375 1345 1429 opus
1397 1360 1511 1425 Dei,
1566 1368 1841 1429 peccatum
1888 1373 2021 1428 opus

436 1454 866 1517 diabolizmors,
915 1468 1071 1522 paena
1118 1454 1341 1522 peccati.
1392 1452 1523 1507 Nam
1581 1451 1869 1521 Apostolus
1912 1466 2018 1505 non

434 1545 571 1599 dixit
593 1563 605 1599 :
632 1545 876 1599 voluntas
897 1544 991 1599 Dei
1017 1558 1184 1607 mors,
1214 1542 1306 1597 sed
1327 1543 1634 1613 stipendium
1664 1541 1858 1610 peccati
1880 1556 2020 1594 mors

438 1635 617 1707 (Rom.
640 1635 740 1705 vr).
764 1634 927 1690 Dolos
949 1649 1076 1706 ergo
1117 1635 1233 1704 ejus
1263 1636 1315 1689 in
1340 1634 1601 1703 profundo
1631 1638 1881 1697 latentes,
1915 1632 2018 1685 sol-

436 1727 634 1783 licitius
663 1727 1030 1794 inspiciamus.
1070 1727 1192 1782 Iden
1219 1736 1445 1781 mortem
1477 1725 1706 1795 applicat
1729 1725 1866 1779 courl
1893 1722 2015 1788 tori,

2129 526 2409 595 baptizatis
2438 527 2567 589 nati,
2591 525 2790 579 debent
2819 525 2919 579 hoc
2939 539 3127 581 carere
3153 536 3395 595 peccato.
3418 526 3705 595 Quomodo,

2129 618 2319 689 inquit,
2352 621 2569 673 mittunt
2597 618 2663 672 ad
2696 626 2939 687 posteros
2961 659 2975 682 ,
3008 619 3149 688 quod
3192 621 3291 688 ipsi
3326 622 3377 673 in
3408 635 3469 677 se
3505 624 3710 682 minime

2125 709 2465 766 habuerunt?
2503 708 2708 777 Quibus
2736 708 2891 764 facile
2926 711 3285 780 respondetur
3311 711 3446 768 duas
3472 728 3593 769 esse
3622 732 3707 770 na-

2129 804 2383 868 tivitates,
2403 804 2471 858 de
2500 819 2724 873 quarum
2756 818 2858 857 una
2892 812 3170 874 peccatum
3198 819 3268 859 ex
3294 808 3600 873 generantis
3626 825 3711 863 vu-

2126 894 2327 962 luptate
2356 895 2762 959 transmittitur;
2802 910 2868 949 ex
2907 893 3010 948 alia
3041 904 3242 963 autem,
3266 897 3618 952 sanctificatio
3642 899 3705 953 de

2128 980 2496 1056 regenerantis
2546 986 2833 1055 adoptione
2879 986 3131 1041 donatur.
3164 986 3467 1054 Quomodo,
3519 990 3707 1058 inquit,

2128 1083 2346 1137 mittunt
2375 1079 2442 1135 ad
2482 1090 2750 1150 posteros,
2782 1080 2922 1151 quod
2966 1079 3068 1148 ipsi
3098 1080 3151 1134 in
3183 1094 3244 1135 se
3273 1079 3495 1136 minime
3518 1080 3710 1135 habue-

2126 1172 2290 1227 runt?
2328 1171 2497 1238 Quam
2541 1171 2923 1227 irrationabilis
2964 1179 3020 1225 et
3062 1171 3219 1240 plena
3247 1171 3541 1240 iniquitatis
3570 1172 3712 1241 obje-

2126 1265 2276 1319 ctio!
2336 1263 2451 1317 Non
2500 1262 2582 1316 vis
2631 1270 2688 1315 ut
2732 1262 3107 1316 transfundant
3154 1264 3206 1316 in
3274 1274 3523 1331 posteros
3578 1265 3711 1334 quod

2127 1363 2333 1409 natura:
2378 1364 2495 1418 est,
2526 1362 2579 1407 et
2605 1354 2685 1406 vis
2730 1362 2788 1407 ut
2838 1355 2919 1407 eis
2949 1353 3159 1423 possint
3185 1354 3330 1408 velut
3367 1353 3436 1408 de
3466 1368 3565 1409 suo
3595 1370 3715 1409 con-

2124 1444 2267 1500 ferre
2307 1444 2449 1513 quod
2498 1443 2683 1514 gratia:
2711 1444 2826 1498 est?
2866 1443 2941 1497 De
2967 1458 3068 1512 qua
3098 1454 3287 1498 natura
3324 1444 3614 1513 Apostolus
3642 1445 3715 1499 di-

2124 1539 2198 1593 cit
2234 1555 2247 1591 :
2281 1537 2477 1603 Eratis,
2519 1537 2710 1605 inquit,
2752 1546 2939 1587 natura
2972 1536 3070 1605 filii
3100 1537 3190 1589 ira:
3221 1533 3385 1605 (Eph.
3413 1535 3497 1607 ll).
3530 1536 3715 1591 Merito

2124 1632 2273 1702 quasi
2305 1630 2375 1685 de
2405 1630 2621 1698 preprio
2662 1629 2792 1684 dare
2821 1637 3111 1698 nequeunt,
3143 1629 3286 1697 quod
3316 1628 3383 1683 de
3411 1643 3628 1684 sursum
3666 1639 3716 1683 ct

2124 1724 2451 1780 extrinsecus
2479 1731 2822 1791 acceperunt.
2868 1720 3367 1791 Imprudentissime
3397 1738 3493 1791 per
3527 1738 3715 1792 paren-

436 1833 515 1886 ut,
546 1821 612 1876 de
638 1836 741 1891 quo
767 1820 1103 1889 potissimum
1133 1820 1274 1873 malo
1304 1819 1512 1873 initium
1538 1820 1719 1881 ducat.
1759 1832 1862 1871 non
1892 1831 2017 1886 pos-
2052 1808 2095 1868 Β
2126 1824 2206 1871 tes
2255 1815 2347 1869 tilii
2396 1813 2717 1869 innocentia:
2765 1812 3051 1882 puritatem
3083 1813 3329 1882 Pelagius
3373 1812 3490 1868 dari
3517 1815 3711 1869 credit.

435 1914 503 1966 sit
531 1912 774 1982 agnosci;
820 1927 883 1967 ac.
928 1914 1007 1965 sic
1054 1912 1272 1965 liberius
1318 1910 1552 1963 ailirrnat
1602 1910 1833 1963 infantes
1877 1925 2016 1962 nexu

436 2004 658 2073 originis
700 2019 805 2057 non
842 2003 1031 2057 teneri.
1064 2000 1213 2068 Quod
1246 2015 1367 2054 cum
1404 2000 1555 2067 dicit,
1600 2000 1798 2067 dup'ici
1825 1999 2016 2067 imp'e-

438 2107 548 2149 tate
576 2095 930 2164 blasphemat,
968 2093 1094 2147 dum
1126 2102 1181 2146 et
1221 2103 1447 2147 mortem
1496 2092 1560 2145 ad
1605 2092 1840 2145 auctoris
1880 2090 2020 2145 invi-

436 2186 576 2241 diam
600 2195 835 2253 revocat,
858 2194 911 2238 et
938 2184 1179 2252 negando
1204 2185 1459 2252 originale
1480 2184 1771 2243 vinculum.
1793 2184 2017 2252 gratiam

435 2277 761 2343 reparatoris
786 2284 1027 2329 evacuat.
1058 2275 1239 2343 Itaque
1267 2284 1323 2327 ut
1354 2275 1521 2343 possit
1556 2288 1800 2328 asserere
1826 2289 2015 2342 parvu‘

435 2368 516 2421 los
539 2365 804 2435 baptismo
832 2380 938 2419 nou
966 2380 1147 2434 egere,
1191 2365 1442 2433 generale
1474 2374 1750 2434 peccatum
1780 2365 2014 2433 negavit.

434 2456 551 2523 Quo
581 2465 795 2526 negato,
828 2457 915 2513 hic
937 2456 1070 2511 ordo
1100 2456 1301 2511 erroris
1329 2457 1410 2510 sui
1458 2458 1572 2524 fuit,
1609 2464 1670 2510 ut
1704 2455 1847 2510 unde
1873 2469 2017 2511 mors

434 2559 581 2606 esset
623 2558 877 2620 generata
920 2552 1173 2606 nesciret.
1215 2552 1353 2617 Quid
1382 2552 1576 2605 mirum
1608 2551 1651 2605 si
1682 2551 1924 2605 arborem
1954 2549 2019 2605 il-

435 2642 541 2696 lam
573 2643 625 2697 in
649 2642 912 2697 fructibus
938 2657 1042 2697 non
1072 2652 1525 2713 agnoscat,quam
1554 2643 1725 2697 noluit
1755 2644 1805 2697 in
1837 2642 2018 2698 radice

434 2738 799 2805 cognoscere?
825 2737 1266 2806 Quandoquidem
1304 2751 1518 2792 causam
1544 2736 1784 2792 vulneris
1810 2737 2018 2806 suppri-

434 2827 555 2895 mit,
585 2840 638 2884 et
666 2828 941 2884 abscondit
985 2828 1219 2898 gladium
1259 2844 1366 2898 quo
1392 2828 1587 2882 vulnus
1629 2827 1884 2882 inflictum
1912 2836 2012 2883 est.

436 2920 787 2989 Stipendium,
839 2920 1033 2991 inquit,
1075 2923 1271 2989 peccati
1318 2938 1473 2977 mors.
1533 2921 1668 2987 Quia
1717 2921 2015 2991 intelligere

435 3012 732 3081 neglexerit
757 3011 890 3065 tanti
916 3011 1212 3081 principem
1233 3011 1381 3076 mali,
1412 3012 1533 3067 ideo
1563 3012 2015 3082 ignoravitimpo-

434 3102 589 3155 sitam
627 3101 817 3156 mortis
839 3101 1224 3168 conditionem,
1243 3102 1621 3173 pedissequam
1643 3119 1763 3158 esse
1785 3104 2008 3171 peccati.

2125 1906 2206 1962 Ad
2233 1915 2509 1975 parentum
2542 1904 2896 1961 ministerium
2925 1906 3176 1960 nativitas
3196 1906 3428 1960 secunda
3458 1921 3567 1961 non
3598 1923 3714 1977 per-

2125 1997 2282 2051 tinet.
2314 1993 2561 2050 Ofiiciurn
2604 1996 2716 2050 vult
2763 2010 2885 2051 esse
2925 1995 3155 2050 hominis
3202 1996 3345 2066 quod
3391 1996 3486 2051 Dei
3520 2013 3713 2053 munus

2120 2098 2293 2159 est,ut
2312 2090 2453 2145 velut
2481 2090 2710 2159 quodam
2735 2089 3072 2144 haereditario
3092 2091 3278 2146 ordine
3307 2107 3403 2162 per
3433 2092 3713 2147 hominum

2120 2195 2300 2240 currat
2344 2184 2708 2254 posteritatem
2767 2183 2908 2252 quod
2956 2193 3104 2238 extra
3156 2184 3445 2239 humanam
3497 2197 3714 2240 constat

2121 2293 2241 2334 esse
2290 2278 2665 2333 substantiam.
2716 2277 2988 2346 Originale
3034 2287 3214 2332 autem
3275 2290 3597 2348 peccatum,
3652 2296 3714 2337 ex

2120 2369 2432 2438 parentibus
2480 2367 2641 2423 etiam
2694 2367 2974 2436 baptizatis
3010 2382 3107 2436 per
3131 2367 3311 2423 carnis
3349 2370 3612 2439 originem
3650 2370 3713 2426 ad

2126 2459 2265 2537 ﬁlios
2298 2458 2529 2513 transire
2557 2473 2661 2512 non
2690 2457 2910 2511 dubium
2943 2467 3046 2521 est,
3068 2456 3369 2514 dicentibus
3396 2460 3553 2516 nobis
3580 2477 3714 2531 quo-

2121 2550 2249 2606 tidie
2272 2566 2392 2606 cum
2423 2551 2728 2619 Propheta:
2756 2549 2886 2604 Ecce
2927 2550 3061 2603 enim
3106 2550 3160 2605 in
3200 2551 3556 2620 iniquitatibus
3585 2568 3713 2607 con-

2118 2652 2291 2713 ceptus
2312 2658 2443 2709 sum,
2468 2650 2513 2694 et
2539 2642 2589 2695 in
2610 2641 2807 2695 delictis
2828 2642 3019 2712 peperit
3048 2658 3125 2695 me
3162 2652 3324 2696 mater
3343 2659 3458 2697 mea
3486 2642 3604 2716 (Ps.
3630 2645 3709 2715 ι).

2119 2731 2269 2787 Sicut
2311 2741 2365 2787 et
2392 2732 2681 2801 Apostolus
2709 2731 2851 2786 istud
2881 2732 3178 2788 insanabile
3207 2733 3477 2802 piaculum
3503 2750 3570 2789 ex
3598 2751 3710 2792 uno

2119 2824 2172 2879 iu
2216 2838 2405 2879 omnes
2436 2824 2681 2878 homines
2728 2825 3086 2893 pertransisse
3111 2826 3412 2881 confirmat.
3445 2827 3554 2884 Sed
3580 2828 3711 2884 dicit

2119 2916 2366 2987 Pelagius
2425 2916 2547 2972 ideo
2591 2931 2697 2970 non
2744 2930 2865 2971 esse
2909 2914 3171 2986 originale
3216 2926 3536 2986 peccatum,
3582 2919 3710 2989 quia

2118 3010 2230 3079 ipsa
2273 3009 2707 3078 concupiscentia
2756 3009 3116 3078 generationis
3162 3025 3230 3063 ex
3270 3008 3382 3064 Deo
3428 3010 3520 3065 sit.
3553 3010 3711 3067 Unde

2116 3108 2291 3154 autem
2324 3100 2504 3154 veniat
2544 3114 2713 3155 nexus
2753 3101 2875 3164 iste,
2908 3100 2998 3169 qui
3033 3114 3130 3170 per
3155 3109 3403 3170 posteros
3452 3101 3708 3170 trahitur,

438 3192 510 3244 De
536 3206 637 3259 qua
671 3191 876 3257 prchati
905 3206 1094 3248 sumus
1141 3194 1455 3262 stipendium
1497 3196 1689 3262 peccati
1737 3212 1894 3251 mors.
1927 3194 2016 3248 Di.
2041 3180 2087 3241 C
2118 3192 2162 3246 si
2210 3190 2489 3260 requiras?
2544 3190 2661 3246 sine
2703 3189 2865 3251 dubio
2905 3205 3002 3261 per
3048 3191 3377 3246 incentivum
3405 3192 3709 3249 maledicta:

435 3296 591 3349 gnam
622 3280 918 3336 secundum
968 3282 1071 3337 tale
1110 3297 1247 3353 opus
1284 3283 1589 3338 mercedem
1635 3285 1855 3353 recepit,
1909 3284 2015 3340 tale

434 3371 762 3440 stipendium
806 3372 1002 3428 meruit
1044 3373 1133 3442 qui
1174 3373 1387 3427 diabolo
1430 3373 1698 3428 militavit.
1742 3374 1893 3430 Unde
1919 3389 2016 3429 vas

433 3461 713 3516 electionis
726 3461 1126 3520 evidentissime
1146 3463 1406 3519 rationem
1432 3464 1816 3533 redemptionis
1836 3475 2016 3521 osten-

433 3552 513 3608 dit
540 3562 591 3607 et
617 3554 871 3624 praedicat
897 3554 1080 3610 dicens
1105 3573 1120 3612 :
1143 3554 1279 3622 Quid
1309 3557 1444 3610 enim
1480 3572 1595 3610 cum
1627 3556 1798 3610 adhuc
1820 3559 2015 3627 inﬁrmi

433 3661 671 3711 essemus,
700 3646 928 3701 Christus
948 3663 1039 3718 pro
1067 3648 1239 3715 impiis
1254 3656 1485 3701 mortuus
1506 3648 1618 3701 est?
1645 3647 1747 3701 Via:
1767 3650 1902 3702 enim
1921 3666 2014 3717 pro

433 3735 568 3799 iusto
614 3737 730 3804 quis
789 3737 1009 3789 moritur
1040 3737 1231 3806 .(Rom.
1276 3738 1353 3807 v).
1402 3737 1516 3793 lloc
1561 3744 1646 3794 est
1684 3737 1866 3794 dicere
1903 3754 1918 3793 :
1956 3738 2014 3795 Si

433 3825 759 3879 abundasset
788 3826 843 3880 in
867 3828 1259 3896 terrisjustitia,
1276 3843 1382 3883 non
1404 3827 1594 3886 fuisset
1615 3843 1647 3885 e
1666 3832 1816 3886 caelis
1841 3839 2012 3886 trans-

433 3915 595 3968 missa
628 3916 913 3970 medicina.
948 3916 1052 3973 Sed
1082 3926 1138 3972 ut
1166 3919 1445 3979 adveniret
1481 3921 1635 3977 unica
1675 3923 1897 3990 sanitas,
1920 3937 2012 3992 ge-

433 4006 630 4060 neralis
678 4007 855 4076 exegit
902 4007 1208 4065 infirmitas.
1256 4010 1398 4067 Inter
1442 4014 1557 4068 haec
1600 4028 1720 4071 cum
1765 4015 2010 4086 Pelagius

432 4100 596 4152 tantis
621 4100 1026 4170 sacrilegiorum
1054 4101 1284 4158 vinculis
1316 4103 1570 4174 illigetur,
1610 4120 1715 4159 non
1747 4106 1940 4159 mirum
1964 4108 2007 4160 si

432 4203 528 4260 per
556 4194 845 4261 reprobum
875 4207 1093 4248 sensum
1121 4194 1404 4263 multiplici
1435 4196 1673 4249 tradatur
1699 4196 1892 4257 errori,
1917 4196 2009 4266 qui

433 4296 531 4349 per
554 4283 726 4337 solum
752 4283 987 4338 laborem
1015 4290 1164 4353 putat
1184 4297 1345 4352 posse
1366 4285 1582 4339 salvari.
1606 4285 1795 4340 Merito
1818 4295 2007 4340 contra

431 4372 590 4440 hujus
642 4372 961 4443 arrogantiae
1018 4374 1491 4442 prassumptionem
1560 4390 1738 4430 sermo
1794 4377 2006 4432 divinus

430 4465 535 4517 vim
562 4481 671 4519 sua:
694 4466 1025 4521 auctoritatis
1046 4468 1127 4522 vel
1152 4467 1528 4536 increpationis
1559 4470 1788 4524 exeruit.
1818 4468 1999 4532 Nemo,

2119 3282 2482 3353 generationis
2506 3282 2779 3350 ardorem,
2825 3292 2879 3338 et
2903 3297 2999 3352 per
3028 3282 3402 3338 illecebrosum
3428 3286 3710 3355 utriusque

2120 3373 2354 3443 parentis
2381 3372 2704 3443 amplexum.
2738 3373 2870 3427 Nam
2901 3387 3022 3427 cum
3052 3373 3196 3427 illum
3224 3374 3396 3429 solum
3428 3376 3610 3431 videas
3636 3377 3708 3431 ab

2117 3464 2364 3535 originali
2412 3466 2703 3520 immunem
2748 3479 2867 3519 esse
2895 3466 3235 3536 contagione,
3282 3466 3375 3536 qui
3404 3482 3510 3521 non
3539 3483 3705 3524 carne

2116 3554 2213 3610 sed
2257 3556 2467 3625 Spiritu,
2497 3570 2596 3610 nec
2621 3555 2985 3611 erubescenda
3017 3557 3287 3625 passione,
3314 3557 3408 3613 sed
3436 3558 3702 3627 stupenda

2116 3647 2490 3702 benedictione
2531 3654 2823 3716 conceptus
2869 3656 2993 3715 est,
3042 3662 3273 3718 agnosce
3317 3663 3537 3703 causam
3574 3650 3700 3705 mali

2116 3736 2390 3805 originalis
2412 3736 2478 3791 de
2506 3736 2899 3793 oblectamento
2923 3745 3106 3793 natum
3135 3738 3524 3807 conceptionis,
3554 3748 3611 3795 et
3630 3739 3701 3795 de

2115 3828 2247 3882 vitio
2276 3826 2586 3897 voluptatis.
2621 3829 2910 3897 Pr0pterea
2955 3831 3118 3885 etiam
3149 3829 3319 3885 Adam
3360 3839 3414 3886 et
3444 3831 3616 3887 Evam
3644 3832 3696 3887 in

2113 3916 2321 3988 origine
2349 3933 2444 3973 sua
2469 3918 2726 3975 obnoxios
2758 3919 2997 3975 conditio
3022 3921 3123 3975 ista
3153 3935 3260 3975 non
3292 3922 3484 3988 tenuit,
3511 3923 3636 3993 quia
3663 3937 3695 3977 a

2112 4011 2339 4067 duorum
2370 4010 2668 4067 ministerio
2691 4027 2878 4067 eorum
2903 4027 3116 4083 quoque
3146 4021 3298 4068 ortus
3322 4015 3554 4079 alienus,
3581 4014 3694 4070 ille-

2112 4103 2329 4159 cebram
2360 4104 2415 4159 in
2452 4104 2535 4158 sui
2579 4104 2856 4159 nativitate
2883 4116 2936 4160 et
2977 4105 3252 4161 creatione
3295 4105 3543 4160 nescivit.
3586 4105 3693 4162 Sed

2110 4193 2335 4249 forsitan
2386 4195 2666 4265 requiras,
2712 4210 2877 4265 quare
2925 4197 2979 4252 in
3027 4205 3289 4267 conceptu
3338 4198 3409 4253 sit
3456 4197 3689 4268 positum

2108 4286 2368 4355 originale
2412 4286 2686 4342 delictum.
2721 4288 2929 4342 Initium
2974 4289 3139 4343 t0tius
3166 4289 3357 4353 ruinm,
3384 4288 3687 4344 obedien:ia

2111 4376 2229 4430 fuit.
2263 4377 2499 4430 Primum
2531 4377 2673 4431 enim
2722 4377 2992 4433 cxaltatus
3023 4380 3205 4445 homo,
3232 4388 3418 4449 postea
3452 4379 3688 4433 humilia.

2111 4483 2193 4525 tus
2225 4480 2308 4527 est
2342 4482 2397 4527 et
2435 4472 2711 4527 confusus.
2742 4473 2809 4527 Et
2835 4473 2957 4543 quia
2985 4489 3098 4526 cum
3118 4473 3170 4526 in
3202 4475 3391 4526 honore
3410 4484 3563 4535 esset,
3590 4490 3687 4527 non

431 4553 622 4621 inquit,
653 4557 784 4609 venit
811 4558 879 4609 ad
910 4575 1008 4624 me,
1045 4558 1143 4613 nisi
1175 4556 1333 4612 Pater
1354 4560 1623 4613 attraxerit
1664 4577 1778 4615 eum
1820 4560 1999 4631 (Joan.
2031 4540 2085 4599 Ῐ)
2111 4564 2375 4631 intellexit,
2408 4566 2526 4620 ideo
2552 4540 2877 4636 comparatus
2915 4574 2991 4621 est
3027 4566 3277 4637 jumentis
3308 4566 3685 4636 insipientibus,

432 4642 531 4712 vt).
586 4643 653 4697 Et
690 4646 879 4700 iterum
914 4664 925 4699 :
958 4648 1079 4702 Non
1122 4651 1356 4719 volentis,
1407 4667 1563 4721 neque
1603 4654 1872 4719 currentis,
1916 4656 2005 4706 sed

431 4735 709 4789 miserantis
727 4746 799 4789 est
816 4736 908 4790 Dei
930 4740 1105 4805 (Hom.
1131 4742 1230 4810 ιχ).
1246 4741 1398 4809 Quod
1425 4744 1621 4797 merito
1638 4744 1703 4797 ad
1724 4758 1782 4797 se
1803 4743 2003 4799 dictum

432 4839 551 4880 esse
578 4826 861 4893 reputavit,
903 4829 995 4895 qui
1045 4830 1268 4884 salutem
1295 4848 1444 4886 suam
1471 4848 1595 4888 cum
1618 4834 1833 4903 Pelagio
1874 4851 2001 4904 pro-

433 4914 547 4982 prio
577 4913 629 4966 in
659 4914 933 4968 voluntate
958 4930 1021 4970 ac
1047 4920 1245 4973 virtute
1272 4923 1568 4977 constituit.
1617 4923 1767 4991 Quod
1818 4926 1999 4994 utique

433 5003 509 5058 illi
554 5002 710 5070 objici
760 5018 865 5058 non
912 5020 1133 5061 necesse
1173 5019 1275 5075 Cal,
1318 5012 1406 5079 qui
1450 5014 1651 5069 nonde
1677 5016 1794 5069 solo
1822 5017 2003 5071 labore

432 5094 728 5167 praesumit,
756 5094 850 5148 sed
881 5097 1159 5151 conatibus
1189 5102 1298 5156 suis
1325 5104 1689 5170 quotidianam
1717 5107 1811 5161 Dei
1841 5108 2003 5162 mise-

433 5185 716 5243 ricordiam
755 5194 808 5239 et
831 5186 1009 5255 jugem
1056 5190 1278 5256 gratiam
1315 5193 1699 5261 irnplorandam
1734 5212 1852 5252 esse
1876 5212 2001 5267 cogv

433 5280 638 5344 noscit,
682 5287 735 5331 et
776 5278 1033 5331 auxilium
1084 5280 1290 5334 Domini
1343 5286 1581 5353 pervigili
1619 5288 2000 5345 obsecratione

437 5369 695 5439 :lepOscit.

1052 5459 1275 5516 CAPUT
1314 5464 1376 5517 ll.

435 5550 625 5611 Contra
661 5555 1050 5612 observationem
1080 5554 1306 5626 Pelagii,
1340 5574 1441 5626 qua
1471 5560 1614 5629 dicit,
1644 5566 1882 5632 parvulos
1912 5572 2000 5619 Da-

967 5634 1149 5697 ptlsmo
1175 5644 1275 5682 non
1309 5643 1471 5698 egere.

502 5737 759 5797 Attendat
786 5739 948 5795 etiam
975 5738 1077 5798 hoc
1103 5739 1347 5813 Pelagius
1370 5756 1383 5794 :
1406 5739 1465 5797 Si
1502 5755 1599 5812 per
1622 5742 1871 5814 baptismi
1900 5746 2000 5804 do-

2108 4664 2155 4707 et
2182 4656 2364 4709 similis
2404 4656 2569 4726 factus
2600 4666 2671 4710 est
2702 4658 2804 4710 illis
2831 4656 3011 4727 (Psal.
3039 4655 3254 4728 xcvnt).
3287 4656 3536 4724 Quandiu
3563 4672 3686 4726 ergo

2108 4746 2248 4799 circa
2289 4747 2521 4799 auctoris
2550 4746 2865 4816 obsequium
2894 4746 3164 4803 humilitas
3204 4749 3565 4803 reverentiam
3613 4758 3685 4803 te-

2108 4834 2243 4902 nuit,
2269 4836 2563 4891 nuditatem
2605 4838 2934 4892 conscientia
2967 4837 3306 4892 immaeulata
3335 4853 3444 4892 non
3487 4838 3682 4903 sensit;

2104 4941 2224 4980 cum
2266 4941 2395 4981 vero
2424 4927 2514 4982 illo
2544 4928 2725 4983 animo
2768 4938 2825 4982 ut
2852 4929 2991 4983 Deus
3033 4940 3195 4993 esset,
3227 4938 3445 4999 gustum
3472 4929 3576 4984 cibi
3605 4930 3683 4985 le-

2108 5020 2264 5076 thalis
2295 5023 2544 5090 appetiit,
2584 5031 2639 5077 et
2665 5023 3021 5078 damnandam
3049 5025 3395 5094 cupiditatem
3423 5026 3681 5099 inambi-

2107 5121 2217 5165 turn
2248 5112 2542 5179 maiestatis
2570 5113 2850 5179 extendit,
2896 5114 3181 5168 immemor
3211 5115 3340 5183 legis
3381 5126 3434 5170 et
3467 5118 3689 5170 manda-

2106 5210 2279 5254 torum
2326 5203 2454 5270 legis
2488 5242 2506 5268 ,
2569 5204 2784 5258 rebellis
2846 5204 3134 5258 mulctatur
3180 5206 3232 5259 in
3284 5206 3684 5276 impugnatione

2104 5293 2488 5346 membrorum.
2538 5293 2603 5346 Et
2641 5292 2766 5345 dum
2796 5293 3157 5359 aequalitatem
3190 5294 3399 5348 Domini
3430 5296 3514 5349 sui
3549 5310 3681 5365 pra:-

2104 5382 2285 5449 sumit,
2314 5384 2556 5452 corporis
2582 5384 2661 5436 sui
2695 5384 2924 5451 perdidit
2950 5392 3287 5453 potestatem.
3329 5386 3403 5440 De
3432 5386 3681 5456 superbia

2102 5489 2330 5544 namque
2354 5486 2474 5528 nata
2504 5484 2587 5530 est
2616 5475 3019 5530 incontinentia.
3047 5476 3177 5530 Nam
3210 5476 3334 5546 quid
3378 5477 3432 5531 in
3470 5491 3536 5534 eo
3567 5492 3686 5547 per-

2102 5579 2317 5619 cussum
2363 5574 2510 5619 esset
2551 5564 2806 5631 ostendit,
2838 5568 3051 5635 quando
3088 5567 3393 5623 verecunda
3422 5568 3677 5625 contexit.

2102 5654 2384 5711 Praecessit
2410 5655 2591 5720 elatio,
2623 5664 2804 5710 secuta
2832 5655 3075 5712 confusio
3104 5666 3205 5712 est.
3233 5659 3542 5714 Divinitatis
3571 5674 3671 5712 aru-

2101 5747 2328 5806 biliosus
2352 5789 2369 5816 ,
2412 5745 2647 5803 libidinis
2676 5748 2843 5819 coepit
2885 5761 3005 5807 esse
3035 5751 3295 5821 captivus.
3325 5750 3433 5810 Sed
3454 5751 3674 5809 forsitan
