4002 6188
272 302 379 359 7S9

1346 307 1433 363 DE
1471 305 1723 364 GRATIA
1765 305 1905 373 DEI,
1950 307 2122 377 ETC.,
2165 308 2291 364 LIB.
2336 310 2373 365 l.

3433 317 3535 373 790

270 420 421 474 dicas
445 436 458 470 :
483 416 609 472 dum
640 416 755 474 base
782 418 978 475 asseris
1006 420 1219 489 nuptias
1249 419 1502 475 damnare
1545 419 1845 489 deprehen:
1872 418 1920 478 Α
1952 430 2156 487 partem
2182 420 2417 477 subsidia
2448 422 2705 477 orationis
2734 424 3042 481 excludunt.
3068 425 3202 493 Quid
3233 427 3373 481 enim
3395 428 3533 482 ultra

269 512 434 565 deris.
460 509 575 564 Non
601 511 670 564 ita
692 520 793 566 est.
817 512 1096 567 Ordinatio
1117 512 1367 581 nuptialis
1387 528 1455 567 ex
1479 511 1854 567 benedictione

270 603 480 672 cmpit;
538 603 816 671 generatio
876 603 1238 673 torruplionis
1293 620 1359 658 ex
1428 604 1855 674 transgressione

270 697 455 762 carpit.
489 692 705 748 Interim
753 695 1056 763 nuptiarum
1088 710 1281 750 munus
1319 696 1493 751 adhuc
1523 695 1575 750 in
1606 696 1854 766 paradiso

271 800 301 837 ιι
328 782 581 839 Crezttorc
622 799 961 849 concessum,
994 795 1048 841 et
1085 802 1271 842 earum
1304 803 1430 843 usus
1460 798 1608 842 extra
1642 786 1853 857 paradi-

236 899 243 906 ο
272 892 391 929 sum
413 877 526 947 jam
564 878 793 945 sumpsit
820 878 1118 933 exordium.
1152 879 1435 935 Peccatum
1464 880 1517 935 in
1548 880 1724 935 medio
1755 879 1855 933 fuit

275 971 415 1024 inter
453 971 854 1039 generationem
909 981 962 1026 et
1022 973 1529 1042 concupiscentiam.
1586 972 1851 1043 Quidquid

277 1063 567 1131 prmceptio
596 1061 774 1117 divina
805 1066 1101 1131 constituit,
1133 1064 1233 1119 hoc
1262 1066 1438 1130 laudo,
1467 1064 1723 1135 quidquid
1756 1066 1853 1119 lin--

276 1166 433 1207 mana
466 1154 831 1220 pra-varit-atio
858 1155 1054 1224 adjecit
1082 1156 1184 1211 hoc
1227 1157 1475 1224 reprobo.
1501 1157 1779 1222 Quomodo
1808 1157 1852 1211 si

274 1242 467 1313 aliquis
510 1257 630 1297 atro
678 1244 1081 1314 inquinamento
1130 1246 1417 1301 candorem
1474 1248 1642 1300 nivea:
1689 1248 1853 1302 vestis

275 1346 558 1407 aspergat,
610 1352 715 1391 non
743 1337 990 1405 displicet
1024 1336 1247 1400 factura,
1290 1338 1383 1393 sed
1418 1338 1641 1392 macula.
1672 1338 1852 1393 Vesti-

276 1428 445 1483 menti
482 1443 584 1481 non
613 1428 792 1482 amisit
841 1443 995 1482 usum
1024 1468 1041 1495 ,
1090 1429 1190 1483 etsi
1242 1428 1479 1498 perdidit
1522 1429 1849 1500 dignitatem.

276 1518 473 1573 Futura
500 1528 616 1574 erat
646 1518 1011 1573 indubitanter
1036 1529 1182 1573 easta
1220 1528 1273 1574 et
1301 1520 1509 1575 sincera
1554 1521 1847 1589 generatio,

275 1609 318 1663 si
364 1624 471 1663 non
522 1609 915 1664 intercessisset
966 1609 1177 1664 inimica
1209 1609 1578 1679 transgressio.
1610 1610 1714 1665 Sed
1756 1612 1854 1665 im-

275 1702 569 1757 maculatos
598 1701 781 1757 thoros
806 1716 929 1756 caro
970 1701 1331 1757 maledictioni
1372 1701 1580 1767 addicta
1614 1703 1849 1755 maeula-

1955 521 2157 580 sperct,
2200 528 2357 582 quem
2385 512 2495 582 jam
2525 514 2690 583 gratia
2723 528 2876 569 suum
2918 517 3079 571 fecit?
3118 519 3172 572 lu
3214 532 3319 587 quo
3346 533 3533 573 eeon.

1957 601 2122 656 trario
2165 617 2271 656 non
2320 602 2607 673 desperet,
2658 619 2819 673 quem
2850 607 3132 675 przeflnitio
3164 608 3397 663 violenta
3437 612 3536 664 da-

1955 694 2182 748 mnavit.
2210 695 2266 749 ln
2297 694 2399 751 hoc
2425 696 2601 765 culpa,
2626 696 2678 749 in
2705 696 2798 750 illo
2824 699 2991 766 gratia
3016 698 3191 753 locum
3219 715 3322 754 non
3352 700 3531 756 habet.

1956 784 2348 843 Periclitabitur
2374 788 2425 842 in
2460 789 2926 858 utroquejustitia.
2951 789 3398 847 Remunerabitur
3416 795 3535 849 sine

1955 878 2074 931 ﬁdei
2126 879 2357 944 merito,
2407 890 2712 949 assumptus
2759 880 3099 936 damnabitur
3145 884 3263 939 sine
3317 887 3536 954 pr0prio

1952 969 2177 1025 crimine
2201 970 2513 1028 derelictus.
2542 972 2698 1026 Salus
2726 972 2798 1026 illi
2832 973 3118 1043 ingerenda
3151 984 3232 1029 est
3258 990 3362 1028 non
3392 991 3536 1045 qum-

1954 1060 2113 1126 renti,
2144 1059 2267 1117 huic
2287 1062 2569 1118 auferenda
2597 1064 2878 1118 laboranti.
2906 1065 3010 1119 Sed
3037 1065 3168 1121 dicis
3194 1085 3206 1119 :
3233 1068 3355 1123 Ideo
3379 1084 3537 1123 orare

1954 1152 2111 1207 debet
2134 1194 2149 1217 ,
2193 1154 2313 1221 quia
2348 1170 2413 1210 ex
2451 1170 2552 1224 qua
2585 1164 2735 1225 parte
2765 1157 2835 1209 sit
2868 1157 3058 1211 nescit.
3090 1157 3219 1223 Quis
3253 1174 3358 1213 non
3393 1168 3538 1227 putet

1954 1247 2342 1302 rationabiliter
2390 1263 2452 1303 ac
2503 1250 2779 1318 sapienter
2820 1248 2986 1304 fuisse
3035 1250 3389 1318 responsum?
3430 1250 3534 1306 Sed

1953 1339 2077 1409 quid
2108 1355 2265 1395 orare
2307 1340 2508 1395 homini
2558 1342 2795 1411 proderit
2848 1342 2901 1396 in
2948 1358 3053 1397 una
3092 1341 3279 1398 harum
3306 1343 3535 1397 duarum

1953 1428 2258 1485 conditione
2283 1432 2609 1486 omnimodis
2634 1432 2959 1487 constituto?
2999 1435 3128 1489 Nam
3156 1435 3256 1490 etsi
3279 1435 3344 1489 ad
3373 1451 3533 1505 quam

1957 1527 2158 1585 partem
2205 1519 2363 1575 fuerit
2411 1520 2695 1590 deputatus
2746 1522 2982 1592 ignorat,
3029 1533 3309 1596 utramque
3355 1536 3533 1582 tamen

1958 1617 2159 1675 partem
2207 1610 2440 1665 deﬁxam
2485 1628 2605 1668 esse
2649 1622 2703 1668 et
2734 1614 3123 1671 immutabilem
3165 1633 3271 1674 non
3304 1617 3531 1688 ignorat.

1957 1697 2091 1765 Quid
2138 1701 2303 1756 refert
2328 1703 2371 1756 si
2404 1705 2637 1759 nondum
2668 1707 2878 1761 noverit
2906 1706 3082 1761 locum
3110 1723 3289 1773 suum,
3324 1711 3411 1780 qui
3441 1710 3541 1763 de-

274 1791 370 1854 vit,
401 1800 457 1845 et
495 1791 758 1859 superbiae
804 1791 1043 1860 Spiritus,
1097 1793 1391 1862 simplicem
1439 1794 1673 1861 corrupit
1722 1792 1848 1847 alfe-
1883 1776 1927 1835 Β
1960 1792 2263 1849 ﬁnitissime
2301 1796 2451 1849 novit
2471 1797 2591 1866 quia
2617 1798 2817 1854 nullum
2840 1800 2947 1868 jam
2973 1801 3195 1870 recipiat
3214 1802 3294 1856 vel
3318 1776 3535 1859 dextera

272 1890 438 1935 ctum.
461 1882 527 1936 Et
551 1883 688 1936 sicut
719 1881 1134 1938 immortalitatis
1162 1884 1518 1954 privilegium,
1546 1883 1617 1937 ita
1649 1883 1847 1937 donum

274 1976 503 2042 perdidit
528 1976 791 2043 puritatis.
825 1976 939 2029 Non
970 1977 1021 2030 in
1052 1977 1323 2047 querelam
1350 1987 1571 2031 vocatur
1601 1977 1850 2045 nuptia’is

272 2068 462 2136 gr:-tia,
491 2068 585 2122 sed
624 2069 869 2123 obscenae
898 2071 1157 2138 passionis
1195 2071 1409 2140 injuria.
1437 2070 1550 2124 Non
1580 2087 1763 2124 aurum
1796 2072 1848 2124 in

271 2160 480 2229 culpam
510 2160 675 2224 venit,
704 2162 796 2216 sed
825 2162 1079 2232 quidquid
1109 2178 1241 2216 auro
1266 2163 1463 2233 obryzo
1493 2163 1847 2217 adulterinum

272 2250 417 2305 fraus
445 2250 739 2320 iniquitatis
764 2254 1070 2319 admiscuit,
1102 2255 1240 2308 sient
1282 2255 1478 2323 Pelagii
1507 2254 1752 2321 spiritum
1783 2254 1846 2306 ad

272 2340 493 2394 meliora
524 2342 700 2395 studia
728 2358 756 2396 a
802 2342 911 2397 Deo
954 2345 1255 2413 conditum,
1314 2348 1656 2415 corruptione
1687 2346 1848 2415 pesti-

270 2432 383 2487 fera
413 2433 662 2503 nequitiae
688 2444 872 2490 auctor
899 2435 1102 2490 infecit.

884 2525 1110 2582 CAPUT
1148 2526 1234 2582 ΙΙΙ.

269 2616 463 2674 Contra
483 2620 579 2672 hoc
599 2618 736 2687 quod
766 2617 959 2683 Jicunt,
986 2620 1107 2689 quia
1137 2634 1224 2683 per
1246 2618 1410 2673 solam
1438 2621 1656 2689 gratiam
1683 2623 1848 2675 omnis

623 2692 773 2742 homo
800 2690 907 2742 sine
932 2689 1040 2742 ullo
1070 2689 1240 2743 labore
1264 2693 1505 2744 salvetur.

340 2801 494 2855 Nunc
540 2800 863 2856 veniendum
907 2810 992 2857 est
1037 2802 1102 2856 ad
1153 2803 1271 2857 illos
1314 2803 1437 2873 qui,
1468 2804 1592 2858 dum
1624 2806 1845 2876 gratiam

269 2893 393 2947 aliis
432 2891 547 2946 dari
574 2932 590 2957 ,
636 2891 755 2945 aliis
786 2893 964 2961 negari
994 2901 1262 2959 asserunt,
1295 2909 1489 2948 munus
1513 2896 1697 2964 gratia:
1728 2913 1847 2950 cum

270 2986 489 3056 Pelagio
555 2985 920 3054 perdiderunt.
970 2988 1160 3043 Dicunt
1207 3004 1337 3060 ergo
1390 2990 1456 3044 ad
1505 2992 1705 3047 cultum
1758 2993 1849 3048 Dei

269 3085 433 3145 atque
461 3075 795 3141 famulatum,
828 3076 987 3132 etiam
1032 3085 1152 3148 post
1193 3080 1443 3147 baptismi
1493 3083 1726 3139 salutare
1756 3084 1851 3138 do-

1958 1884 2249 1952 periculum
2294 1885 2378 1941 vel
2424 1888 2643 1941 sinistra
2694 1889 3027 1956 profectum?
3073 1892 3224 1958 Quod
3264 1892 3310 1946 si
3359 1893 3535 1948 adhuc

1955 1982 2061 2027 tant
2088 1974 2308 2030 confusa
2338 1978 2614 2045 persuasio
2644 1982 2942 2033 orationem
2976 1982 3333 2035 necessariam
3364 1992 3533 2051 putat.

1955 2064 2316 2120 indubitanter
2341 2077 2595 2137 agnoscat
2620 2070 2739 2138 quia
2764 2080 2950 2125 contra
2982 2072 3347 2127 deﬁnitionem
3370 2087 3524 2127 suam

1954 2166 2005 2210 et
2034 2156 2099 2210 de
2126 2158 2297 2213 salute
2325 2158 2390 2213 ad
2423 2160 2797 2228 perditionem,
2847 2172 2900 2217 et
2927 2164 2995 2218 dc
3036 2163 3335 2233 perditione
3363 2172 3536 2220 trans-

1954 2247 2032 2301 ire
2075 2250 2272 2319 poterit
2301 2249 2369 2303 ad
2408 2251 2657 2306 salutem.
2712 2252 2769 2307 Si
2800 2268 2929 2323 ergo
2971 2254 3160 2309 orandi
3200 2268 3352 2309 usum
3402 2270 3535 2323 pra:-

1954 2340 2354 2394 termittendum
2388 2357 2508 2397 esse
2541 2358 2643 2395 non
2674 2344 2922 2409 mstimat,
2954 2346 3189 2399 studium
3222 2362 3326 2400 non
3356 2347 3535 2400 exclu-

1961 2432 2050 2485 dat
2081 2432 2357 2501 operandi.
2390 2432 2526 2499 Quid
2558 2444 2640 2490 est
2685 2434 2827 2490 hoc?
2868 2436 3088 2505 pulsare
3113 2436 3311 2491 debere
3337 2450 3423 2489 me
3448 2434 3533 2503 ju-

1952 2521 2117 2587 dicas,
2142 2533 2193 2577 et
2222 2525 2569 2592 aperiendum
2602 2526 2729 2579 mihi
2757 2541 2878 2582 esse
2900 2528 3177 2596 desperas.
3206 2528 3541 2581 Alterutrum

1952 2627 2080 2678 ergo
2112 2613 2271 2667 faciat
2296 2655 2311 2679 ,
2360 2625 2451 2669 aut
2481 2614 2708 2671 fructum
2737 2619 2997 2673 orationis
3026 2627 3206 2689 neget,
3237 2629 3332 2675 aut
3356 2620 3537 2690 legem

1952 2713 2161 2758 statuta:
2209 2706 2522 2774 perditionis
2570 2709 2839 2763 excludat.
2886 2710 3140 2764 Videmus
3184 2710 3365 2782 itaque
3408 2714 3531 2783 quia

1955 2795 2068 2849 haec
2098 2796 2251 2864 plena
2278 2799 2478 2853 erroris
2521 2800 2776 2869 assertio,
2809 2801 2934 2855 dum
2963 2816 3179 2855 causam
3224 2802 3532 2858 intercludit

1953 2886 2137 2941 orandi
2168 2888 2235 2942 de
2279 2888 2397 2943 luce
2440 2891 2626 2959 gratiae
2663 2892 2866 2961 incipit,
2900 2903 2955 2947 et
3000 2893 3121 2947 ﬁnis
3146 2894 3264 2962 ejus
3293 2894 3347 2948 in
3379 2904 3531 2948 tene-

1954 2979 2077 3034 bras
2112 2981 2374 3051 sacrilegii
2416 2984 2639 3038 incurrit
2672 2998 2735 3039 ac
2762 2984 2961 3039 deﬁcit.
2991 2986 3082 3041 Sit:
3105 2987 3349 3041 diabolus
3376 2988 3529 3043 calli-

1955 3069 2122 3126 ditatc
2152 3073 2349 3127 veteris
2393 3073 2603 3130 artificii
2633 3089 2696 3130 ac
2717 3076 3067 3131 multiformis
3098 3077 3317 3145 ingenii,
3347 3079 3529 3133 condit

270 3184 399 3221 nutu
426 3169 634 3223 devota:
663 3169 933 3224 servitutis
964 3170 1322 3226 obedientiam
1369 3189 1475 3228 non
1503 3176 1723 3243 requiri,
1754 3176 1846 3231 sed

1956 3164 2314 3221 blandimenta
2345 3168 2623 3237 peccandi.
2664 3168 2754 3224 Sic
2780 3169 2943 3225 etiam
2977 3171 3203 3224 maleﬁci
3244 3170 3418 3225 facere
3445 3187 3530 3226 so-

268 3260 443 3312 solam
474 3274 567 3327 per
593 3274 652 3314 se
676 3260 899 3330 gratiam
932 3261 1173 3315 effectum
1205 3261 1448 3319 humana:
1493 3266 1676 3320 salutis
1722 3283 1849 3332 ope-

270 3350 401 3404 rari.
432 3350 647 3413 Totum.
675 3351 937 3420 inquiunt,
962 3353 1126 3407 solius
1155 3364 1235 3407 est
1262 3356 1462 3422 gratim.
1488 3357 1629 3411 lstud
1661 3359 1848 3414 melius

270 3455 299 3492 a
333 3440 488 3494 nobis
519 3442 712 3508 peterit
737 3441 861 3507 dici,
896 3441 995 3496 hoc
1023 3444 1192 3508 magis
1222 3445 1417 3498 nostris
1446 3446 1686 3513 partibus
1714 3464 1846 3501 con-

271 3530 421 3585 venit
462 3530 717 3600 applicari
761 3548 773 3583 :
814 3531 902 3600 qui
933 3547 1038 3587 non
1086 3533 1137 3586 in
1187 3543 1425 3602 partem,
1458 3536 1551 3590 sed
1596 3537 1645 3591 in
1679 3547 1846 3592 totum

268 3635 439 3693 genus
486 3624 774 3676 humanum
820 3623 1005 3692 gratiae
1036 3623 1291 3678 beneﬁcia
1322 3626 1547 3680 fatemur
1592 3628 1843 3681 extendi:

270 3716 349 3770 sic
402 3726 579 3771 tamen
637 3724 693 3769 ut
737 3716 785 3770 ei
845 3716 1130 3785 vigilantiae
1175 3716 1425 3771 humana:
1467 3718 1703 3773 studium
1754 3735 1848 3789 per

269 3808 450 3862 omnia
488 3806 791 3876 jttdicemus
816 3806 1053 3877 adjungi.
1081 3808 1210 3862 Nam
1243 3810 1329 3878 qui
1358 3818 1517 3879 negat
1545 3811 1728 3879 grati-.1:
1762 3826 1848 3867 as-

269 3899 582 3953 sociandum
634 3898 872 3953 famulati
927 3900 1122 3955 laboris
1152 3910 1423 3968 conatum,
1456 3902 1721 3957 subtrahit
1755 3906 1848 3958 bo-

269 3990 399 4044 mini
446 3990 719 4045 servitutis
762 3990 1014 4044 ofﬁciutu.
1046 3990 1238 4046 Nescio
1281 3991 1367 4045 ubi
1414 4000 1507 4045 aut
1535 3994 1749 4063 quando
1780 3996 1846 4051 ab

266 4097 434 4151 opere
483 4081 699 4147 feriari,
745 4083 957 4148 quando
999 4083 1109 4137 otio
1158 4084 1346 4140 debeat
1395 4086 1724 4155 derelinqui,
1756 4089 1845 4157 qui

267 4174 431 4230 etiam
482 4173 535 4227 in
586 4174 831 4243 paradiso
870 4175 1084 4242 jubetur
1130 4179 1360 4243 operari.
1414 4179 1467 4231 ln
1518 4194 1623 4248 quo
1672 4179 1846 4249 (sicut

270 4262 521 4332 legimus)
553 4264 620 4316 ita
646 4271 730 4318 est
752 4265 1101 4333 constitutus,
1148 4276 1201 4319 ut
1230 4280 1524 4337 operaretur
1548 4278 1594 4322 et
1622 4272 1845 4324 custodi-

267 4362 346 4407 ret
385 4354 533 4406 illum
554 4352 708 4423 (Gen.
740 4354 822 4423 tt).

877 4444 1105 4501 CAPUT
1144 4446 1231 4500 IV.

270 4535 463 4591 Contra
503 4551 616 4589 eum
658 4551 883 4600 sensum,
910 4538 999 4605 qui
1031 4538 1244 4591 direudo
1282 4556 1299 4589 t
1336 4537 1479 4592 Unus
1508 4540 1577 4591 ad
1626 4550 1839 4597 mortem

342 4607 731 4680 prwordinatus,
764 4607 893 4680 alter
913 4608 980 4680 ad
1005 4608 1155 4680 uitam
1181 4611 1567 4680 prtedestinulus
1588 4621 1680 4678 est,
1706 4630 1723 4662 ι
1755 4630 1839 4667 re-

341 4677 433 4730 bus
456 4677 581 4745 ipsis
601 4692 739 4745 span
766 4677 1058 4731 intercludit
1085 4677 1298 4733 orando.

343 4817 474 4867 Cum
506 4813 776 4868 dixerint:
802 4821 967 4868 totum
997 4816 1180 4885 gratias
1213 4816 1302 4870 Dei
1346 4823 1427 4870 est
1452 4831 1465 4868 :
1490 4817 1608 4884 quis
1635 4831 1739 4870 non
1771 4818 1837 4872 ad

272 4911 379 4956 tam
410 4903 757 4957 reverendum
788 4917 980 4957 nomen
1025 4905 1167 4958 omni
1194 4904 1373 4961 cordis
1402 4905 1685 4960 inclinetur
1712 4906 1839 4961 all'e-

272 4994 397 5047 ctu?
432 4994 537 5051 Sed
576 5009 696 5048 cum
742 4994 1173 5063 responderimus
1204 5012 1217 5047 :
1249 5005 1413 5050 totum
1456 4997 1611 5065 plane
1656 4997 1837 5063 gratia:

271 5094 384 5147 est.
424 5086 517 5139 sed
547 5084 793 5138 omnibus
841 5098 903 5138 ea
942 5084 1097 5139 offert
1120 5093 1277 5153 atque
1302 5087 1491 5154 ingerit
1516 5088 1581 5139 ad
1612 5088 1836 5140 salutem

271 5177 512 5231 omnium
559 5174 805 5228 conditor
848 5187 912 5228 ac
939 5173 1266 5241 redemptor.
1298 5174 1378 5228 Ad
1407 5174 1521 5228 haec
1562 5175 1640 5229 illi
1683 5177 1839 5245 longe

273 5280 304 5319 a
347 5265 561 5334 pietatis
607 5266 818 5318 tramite
872 5262 1223 5328 recedentes,
1268 5264 1592 5333 respondere
1639 5280 1839 5334 praesu-

274 5354 591 5411 muntzNon
616 5369 733 5409 eam
767 5354 1011 5409 Salvator
1054 5354 1296 5409 omnibus
1343 5355 1523 5421 dedit,
1575 5356 1695 5425 quia
1740 5371 1839 5412 nec

273 5460 369 5516 pro
396 5445 641 5500 omnibus
669 5453 907 5500 mortuus
944 5454 1045 5499 est.
1094 5444 1232 5499 Ecce
1269 5445 1446 5499 statim
1494 5446 1545 5499 in
1592 5447 1838 5501 secundis

270 5545 492 5607 apparet
520 5536 704 5605 gratiae
730 5536 1082 5605 impugnator,
1120 5537 1207 5604 qui
1249 5536 1509 5605 imprimis
1554 5539 1838 5606 putabatur

269 5635 523 5680 assertor.
552 5624 823 5695 Objiciunt
854 5640 1045 5681 nomen
1074 5626 1281 5694 gratiae,
1324 5635 1381 5679 ut
1421 5624 1835 5681 abominandum

273 5730 484 5775 sensum
525 5716 767 5783 operiant
818 5714 1180 5786 blasphemiae.
1216 5713 1269 5770 In
1300 5716 1611 5771 alterutram
1659 5716 1833 5785 itaque

1955 3257 2065 3309 lent
2107 3257 2197 3326 qui
2242 3258 2551 3314 mortiferos
2592 3260 2875 3315 herbarum
2921 3271 3224 3331 temperant
3253 3276 3442 3316 succos
3477 3263 3536 3316 in

1951 3349 2198 3414 condito,
2229 3360 2320 3403 aut
2367 3351 2543 3421 aliquo
2584 3352 2725 3407 dulci
2767 3352 2957 3421 poculo
2998 3353 3361 3407 nescientibus
3404 3368 3529 3420 pro-

1953 3439 2184 3506 pinaturi
2214 3450 2426 3507 gustum
2459 3443 2678 3495 mentita
2712 3442 2974 3495 suavitate
3003 3452 3351 3510 componunt,
3385 3444 3532 3497 virus

1950 3530 2324 3584 amaritudinis
2354 3530 2646 3585 obscurant
2687 3531 2875 3585 fraude
2903 3532 3223 3586 dulcedinis.
3270 3533 3531 3588 Provoeat

1950 3623 2156 3687 primus
2196 3621 2329 3676 odor
2354 3622 2548 3691 poculi,
2582 3622 2675 3677 sed
2708 3623 2962 3691 prtefoeat
2990 3623 3226 3678 inclusus
3252 3639 3412 3693 sapor
3441 3641 3531 3681 ve-

1950 3711 2095 3765 neni.
2126 3711 2228 3765 Mel
2257 3720 2341 3766 est
2369 3712 2511 3783 quod
2543 3713 2787 3767 ascendit
2826 3714 2877 3766 in
2911 3713 3048 3765 labia
3076 3753 3091 3779 ,
3137 3712 3207 3767 fel
3257 3722 3340 3767 est
3383 3716 3526 3783 quod

1949 3804 2225 3858 descendit
2249 3805 2303 3859 in
2332 3806 2563 3860 viscera.
2592 3805 2783 3859 Dicunt
2812 3805 2951 3873 quod
2984 3806 3035 3858 in
3061 3806 3320 3861 alterutro
3347 3821 3526 3861 rerum

1948 3904 2086 3947 statu
2129 3894 2247 3949 illos
2293 3894 2394 3948 sibi
2439 3908 2584 3948 mors
2632 3892 2909 3957 vindicet,
2958 3894 3091 3951 istos
3118 3896 3224 3949 vita
3253 3895 3525 3961 defendat,

1948 4001 2065 4055 qua:
2088 4000 2207 4039 cum
2239 3985 2440 4049 dicunt,
2472 3985 2563 4053 qui
2606 4001 2769 4040 unum
2799 3986 2854 4040 in
2883 3986 3092 4056 origine
3132 3988 3419 4055 perditum,
3448 3988 3527 4042 al-

1949 4088 2117 4134 terum
2146 4081 2198 4133 in
2232 4078 2702 4148 praedestinatione
2728 4078 2963 4133 afﬁrmat
2988 4081 3237 4145 electum,
3270 4079 3389 4134 vide
3418 4095 3525 4149 quo

1946 4171 2185 4240 improba
2219 4173 2565 4240 persuasione
2592 4170 2843 4226 declinet.
2869 4170 3002 4237 Quid
3032 4172 3176 4225 enim
3204 4171 3353 4226 aliud
3373 4172 3523 4237 dicit,

1946 4262 2045 4314 nisi
2087 4261 2226 4328 quod
2273 4262 2536 4330 adjutorio
2570 4261 2828 4317 orationis
2856 4270 3042 4316 neuter
3084 4261 3363 4332 indigeat?
3388 4261 3521 4317 Nam

1940 4351 2050 4419 jam
2084 4353 2450 4420 praeordinatis
2498 4352 2566 4407 ad
2596 4354 2761 4408 vitam
2791 4355 3091 4408 necessaria
3123 4370 3227 4409 non
3271 4354 3398 4421 erit,
3432 4356 3524 4409 dc-

1870 4488 1924 4548 D
1949 4443 2145 4511 putatis
2171 4443 2237 4497 ad
2268 4454 2492 4497 mortem
2534 4444 2791 4513 prodesse
2830 4460 2934 4498 non
2968 4443 3181 4512 poterit.
3208 4444 3265 4498 lu
3297 4445 3403 4499 isto
3432 4458 3523 4499 su-

1949 4547 2230 4602 pervacua,
2280 4534 2331 4588 in
2378 4534 2469 4588 illo
2499 4536 2708 4589 infirma
2731 4534 3075 4604 iudicabitur.
3111 4534 3371 4589 Beneﬁcia
3397 4550 3521 4605 sup~

1950 4623 2245 4693 plicationis
2282 4624 2372 4692 qui
2417 4624 2469 4678 in
2512 4625 2864 4694 acqu'sitioue
2910 4624 3392 4693 praedestinationis
3437 4632 3523 4679 est

1948 4732 2054 4771 non
2085 4716 2341 4783 requirit;
2382 4715 2472 4784 qui
2500 4729 2629 4770 vero
2673 4716 2726 4769 in
2756 4714 3070 4783 perditionis
3098 4726 3269 4783 parte,
3302 4732 3407 4771 non
3434 4730 3521 4771 re-

1947 4808 2093 4874 cipit.
2122 4805 2272 4873 Quod
2316 4807 2359 4861 si
2393 4821 2572 4860 euram
2604 4807 3013 4875 impendendam
3044 4809 3273 4861 :estimat
3302 4808 3518 4873 rationi,

1948 4900 2307 4955 indubitanter
2337 4900 2593 4969 intelligat
2630 4915 2694 4956 ea
2737 4914 2855 4968 quae
2902 4900 3185 4956 imminent
3216 4913 3375 4968 posse
3403 4914 3519 4955 mu~

1947 4990 2069 5055 tari,
2102 4990 2395 5044 secundum
2422 4988 2550 5044 illud
2582 4990 2955 5058 Evangelieum
2986 5006 2997 5042 :
3028 4989 3251 5060 Vigilute
3273 4999 3320 5043 et
3354 4999 3517 5057 orate,

1943 5097 2009 5135 ne
2048 5082 2247 5134 intretis
2274 5080 2326 5133 in
2366 5080 2688 5132 teutationem
2719 5078 2911 5150 (Marc.
2945 5078 3057 5147 xv).
3100 5078 3267 5132 Item:
3302 5078 3518 5147 Vigilate

1941 5173 2111 5241 itaque
2131 5173 2269 5224 onmi
2301 5180 2541 5238 tempore,
2566 5181 2767 5223 orantes
2795 5177 2851 5222 ut
2871 5170 3014 5241 digni
3036 5169 3322 5223 habeamini
3343 5170 3516 5240 fugere

1942 5264 2041 5317 ista
2064 5264 2234 5317 omnia
2254 5278 2368 5331 quin
2392 5264 2565 5329 futura
2588 5270 2737 5324 sunt,
2761 5271 2811 5315 et
2833 5272 2969 5316 stare
2991 5270 3107 5313 ante
3132 5257 3327 5313 Filium
3352 5257 3518 5310 homi-

1943 5357 2021 5410 nis
2047 5354 2199 5427 (Luc.
2230 5354 2347 5423 xu).
2368 5355 2433 5408 Et
2454 5355 2643 5408 iterum
2669 5368 2684 5407 :
2708 5352 2821 5406 Hoc
2850 5369 3006 5422 genus
3034 5350 3273 5405 daemonii
3293 5363 3393 5400 non
3420 5348 3514 5410 eii-

1938 5450 2069 5502 citur
2087 5447 2186 5502 nisi
2206 5462 2295 5516 per
2314 5446 2591 5501 orationem
2611 5454 2658 5498 et
2669 5446 2929 5515 jejunium
2953 5442 3162 5515 (Manli.
3184 5438 3339 5506 xvu).
3361 5436 3515 5503 Quod

1938 5542 1983 5597 si
2013 5540 2186 5597 oratio
2214 5538 2516 5593 necessaria
2543 5551 2648 5591 non
2680 5546 2782 5604 est,
2816 5550 2912 5589 cur
2954 5533 3068 5601 ipse
3094 5531 3182 5596 qui
3214 5527 3515 5583 exorandus

1938 5641 2022 5687 est
2040 5671 2056 5698 ,
2085 5630 2310 5686 formam
2341 5625 2601 5683 orationis
2629 5623 2854 5679 instituit
2881 5631 2936 5676 et
2961 5620 3175 5675 oravit?
3213 5618 3269 5673 In
3295 5632 3361 5674 eo
3386 5632 3514 5687 ergo

1941 5722 2031 5792 qui
2061 5718 2285 5777 indoctis
2321 5716 2538 5774 auribus
2568 5714 2733 5771 solius
2758 5710 2942 5779 gratia:
2971 5708 3268 5765 assertione
3307 5707 3512 5763 blandi-
