4002 6188
461 274 557 331 79!

1692 270 1749 321 S.
1795 266 2036 321 FAUSTI
2080 264 2482 321 RiiEGlliNS!S

3614 274 3708 330 ἨΞ

459 396 544 440 tur
591 382 959 454 propheticum
991 380 1124 435 illud
1151 378 1454 449 implebitur
1478 395 1491 432 :
1519 378 1804 448 Malignus,
1840 375 2029 445 inquit,
2062 379 2111 435 A
2139 375 2263 429 Jesu
2294 378 2573 441 credimus,
2613 385 2666 428 ut
2685 377 3032 445 justiﬁcemur
3059 394 3120 429 ea:
3150 379 3253 445 ﬁde
3284 379 3471 431 (.‘ltristi
3491 421 3507 438 .
3537 392 3586 435 et
3617 402 3706 438 non

460 486 625 541 nocet,
648 491 761 528 cum
798 490 851 528 se
878 472 1243 526 commiscuerit
1264 471 1431 539 justo.
1466 469 1599 523 Auri
1626 468 1831 536 species
1861 467 2033 536 primo

459 569 641 622 colore
672 564 971 634 praefertur,
1024 561 1118 617 sed
1150 560 1349 630 plumbi
1379 560 1559 614 vilitas
1606 559 1926 613 intrinsecus
1952 558 2031 611 la-

461 670 575 714 tere
603 656 1043 727 deprehenditur.
1068 653 1345 721 Quomodo
1375 655 1417 706 si
1448 653 1547 707 sub
1576 651 1798 721 praelato
1827 651 2034 705 mentiti

459 751 592 804 civis
624 748 808 803 habitu
838 747 1014 803 subito
1038 745 1208 799 hostis
1235 752 1507 813 appareat,
1540 752 1630 796 aut
1671 743 1717 796 si
1747 757 1805 797 se
1835 741 2037 796 inimici

459 842 645 896 dolosa
683 839 953 895 subtilitas
995 838 1336 907 transﬁguret
1382 835 1435 889 in
1479 835 1725 905 angelum
1769 833 1922 900 lucis,
1965 833 2035 886 ita

458 932 562 988 sub
583 932 795 1003 pietatis
824 930 1002 986 {route
1027 927 1340 998 gentilitatis
1361 927 1585 990 malum,
1608 934 1664 980 et
1690 925 1826 980 intra
1853 922 2038 995 gratiae

461 1024 814 1088 vocabulum,
864 1020 1238 1077 absconditum
1280 1019 1383 1074 erit
1425 1016 1583 1072 fatale
1632 1016 1929 1072 decretum.
1982 1015 2037 1073 Si

460 1132 590 1186 ergo
618 1130 762 1171 unus
785 1115 851 1170 ad
893 1116 1080 1177 vitam,
1109 1113 1249 1167 alter
1290 1110 1358 1167 ad
1392 1112 1742 1180 perditionem
1770 1110 1864 1181 (ut
1890 1124 2040 1165 asse-

460 1207 605 1276 runt)
637 1208 924 1276 deputatus
966 1215 1051 1260 est
1090 1205 1249 1275 (sicut
1281 1203 1498 1273 quidam
1523 1212 1831 1257 sanctorum
1857 1200 2038 1271 dixit),

462 1316 567 1355 non
603 1298 877 1369 iudicandi
924 1297 1220 1364 nascimur,
1269 1295 1366 1352 sed
1407 1294 1651 1365 iudicati.
1704 1294 1888 1364 Neque
1932 1293 2041 1349 ulla

460 1393 561 1447 sibi
590 1393 741 1460 juxta
772 1390 887 1445 hanc
913 1388 1111 1458 poterit
1138 1388 1363 1458 :equitas
1390 1396 1641 1442 constare
1667 1386 1876 1456 judicii.
1907 1385 2041 1441 Nam

459 1485 502 1536 si
553 1482 680 1536 nihil
710 1482 851 1536 Deus
877 1479 1077 1535 famulo
1106 1478 1275 1548 dedit,
1302 1493 1333 1532 a
1364 1476 1567 1533 famulo
1617 1477 1743 1547 quid
1773 1476 2041 1547 reposcit?

1088 1589 1313 1645 CAPUT
1352 1589 1419 1643 V.

460 1686 606 1754 Lrg's
637 1700 791 1751 opera
822 1682 1173 1745 destruantur,
1206 1690 1252 1754 et
1277 1680 1456 1750 gratia:
1482 1681 1916 1754 commendantur,
1947 1679 2043 1754 __oel

2138 485 2201 522 ea:
2232 470 2471 537 aperibus
2501 468 2647 536 legis.
2697 465 2915 536 Pmpter
2944 468 3077 537 quod
3121 484 3184 519 ea:
3209 469 3440 538 operibus
3469 472 3593 543 legis
3618 491 3707 528 non

2129 558 2501 629 justiﬁcabitur
2544 560 2704 612 omnis
2745 572 2867 609 caro
2911 573 3083 609 coram
3124 557 3215 611 illo
3246 556 3391 629 (Gal.
3434 560 3515 629 ιι).
3544 564 3617 616 Ac
3641 565 3709 620 sic

2138 650 2383 704 evacuari
2428 663 2588 718 opera
2622 663 2776 703 error
2806 648 3000 717 impius
3030 647 3199 715 dixit,
3245 651 3341 704 sed
3372 646 3491 720 qua:
3520 652 3609 706 illa
3638 669 3711 708 es-

2138 752 2258 795 sent
2284 739 2469 794 dolosa
2494 738 2783 793 calliditate
2809 739 3130 809 suppressit.
3159 738 3311 794 Nunc
3338 754 3467 810 ergo
3492 742 3705 810 patieris

2140 828 2467 898 intelligendi
2497 828 2884 895 difﬁcultatem,
2917 828 2961 882 si
2994 842 3342 897 personarum
3372 832 3454 884 vel
3491 846 3704 900 cperunt

2140 920 2474 977 intellexeris
2501 921 2916 976 distinctionem.
2950 920 3032 976 Ad
3070 920 3285 977 Judaeos
3312 924 3457 978 enim
3486 924 3709 980 dicitur:

2142 1008 2266 1066 Non
2297 1010 2669 1082 justiﬁcabitur
2718 1028 2781 1067 ea:
2823 1011 3061 1083 operibus
3090 1013 3216 1085 legis
3254 1014 3417 1069 omnis
3462 1032 3603 1069 caro.
3640 1018 3713 1072 Ad

2141 1102 2474 1160 Christianos
2502 1117 2637 1159 vero
2659 1103 2771 1172 jam
2804 1102 2856 1157 in
2902 1103 3119 1160 Christo
3147 1116 3386 1168 renatos,
3419 1107 3494 1160 ita
3528 1110 3725 1163 instru-

2142 1196 2336 1251 ctionis
2362 1210 2541 1251 sermo
2570 1195 2816 1266 dirigitur
2849 1213 2863 1248 :
2887 1195 3192 1264 Operamini
3220 1196 3402 1250 bonum
3431 1198 3499 1250 ad
3529 1215 3715 1262 omnes,

2144 1286 2364 1340 maxime
2383 1294 2554 1339 autem
2572 1286 2640 1339 ad
2662 1286 2963 1341 domesticos
2989 1286 3112 1355 ﬁdei
3128 1284 3271 1357 (Gal.
3288 1286 3388 1357 vr).
3416 1287 3484 1341 Et
3509 1289 3722 1347 iterum.

2145 1378 2343 1449 Itaque,
2371 1379 2555 1446 fratres
2578 1378 2679 1431 mei
2701 1377 2895 1445 dilecti,
2919 1377 3123 1434 stabiles
3143 1389 3299 1433 estote
3333 1388 3380 1433 et
3416 1381 3711 1447 immobiles,

2145 1468 2458 1523 abundantes
2495 1468 2548 1521 in
2580 1483 2728 1537 opere
2755 1465 2966 1522 Domini
2998 1485 3215 1539 semper,
3242 1471 3454 1524 scientes
3478 1472 3619 1540 quod
3648 1474 3711 1525 la-

2148 1563 2239 1615 bor
2273 1569 2433 1614 vester
2456 1575 2556 1613 non
2574 1568 2648 1613 est
2676 1560 2847 1613 inanis
2874 1560 2929 1613 in
2958 1559 3183 1614 Domino
3214 1559 3300 1631 (II
3324 1560 3445 1615 Cor.
3489 1562 3614 1633 xv);
3653 1566 3714 1617 ad

2149 1653 2508 1722 Christianos,
2559 1653 2809 1724 inquam,
2855 1653 3082 1709 dicitur:
3109 1654 3199 1711 Sic
3233 1656 3397 1709 luceat
3424 1658 3515 1711 tua;
3562 1668 3715 1711 t'estrc

529 1745 708 1807 contra
740 1756 834 1806 hoc
866 1754 1000 1821 quod
1042 1745 1388 1805 indoctissime
1425 1751 1712 1805 testimonia
1750 1766 1843 1821 pro
1878 1749 2039 1804 solius
2072 1745 2121 1805 B
2145 1763 2315 1800 coram
2344 1745 2653 1812 hominibus,
2677 1754 2732 1799 ut
2754 1746 2957 1799 videant
2984 1763 3139 1815 opera
3166 1756 3329 1801 vestra
3360 1748 3510 1813 bona,
3540 1760 3588 1802 rt
3616 1751 3716 1820 glo-

530 1828 710 1894 gratia:
733 1827 1009 1878 assertione
1035 1831 1346 1894 proponunt.

531 1937 795 2003 Legimus,
830 1933 1093 2002 inquiunt,
1124 1932 1186 1985 ad
1220 1933 1516 1987 Romanos:
1541 1931 1600 1985 Si
1630 1933 1761 1984 enim
1780 1932 2036 1984 Abraham

458 2042 521 2081 ea:
547 2025 1102 2094 aperibusjustiﬁcatus
1122 2031 1215 2085 est,
1237 2022 1383 2074 habet
1401 2023 1636 2091 gloriam,
1658 2022 1746 2075 sed
1772 2037 1871 2075 non
1896 2024 2036 2091 apud

462 2119 621 2171 Deum
651 2115 824 2186 (Rom.
857 2113 952 2184 tv).
976 2113 1105 2168 ltem
1131 2128 1145 2166 :
1173 2112 1237 2164 Ei
1265 2122 1431 2165 autem
1459 2112 1544 2180 qui
1564 2119 1819 2180 aperatur,
1849 2129 2036 2166 merces

459 2223 560 2260 non
588 2210 865 2275 impu'atur
890 2205 1166 2260 secundum
1194 2204 1407 2274 gratiam
1429 2244 1443 2268 ,
1472 2202 1560 2256 sed
1585 2204 1859 2256 secundum
1898 2203 2035 2257 debi-

458 2312 563 2353 tum
589 2298 802 2369 (Ibid).
828 2299 888 2353 Ei
918 2307 1093 2352 autem
1129 2296 1219 2365 qui
1238 2311 1343 2349 non
1370 2305 1643 2364 operatur,
1671 2295 1906 2350 credenti
1937 2310 2035 2350 au-

459 2404 567 2447 tem
610 2394 661 2445 in
698 2406 819 2446 eum
863 2390 951 2460 qui
992 2388 1248 2459 justilicat
1291 2387 1512 2457 impium
1538 2425 1553 2451 ,
1602 2396 1876 2455 reputatur
1903 2386 2034 2442 ﬁdes

459 2484 577 2549 ejus
603 2482 668 2536 ad
697 2481 974 2549 justitiam.
998 2479 1221 2533 Addunt
1247 2480 1405 2533 etiam
1431 2495 1445 2532 :
1471 2478 1531 2533 Si
1551 2488 1717 2531 autem
1744 2480 1906 2547 gratia
1930 2496 2032 2531 non

459 2588 520 2627 ea:
546 2573 815 2645 operibus,
857 2570 1049 2641 alioqui
1089 2571 1252 2642 gratia
1268 2572 1382 2641 jam
1422 2585 1521 2623 non
1563 2577 1636 2622 est
1662 2570 1829 2638 gratia
1855 2569 2031 2639 (Rom.

459 2664 572 2735 xi).
613 2662 815 2729 Quibus
866 2660 1303 2731 respondendum
1353 2667 1467 2725 est,
1514 2659 1620 2713 duo
1668 2674 1786 2713 esse
1832 2672 2031 2728 genera

460 2771 680 2825 operum
705 2795 722 2823 ,
770 2769 999 2824 quorum
1028 2767 1192 2807 unum
1239 2758 1361 2822 post
1396 2750 1680 2806 adventum
1714 2750 1919 2804 Domini
1950 2764 2034 2804 re-

462 2859 726 2913 movetur,
769 2846 913 2900 aliud
961 2844 1311 2915 improbatur.
1348 2845 1481 2898 Nam
1520 2843 1861 2899 dicendo:ei
1904 2859 2033 2899 vero

459 2943 547 3009 qui
581 2956 686 2993 non
715 2949 986 3008 operatur,
1030 2939 1272 2993 credenti
1299 2948 1480 2993 autem
1518 2939 1573 2993 in
1604 2954 1725 2994 eum
1756 2939 1845 3008 qui
1871 2938 2029 3008 justi-

460 3033 582 3084 ticat
604 3031 842 3098 impium,
867 3039 1143 3096 reputatur
1170 3028 1300 3081 ﬁdes
1329 3027 1443 3095 ejus
1464 3027 1530 3082 ad
1551 3028 2031 3097 justitiam,aperte

2139 1842 2338 1909 riﬁcent
2384 1838 2591 1894 Patrem
2639 1850 2878 1909 vestrum,
2922 1840 3011 1908 qui
3040 1849 3112 1892 est
3154 1839 3208 1892 in
3235 1841 3371 1893 caelis
3401 1840 3616 1911 (Matth.
3648 1845 3715 1910 γ),

2138 1928 2190 1987 id
2218 1941 2322 2000 est,
2355 1942 2413 1986 ut
2441 1948 2545 1987 non
2575 1940 2682 1987 tam
2712 1933 2823 1987 0tio
2856 1932 3209 1998 resolvamnr,
3243 1949 3399 2002 q-iam
3428 1933 3494 1987 de
3526 1938 3706 2002 operi-

2138 2026 2236 2080 bus
2265 2025 2438 2091 bonis,
2473 2039 2577 2078 non
2606 2026 2656 2078 in
2690 2025 2876 2088 nobis,
2912 2023 3003 2078 sed
3037 2024 3087 2077 in
3124 2024 3349 2077 Domino
3388 2025 3715 2093 gloriemur.

2138 2119 2217 2173 Ad
2247 2118 2580 2173 CltriStianos
2608 2116 2803 2171 dicitur
2840 2134 2854 2170 :
2904 2116 2965 2170 ln
2992 2118 3199 2170 veritate
3230 2119 3452 2185 comperi
3482 2120 3719 2185 quoniam

2139 2228 2241 2264 non
2271 2219 2342 2265 est
2374 2226 2709 2281 personarum
2733 2220 2965 2280 acceptor
3003 2207 3143 2263 Deus
3163 2250 3179 2270 ,
3219 2209 3271 2261 in
3300 2211 3439 2261 omni
3466 2220 3615 2281 gente
3641 2212 3719 2280 qui

2137 2305 2274 2355 timet
2296 2301 2441 2354 illum
2461 2309 2506 2354 et
2525 2312 2764 2372 aperatur
2770 2300 3031 2371 justitiam
3048 2309 3282 2370 acceptus
3298 2307 3369 2352 est
3395 2299 3474 2353 illi
3489 2301 3627 2369 (Act.
3648 2298 3720 2370 ιι).

2748 2390 2975 2446 CAPUT
3016 2389 3103 2445 Vl.

2259 2487 2337 2541 De
2363 2505 2421 2542 eo
2450 2491 2585 2559 quod
2614 2489 2706 2555 ait,
2735 2486 2914 2541 Gratia
2945 2486 3040 2540 Dei
3065 2503 3179 2540 sum
3204 2488 3258 2540 id
3286 2488 3420 2556 quod
3448 2505 3582 2543 sum.

2207 2580 2343 2635 Audi
2386 2581 2701 2650 Apostolum
2733 2581 2969 2635 laborem
3008 2595 3126 2633 cum
3160 2581 3329 2648 gratia
3365 2581 3551 2633 humili
3585 2598 3718 2635 cmi-

2136 2672 2368 2726 fcssione
2396 2672 2708 2726 miscentem
2752 2690 2766 2727 :
2810 2671 2991 2727 Gratia
3019 2683 3189 2726 autem
3219 2673 3312 2726 Dei
3344 2690 3457 2727 sum
3500 2676 3553 2727 id
3583 2680 3719 2743 quod

2133 2778 2269 2827 sum,
2295 2772 2342 2815 et
2375 2764 2538 2832 gratia
2559 2761 2700 2815 illius
2725 2763 2873 2815 inme
2892 2779 3047 2815 vacua
3076 2779 3175 2815 non
3196 2762 3316 2832 fuit,
3341 2765 3429 2816 sed
3449 2764 3718 2817 abundan-

2135 2856 2234 2907 tius
2268 2856 2373 2907 illis
2404 2853 2638 2907 ontnibus
2663 2853 2882 2906 laboravi
2915 2870 2932 2907 :
2968 2870 3069 2906 non
3113 2870 3204 2922 ego
3232 2863 3423 2919 autem,
3446 2856 3534 2907 sed
3556 2857 3719 2922 gratia

2133 2944 2230 2999 Dei
2252 2961 2446 2998 mecum
2486 2941 2538 3016 (1
2570 2944 2686 2997 Cor.
2717 2943 2828 3013 xv).
2864 2942 2991 2997 Vide
3023 2944 3289 3013 quomodo
3310 2947 3374 2996 ad
3405 2947 3588 3013 grata:
3616 2946 3714 2998 do-

2135 3052 2259 3090 num
2293 3051 2506 3105 semper
2539 3036 2808 3105 subjungit
2855 3036 3054 3089 laboris
3082 3035 3396 3104 obsequium
3426 3054 3437 3086 :
3470 3035 3587 3088 Non
3624 3055 3717 3107 rgo

459 3122 617 3175 ﬁdem
651 3122 785 3189 legis
812 3122 1065 3189 operibus
1094 3123 1389 3189 anteponit.
1430 3120 1614 3189 Neque
1643 3119 1785 3175 enim
1815 3129 2031 3189 aposto-
2058 3111 2105 3175 C
2134 3136 2323 3181 autem.
2357 3126 2488 3193 Quia
2524 3128 2851 3181 mentionem
2884 3126 3049 3180 solius
3082 3126 3283 3179 laboris
3315 3125 3715 3191 intizlcrat,cim

459 3214 631 3267 lorum
701 3212 1008 3265 testimonia
1054 3212 1463 3280 compugnantia
1512 3221 1566 3267 et
1612 3212 1878 3266 contraria
1929 3212 2029 3268 sibi

458 3319 577 3359 esse
604 3303 843 3358 dicemus
862 3345 875 3368 ,
907 3318 1026 3357 cum
1057 3304 1191 3356 alius
1221 3304 1498 3373 apostolus
1527 3304 1669 3359 dicat
1699 3323 1711 3358 :
1743 3303 1900 3359 Fides
1925 3307 2032 3360 sine

459 3394 692 3465 cperibus
713 3404 912 3448 mortua
937 3405 1009 3447 est
1038 3392 1173 3466 (Jac.
1206 3394 1287 3464 tt).
1316 3395 1383 3451 Et
1409 3396 1601 3450 iterum
1627 3413 1639 3448 :
1667 3394 1887 3449 Ostende
1910 3396 2033 3449 mihi

459 3487 611 3553 fidem
639 3495 778 3538 tuam
804 3486 912 3538 sine
941 3486 1195 3552 operibus,
1223 3494 1269 3540 et
1291 3503 1383 3558 ego
1410 3486 1670 3541 ostendam
1693 3488 1781 3541 tibi
1802 3489 2031 3559 operibus

460 3578 611 3644 ﬁdem
646 3592 831 3629 meam.
863 3574 939 3628 Tu
968 3576 1130 3629 credis
1175 3578 1419 3645 quoniam
1447 3594 1576 3632 unus
1612 3578 1746 3633 Deus
1771 3588 1873 3648 est,
1912 3579 2033 3633 bene

460 3669 617 3738 facis;
654 3676 701 3719 et
741 3666 994 3719 daemones
1039 3668 1249 3721 credunt
1307 3678 1356 3721 et
1400 3671 1809 3723 contremiscunt.
1860 3671 2026 3725 item:

460 3760 608 3813 Sicut
635 3759 769 3812 enim
799 3773 980 3824 corpus
1001 3758 1110 3810 sine
1129 3759 1312 3825 spiritu
1334 3768 1588 3812 mortuum
1613 3770 1708 3825 est,
1734 3761 1804 3813 ita
1833 3771 1879 3814 et
1907 3762 2032 3829 ﬁdes

461 3851 567 3904 sine
600 3848 836 3916 operibus
864 3857 1066 3899 mortua
1094 3856 1186 3901 est.
1234 3848 1339 3903 Sed
1384 3864 1483 3903 nec
1528 3853 1643 3918 ipse
1688 3852 1878 3907 doctor
1902 3869 2031 3923 gett-

461 3943 591 3996 tium
618 3940 816 3994 Paulus
847 3938 1093 3992 diversus
1120 3938 1220 3993 sibi
1250 3948 1305 3993 et
1328 3944 1628 3995 contrarius
1653 3944 1931 4013 apparebit
1959 3946 2030 3999 ita

460 4039 675 4091 dicens:
699 4032 765 4086 In
789 4031 1017 4085 omnibus
1045 4030 1367 4085 exhibeamus
1397 4037 1748 4103 nosmetipsos,
1779 4038 1906 4089 sicut
1937 4036 2032 4090 Dei

461 4131 737 4195 ministros,
766 4129 821 4182 in
849 4126 1008 4181 multa
1037 4125 1305 4196 patientia,
1324 4126 1375 4179 in
1408 4126 1830 4191 tribulationibus,
1868 4130 1921 4179 in
1946 4145 2033 4181 ne-

462 4222 802 4286 cessitatibus,
835 4221 889 4272 in
917 4218 1193 4289 angustiis,
1239 4218 1293 4270 in
1321 4217 1509 4286 plagis,
1548 4217 1601 4269 in
1642 4217 1953 4281 carceribus,
1979 4220 2033 4271 in

462 4312 812 4377 seditionibus,
854 4312 908 4364 in
951 4309 1207 4363 laboribus
1243 4306 1333 4378 (II
1373 4306 1492 4360 Cor.
1537 4305 1655 4376 ιιι).
1701 4306 1767 4360 Ει
1807 4307 2029 4362 iterum:

466 4402 817 4470 Unusquisque
857 4400 1115 4471 prapriam
1160 4396 1442 4451 mercedem
1491 4397 1702 4463 accipiet
1752 4399 2031 4452 secundant

2133 3219 2282 3289 quasi
2332 3219 2396 3272 ad
2429 3219 2735 3285 amplexum
2779 3219 2965 3272 matris
3005 3221 3192 3287 gratia:
3232 3219 3463 3271 recurrit
3491 3218 3712 3272 dicens:

2131 3312 2220 3363 sed
2246 3311 2413 3381 gratia
2431 3309 2526 3363 Dei
2547 3326 2762 3362 meeum.
2782 3309 2987 3373 Gratia,
3014 3309 3206 3377 inquit,
3236 3310 3328 3361 Dei
3349 3327 3483 3363 sunt.
3512 3310 3713 3363 i‘ritnas

2134 3409 2315 3471 partes
2359 3401 2460 3455 soli
2511 3401 2692 3469 gratiae
2744 3400 2830 3469 pie
2876 3399 3149 3467 subjectus
3191 3400 3485 3468 ascripsit,
3539 3398 3708 3453 media

2132 3509 2357 3565 quasque
2382 3493 2551 3548 labori
2582 3494 2833 3561 magister
2853 3492 3169 3546 obedientia:
3188 3492 3478 3558 deputavit.
3505 3491 3709 3545 Utrum-

2134 3603 2235 3657 que
2267 3588 2319 3640 in
2347 3586 2810 3641 consummatione
2843 3585 3170 3647 moderatus,
3201 3585 3422 3654 gratiam
3448 3585 3710 3638 laborem-

2132 3692 2236 3747 que
2266 3678 2561 3745 conjunxit.
2594 3677 2708 3730 Non
2740 3677 2875 3730 dixit
2916 3692 3015 3747 ego
3059 3678 3176 3732 sine
3203 3678 3377 3747 gratia
3408 3677 3493 3730 vel
3542 3678 3704 3746 gratia

2132 3770 2248 3824 sine
2279 3786 2382 3835 me,
2411 3775 2498 3823 sed
2522 3771 2687 3837 gratia
2714 3768 2809 3822 Dei
2834 3785 3051 3823 mecum.

2204 3862 2331 3930 Qum
2361 3863 2504 3931 prius
2544 3862 2847 3931 singillatim
2879 3862 3126 3916 distincta
3174 3863 3499 3931 protulerat,
3531 3878 3687 3933 quam

2135 3956 2266 4010 bene
2297 3957 2346 4009 in
2374 3956 2636 4010 sermonis
2683 3954 2786 4008 line
2828 3956 3137 4010 connexuit.
3170 3955 3249 4009 Ac
3280 3956 3360 4010 sic
3386 3955 3525 4025 apud
3559 3972 3705 4024 rege-

2132 4060 2369 4114 noratos,
2414 4048 2627 4117 quando
2669 4048 2836 4117 gratia
2882 4049 2996 4104 sine
3039 4048 3246 4114 labore,
3279 4049 3367 4103 vel
3410 4048 3563 4102 labor
3590 4049 3704 4102 sine

2137 4141 2305 4206 gratia
2333 4139 2385 4191 in
2405 4140 2691 4208 Scripturis
2719 4140 2950 4208 ponitur,
2982 4140 3330 4209 supprimitur
3360 4154 3467 4193 non
3495 4154 3706 4207 separa-

2134 4236 2239 4281 tur.
2281 4228 2409 4282 Cum
2452 4246 2611 4283 unum
2653 4232 2767 4284 sine
2804 4229 2910 4283 alio
2950 4230 3165 4296 dicitur,
3206 4238 3414 4284 tacetur
3442 4230 3703 4294 alterum,

2135 4334 2239 4371 non
2272 4331 2522 4388 negatur;
2555 4320 2843 4375 secundum
2876 4320 3016 4373 illam
3048 4321 3315 4389 regulam,
3341 4321 3566 4374 antistes
3596 4321 3703 4373 Au-
3790 4324 3797 4329 ‘

2134 4411 2372 4479 gustinus
2409 4411 2641 4465 insinuat
2672 4428 2687 4467 :
2718 4411 2831 4464 Non
2867 4411 3045 4465 omnia
3087 4426 3206 4479 qua:
3238 4419 3482 4463 tacentur
3512 4425 3705 4479 negan-

462 4468 932 4561 suumlaboreniu
952 4468 1085 4546 'Cor.
1121 4488 1222 4559 ιιι).
1257 4489 1385 4556 Qua:
1412 4487 1675 4556 imperitis
1707 4497 1760 4544 et
1784 4489 2029 4558 indoctis,

2138 4468 2241 4554 iur.
2277 4500 2381 4557 Sed
2409 4511 2462 4555 et
2488 4502 2593 4556 alio
2625 4502 2741 4556 loco
2772 4499 2901 4554 dicit
2928 4468 3214 4569 Apostolus
3246 4518 3258 4551 :
3291 4499 3497 4569 Castigo
3526 4468 3705 4567 coipus

462 4591 516 4635 et
557 4584 639 4633 liis
664 4584 754 4651 qui
784 4583 992 4637 veritati
1025 4582 1291 4636 obstinato
1318 4579 1504 4648 spiritu
1532 4579 1883 4648 reluctantur,
1915 4579 2029 4634 dis-

462 4671 737 4725 cordantia
779 4673 1116 4727 videbuntur.
1153 4673 1346 4727 Verum
1388 4671 1537 4741 juxta
1587 4668 1903 4725 catholicam
1942 4686 2031 4726 re-

462 4762 662 4829 gulam,
692 4775 854 4828 opera
879 4763 1010 4830 legis
1040 4772 1382 4827 evacuantar,
1412 4779 1527 4833 qua:
1556 4762 1849 4817 secundum
1892 4762 2033 4818 litte-

467 4868 578 4906 ram
620 4863 775 4918 sunt,
818 4864 872 4907 et
898 4868 963 4907 ea
991 4870 1109 4922 quas
1144 4866 1265 4925 post
1290 4857 1516 4924 gratiam
1545 4856 1837 4911 comitante
1860 4856 2032 4925 gratia

467 4945 696 5014 gerenda
723 4954 847 4998 sunt
870 4984 886 5011 ,
927 4958 1258 5000 asseruntur.
1294 4947 1582 5002 Videamus
1606 4946 1653 5001 si
1680 4946 1781 5003 hoc
1810 4945 1880 5001 ita
1911 4961 2032 5003 esse

469 5040 628 5091 rebus
668 5038 795 5106 ipsis
821 5038 1118 5108 approbare
1146 5040 1434 5096 valeamus.
1460 5041 1635 5111 Opera
1670 5043 1803 5113 legis
1828 5043 2033 5099 destrui

467 5126 730 5196 legimus,
781 5143 902 5183 cum
942 5128 1247 5184 Iudaeorum
1293 5128 1599 5200 comprimit
1636 5134 1923 5189 elationem
1953 5134 2029 5190 di-

469 5235 633 5275 cens:
658 5218 755 5274 Ubi
783 5230 875 5282 est,
910 5219 1102 5289 inquit,
1136 5221 1374 5290 gloriatio
1409 5224 1533 5277 tua?
1579 5223 1783 5277 exclusa
1810 5231 1904 5276 est.
1931 5221 2035 5277 Per

466 5329 620 5381 quam
645 5313 835 5383 legem?
871 5312 1160 5382 factorum?
1194 5327 1315 5379 non,
1352 5314 1441 5368 sed
1466 5332 1557 5386 per
1586 5317 1748 5387 legem
1772 5315 1912 5385 fidei.
1939 5318 2035 5369 Ar-

469 5403 713 5458 bitramur
741 5405 872 5458 enim
904 5402 1180 5473 justi/ieari
1201 5401 1452 5457 hontinem
1480 5421 1571 5474 per
1598 5407 1751 5475 ﬁdem
1776 5406 1885 5462 sine
1911 5422 2033 5477 ope-

467 5496 607 5549 ribus
637 5497 761 5566 legis
792 5496 965 5567 (Rom.
1008 5492 1108 5563 ιιι).
1151 5492 1409 5550 Similiter
1437 5503 1492 5550 et
1519 5497 1586 5551 ad
1617 5496 1831 5551 Galatas
1863 5496 2029 5552 dicit:

472 5582 724 5649 Scientes,
750 5588 949 5656 inquit,
978 5584 1115 5656 quod
1145 5600 1245 5639 non
1262 5585 1580 5656 justiﬁcatur
1601 5587 1751 5641 homo
1778 5604 1842 5643 ex
1865 5589 2033 5656 operi-

471 5673 564 5728 bus
593 5676 715 5746 tegis
736 5718 754 5748 ,
797 5678 897 5733 nisi
933 5694 1022 5749 per
1049 5678 1201 5747 ﬁdem
1223 5674 1411 5733 Christi
1433 5676 1557 5733 Iesu
1574 5718 1591 5746 ,
1633 5694 1725 5733 nos
1753 5680 1805 5734 in
1833 5678 2030 5734 Christo

2136 4607 2301 4644 meum
2325 4600 2371 4644 et
2399 4591 2452 4644 in
2480 4592 2765 4645 servitutem
2790 4591 2997 4657 redigo,
3031 4607 3093 4643 ne
3122 4592 3250 4659 forte
3280 4604 3394 4641 cum
3426 4590 3543 4643 aliis
3577 4604 3704 4657 pra:-

2135 4684 2436 4747 dicavcrim,
2462 4683 2570 4752 ipse
2598 4682 2840 4750 reprobus
2865 4682 3049 4750 eﬂiciar
3075 4679 3127 4748 (1
3156 4680 3273 4734 Cor.
3308 4679 3445 4748 XIX).
3476 4680 3611 4733 Ecce
3647 4677 3704 4731 Β.

2134 4772 2421 4841 Apostolus
2452 4772 2560 4839 jam
2584 4771 2799 4826 CliriSto
2826 4771 3147 4840 acquisitus;
3174 4770 3281 4839 jam
3310 4783 3404 4822 vas
3429 4768 3708 4823 eiectionis

2135 4862 2381 4926 eﬂectus,
2410 4876 2741 4931 nequaquam
2776 4861 2877 4915 sub
2905 4862 3119 4914 nomine
3146 4857 3634 4928 prredestinatianis
3657 4867 3708 4912 et

2132 4955 2313 5028 gratias
2344 4972 2358 5007 :
2390 4954 2499 5009 0tio
2534 4968 2723 5009 manus
2760 4953 2995 5018 relaxat,
3035 4952 3128 5007 sed
3160 4966 3279 5005 cum
3311 4951 3405 5004 Dei
3433 4950 3707 5005 beneﬁciis

2132 5055 2354 5103 conatus
2381 5060 2505 5101 suos
2529 5045 2726 5115 jungit,
2749 5056 2804 5100 et
2825 5045 2956 5101 dicit
2983 5061 2997 5098 :
3029 5045 3232 5113 Castigo
3257 5059 3441 5113 corpus
3471 5059 3639 5097 meum
3665 5050 3709 5095 et

2132 5139 2187 5193 in
2214 5138 2498 5191 servitutem
2523 5136 2720 5207 redigo.
2764 5136 2902 5192 Ecce
2937 5136 3047 5205 jam
3092 5134 3259 5206 partis
3302 5132 3511 5187 dextra
3553 5132 3708 5187 miles

2134 5234 2236 5291 est,
2264 5235 2320 5282 et
2341 5225 2462 5282 vide
2486 5226 2756 5296 quomodo
2777 5224 3067 5295 periclitati
3089 5223 3282 5279 meruit
3297 5222 3407 5293 jam
3429 5223 3704 5292 probatus,

2137 5320 2404 5387 quomodo
2440 5321 2715 5390 reprobari
2763 5320 3090 5390 pertimescit
3128 5321 3353 5375 electus.
3392 5318 3511 5373 Jam
3541 5316 3707 5373 victo.

2136 5413 2270 5466 riam
2297 5411 2349 5465 in
2374 5411 2616 5465 manibus
2641 5410 2821 5477 habet,
2843 5420 2895 5466 et
2918 5410 3143 5466 necdum
3165 5424 3309 5464 arma
3332 5409 3573 5477 deponit.
3594 5409 3707 5464 Jam

2136 5504 2419 5574 perductus
2446 5511 2530 5559 est
2554 5504 2622 5559 ad
2652 5503 2974 5573 triumphum
2991 5542 3005 5568 ,
3036 5511 3093 5558 et
3116 5501 3287 5557 adhuc
3310 5502 3518 5557 militia:
3544 5501 3706 5571 perti-

2136 5594 2326 5648 mescit
2347 5603 2618 5649 eventum.
2656 5594 2786 5661 Quae
2815 5608 2935 5649 cum
2966 5594 3037 5647 ita
3080 5597 3219 5659 sint,
3252 5591 3495 5661 perspice
3524 5600 3577 5646 te
3603 5605 3703 5644 non

2135 5689 2319 5737 contra
2346 5682 2608 5738 inﬁrmam
2638 5686 3009 5753 quamcunque
3034 5696 3323 5750 personam
3345 5720 3361 5742 .
3400 5679 3496 5738 sed
3524 5690 3705 5736 contra
