4002 6188
282 325 387 378 ris

1335 312 1414 367 illi
1454 311 1704 364 (iRATIA
1747 310 1885 375 DEI,
1937 309 2111 368 ETC..
2155 311 2282 364 LIB.
2322 314 2360 367 Ι.

3430 319 3534 375 79b

282 434 475 487 summi
524 430 757 499 Apostoli
811 426 981 497 (Eph.
1026 422 1097 495 ιι)
1152 424 1443 476 doctrinam
1492 421 1655 474 armis
1706 419 1849 487 impii
1879 420 1931 479 A
1961 419 2200 484 novatis,
2253 422 2588 483 sedulitatem
2651 429 2860 491 cteris,
2914 440 2969 484 et
3024 445 3206 485 suram
3253 431 3536 490 laboriosa:

283 524 484 579 erroris
514 523 785 589 lllSUl'gCl't'.
807 559 822 582 ,
865 528 917 571 et
947 516 1157 569 Christo
1188 514 1273 582 qui
1307 515 1442 566 intra
1474 527 1593 566 eum
1629 510 1859 580 loquitur

284 613 673 668 contradicere.
724 610 961 677 Dumque
1008 606 1202 660 laboris
1253 605 1530 659 servitium
1581 612 1633 656 et
1673 601 1857 654 orandi

284 720 477 761 causas
517 702 737 765 adimis,
784 701 999 767 januam
1044 696 1226 750 salutis
1276 695 1505 747 humano
1546 692 1729 761 generi
1780 691 1860 744 in-

289 794 584 852 tercludere
636 802 685 845 te
728 804 975 858 agnosce.
1030 787 1093 839 Et
1134 786 1258 839 dum
1298 784 1490 850 Pelagii
1537 783 1861 849 impietatem

289 889 464 942 nescis
496 885 754 953 refugere.
780 883 844 935 ad
870 881 1273 934 Manichccoru-u
1306 877 1493 944 dogma
1526 872 1859 943 pestiferum,

290 981 379 1043 qui
409 979 636 1037 liberum
678 973 957 1029 arbitrium
999 979 1166 1024 totum
1209 969 1502 1035 deucgant,
1547 974 1598 1018 te
1628 962 1864 1031 intellige

290 1060 583 1125 declinare.

886 1130 1111 1186 CAPUT
1147 1128 1259 1183 VII.

294 1227 564 1296 Quomodo
592 1222 977 1296 intelligendum
999 1221 1100 1273 sit:
1119 1237 1135 1269 t
1166 1214 1715 1296 Gratia‘,_inqu.it,-salui
1742 1216 1865 1296 farti

360 1299 480 1352 estis
506 1312 596 1367 per
624 1287 808 1362 ﬁdem,
840 1301 885 1344 et
921 1290 1017 1367 hoc
1052 1305 1152 1341 non
1186 1305 1249 1341 ea:
1276 1290 1442 1367 nobis,
1461 1287 1579 1367 ὐειὶ
1608 1287 1865 1367 enimda-

332 1428 333 1431 η
361 1383 487 1421 num
507 1357 729 1428 'est,'uon
756 1378 819 1415 ea:
845 1360 1099 1430 operibus,
1121 1375 1182 1411 ne
1204 1360 1314 1427 quis
1342 1359 1617 1431 glorietur,-
1649 1374 1666 1406 ι
1706 1357 1790 1431 ubi
1819 1364 1867 1409 et

365 1437 494 1503 ﬁdes
534 1427 667 1486 intra
710 1427 1215 1503 opei'a'nunteratur,
1251 1440 1295 1481 et
1326 1431 1464 1481 cibus
1503 1427 1630 1497 legis
1667 1428 1864 1494 perire,

364 1499 504 1559 cibus
526 1503 701 1574 gratia:
731 1516 931 1553 manere
958 1499 1279 1552 describitur.

371 1619 522 1674 Sicut
548 1617 683 1670 inter
702 1628 860 1681 Opera
891 1613 1020 1682 legis
1042 1653 1055 1674 ,
1095 1620 1147 1665 ct
1177 1609 1295 1665 ﬁdei
1317 1609 1532 1664 desidia-
1555 1608 1785 1671 amicus,
1816 1617 1870 1661 et

300 1710 637 1765 discretionis
661 1708 895 1776 ignarus,
916 1706 984 1759 ab
1008 1704 1368 1772 intelligentiae
1389 1702 1602 1756 tramite
1622 1700 1869 1767 deviasti,

1967 512 2237 566 servitutis
2281 513 2498 580 indicit,
2548 527 2604 568 ut
2639 520 2777 584 quod
2820 520 2935 575 sine
2973 521 3153 578 labore
3194 527 3532 593 accepimus,

1965 603 2260 671 opitulante
2289 604 2553 673 adjutorio
2586 622 2709 662 cum
2736 608 2919 663 labore
2945 626 3247 677 servemus,
3280 617 3537 684 Apostolo

1965 704 2370 760 commoneute,
2409 695 2619 764 Videte,
2658 699 2853 767 inquit,
2894 717 2956 753 ne
2984 703 3036 753 in
3070 718 3280 757 vacuum
3318 708 3534 774 gratiam

1967 783 2063 835 Dei
2094 785 2347 851 recipiatis
2378 785 2477 856 (ΙΙ
2519 787 2634 840 Cor.
2671 788 2774 857 Vl).
2823 791 3066 858 Agnosce
3106 794 3382 848 distinctus
3418 812 3537 851 esse

1965 874 2161 943 gradus
2185 878 2498 941 vocationis,
2525 887 2581 932 et
2608 882 3101 937 consummationis.
3132 883 3316 938 Fidem
3343 901 3540 955 exspe-

1967 976 2076 1021 ctat
2107 982 2136 1020 a
2170 968 2429 1036 parvulis,
2460 983 2619 1038 Opera
2650 971 2815 1028 etiam
2849 988 2970 1028 cum
3010 973 3116 1029 ﬁde
3155 990 3185 1028 a
3214 975 3539 1032 conﬁrmatis

1969 1059 2213 1127 requirit,
2244 1060 2315 1115 ita
2346 1068 2523 1116 tamen
2552 1071 2610 1117 ut
2637 1064 2963 1120 credulitatis
2983 1065 3233 1122 allectum
3259 1069 3541 1135 proﬁcien-

1971 1151 2111 1205 tibus
2138 1160 2350 1222 augeat,
2381 1160 2437 1209 et
2456 1153 2818 1211 laborantibus
2846 1156 3060 1227 adjutor
3086 1160 3428 1228 quotidianus
3453 1176 3539 1216 as-

1969 1242 2141 1298 sistat.

2555 1335 2779 1393 CAPUT
2818 1338 2949 1394 Vill.

2042 1426 2230 1480 Contra
2257 1426 2352 1480 hoc
2377 1427 2512 1493 quod
2540 1428 2735 1492 dicunt,
2760 1428 2970 1483 liberum
2997 1432 3263 1488 arbitrium
3285 1450 3347 1490 ex
3369 1444 3471 1490 toto

2316 1506 2321 1511 ’
2531 1499 2688 1566 fuisse
2707 1500 2979 1553 sublatura.

2044 1608 2210 1676 Hujus
2258 1608 2514 1678 improbae
2564 1612 2923 1679 persuasionis
2970 1624 3228 1681 assertor,
3274 1617 3541 1674 hominem

1976 1702 2247 1758 intellectu
2297 1702 2707 1773 locupletatum,
2756 1708 2960 1763 ratione
3001 1708 3310 1775 praeditum,
3348 1709 3543 1768 divina:

303 1803 374 1853 ira
406 1801 544 1853 inter
569 1799 673 1852 dun
696 1796 877 1865 gratiae
901 1805 1138 1862 tempora
1166 1794 1561 1860 persuasionem
1584 1800 1726 1846 tuam
1756 1805 1874 1857 pes-
1906 1777 1949 1835 Β
1977 1794 2224 1864 imaginis
2275 1796 2478 1851 honore
2515 1797 2819 1853 decoratum
2843 1841 2858 1863 ,
2900 1801 3068 1857 brutis
3093 1803 3451 1860 animantibus
3491 1818 3546 1861 et

302 1895 496 1947 simum
527 1892 715 1944 ducem
745 1897 992 1952 secutus,
1026 1886 1287 1940 lucentem
1326 1883 1600 1938 catholica:
1635 1882 1753 1935 ﬁdei
1784 1897 1871 1935 re-

303 1984 477 2045 tuiam
519 1978 812 2047 perdidisti.
846 1977 1079 2044 Tempus
1110 1975 1323 2043 grati-.e,
1357 1988 1461 2041 quo
1490 1971 1748 2036 redempti
1778 1985 1873 2023 su-

305 2085 441 2134 Inns,
474 2069 661 2121 merita
686 2067 957 2119 hominum
986 2079 1088 2117 non
1108 2062 1453 2131 eXSpectavit,
1478 2076 1637 2128 Opera
1666 2060 1874 2127 penitus

306 2178 415 2214 una
441 2159 713 2229 qutesivit,
746 2157 855 2211 sola
891 2157 1027 2210 Deus
1060 2155 1179 2208 ﬁdei
1211 2171 1257 2207 nt
1282 2164 1407 2207 strui
1434 2152 1714 2205 devotione
1742 2165 1872 2203 con-

304 2263 481 2306 tentus
510 2252 633 2310 luit.
662 2248 950 2303 SiCllDdUlll
982 2247 1109 2300 illud
1148 2245 1384 2313 Apostoli
1415 2263 1428 2296 :
1460 2242 1686 2297 Credidit
1715 2242 1876 2294 Abra-

301 2344 423 2394 haut
454 2341 590 2403 Deo,
623 2349 669 2391 et
706 2345 989 2409 reputatum
1020 2344 1089 2388 est
1119 2335 1198 2387 illi
1227 2333 1563 2403 adjustitiam
1587 2330 1727 2400 (Cal.
1760 2328 1872 2398 ιιι),

302 2434 440 2487 sicut
471 2440 526 2485 et
554 2430 658 2483 alio
686 2429 804 2482 loco
832 2427 960 2481 dicit
987 2443 998 2477 :
1030 2424 1208 2479 Justus
1243 2434 1410 2477 autem
1442 2439 1505 2476 ex
1531 2423 1630 2490 [ide
1660 2437 1769 2473 mea
1796 2421 1873 2473 vi-

304 2531 377 2581 cit
404 2570 417 2588 .
448 2525 584 2596 quod
620 2526 663 2579 si
704 2522 1007 2579 subtraxerit
1034 2538 1120 2585 se,
1160 2539 1257 2575 non
1294 2520 1507 2589 placebit
1538 2520 1721 2572 anima:
1754 2532 1876 2570 mea;

310 2617 502 2684 (llrbr.
526 2617 581 2686 ιι)
600 2632 614 2680 ;
636 2617 833 2682 justum
859 2629 975 2667 eum
1000 2622 1052 2667 et
1078 2629 1141 2666 ex
1174 2612 1276 2665 ﬁde
1290 2611 1467 2664 vivere
1484 2610 1729 2671 asseruit,
1753 2608 1874 2677 quia

307 2713 356 2762 ei
390 2710 545 2763 ﬁdem
574 2718 625 2762 et
645 2707 901 2777 juStitiam
931 2704 1188 2774 quaerenti
1216 2704 1506 2757 contufisse
1533 2716 1591 2755 se
1613 2699 1871 2754 meminit.

308 2801 413 2855 Srd
443 2799 668 2853 dicendo
699 2817 710 2850 :
748 2796 896 2863 Quod
935 2798 977 2851 si
1006 2795 1311 2850 subtraxerit
1342 2810 1425 2858 se,
1464 2808 1581 2846 cum
1612 2791 1677 2843 ad
1722 2789 1874 2843 devia

308 2890 641 2944 voluntarius
678 2888 990 2949 declinavit,
1034 2902 1135 2938 nuit
1181 2883 1335 2954 periit
1364 2882 1512 2951 quasi
1554 2880 1870 2946 derelictus,

306 2985 395 3052 qui
453 2999 511 3037 se
560 2981 820 3051 ingerenti
868 2976 1247 3033 misericordia:
1304 2975 1566 3028 subtraxit
1617 2973 1872 3041 ingratus.

310 3078 436 3131 Item
467 3074 533 3128 ad
566 3074 817 3128 llcbrmos
845 3090 856 3125 :
892 3070 1103 3124 Credere
1130 3079 1293 3121 autem
1328 3076 1520 3134 Oportet
1555 3066 1874 3117 accedentem

305 3171 372 3220 ad
402 3166 565 3220 Deum
587 3166 707 3233 quia
736 3176 838 3229 est,
870 3173 915 3215 et
940 3163 1304 3232 inquirentibus
1338 3178 1391 3213 se
1424 3170 1767 3213 remunerator
1792 3159 1870 3227 ﬁt.
1902 3140 1947 3202 Ο

307 3262 479 3324 Quam
510 3257 645 3311 bene
680 3265 733 3308 et
764 3253 969 3307 Domini
1009 3254 1239 3305 olliciunt
1274 3252 1548 3319 conjunxit
1582 3259 1634 3303 et
1662 3250 1873 3313 famuli,

308 3347 569 3404 dicundo.
616 3353 662 3397 et
712 3343 1073 3413 inquirentibus
1116 3358 1169 3394 se
1213 3350 1557 3393 remuneratur
1595 3340 1672 3406 ﬁt.
1729 3340 1879 3391 Sicut

252 3462 257 3466 ο
310 3437 454 3492 enim
484 3437 548 3489 ad
578 3436 741 3489 Deum
764 3434 969 3502 largitio
996 3431 1391 3493 remunerandi,
1422 3430 1492 3483 ita
1517 3427 1583 3483 ad
1611 3429 1875 3483 hominem

311 3529 527 3583 devotio
570 3527 781 3594 respicit
826 3524 1145 3593 inquirendi.
1193 3524 1296 3578 Sed
1337 3523 1467 3575 dit-is
1510 3523 1665 3575 [idem
1713 3523 1877 3588 ipsam

311 3621 560 3675 omnibus
591 3631 746 3687 posse
778 3623 1104 3684 competere.
1135 3614 1248 3667 Non
1274 3614 1462 3666 mirum
1492 3613 1534 3665 si
1567 3613 1788 3677 homini,
1813 3612 1879 3667 ad

314 3728 474 3783 quem
514 3713 744 3779 denegas
772 3725 932 3777 onera
965 3710 1265 3778 pertinere,
1294 3710 1449 3762 etiam
1484 3708 1637 3761 ﬁdem
1669 3707 1882 3763 studeas

312 3817 596 3875 «It-rogare.
623 3820 778 3874 quant
812 3804 1144 3857 manifestum
1172 3812 1253 3858 est
1277 3804 1412 3857 inter
1437 3818 1595 3865 ctera
1618 3802 1882 3872 deputari,

312 3899 455 3953 sicut
498 3896 751 3948 habemus
794 3896 843 3947 in
886 3894 1174 3962 livongelio
1207 3911 1220 3948 :
1254 3894 1547 3960 Operamini
1581 3910 1677 3946 non
1718 3894 1884 3947 cibum

311 3990 401 4056 qni
437 3988 595 4058 perit,
630 3986 718 4038 sed
745 3986 831 4052 qui
871 3994 1128 4052 permanet
1168 3986 1217 4037 in
1246 3987 1397 4038 vitam
1425 3996 1663 4038 retentam
1690 3983 1877 4055 (Joan.

317 4080 390 4145 vt)
415 4094 429 4139 ;
461 4076 549 4130 ubi
579 4076 747 4141 cibus,
773 4074 824 4129 id
854 4084 954 4136 est,
981 4074 1279 4130 intellectus
1300 4076 1489 4130 litterae
1518 4076 1711 4144 perire,
1737 4076 1887 4131 cibus

318 4181 447 4220 vero
476 4165 691 4235 gratim,
724 4164 775 4218 id
806 4176 887 4219 est
919 4164 1048 4218 ﬁdes
1086 4180 1433 4233 permanere.
1465 4166 1802 4233 describitur,
1834 4176 1887 4220 ct

320 4258 391 4311 ita
416 4258 758 4312 continuatus
788 4272 965 4310 sermo
997 4257 1338 4325 consequitur
1362 4274 1377 4314 :
1402 4256 1648 4311 Dixerunt
1677 4258 1744 4310 ad
1774 4274 1888 4310 eum

320 4345 492 4400 JUdtl'i
529 4362 547 4399 :
589 4346 726 4411 Quid
770 4347 1013 4417 faciemus
1050 4356 1106 4399 ut
1146 4363 1408 4414 aperemur
1446 4364 1598 4416 opera
1632 4346 1762 4400 Dei?
1788 4345 1891 4400 Re-

320 4438 524 4508 spondit
550 4437 703 4489 Jesus
732 4445 778 4489 et
806 4436 934 4489 dixit
960 4438 1029 4489 eis
1053 4451 1072 4489 :
1101 4435 1214 4488 Hoc
1248 4445 1320 4489 est
1361 4452 1487 4504 opus
1514 4435 1607 4488 Dei
1635 4446 1688 4488 ut
1714 4438 1891 4489 creda-

1970 1888 2228 1956 jumentis
2256 1889 2628 1956 insipientibus
2659 1892 2887 1944 mstimat
2915 1894 3351 1962 comparandum,
3380 1904 3441 1950 ut
3475 1897 3543 1952 ad

1977 1979 2115 2032 viam
2166 1986 2311 2033 recte
2352 1978 2497 2033 nullo
2542 1994 2641 2033 suo
2686 1980 2882 2045 ductu,
2930 1982 3027 2036 sed
3075 1984 3309 2038 violento
3344 1994 3545 2041 tantum

1975 2069 2209 2123 auctoris
2235 2069 2459 2138 imperio
2487 2071 2841 2138 pertrahatur.
2874 2072 2990 2138 Quo
3017 2088 3216 2139 genere
3242 2090 3364 2129 eum
3380 2077 3544 2131 etiam

1978 2160 2373 2215 insensibilibus
2395 2160 2689 2215 assimilare
2709 2161 2980 2216 contendit
3000 2163 3312 2220 elementis:
3336 2176 3391 2220 ut
3412 2168 3547 2223 sicut

1976 2250 2042 2303 de
2074 2252 2281 2305 ratione
2305 2259 2589 2318 terrarum,
2624 2266 2743 2321 qua:
2772 2252 2899 2306 nihil
2926 2253 3179 2309 ubertatis
3203 2256 3424 2312 arbitrio
3448 2274 3546 2313 suo

1980 2342 2286 2410 proferunt,
2336 2357 2457 2411 qua:
2505 2344 2733 2411 propriae
2780 2342 3114 2415 fecunditatis
3156 2346 3350 2415 ignara:
3388 2360 3544 2414 sunt.

1977 2434 2168 2503 quibus
2197 2410 2387 2488 sensus
2412 2410 2634 2502 alicujus
2667 2448 2763 2488 nec
2794 2435 3014 2489 libertas
3035 2410 3264 2503 s'nppetit
3283 2478 3299 2502 ,
3328 2453 3424 2493 nec
3451 2410 3546 2494 vo;

1977 2525 2183 2591 lautas,
2216 2524 2420 2590 frugum
2448 2534 2623 2579 tamen
2664 2534 2953 2594 proventus
2979 2542 3042 2581 es
3076 2527 3157 2581 his
3186 2529 3391 2583 cultore
3419 2546 3547 2599 ope-

1978 2623 2129 2669 rante
2169 2616 2489 2683 capiuntur:
2518 2616 2591 2669 ita
2625 2631 2689 2670 es
2737 2615 2951 2670 homine
2998 2617 3064 2670 ab
3110 2619 3252 2672 omni
3292 2623 3547 2674 exercitio

1978 2706 2188 2760 virtutis
2228 2707 2435 2772 otioso,
2474 2707 2693 2775 jusﬁtire
2737 2706 2939 2762 fructus
2984 2724 3046 2763 ac
3085 2709 3341 2765 lanarum
3369 2727 3546 2767 rerum

1977 2798 2241 2865 appetitus
2284 2805 2443 2865 atque
2490 2798 2789 2866 profectus,
2837 2799 2955 2853 solo
2996 2801 3105 2855 Deo
3146 2802 3422 2859 insistente
3461 2819 3549 2859 su-

1978 2898 2209 2955 mantur,
2240 2899 2293 2944 et
2322 2889 2473 2959 quasi
2513 2891 2564 2945 in
2598 2890 2744 2945 nullo
2774 2890 2854 2945 vel
2881 2892 3075 2946 sentiat
3102 2892 3183 2947 vrl
3214 2908 3377 2949 corbe
3402 2895 3543 2959 'tiat,

1977 2982 2048 3037 ita
2084 2999 2202 3037 cum
2235 2983 2520 3052 appetierit
2557 2983 2880 3050 gesseritt-e,
2919 2984 2970 3037 in
3009 2985 3155 3038 nullo
3189 2986 3255 3039 ad
3299 2997 3546 3042 conatum

1979 3077 2095 3145 ejus
2120 3091 2183 3131 ac
2218 3076 2450 3131 studium
2492 3076 2760 3143 pertinere
2784 3076 3108 3144 iudicentur.
3144 3077 3210 3132 Et
3237 3079 3372 3132 sicut
3403 3093 3551 3133 mare

1979 3182 2250 3237 magnum.
2280 3167 2417 3235 quod
2451 3167 2552 3220 huc
2577 3175 2733 3234 atque
2761 3166 2885 3220 illuc
2910 3168 3083 3221 ventis
3111 3169 3429 3232 agitantibus
3455 3184 3550 3222 vo-

1980 3260 2194 3322 lutatur,
2228 3259 2298 3312 ita
2328 3258 2392 3312 ad
2429 3258 2778 3327 quodcunque
2823 3258 3016 3311 bonum
3048 3258 3128 3311 vel
3170 3259 3369 3311 facinus
3391 3300 3404 3322 ,
3434 3260 3551 3314 sine

1981 3349 2089 3402 ullo
2113 3348 2301 3402 aﬁectu
2326 3362 2443 3416 suo,
2473 3348 2587 3403 solo
2608 3347 2798 3401 divina:
2822 3348 3102 3416 potestatis
3123 3348 3371 3416 impulsu,
3400 3364 3549 3403 tuens

1982 3440 2209 3493 humana
2237 3447 2496 3492 versetur.
2530 3437 2659 3503 Qum
2692 3451 2812 3491 cum
2853 3437 2921 3489 ita
2961 3438 3095 3500 sint,
3129 3438 3170 3491 si
3214 3440 3478 3491 hominem
3517 3455 3548 3492 a

1980 3532 2191 3585 sinistra
2222 3529 2343 3583 mali
2372 3544 2476 3583 non
2506 3538 2722 3583 revocat
2750 3528 3077 3593 intellectus,
3109 3529 3152 3581 si
3183 3529 3245 3581 ad
3276 3528 3548 3584 dexteram

1982 3621 2105 3677 boni
2139 3634 2243 3674 non
2266 3620 2460 3674 excitat
2485 3619 2737 3684 ambitus,
2762 3618 2870 3686 jam
2904 3632 3007 3671 non
3038 3618 3266 3673 hominis
3289 3619 3552 3673 tenebitur

1983 3712 2323 3769 conditione.
2365 3710 2459 3765 sed
2500 3709 2736 3778 pecudis.
2778 3709 2916 3764 Ecce
2958 3707 3237 3764 haereticus
3280 3710 3377 3764 sub
3418 3724 3552 3779 prte-

1985 3814 2131 3858 textu
2171 3806 2387 3872 gratim,
2429 3802 2636 3870 qualem
2666 3802 2778 3855 vult
2814 3800 3078 3855 hominem
3120 3816 3240 3856 esse
3280 3811 3397 3866 post
3433 3816 3553 3869 gra-

1987 3896 2133 3950 liam.
2164 3896 2342 3962 itaque
2372 3892 2416 3946 si
2442 3892 2663 3946 liberant
2683 3891 2957 3946 arbitrium
2982 3907 3048 3947 ex
3071 3900 3183 3945 toto
3211 3893 3385 3961 periit,
3410 3892 3554 3962 quod

1987 3987 2166 4054 utique
2196 3985 2248 4039 in
2278 3997 2460 4037 amore
2490 3982 2809 4037 innocentiae
2830 4023 2846 4049 ,
2878 3983 2959 4036 vel
2985 3986 3295 4051 operatione
3316 3982 3560 4050 justitite,

1987 4077 2069 4131 vel
2098 4078 2148 4130 in
2173 4075 2413 4144 corporis
2438 4072 2859 4128 sanctiﬁcatione
2880 4073 3143 4131 consistit.
3167 4073 3210 4124 si
3235 4072 3334 4125 hoc
3356 4086 3421 4125 ex
3445 4081 3556 4125 toto

1990 4168 2040 4220 in
2073 4166 2224 4233 primi
2255 4163 2482 4219 hominis
2512 4162 2948 4231 praevaricatione
2988 4159 3250 4227 sublatum
3280 4167 3395 4223 est,
3426 4174 3556 4228 quo-

1991 4257 2149 4312 modo
2168 4257 2404 4325 .l-gimus
2432 4272 2444 4306 :
2476 4252 2738 4308 Justitiam
2773 4252 2972 4316 discite,
2990 4251 3073 4319 qui
3104 4250 3341 4303 habitatis
3370 4258 3558 4302 terram

1993 4348 2136 4419 (Esn.
2175 4347 2355 4415 xxvr);
2382 4353 2436 4400 et
2464 4344 2652 4399 iterum
2672 4342 2877 4397 :Justus
2900 4352 3065 4395 autem
3092 4357 3152 4396 ei:
3176 4341 3277 4408 ﬁde
3305 4356 3414 4393 mea
3441 4339 3561 4394 vivit

1993 4439 2178 4510 (Hebr.
2204 4440 2261 4497 ι)
2278 4454 2293 4502 ;
2322 4446 2373 4491 et
2389 4454 2401 4489 :
2417 4434 2452 4488 J
2456 4437 2553 4490 usti
2574 4435 2865 4489 haereditate
2895 4432 3215 4499 possidebunt
3239 4439 3425 4484 terram
3436 4432 3455 4500 (
3466 4430 3560 4487 Ps.

325 4502 389 4581 tis
415 4532 466 4580 in
499 4544 609 4581 eum
640 4544 787 4597 quem
818 4528 951 4580 misit
990 4527 1095 4580 ille.
1130 4526 1374 4581 Advertis
1396 4502 1522 4595 quia
1559 4526 1686 4579 nihil
1728 4526 1778 4580 in
1811 4526 1892 4580 Γει-
1922 4502 1971 4562 D
1997 4502 2385 4595 axx\',ll);et:
2406 4525 2553 4578 Oculi
2568 4524 2774 4578 Domini
2794 4538 2945 4592 super
2954 4523 3202 4591 justos,et
3220 4524 3489 4593 auresejus
3508 4522 3566 4576 in

326 4620 527 4673 mutatu
557 4619 645 4672 Dei
672 4619 788 4672 sine
818 4633 979 4686 opere
1013 4617 1232 4686 geritur,
1268 4617 1476 4685 quando
1503 4625 1557 4671 et
1590 4617 1633 4669 is
1661 4618 1746 4685 qui
1778 4632 1895 4670 cre-

323 4710 452 4764 dere
480 4709 688 4762 videtur
714 4706 995 4777 operatur?
1031 4708 1160 4761 Item
1192 4709 1242 4761 in
1272 4707 1550 4777 Apostolo.
1585 4706 1764 4776 Neque
1796 4708 1896 4761 cir-

324 4800 563 4853 cumcisio
592 4799 785 4870 aliquid
806 4799 956 4863 valet,
987 4816 1141 4862 neque
1162 4802 1493 4868 praeputium,
1522 4802 1610 4853 sed
1635 4800 1761 4869 ﬁdes
1785 4816 1896 4869 qua:

327 4909 417 4960 per
442 4893 700 4945 caritatem
726 4900 966 4961 aperatur
995 4891 1134 4961 (Cal.
1161 4896 1237 4960 v).
1267 4892 1523 4948 Similiter
1551 4900 1606 4947 et
1632 4892 1697 4946 ad
1730 4891 1897 4947 Thes-

325 4984 691 5039 salonicenses
712 4983 966 5052 secunda,
993 4984 1240 5055 Dignetur
1260 5000 1347 5038 vos
1369 4985 1625 5038 vocatione
1644 5001 1738 5038 sua
1759 4983 1896 5039 Deus

250 5101 254 5103 Α
326 5084 374 5127 et
403 5074 611 5143 impleat
642 5089 837 5127 omnem
866 5076 1168 5126 voluntatem
1198 5074 1451 5137 bonitatis,
1482 5084 1527 5128 et
1553 5091 1679 5143 opus
1705 5074 1825 5143 ﬁdei
1844 5073 1898 5126 in

326 5162 573 5233 vobis(11
596 5163 773 5218 Thess.
798 5163 857 5233 t).
879 5163 945 5218 Et
973 5163 1041 5218 de
1060 5164 1323 5218 Abraham
1346 5163 1398 5218 in
1424 5165 1648 5233 epistola
1672 5164 1896 5233 apostoli

329 5257 546 5312 Jacobi:
572 5254 721 5310 Vides
747 5258 868 5325 quia
887 5255 1013 5323 ﬁdes
1027 5255 1392 5324 cooperubatur
1412 5257 1642 5323 aperibus
1669 5257 1829 5325 illius,
1851 5267 1900 5310 et

328 5362 391 5399 ea:
408 5348 641 5416 aperibus
651 5345 777 5415 ﬁdes
791 5356 1138 5399 consummata
1158 5356 1231 5400 est
1252 5345 1305 5416 (Ι
1311 5361 1389 5399 ac.
1406 5344 1501 5415 tt).
1518 5344 1796 5400 Geminum
1813 5345 1898 5400 hic

332 5434 567 5489 ofﬁcium
595 5448 948 5503 recognosce,
977 5441 1033 5489 et
1057 5432 1378 5503 operationis
1397 5472 1413 5499 ,
1439 5442 1493 5487 et
1519 5432 1664 5487 ﬁdei.
1695 5430 1895 5499 Gratia,

334 5523 523 5592 inquit,
554 5524 684 5578 salvi
710 5524 833 5594 facti
860 5524 978 5576 estis
999 5538 1089 5592 per
1111 5522 1265 5591 ﬁdem
1294 5520 1454 5595 (Eph.
1483 5524 1564 5591 tt).
1596 5522 1773 5576 Prima
1804 5524 1900 5575 ita-

334 5628 439 5684 que
469 5614 677 5670 vocatio
710 5612 1081 5683 compendium
1122 5612 1243 5667 ﬁdei
1282 5612 1504 5683 requirit
1541 5626 1571 5666 a
1600 5612 1782 5678 nobis,
1814 5627 1899 5666 se-

337 5706 549 5775 quentis
578 5719 704 5762 vero
738 5705 993 5776 temporis
1018 5703 1184 5777 gratia
1212 5702 1503 5775 redemptis
1521 5745 1535 5773 ,
1566 5703 1789 5773 ablutis,
1820 5704 1899 5760 itt-

1996 4637 2163 4689 preces
2177 4634 2349 4671 eorum
2366 4617 2478 4686 (Ps.
2494 4615 2705 4684 xxxut)?
2720 4613 2960 4683 Nunquid
2978 4612 3187 4682 penitus
3204 4612 3405 4666 interiit
3421 4613 3565 4668 inno-

1994 4710 2189 4774 centia,
2222 4708 2339 4776 quia
2373 4708 2425 4762 in
2460 4706 2628 4775 primo
2654 4704 2768 4773 ejus
2793 4703 2955 4772 gradu
2986 4717 3262 4771 possessor
3287 4701 3401 4771 ejus
3421 4712 3569 4758 stare

1997 4800 2265 4869 neglexit?
2288 4798 2403 4853 Non
2423 4798 2630 4866 opinor,
2654 4796 2774 4865 quia
2792 4796 3047 4863 scriptum
3068 4803 3176 4848 est:
3197 4792 3496 4848 Innocentes
3517 4802 3566 4847 et

1996 4893 2119 4947 recti
2142 4891 2462 4945 adhteserunt
2482 4888 2609 4941 mihi
2621 4887 2739 4956 (Ps.
2762 4886 2929 4957 xxrv).
2957 4886 3022 4939 Et
3037 4886 3224 4939 iterum
3243 4902 3256 4938 :
3277 4884 3402 4948 Quis
3413 4884 3569 4937 stabit

1998 4988 2051 5039 in
2087 4986 2195 5038 loco
2224 4993 2396 5038 sancta
2425 4982 2573 5052 ejus?
2602 4982 2837 5034 innocens
2859 4978 3108 5039 manibus,
3140 4987 3184 5030 et
3205 4974 3395 5028 mundo
3417 4974 3569 5029 corde

1998 5076 2117 5146 (Ps.
2137 5073 2310 5142 mu).
2338 5073 2401 5127 Et
2426 5076 2646 5126 iterum:
2668 5070 2913 5124 Dominus
2940 5084 3038 5121 non
3055 5065 3269 5135 privabit
3290 5064 3434 5118 bonis
3458 5080 3568 5118 am-

1999 5166 2229 5221 bulantes
2268 5165 2320 5217 in
2348 5162 2634 5217 innocentia
2665 5160 2781 5232 (Ps.
2810 5157 3057 5228 Lxxxm).
3097 5156 3343 5224 Nunquid
3373 5155 3570 5210 sancti-

2002 5257 2183 5312 ﬁcatio
2205 5255 2443 5325 corporis
2465 5269 2528 5308 ex
2555 5259 2664 5308 toto
2683 5251 2877 5305 amissa
2897 5264 3018 5304 esse
3038 5246 3302 5304 credenda
3318 5254 3419 5308 est,
3442 5242 3567 5312 quia

2003 5347 2255 5403 membris
2287 5346 2337 5399 in
2378 5359 2535 5400 servo
2580 5340 2766 5397 rebelli
2787 5353 2936 5394 suam
2962 5352 3067 5391 non
3088 5333 3418 5399 servantibus
3446 5344 3566 5385 ser-

2001 5437 2246 5500 vitutem,
2274 5420 2509 5489 discussa
2550 5439 2632 5487 est
2675 5429 2856 5498 prima:
2885 5428 3111 5497 dignitas
3145 5420 3423 5492 puritatis?
3450 5418 3568 5474 Non

2003 5526 2202 5595 utique,
2234 5524 2354 5593 quia
2383 5522 2606 5591 legimus
2636 5538 2647 5572 :
2680 5519 2748 5574 Ut
2791 5514 3082 5573 exhibeatis
3126 5523 3350 5581 corpora
3394 5517 3568 5563 vestra

2004 5615 2231 5671 hostiam
2251 5615 2447 5677 vivam.
2474 5620 2733 5678 sanetam,
2758 5610 3050 5679 placentem
3081 5603 3213 5656 Deo.
3244 5601 3312 5673 Et
3341 5599 3568 5657 iterum:

2008 5705 2189 5762 Sancti
2213 5711 2386 5773 estote,
2415 5704 2534 5769 quia
2568 5717 2657 5770 ego
2682 5708 2880 5755 sanctus
2903 5711 3013 5751 sum
3040 5691 3181 5763 (Leu.
3213 5690 3349 5759 xu).
3375 5690 3448 5749 lla
3473 5688 3572 5747 hoc
