2001 3094
222 167 274 196 79!

819 164 847 190 S.
870 162 990 191 FAUSTI
1012 161 1213 191 RIIEGIENSIS

1801 166 1847 193 796

223 233 320 260 gcue‘e
337 225 476 256 banorum,
491 222 599 250 lllortlm
611 228 670 256 qua)
685 221 754 248 male
769 226 879 247 secutus
894 219 1010 255 paradisi
1029 219 1052 248 Α
1066 223 1116 251 cst,
1134 220 1218 246 bonus
1232 226 1293 246 esse
1306 218 1460 251 contendat,
1475 223 1502 246 et
1515 219 1669 254 supplicans
1680 220 1771 248 dicat:
1784 227 1848 249 em

224 272 309 299 incola
322 279 336 298 a
350 270 464 305 benigno
474 273 584 296 auctore
594 271 758 302 susceperat,
773 274 827 293 non
840 266 919 301 periit
931 265 1013 297 actio,

223 317 273 345 etsi
281 320 323 344 est
332 316 429 343 amissa
441 314 577 349 perfectio.
586 313 642 341 Non
652 313 770 348 inquam,
780 312 874 339 harum
883 312 1011 339 virtutum

224 363 302 397 periit
316 362 435 394 castitas,
449 361 498 388 etsi
512 364 553 387 est
569 364 696 386 temerata
710 358 848 393 virginalis
861 358 1012 392 integritas.

529 404 643 433 CAPUT
665 404 709 431 IX.

271 452 388 485 Qualiter
399 451 535 486 inﬁrmitas
546 450 619 476 liberi
633 447 733 476 arbitrii
746 447 913 483 intelligenda
927 448 974 476 sit.

259 497 312 525 Sed
330 497 479 531 interrogas
489 499 517 523 et
528 495 568 522 ais
581 503 588 522 :
602 494 742 528 Quomodo
758 494 958 528 intelligendum
973 498 1014 520 est

225 542 388 570 inﬁrmarum
403 540 527 568 humana:
541 540 637 567 mentis
650 538 807 566 arbitrium?
821 539 964 566 Attenuat:
981 538 1013 565 li-

225 588 314 614 bertas
327 586 386 622 ejus
400 587 435 613 ita
449 586 541 621 gratia:
556 585 717 612 adminicula
733 585 793 619 plus
803 584 932 619 requirit,
947 583 1015 611 sicut

225 631 307 658 homo
322 633 397 666 longa
411 630 564 658 inﬁrmitate
574 629 725 662 confectus,
741 628 886 663 adiutoriis
898 637 928 656 ac
942 629 1014 656 sola-

225 678 269 705 liis
281 685 373 712 gressu
394 677 523 703 titubante
543 675 627 709 magis
644 675 754 709 indiget.
776 674 857 708 Igitur
870 675 942 701 sicut
956 679 1015 709 post

226 725 401 751 Inveteratam
417 723 527 749 luxuria:
537 722 768 752 consuetudinum
784 723 917 756 reparatio
930 721 1014 749 conti-

226 769 325 797 nentitc
340 769 423 796 tnulto
438 767 673 795 labore-constabit
686 776 692 794 :
709 772 735 794 et
749 767 818 795 sicut
832 768 911 802 longo
928 771 1015 794 lemu-

227 815 315 843 Ientia:
330 822 379 842 usu
401 815 549 849 captivata,
563 814 696 841 sobrietas
709 821 770 841 cum
783 814 908 841 violentia
923 814 1015 849 rigida:

226 862 313 889 crucis
329 862 372 888 vix
388 861 526 895 recipitur,
541 868 600 895 qua:
612 861 685 895 prius
696 868 755 888 cum
772 861 851 888 illmsa
867 866 1014 895 teneretur,

1067 264 1203 292 voluntate
1223 272 1281 291 mca
1302 264 1452 292 conﬁtebor
1472 265 1521 292 illi.
1543 265 1657 293 Jubetur
1677 267 1851 301 unusquisque

1065 318 1098 337 cx
1114 310 1250 337 voluntate
1264 310 1402 342 converti,
1418 317 1452 338 ne
1467 315 1590 345 peccator
1605 311 1719 339 fortasse
1734 312 1852 346 desperet

1064 355 1092 383 in
1106 355 1200 383 melius
1219 363 1248 383 se
1261 362 1340 391 posse
1360 356 1468 383 mutari.
1484 355 1515 383 Si
1530 356 1598 390 quis,
1618 356 1714 391 inquit,
1730 358 1783 384 t-ult
1799 364 1852 393 post

1064 409 1105 428 me
1115 401 1210 433 venire,
1221 401 1326 437 almeng
1338 402 1449 436 seipsum
1463 402 1522 434 sibi,
1538 402 1564 429 id
1579 407 1630 436 est,
1646 403 1713 430 alter
1725 403 1851 432 efﬁciatur

1065 454 1099 474 ex
1115 446 1211 474 altero.
1227 447 1357 474 Patientia
1374 446 1465 474 vincat
1480 447 1661 481 iracundiam,
1678 449 1850 482 temperantia

1066 493 1182 520 refrenet
1196 493 1439 526 concupiscentiam
1450 514 1458 527 ,
1476 494 1612 521 humilitas
1624 494 1748 522 exturbet
1762 502 1853 530 super-

1066 540 1151 572 biatn,
1168 547 1233 567 crux
1252 543 1375 566 conterat
1391 540 1565 573 voluptatem.
1581 540 1646 573 Quis
1664 541 1723 568 haec
1741 541 1801 568 sine
1815 542 1852 568 la-

1066 585 1130 613 bore
1145 585 1249 617 cordis,
1265 586 1324 612 sine
1337 585 1481 611 afﬂictione
1499 585 1603 617 carnis,
1619 586 1678 613 sine
1693 593 1791 621 magno
1809 586 1852 614 bo-

1066 632 1145 658 minis
1160 631 1301 665 utriusque
1316 630 1461 658 Iuctatnine
1474 630 1618 657 dormienti
1636 631 1687 658 sibi
1707 639 1757 666 per
1769 632 1852 659 solam

1064 677 1177 712 gratiam
1196 677 1311 703 :estimet
1331 676 1512 703 conferenda?
1532 676 1642 710 Abneget
1661 677 1774 710 «ipsum
1791 677 1852 712 sibi,

1067 723 1118 750 hoc
1130 728 1171 750 est
1183 723 1272 750 dicere
1282 732 1288 749 :
1298 722 1321 750 0
1332 722 1422 754 homo,
1440 731 1492 749 non
1510 728 1587 756 putes
1604 727 1629 750 tc
1644 723 1680 749 ita
1694 723 1729 750 ab
1743 728 1853 751 auctore

1067 773 1112 794 ttto
1129 768 1280 799 conditum,
1296 772 1324 794 ttt
1340 767 1374 795 de
1389 767 1479 802 iniquo
1490 768 1594 802 justus,
1610 768 1644 795 de
1659 768 1798 795 luxurioso
1812 776 1854 796 ca-

1065 820 1134 847 stus,
1149 815 1182 842 de
1194 815 1326 842 malevolo
1339 815 1469 848 benignus
1480 822 1540 841 esse
1557 822 1609 841 non
1621 815 1719 848 possis.
1735 814 1813 847 Quod
1827 819 1854 840 ut

1066 861 1194 894 consequi
1209 861 1298 887 valcas
1316 868 1369 887 non
1390 860 1489 886 factura
1505 860 1531 887 in
1549 865 1576 887 te
1590 863 1632 887 est
1645 859 1790 893 mutanda,
1809 860 1852 887 sed

227 914 309 942 parvo
329 907 435 941 negotio
453 906 610 934 servabatur
631 905 781 941 (siquidem
801 914 862 934 cuttt
882 907 1016 941 voluptate
1030 900 1053 930 Β
1067 905 1130 933 vita.
1147 905 1222 933 Nunc
1240 906 1289 932 ista
1309 906 1446 937 dicentes,
1468 913 1522 932 non
1542 905 1659 933 laborem
1676 906 1770 940 gratim
1787 913 1856 933 eoa:-

226 952 340 987 quadam
358 951 484 979 inviolata
499 951 662 978 conscientia
684 950 859 986 possidetur),
878 957 905 979 et
922 960 1015 986 quetn~

227 997 370 1025 admodum
385 1002 444 1032 post
457 996 562 1024 diversa
575 996 720 1023 carnalium
735 996 912 1024 blandimenti
935 997 1015 1024 vitio-

228 1051 302 1073 rum.
318 1050 377 1078 qute
398 1043 476 1070 facile
493 1042 577 1076 prima
599 1046 665 1069 aetas
682 1046 707 1069 st
726 1046 780 1069 lum
801 1050 877 1069 Sllllm
898 1043 1016 1070 retinens

228 1089 332 1116 calcare
348 1088 488 1123 potuisset,
503 1094 562 1114 cum
579 1094 676 1121 magno
692 1087 852 1119 luctamine,
867 1088 938 1115 velut
954 1095 1017 1115 cott-

229 1139 270 1162 ιω
284 1134 361 1161 ardui
375 1134 473 1160 nion'is
488 1140 628 1159 ascensum
649 1132 682 1159 ad
699 1132 804 1159 virtutis
819 1132 888 1159 viam
904 1132 1015 1166 rcditur,

230 1180 266 1208 ita
286 1180 394 1207 humani
417 1179 518 1206 arbitrii
540 1186 554 1205 a
576 1178 629 1205 Deo
644 1185 771 1205 concessa
792 1178 900 1205 libertas
923 1179 1015 1205 liorem

229 1225 402 1259 vigoremque
424 1224 516 1259 gratia:
537 1230 593 1251 sum
616 1223 745 1257 perdidit,
770 1228 858 1251 tamen
885 1224 941 1258 ipsa
964 1231 1017 1251 non

230 1271 319 1305 periit,
335 1274 361 1297 ut
376 1270 465 1298 divina
480 1276 589 1296 munera
603 1276 655 1296 non
671 1273 724 1295 tam
740 1269 877 1296 interdicta
893 1269 942 1297 s'bi
958 1277 1020 1297 sen-

230 1318 292 1349 tiat,
307 1323 389 1351 quam
405 1323 466 1343 cum
482 1323 588 1343 summo
611 1315 702 1343 labore
717 1322 749 1342 ac
767 1315 866 1343 sudore
880 1323 928 1351 per
940 1316 1019 1351 adju-

230 1364 290 1390 torii
303 1362 479 1398 patrocinium
492 1361 543 1389 sibi
557 1362 703 1397 repetenda
715 1369 774 1389 esse
785 1368 937 1397 cognoscat.
950 1363 1018 1391 Audi

229 1409 408 1444 It-glslatorem
420 1408 455 1436 de
467 1408 612 1435 voluntatis
626 1408 738 1436 arbitrio
750 1408 927 1443 disputantem
936 1431 944 1443 ,
958 1418 1018 1437 cum

229 1455 296 1482 dicit
310 1463 319 1482 :
344 1454 424 1481 Potui
441 1459 501 1481 ante
516 1455 606 1489 faciem
623 1458 694 1481 tuam
706 1455 782 1481 vitam
796 1459 820 1481 et
838 1460 958 1488 mortem,
976 1455 1020 1482 lto-

229 1507 291 1526 mtm
309 1504 333 1526 et
351 1500 466 1531 malum;
481 1499 545 1534 elige
561 1499 638 1526 vitam
657 1504 685 1526 ut
699 1500 767 1527 vittas
783 1499 872 1534 (Deut.
890 1508 941 1528 xxx
952 1501 971 1536 ).
987 1502 1019 1528 Et

229 1546 326 1573 lterum
339 1553 346 1571 :
361 1545 435 1572 Viam
446 1545 559 1572 veritatis
571 1545 635 1580 elegi
645 1546 757 1579 :jttdit‘ia
770 1551 812 1573 tua
823 1555 873 1574 non
887 1555 942 1574 sum
955 1548 1020 1574 obli-

230 1596 272 1618 tua
290 1590 377 1625 (Petti.
394 1590 502 1626 csvut).
513 1590 595 1618 Vides
608 1591 678 1626 quod
702 1592 835 1620 neminem
857 1594 900 1620 hic
922 1596 1018 1628 premit
1032 1582 1055 1613 ο

230 1637 290 1671 fati,
305 1637 348 1665 vel
362 1637 494 1671 imposita:
507 1639 666 1672 perditionis
680 1640 837 1673 necessitas,
852 1641 896 1668 ubi
911 1648 1018 1675 compe-

231 1683 264 1711 tit
281 1683 396 1718 eligendi
412 1684 549 1718 potestas!
571 1683 661 1718 Neque
675 1685 747 1712 enim
768 1686 794 1712 in
815 1693 894 1713 unam
918 1693 1018 1721 partem

232 1729 314 1756 trahit
337 1729 553 1764 prtedcstinatio,
578 1729 621 1756 ubi
641 1725 779 1764 utriusque
804 1731 886 1765 partis
901 1731 1020 1759 defertur

231 1773 339 1802 electio.
356 1774 420 1801 Item
439 1782 446 1801 :
463 1773 525 1801 Fiat
542 1782 633 1801 manu:
651 1780 694 1801 tua
713 1780 741 1801 ut
758 1776 855 1803 saluum
870 1785 909 1803 me
925 1778 1017 1812 fat-int,

231 1822 292 1856 quia
307 1822 428 1848 mandata
442 1826 485 1847 tua
500 1820 565 1857 elegi
578 1821 663 1855 (Psal.
676 1821 781 1855 cxvut).
796 1822 846 1849 Itoc
858 1828 899 1850 est
910 1823 998 1850 dicere
1012 1833 1019 1850 :

231 1867 398 1894 Sollicitabat
408 1874 450 1893 me
460 1866 565 1901 quidam
575 1866 600 1892 in
609 1866 744 1893 sinistram
757 1871 859 1901 partem
871 1867 1019 1901 perniciosa

232 1912 324 1939 mundi
336 1912 473 1945 voluptas,
491 1912 538 1940 sed
561 1912 587 1939 in
607 1912 743 1940 dexteram
762 1913 947 1941 mandatorum
963 1919 1022 1941 tuo-

233 1962 291 1983 rum
307 1956 386 1983 traxit
401 1955 510 1983 utilitas.
526 1956 617 1991 Itaque
630 1964 690 1983 cttnt
707 1962 800 1991 gentes
815 1958 880 1992 ipsa:
899 1958 933 1986 ad
957 1959 1020 1986 mali

234 2001 331 2029 bonivc
340 2000 469 2036 judicium
478 2001 559 2028 insito
570 2001 618 2028 sibi
630 2001 778 2037 dirigantur
789 2002 909 2034 arbitrio,
921 2008 1021 2038 quanto

234 2047 318 2082 magis
343 2046 476 2075 moderari
499 2047 532 2073 ad
555 2047 652 2075 bonam
679 2053 781 2082 partem
802 2049 945 2076 voluntatis
966 2057 1021 2076 sua:

235 2091 358 2119 libertate
371 2096 458 2127 potest
472 2092 579 2119 humilis
595 2092 779 2125 Christianus,
800 2094 843 2127 qui
858 2094 1021 2127 possibilita-

235 2140 289 2163 tem
299 2143 374 2163 suam
386 2136 412 2162 in
429 2136 475 2163 Dei
486 2136 617 2170 adjutoris
627 2137 724 2164 virtute
734 2138 882 2165 constituit.
891 2139 930 2165 Ad
940 2145 1019 2174 quem

235 2181 352 2209 dicitur:
369 2181 399 2208 Si
412 2182 449 2208 vis
462 2182 587 2217 perfectus
603 2190 672 2216 esse,
688 2183 765 2215 vade,
784 2184 863 2211 vende
874 2193 931 2218 qua:
944 2185 1021 2213 habet

236 2225 341 2261 (Matth.
355 2227 422 2261 χιχ).
433 2227 466 2254 Et.
477 2227 571 2255 iterttm
584 2236 592 2255 :
607 2227 651 2254 Vis
672 2236 749 2255 sanus
762 2229 818 2262 ﬁeri
831 2228 919 2264 (Joatt.
931 2238 957 2262 v,
973 2230 1021 2265 6)?

1065 959 1188 987 quamus,
1201 951 1249 979 sed
1260 951 1370 979 omnino
1381 951 1493 986 gratiam
1508 951 1566 979 sine
1576 951 1779 986 comparatione
1790 959 1855 985 prte-

1067 1004 1201 1031 pommus.

1378 1042 1492 1071 CAPUT
1511 1042 1545 1070 Χ.

1069 1088 1204 1120 Quomodo
1216 1089 1407 1123 intelligendum
1421 1089 1453 1115 sit
1467 1096 1477 1115 :
1493 1098 1502 1114 ι
1519 1088 1578 1115 Non
1588 1088 1692 1115 volentis
1706 1097 1789 1122 neque
1800 1096 1857 1114 tur-

1103 1125 1241 1152 retttisJed
1254 1125 1392 1151 miserantis
1402 1130 1438 1150 ut
1452 1124 1516 1156 Dei;
1532 1133 1541 1149 ι
1557 1125 1596 1150 vel
1611 1123 1691 1150 illud:
1702 1133 1712 1149 ι
1728 1123 1788 1150 Non
1801 1124 1858 1150 ι·εηὶ

1103 1167 1193 1186 vocare
1199 1161 1295 1194 justas,
1309 1160 1353 1186 sed
1367 1164 1510 1195 peccatores
1525 1160 1551 1186 in
1562 1159 1744 1194 pmuitentiam.
1759 1168 1769 1184 ι

1104 1226 1156 1254 Sed
1174 1226 1240 1253 dicis
1255 1235 1261 1253 :
1276 1226 1304 1253 In
1320 1230 1422 1254 tantum
1437 1226 1503 1254 nihil
1520 1231 1561 1254 est
1581 1226 1714 1259 hominis,
1730 1226 1778 1254 sed
1800 1231 1858 1254 tan-

1070 1276 1125 1300 tum
1145 1271 1236 1306 gratia:
1257 1272 1321 1307 Dei,
1340 1276 1369 1299 ut
1389 1272 1533 1307 Apostolus
1547 1272 1618 1299 dicat
1634 1281 1640 1299 ε
1657 1272 1719 1299 Non
1736 1273 1858 1306 volentis,

1070 1326 1149 1353 neque
1169 1318 1309 1351 currentis,
1325 1318 1394 1345 sicut
1412 1318 1463 1345 sibi
1481 1323 1588 1353 arrogat
1602 1317 1711 1346 Judzeus
1727 1326 1760 1346 es
1782 1318 1857 1352 lege,

1071 1363 1113 1390 vel
1125 1363 1247 1398 Pelagius
1257 1371 1289 1390 ex
1302 1363 1379 1391 liberi
1392 1363 1495 1391 arbitrii
1507 1364 1726 1398 praesumptione,
1737 1363 1784 1390 scd
1796 1363 1858 1390 licet

1069 1415 1129 1435 cum
1149 1407 1264 1435 hominis
1287 1410 1432 1442 servitute,
1455 1413 1539 1436 totum
1559 1414 1648 1437 tamen
1668 1410 1810 1436 miserean
1824 1415 1859 1436 est

1071 1453 1127 1488 Dei,
1145 1463 1195 1482 non
1209 1456 1315 1482 valentis
1328 1463 1407 1491 neque
1421 1456 1545 1482 currentis
1558 1456 1643 1488 (Rom.
1659 1456 1707 1489 ιχ).
1724 1455 1772 1482 llic
1784 1455 1859 1482 illum

1070 1500 1207 1528 evidenter
1221 1505 1297 1528 notat
1308 1505 1335 1528 et
1348 1501 1446 1536 arguit,
1461 1501 1505 1536 qui
1519 1502 1604 1528 solum
1618 1509 1648 1528 se
1658 1501 1707 1528 sibi
1722 1501 1858 1532 sufﬁcere,

1070 1546 1129 1572 sine
1146 1554 1226 1573 manu
1245 1546 1397 1581 adjuvantis
1416 1547 1564 1574 existimat.
1588 1547 1720 1574 Caeterum
1741 1546 1775 1574 ad
1796 1554 1858 1574 cum

1071 1591 1115 1625 qtti
1131 1598 1191 1618 cum
1207 1591 1361 1619 miserantis
1373 1591 1473 1619 auxilio
1483 1596 1594 1619 conatus
1613 1599 1675 1619 suos
1688 1592 1790 1627 jungit,
1805 1599 1858 1619 non

1071 1637 1144 1669 dit-il,
1160 1646 1211 1664 nm
1226 1638 1331 1664 volentis
1345 1646 1424 1673 neque
1434 1639 1567 1671 currentis,
1582 1638 1627 1665 sed
1643 1638 1726 1665 tunlto
1739 1638 1816 1665 aliter
1825 1637 1858 1666 ad

1071 1690 1131 1709 eum
1147 1683 1273 1717 loquitur.
1291 1683 1347 1715 Sic,
1364 1683 1459 1718 inquit,
1472 1683 1575 1717 currite,
1591 1683 1857 1719 utcamprehendatis.
1892 1719 1895 1721 _

1072 1728 1106 1755 Et
1120 1728 1228 1756 iterutn.
1241 1728 1303 1755 Tam
1318 1729 1378 1756 bene
1389 1730 1538 1762 cunabulis,
1549 1730 1606 1765 quia
1619 1737 1661 1756 ras
1676 1730 1807 1762 impedivit
1818 1738 1858 1756 rea

1070 1774 1141 1800 ritati
1154 1783 1204 1801 non
1218 1775 1337 1801 obedire!
1351 1774 1379 1802 Si
1395 1782 1447 1802 non
1467 1778 1509 1802 est
1527 1775 1607 1802 etiam
1622 1774 1746 1801 voluntas
1764 1782 1858 1809 exspe-

1070 1820 1166 1847 ctanda
1179 1820 1321 1853 currentis,
1336 1828 1419 1855 quare
1431 1820 1547 1848 dicitur:
1563 1820 1617 1855 Ego
1629 1821 1707 1856 igitur
1721 1821 1758 1847 ιίε
1773 1828 1856 1853 curro,

1071 1873 1121 1891 non
1136 1865 1209 1899 quasi
1227 1865 1255 1892 in
1273 1865 1414 1898 incet‘tum,‘
1430 1870 1457 1893 et
1477 1866 1572 1893 iterum
1592 1874 1598 1892 :
1615 1865 1722 1892 Cursum
1738 1873 1856 1891 consum-

1072 1910 1152 1942 mati,
1176 1910 1252 1944 ﬁdem
1274 1911 1389 1937 servavi?
1411 1910 1471 1937 Non
1495 1911 1601 1937 valenti:
1622 1919 1701 1944 neque
1723 1911 1856 1937 currentia.

1072 1956 1131 1991 Ipse
1143 1956 1193 1983 sibi
1206 1957 1308 1984 obtexit
1322 1964 1441 1984 errorum
1458 1957 1598 1990 tenebras,
1613 1957 1656 1991 qui
1673 1956 1699 1983 in
1713 1956 1855 1991 Scriptum

1071 2003 1172 2029 sanctis
1187 2002 1227 2029 vel
1248 2009 1376 2037 personas
1395 2003 1478 2029 nescit
1500 2002 1680 2036 interrogare,
1696 2003 1738 2030 vel
1753 2009 1855 2032 causas.

1073 2048 1129 2075 lloc
1142 2048 1202 2074 loco
1216 2047 1359 2081 Apostolus
1371 2047 1489 2082 gentium
1504 2054 1628 2074 asserens
1643 2047 1720 2075 ﬁdem
1731 2068 1739 2081 ,
1754 2047 1855 2075 Iudaeo-

1071 2101 1131 2119 l'llm
1146 2093 1298 2127 superbiam
1313 2098 1418 2120 coercet
1433 2097 1457 2120 et
1473 2092 1624 2127 cotnprimit
1635 2114 1642 2126 ,
1657 2093 1702 2128 qui
1717 2093 1767 2120 sibi
1780 2093 1855 2127 justi-

1073 2139 1135 2166 tiam
1155 2139 1189 2166 de
1210 2139 1277 2173 legis
1294 2138 1420 2172 operibus
1439 2139 1615 2173 arragabant,
1636 2146 1668 2166 ac
1685 2138 1731 2165 Dei
1755 2138 1855 2165 miscri-

1072 2185 1190 2213 cordiam
1207 2189 1234 2212 et
1254 2185 1365 2219 gratiam
1383 2186 1558 2219 respuebant,
1577 2186 1621 2220 qui
1643 2194 1732 2217 suam,
1749 2192 1778 2212 ut
1796 2186 1856 2212 dicit

1074 2231 1230 2266 Apostolus,
1248 2235 1385 2265 quantum
1399 2236 1507 2258 stafuere
1524 2231 1665 2265 justitiam,
1682 2231 1794 2265 justitite
1812 2231 1855 2258 Dei

236 2273 358 2300 conscius
370 2279 496 2308 quantum
505 2275 578 2303 cordi
588 2275 704 2303 humano
713 2282 808 2310 potens
818 2276 901 2304 factor
915 2264 1019 2305 inditle-
1032 2264 1059 2294 D
1072 2264 1123 2303 non
1133 2280 1192 2302 sunt
1204 2264 1310 2311 subjecti
1320 2276 1407 2310 (Rom.
1424 2276 1464 2309 ιι).
1477 2264 1550 2308 Quos
1561 2280 1589 2302 et
1602 2276 1654 2302 alio
1664 2264 1724 2302 loco
1735 2276 1854 2303 simulata

237 2319 281 2350 rit,
297 2318 460 2347 voluntatem
472 2320 555 2355 ipsius
564 2329 643 2356 quem
655 2325 695 2349 cst
710 2326 851 2349 sanaturus
863 2322 1017 2358 interrogat.

238 2364 304 2392 Nam
317 2369 344 2392 et
357 2365 411 2392 alio
423 2366 482 2393 loco
494 2368 622 2402 populum
640 2368 819 2395 ambulantem
833 2375 962 2396 concessa
976 2377 1020 2396 ar-

235 2410 304 2438 bitrii
317 2410 436 2438 libertate
448 2412 487 2439 sic
500 2412 585 2447 arguit
597 2421 605 2439 :
618 2412 690 2439 Educ
700 2415 771 2447 foras
782 2414 904 2447 populum
915 2422 1019 2446 ctutum,

234 2460 259 2483 et
280 2456 367 2484 oculos
384 2455 534 2490 habentem,
557 2457 664 2484 surdum
678 2463 702 2485 et
722 2467 796 2486 aures
817 2459 840 2485 ci
858 2464 916 2485 sunt
940 2458 1020 2493 (Isai.

235 2502 323 2537 nm).
342 2503 391 2530 llic
409 2503 481 2537 quod
501 2503 597 2530 surdtts
615 2508 642 2531 et
660 2511 749 2531 caecus
767 2509 824 2537 ρει,
847 2505 1020 2532 contumacia:

233 2553 296 2574 esse
310 2546 475 2581 intelligitur,
490 2553 543 2574 non
556 2553 668 2575 naturae.
685 2548 718 2575 Et
731 2548 756 2575 itt
771 2548 916 2583 Evangelia
928 2553 1021 2582 aperte

235 2590 352 2619 ostendit
370 2591 483 2619 inditum
498 2598 559 2619 esse
580 2592 681 2620 homini
703 2593 779 2620 bona:
794 2593 935 2620 voluntatis
955 2593 1020 2620 alre-

236 2642 320 2664 ctum.
336 2636 367 2664 Si
386 2636 459 2671 quia,
479 2636 579 2671 inquit,
598 2637 651 2664 vult
671 2643 727 2673 post
739 2646 779 2664 me
797 2638 897 2671 venire,
918 2638 1021 2672 abneget

235 2683 347 2719 “ipsum
365 2682 426 2715 sibi,
447 2685 470 2709 et
495 2681 568 2708 tollat
587 2689 687 2708 crucem
705 2691 778 2709 suam
800 2687 824 2708 et
844 2687 962 2717 sequatur
982 2690 1021 2709 me

236 2728 314 2763 (Luc.
330 2727 383 2764 ιι).
399 2727 455 2756 Hoc
466 2731 507 2755 est
520 2726 609 2754 dicere
625 2735 631 2752 :
653 2727 717 2754 Mea:
732 2727 912 2755 miserationis
931 2731 972 2754 est
992 2732 1021 2754 ut

237 2776 353 2809 voceris,
376 2777 424 2804 sed
444 2781 496 2803 tua:
514 2775 657 2803 voluntatis
678 2775 851 2802 commissum
870 2781 910 2803 est
932 2780 960 2802 ut
978 2783 1021 2802 sc-

237 2822 338 2854 quaris.
350 2821 492 2849 Videamus
505 2823 527 2849 si
542 2829 588 2856 per
599 2821 682 2848 otium
692 2820 725 2847 ad
737 2827 767 2848 se
779 2820 871 2849 invitet
885 2821 1019 2849 hominem

238 2866 318 2894 Deus.
335 2867 455 2900 Abneget,
470 2868 564 2902 inquit,
580 2868 689 2900 “ipsum
698 2867 757 2899 tibi,
772 2867 797 2895 id
812 2871 863 2900 est,
878 2867 920 2903 qui
935 2867 1019 2895 malus

1069 2321 1269 2357 justiﬁcatione,
1283 2326 1309 2348 et
1319 2321 1426 2355 obliqua
1440 2329 1488 2355 per
1499 2321 1609 2348 ironiam
1621 2328 1687 2348 voce
1700 2321 1856 2348 condemnat

1072 2366 1187 2394 dicens:
1210 2366 1271 2393 Non
1294 2367 1351 2393 veni
1370 2374 1460 2392 vocare
1483 2366 1579 2399 iustos,
1601 2366 1645 2392 sed
1664 2371 1807 2400 peccatores
1825 2365 1857 2391 ad

1072 2413 1242 2447 pamitentiam
1257 2412 1363 2447 (Matth.
1379 2411 1431 2446 Ix),
1456 2411 1561 2445 Justos,
1581 2411 1606 2438 id
1621 2416 1678 2445 est,
1694 2412 1739 2446 qui
1760 2411 1812 2439 sibi
1827 2412 1857 2437 de

1073 2458 1281 2493 prtesumptione
1292 2458 1403 2492 justitite
1415 2457 1595 2485 blandiuntur.
1609 2457 1685 2484 Sicut
1696 2462 1724 2484 et
1737 2457 1790 2483 alio
1801 2458 1857 2484 loco

1070 2504 1257 2537 justiﬁcantcm
1280 2503 1382 2537 respuit
1404 2502 1584 2535 Pltaristeum,
1600 2506 1627 2529 et
1643 2508 1812 2529 accusantem
1829 2509 1856 2528 se

1071 2550 1189 2584 suscepit
1202 2550 1382 2583 publicanum.
1396 2548 1456 2575 Non
1469 2549 1535 2581 veni,
1550 2548 1645 2582 inquit,
1661 2556 1750 2575 vacare
1760 2550 1856 2584 justas,

1069 2596 1115 2623 sed
1126 2600 1269 2629 peccatores
1278 2595 1312 2621 ad
1323 2595 1505 2630 pwnitentiam,
1522 2594 1547 2621 id
1559 2599 1610 2627 est,
1624 2601 1677 2621 non
1689 2595 1748 2621 veni
1762 2601 1857 2621 vocare

1071 2641 1179 2669 Judteos
1193 2649 1228 2669 ex
1248 2641 1306 2676 lege
1323 2640 1374 2668 sibi
1391 2640 1502 2675 justitiae
1523 2639 1659 2674 privilegia
1677 2639 1857 2671 vindicantes,

1072 2686 1118 2714 sed
1134 2687 1221 2720 potius
1235 2691 1328 2721 gentes
1345 2686 1452 2720 requiro
1470 2692 1502 2712 ex
1519 2685 1572 2712 llde
1590 2689 1759 2719 peccatorum
1777 2684 1856 2720 paeni-

1071 2732 1181 2758 tentiam
1204 2731 1370 2765 proﬁtentes.
1395 2730 1460 2757 Nam
1479 2729 1513 2757 ob
1528 2730 1646 2763 ipsorum
1667 2729 1811 2756 elationem
1832 2732 1856 2755 et

1071 2778 1123 2804 alio
1137 2777 1195 2804 loco
1210 2777 1244 2803 ita
1258 2776 1323 2803 dicit
1336 2784 1342 2802 :
1358 2775 1419 2802 Non
1430 2781 1466 2801 est
1478 2783 1540 2810 opus
1553 2775 1621 2801 ranis
1635 2775 1745 2806 medico,
1759 2775 1804 2801 sed
1814 2775 1855 2809 qui

1071 2822 1136 2849 male
1151 2821 1254 2849 habent.
1270 2820 1355 2848 Judmi
1373 2825 1462 2847 autem
1479 2820 1565 2854 justas
1583 2823 1611 2847 et
1628 2826 1709 2846 sanos
1728 2826 1758 2846 se
1777 2819 1855 2853 jacta-

1072 2866 1135 2895 baut
1148 2873 1219 2898 esse.
1233 2865 1279 2894 scd
1294 2873 1347 2895 non
1361 2869 1447 2894 erant.
1462 2865 1526 2899 Quis
1537 2869 1625 2893 autem
1638 2872 1732 2902 sanum
1747 2864 1782 2892 de
1792 2871 1852 2892 sane
