2001 3094
109 189 161 216 797

109 246 195 274 corde
207 244 298 272 dicere
312 243 423 270 auderet
438 239 544 275 quando
558 240 718 267 universitas
733 240 840 274 generis
853 239 902 264 1ιιι-

109 293 182 319 ιιιειιιῑ
197 298 251 317 ιιιιο
266 289 400 324 serpentis
418 295 509 315 morsu
526 293 651 321 percussa
672 286 831 320 languebat?
846 285 902 312 Una

109 342 152 365 est
165 344 231 371 ergo
249 342 311 370 spes
325 333 449 361 sanitatis
469 333 591 363 infirmo,
611 331 633 358 si
649 338 678 358 se
692 338 783 358 coram
798 330 903 358 medico

108 386 238 418 agnoscat
252 380 398 407 inlirmum.
415 378 530 412 Dignum
546 384 610 404 vero
624 383 666 404 est
680 382 710 403 ut
724 376 845 403 remedio
860 383 905 403 ca-

110 432 179 460 reat,
194 427 237 462 qui
251 425 436 460 mgritudinem
451 430 526 450 suam
538 423 610 450 scire
622 422 784 449 dissimulat.
799 422 831 449 Et
846 429 904 456 pro-

110 478 204 507 pterea
226 471 307 506 magis
324 470 412 504 gaudii
433 469 480 496 erit
501 467 599 503 angelis
624 468 650 494 in
669 467 733 494 cwlo
755 475 831 501 super
852 474 903 493 uno

111 523 244 552 peccatore
263 515 433 552 pmnitentiam
451 518 557 549 agente,
578 521 655 548 quam
670 521 747 547 super
765 513 904 546 nonaginta

111 570 201 589 not-em
217 562 308 596 iustis,
328 561 373 594 qui
387 567 439 587 non
458 559 572 595 indigent
589 558 736 594 pauitantia
749 557 759 593 (
769 557 830 584 Luc.
845 558 903 591 xv).

112 608 178 642 Quis
194 615 247 634 non
266 607 318 634 hoc
336 606 396 635 loco
414 612 478 633 vere
495 605 581 640 iustos
600 611 661 632 esse
680 604 774 631 credat
795 604 844 631 hos
858 604 904 638 qui

112 662 166 682 non
181 653 300 687 indigent
313 651 488 687 paenitentia?
498 650 549 678 Sed
561 657 640 678 nemo
651 649 736 685 magis
746 654 805 684 eget
818 649 904 677 saluto

112 707 193 734 quam
209 699 253 733 qui
275 706 305 725 se
325 704 379 724 non
399 696 522 731 intelligit
544 696 676 730 indigere.
699 696 729 722 Et
745 695 806 723 ideo
820 695 904 730 magis

113 754 195 774 verus
214 746 258 773 ille
274 749 364 779 pastor
378 743 494 771 exsultat
513 749 594 776 super
606 749 657 768 una
672 748 722 769 ove
739 749 798 776 qua:
812 741 846 768 ab
858 749 903 768 er-

113 800 176 820 rore
187 795 311 819 revocata
326 794 377 821 est,
392 796 473 824 quam
487 795 568 822 super
579 787 721 822 nonaginta
737 794 831 814 novem
844 787 905 814 ovi-

113 839 164 866 bus
176 846 237 873 qure
249 844 303 864 non
314 839 481 863 erraverunt.
497 835 528 862 Et
540 834 600 869 quis
613 842 645 862 eo
659 833 789 861 mortiferi
803 833 903 861 erroris

113 884 187 912 malo
200 891 262 911 esse
276 882 362 918 possit
383 881 509 909 immunis
531 888 593 908 cum
617 880 747 915 propheta
768 884 902 908 testatur:

115 929 209 956 Omnes
225 937 271 955 nos
282 928 356 964 quasi
370 935 427 954 oves
440 926 595 959 erravimus;
611 926 781 961 unusquisque
793 926 820 953 in
837 926 903 952 viam

113 978 195 1011 suam:
210 975 344 1003 declinavit
365 975 376 1010 (
386 974 451 1002 Isai.
472 973 646 1008 un)‘iQnam
663 973 777 1000 dolenda
797 973 903 1000 carcitas

113 1023 268 1051 Judamrum
293 1021 362 1048 viam
389 1024 486 1055 negato
510 1019 653 1047 Salvatore
677 1018 848 1054 perdiderat,
877 1023 905 1045 et

113 1075 237 1096 errorem
256 1074 334 1094 suum
353 1066 423 1093 scire
447 1065 566 1092 nolebat.
592 1064 640 1092 llic
665 1070 730 1098 ergo
750 1070 840 1090 sermo
862 1062 904 1089 di-

112 1115 192 1142 vinus
218 1113 269 1141 sub
291 1112 470 1147 appellatione
495 1111 645 1144 justorum,
668 1110 727 1136 sine
750 1108 904 1143 praajudicio

112 1166 212 1188 sensus
225 1159 336 1186 alterius
348 1158 432 1192 magis
444 1157 596 1184 Judxcorum
608 1159 683 1182 notat
694 1159 773 1189 atque
786 1154 906 1188 increpat

111 1205 307 1241 arrugnntiam.
330 1205 394 1232 Nam
415 1211 476 1231 cum
490 1202 617 1230 denarius
632 1205 661 1229 et
678 1201 841 1229 centesimus
856 1208 905 1227 nu-

112 1258 207 1279 merus
221 1251 308 1286 iustos
323 1250 507 1285 perfectosque
523 1247 662 1283 designet,
676 1252 763 1273 nonus
780 1249 808 1273 et
822 1252 905 1272 nona-

110 1298 233 1333 gesimus
254 1296 368 1331 iniustos
388 1299 417 1322 et
437 1298 590 1329 peccatores
610 1293 666 1327 ipsa
688 1290 835 1326 imperfecti
856 1298 906 1318 nu-

113 1344 181 1372 meri
198 1343 304 1371 ratione
322 1342 455 1377 designat.
479 1341 570 1373 Itaque
590 1339 642 1366 hoc
664 1338 725 1365 loco
743 1336 828 1364 Judazi
849 1336 905 1364 ela-

111 1392 233 1423 tionem,
259 1388 304 1425 qui
333 1396 363 1416 se
381 1395 415 1416 ex
442 1387 501 1422 lege
524 1386 692 1421 justilicans,
716 1383 905 1418 Redemptoris

112 1435 327 1464 tnisericordiam
343 1433 540 1469 repudiaverat,
556 1431 676 1466 Apustoli
691 1429 815 1458 doctrina
825 1428 906 1456 casti-

110 1487 157 1517 gat
168 1481 285 1509 dicendo
299 1489 307 1508 :
325 1480 386 1508 Non
397 1480 516 1507 volentis.
531 1478 598 1512 Quia
611 1478 638 1505 in
650 1476 743 1504 humili
753 1475 905 1503 Christiano

109 1530 171 1565 ipsa
192 1526 345 1555 obedientia
366 1530 393 1554 et
406 1524 537 1560 subiectio
556 1531 652 1551 cursus
670 1527 712 1550 est
724 1527 751 1549 ct
764 1528 903 1553 ascensus,

110 1576 138 1603 in
149 1573 239 1603 Judmi
258 1573 373 1600 elatione
394 1572 484 1607 lapsus
502 1575 545 1598 est
563 1575 590 1598 et
610 1569 749 1597 decursus.
769 1568 845 1601 Non,
865 1568 904 1595 in-

109 1621 181 1656 quit,
195 1619 303 1647 volentis
316 1626 394 1652 neque
406 1617 541 1644 currentis.
559 1614 700 1649 Quomodo
714 1621 765 1642 vox
781 1614 831 1641 ista
845 1621 906 1648 per-

110 1666 202 1694 tinere
226 1668 316 1698 potest
334 1663 367 1690 ad
391 1662 497 1692 fidelem
520 1666 547 1688 ct
567 1660 664 1688 Christi
690 1660 793 1694 legibus
814 1659 905 1686 subdi-

105 1717 186 1745 .tum,
202 1710 237 1738 ad
249 1717 326 1745 quem
341 1709 458 1736 dicitur:
475 1707 507 1734 Et
526 1708 553 1734 in
568 1707 622 1743 lege
635 1706 740 1733 Domini
753 1705 802 1739 fuit
816 1705 906 1732 volun-

111 1764 153 1785 tas
167 1759 243 1793 ejus;
256 1761 283 1784 et
295 1755 367 1791 quod
383 1753 485 1790 praefati
498 1761 590 1781 sumus
603 1762 609 1779 π
624 1752 655 1780 Si
667 1752 724 1783 quis
736 1751 790 1778 vult
801 1757 856 1786 post
868 1758 906 1777 me

112 1803 218 1836 venire;
229 1807 266 1836 et,
283 1802 430 1829 Voluntaria
439 1799 590 1835 sacriﬁcabo
601 1799 657 1833 tibi,
672 1798 793 1830 Domine;
805 1802 843 1831 et,
856 1797 905 1830 Qui

111 1849 222 1877 voluerit
235 1848 347 1875 animant
360 1855 435 1875 suam
449 1846 546 1874 salvam
561 1847 656 1879 facere,
672 1844 760 1880 perdet
772 1843 863 1875 illam;
882 1846 907 1869 et

112 1895 157 1930 qui
167 1894 306 1930 perdiderit
317 1893 429 1920 nimam
439 1900 514 1919 suam
525 1895 628 1927 propter
642 1898 690 1922 me,
702 1889 809 1916 inveniet
818 1889 908 1916 illam?

112 1940 184 1967 Vide
194 1946 274 1975 quam
284 1945 409 1974 magnum
421 1944 488 1972 opus
502 1941 528 1964 et
542 1944 621 1971 quam
636 1935 749 1963 arduum
765 1933 907 1969 perdenda:

112 1991 142 2014 ct
152 1984 323 2013 invenienda:
333 1984 429 2019 anima:
440 1983 519 2011 etiam
534 1983 560 2010 in
574 1981 688 2009 hominis
698 1981 834 2008 voluntate
844 1987 908 2007 con-

113 2029 213 2058 stituit.
230 2029 264 2057 Et
280 2033 418 2063 propterea
432 2028 467 2057 ita
481 2027 611 2055 conclusit
625 2035 631 2053 :
647 2026 732 2053 Filius
745 2025 814 2052 enim
828 2025 907 2052 homi-

114 2076 156 2103 nis
173 2079 294 2102 venturus
314 2078 350 2101 est
373 2074 401 2101 in
424 2072 507 2109 gloria
524 2072 612 2099 Patris
631 2072 683 2105 sui,
704 2077 729 2099 et
749 2076 809 2098 tunc
821 2070 909 2097 reddet

115 2121 254 2155 unicuique
275 2119 414 2146 secundum
435 2126 514 2154 opera
539 2126 597 2145 sua.
623 2117 740 2145 Adverte
761 2117 823 2152 quia
845 2116 909 2143 dum

115 2167 182 2195 dicit
193 2173 276 2202 opera
289 2173 353 2200 sua,
369 2165 482 2193 salutem
497 2164 614 2192 hominis
629 2171 680 2191 non
695 2163 722 2191 in
737 2163 910 2198 prardestina-

115 2215 191 2242 tione
203 2213 323 2246 factoris,
334 2212 381 2241 sed
394 2212 551 2247 operatione
568 2211 719 2238 famulantis
731 2211 841 2245 largitor
850 2218 913 2245 gra-

117 2261 164 2287 tia:
178 2259 329 2286 collocavit.
357 2259 427 2293 Ergo
450 2258 493 2285 hic
506 2265 559 2285 non
574 2256 690 2284 conditio
712 2256 827 2283 hominis
837 2276 845 2288 ,
861 2255 909 2283 sed

115 2304 287 2333 conversatio
297 2304 464 2339 designatur;
479 2308 507 2331 et
518 2303 578 2331 ideo
587 2302 640 2330 alio
650 2302 710 2330 loco
720 2301 802 2329 dicit:
816 2301 910 2328 Omnes

115 2351 243 2378 stabimus
256 2355 315 2376 ante
329 2349 439 2376 tribunal
457 2348 569 2380 Christi,
586 2353 614 2375 ut
632 2348 726 2382 referat
741 2347 911 2383 unusquisque

115 2396 224 2431 propria
241 2395 370 2430 corporis,
386 2400 461 2429 prout
474 2395 560 2429 gessit,
574 2394 625 2422 sive
640 2394 732 2421 bonum
746 2394 798 2421 sive
814 2393 912 2420 malum

117 2441 209 2475 (Rom.
222 2442 290 2475 xlv).
308 2440 431 2475 Agnosce
443 2439 494 2467 hoc
508 2440 567 2467 loco
583 2446 634 2466 non
649 2440 735 2466 aliena
748 2439 855 2471 generis
868 2439 910 2466 vel

115 2486 231 2521 originis
246 2486 317 2513 mala
330 2507 338 2520 ,
359 2486 406 2514 sed
425 2487 530 2521 propria
545 2487 665 2521 corporis
679 2489 751 2521 gesta
766 2486 911 2513 novissimo

115 2532 286 2560 discutienda
302 2533 413 2567 judicio.
439 2533 608 2566 Quapropter
630 2539 662 2559 ex
684 2531 793 2559 homine
816 2532 862 2566 qui
885 2531 910 2558 in

116 2578 228 2606 Christo
249 2583 359 2606 renatus
373 2583 414 2606 est
425 2598 433 2611 ,
456 2586 508 2605 non
524 2577 595 2612 quod
608 2581 685 2604 natus
701 2581 744 2604 est
755 2598 762 2610 ,
780 2577 826 2605 sed
840 2576 911 2611 quod

117 2630 247 2660 operatus
261 2630 312 2653 est.
336 2625 364 2653 Si
383 2632 447 2660 ergo
459 2630 535 2652 actus
556 2624 671 2651 hominis
692 2630 745 2651 non
769 2627 811 2651 est
832 2623 912 2650 etiam

116 2671 280 2704 voluntatis,
296 2671 430 2706 quomodo
444 2670 527 2698 dicit:
538 2670 568 2697 Si
582 2669 712 2697 volueritis
730 2674 754 2695 et
770 2676 810 2695 me
823 2668 914 2695 audie-

117 2717 188 2750 ritis,
201 2717 267 2743 bona
280 2721 354 2744 teme
363 2716 498 2743 comedetis
510 2714 560 2751 (Is.
577 2723 597 2748 ι,
611 2713 674 2749 i9)?
687 2714 777 2748 Itaque
791 2713 914 2741 conditor

118 2763 303 2798 utriusque,id
312 2763 510 2796 est,exterioris
519 2762 635 2790 hominis
646 2761 727 2793 Deus,
735 2762 805 2789 sicut
816 2765 912 2796 poten-

120 2811 155 2837 tia
167 2817 214 2837 sua
223 2809 465 2845 corporisbumani
478 2809 596 2837 membra
607 2808 748 2843 disposuit,
757 2808 792 2835 ita
806 2807 913 2835 ordina-

119 2857 194 2884 tione
204 2863 252 2883 sua
265 2856 440 2883 ministerium
457 2863 588 2891 usumque
607 2855 799 2887 membrorum.
811 2853 914 2881 homini

121 2907 202 2937 agere
210 2909 242 2931 ac
251 2901 407 2937 dispensare
416 2901 544 2937 permisit.
551 2900 586 2929 Et
593 2901 663 2930 sicut
671 2899 791 2928 dextram
801 2899 829 2930 in
839 2898 913 2930 omni

649 183 692 210 DF.
711 182 839 210 GRATIA
861 181 932 214 DEI,
952 181 1039 215 ETC.,
1061 183 1124 210 LIB.
1144 185 1164 212 1.

1692 192 1744 220 793

917 238 943 267 Δ
957 239 1062 267 homine
1081 241 1139 275 ipse
1154 241 1295 273 formavit.
1318 244 1367 270 sed
1389 249 1415 272 et
1435 245 1460 272 in
1475 250 1606 280 potestate
1629 247 1747 278 hominis

956 287 1066 321 posuit,
1085 291 1113 313 ut
1124 294 1183 314 eam
1202 295 1254 320 quo
1269 288 1348 314 vrllet
1360 290 1519 318 extenderet
1530 311 1538 325 ,
1553 296 1581 319 et
1593 294 1625 320 ad
1638 293 1745 322 diversa

953 333 1089 360 conferret
1100 354 1108 366 ,
1124 332 1181 367 pari
1198 334 1278 361 modo
1296 342 1404 363 sensum
1418 336 1529 365 rationis
1540 358 1548 370 ,
1565 343 1592 366 et
1606 340 1745 368 arbitrium

953 379 1097 406 voluntatis
1109 379 1135 406 in
1151 387 1366 415 unamquamque
1379 382 1496 409 animam
1516 384 1628 413 inseruit
1640 405 1647 418 ,
1662 386 1747 421 inspi-

953 425 1031 458 ravit,
1048 425 1160 459 infudit,
1176 426 1223 454 sed
1238 434 1296 454 eam
1311 427 1337 454 in
1354 435 1432 455 manu
1449 428 1556 457 humani
1570 431 1673 458 consilii
1689 440 1748 458 mo-

953 470 1099 498 derandam
1113 476 1140 499 ct
1152 472 1328 500 exercendam
1343 473 1462 508 reliquit,
1475 474 1586 510 ejusque
1596 475 1683 503 ofﬁcia
1692 476 1745 511 jnri

955 515 1071 544 hominis
1083 517 1256 552 dominioque
1270 517 1419 550 commisit,
1441 524 1469 546 ut
1491 519 1514 546 si
1534 519 1632 547 nudum
1649 521 1746 554 depra.

954 567 1030 590 vatus
1044 567 1198 597 appeteret,
1217 563 1243 590 in
1260 563 1361 591 arbitrii
1378 564 1502 593 libertate
1518 566 1679 600 permissum
1693 567 1745 595 sibi

954 610 1054 642 sciret,
1077 609 1159 637 licere
1179 609 1306 637 nesciret.
1333 609 1361 638 Si
1386 615 1475 638 autem
1499 611 1599 639 bonum
1623 618 1745 647 cuperet,

954 654 1087 682 actionem
1095 659 1121 682 et
1130 655 1320 689 perfectionem
1329 655 1387 691 ejus
1396 664 1411 683 a
1421 656 1565 685 Conditore
1577 658 1745 693 deposceret,

954 701 988 728 ad
1003 701 1153 728 mercedem
1166 708 1230 729 vero
1250 700 1321 729 illius
1335 702 1453 730 officiosa
1466 703 1573 731 devotio
1588 705 1744 738 pertineret.

955 746 988 773 Et
1007 746 1068 773 ideo
1082 746 1197 774 hominis
1211 747 1338 774 formator
1352 751 1381 775 et
1394 752 1494 781 rector,
1508 748 1585 776 bona:
1600 749 1747 778 voluntatis

955 792 1055 820 homini
1066 792 1204 827 deputavit
1215 800 1303 824 usum.
1316 793 1367 820 sibi
1382 795 1528 821 reservavit
1538 795 1672 823 effectum.
1687 795 1746 823 Non

954 845 1020 874 ergo
1032 847 1137 874 :rquum
1151 839 1316 874 iustumque,
1331 840 1376 867 uni
1390 840 1458 868 velle
1472 841 1615 876 concessit,
1630 846 1657 869 et
1670 842 1747 870 alteri

954 888 1105 921 denegavit.
1129 887 1181 916 Sed
1195 888 1264 916 sicut
1284 888 1356 916 omni
1371 888 1473 916 homini
1489 896 1613 922 manum,
1627 889 1747 922 oculum,

957 942 1131 969 gressumque
1153 935 1282 967 donavit,
1298 935 1334 962 ita
1357 935 1482 963 similiter
1494 936 1565 962 omni
1583 936 1683 964 homini
1698 943 1747 963 vo-

955 980 1082 1008 luntatem
1092 1000 1099 1012 ,
1115 984 1144 1006 ut
1159 987 1217 1007 eam
1234 980 1259 1007 in
1273 980 1419 1013 quamlibet
1433 985 1537 1014 partem
1555 985 1689 1012 versaret,
1707 981 1747 1008 in-

954 1027 1044 1055 dulsit.
1067 1025 1173 1054 iustitia
1194 1033 1259 1059 ergo
1279 1026 1305 1053 in
1325 1025 1434 1053 homine
1452 1033 1506 1053 non
1522 1026 1678 1061 personale.
1699 1028 1748 1055 sed

954 1071 1078 1106 generale
1096 1075 1124 1098 et
1142 1071 1276 1106 publicum
1296 1071 1343 1097 Dei
1359 1078 1470 1102 munus,
1494 1075 1536 1099 est
1549 1071 1635 1098 aditus
1649 1079 1747 1105 capes.

955 1117 1045 1146 sendte
1059 1117 1164 1145 salutis.
1180 1117 1260 1151 Quasi
1278 1117 1337 1145 fons
1350 1117 1456 1153 quidam
1477 1117 1504 1145 in
1519 1118 1636 1146 medium
1655 1120 1747 1147 mundi

955 1163 1034 1198 hujus
1048 1163 1202 1199 expositus,
1220 1167 1247 1190 et
1260 1163 1286 1190 in
1302 1170 1446 1191 commune
1459 1170 1617 1197 concessus,
1633 1165 1666 1193 ad
1682 1165 1748 1193 han-

930 1233 933 1236 ,
954 1207 1078 1235 riendum
1091 1207 1225 1235 universis
1237 1211 1324 1241 patet,
1340 1211 1367 1235 ut
1381 1208 1500 1242 largitori
1516 1208 1613 1236 merito
1625 1216 1688 1237 reus
1700 1211 1746 1240 sit.

955 1253 1000 1289 qui
1014 1253 1122 1281 haurire
1135 1253 1292 1287 neglexerit.
1306 1252 1437 1281 Omnibus
1456 1253 1545 1289 itaque
1558 1255 1675 1282 oblatum
1695 1262 1746 1288 (πει,

955 1299 1026 1334 quod
1039 1299 1073 1326 ab
1087 1298 1210 1326 omnibus
1224 1298 1419 1333 reposcendum
1431 1303 1482 1327 est.
1498 1299 1563 1326 Nam
1578 1300 1601 1327 si
1614 1299 1685 1328 circa
1699 1300 1746 1327 ho-

955 1345 1036 1374 minis
1058 1346 1098 1381 (ut
1110 1345 1213 1381 dicunt)
1235 1345 1347 1373 salutem
1367 1346 1492 1381 specialis
1507 1351 1549 1374 est
1570 1346 1745 1382 dispensatio,

955 1391 1047 1420 nescio
1057 1391 1192 1426 quomodo
1203 1391 1338 1427 generalis
1349 1393 1447 1426 poterit
1461 1399 1522 1420 esse
1536 1393 1677 1421 discussio.
1693 1394 1746 1421 Sed

955 1444 1016 1465 cum
1026 1437 1098 1465 dicat
1109 1446 1116 1462 :
1131 1435 1224 1464 omnes
1236 1445 1281 1463 nos
1291 1437 1451 1471 manifestari
1459 1442 1557 1472 oportet
1567 1443 1625 1465 ante
1635 1439 1746 1465 tribunal

956 1482 1014 1510 Dei.
1026 1483 1083 1510 Non
1095 1490 1154 1511 eam
1169 1482 1202 1509 ab
1216 1482 1340 1510 omnibus
1359 1482 1514 1511 terribiliter
1530 1483 1648 1518 exigeret
1661 1504 1669 1517 ,
1695 1484 1746 1511 nisi

956 1529 1081 1556 onmibus
1091 1528 1301 1556 misericorditer
1310 1527 1461 1555 obtulisset.
1476 1528 1556 1561 Igitur
1570 1529 1595 1555 in
1607 1529 1746 1563 procinctu

956 1574 1058 1601 militia:
1068 1574 1239 1601 constitutum
1254 1574 1289 1600 ita
1302 1574 1445 1608 Apostolus
1458 1575 1614 1601 adhortatur
1627 1584 1632 1601 2
1647 1575 1747 1601 Laboro

956 1620 1030 1653 quasi
1043 1620 1123 1646 bonus
1133 1619 1205 1645 miles
1219 1618 1323 1646 Christi.
1340 1618 1423 1645 Nemo
1436 1619 1548 1646 militans
1561 1619 1623 1652 Deo,
1634 1620 1747 1655 implicat

955 1673 983 1692 se
995 1665 1101 1699 negotiis
1115 1664 1280 1692 saecularibus
1290 1683 1300 1697 ,
1321 1668 1351 1691 ut
1364 1665 1387 1692 ei
1401 1665 1501 1698 placeat
1515 1665 1558 1692 cui
1574 1674 1602 1692 sc
1620 1666 1746 1701 probavit.

958 1711 1027 1737 Nam
1045 1715 1069 1737 et
1086 1710 1129 1744 qui
1146 1710 1173 1736 in
1194 1717 1276 1744 agone
1289 1709 1438 1740 contendit.
1462 1718 1513 1736 non
1526 1715 1683 1744 coronatur,
1697 1711 1747 1738 nisi

956 1756 1065 1791 legitime
1079 1757 1211 1782 certaverit
1223 1751 1255 1789 (Ῑ
1263 1754 1324 1782 Cor.
1339 1754 1388 1790 Ix).
1403 1755 1436 1782 Et
1446 1755 1541 1782 iterum
1556 1755 1748 1783 :Laborantem

956 1802 1096 1837 agricolam
1115 1805 1212 1836 oportet
1228 1801 1339 1837 primum
1359 1801 1484 1836 fructibus
1495 1802 1611 1836 accipere
1621 1801 1666 1836 (II
1676 1802 1745 1830 Tim.

956 1847 997 1883 ιι).
1014 1847 1082 1875 Audi
1095 1847 1186 1874 etalio
1208 1847 1268 1874 loco
1291 1847 1447 1882 Apostolum
1471 1855 1523 1875 non
1544 1852 1589 1874 tua
1610 1848 1663 1875 otia
1679 1856 1747 1883 pra:-

958 1894 1102 1922 dicaulem.
1117 1893 1156 1921 De
1167 1898 1274 1926 caetero,
1288 1893 1388 1928 inquit,
1404 1894 1508 1928 fratres,
1525 1894 1708 1929 confortaminl
1720 1894 1748 1921 in

959 1940 1069 1967 Domino
1077 1960 1085 1972 ,
1099 1944 1124 1967 et
1135 1939 1160 1966 in
1171 1939 1285 1974 potentia
1293 1939 1393 1966 virtutis
1407 1940 1474 1975 ejus.
1490 1937 1596 1966 lnduite
1607 1947 1651 1967 vos
1662 1947 1749 1967 arma-

959 1989 1044 2012 turam
1063 1984 1128 2018 Dei,
1141 1988 1168 2011 ut
1183 1984 1286 2018 possitis
1302 1988 1369 2011 stare
1386 1984 1506 2011 adversus
1520 1984 1625 2012 insidias
1642 1984 1748 2016 diaboli.

958 2032 1020 2066 quia
1037 2039 1088 2057 non
1102 2035 1138 2058 est
1155 2030 1228 2057 nobis
1242 2030 1389 2057 colluctatio
1403 2030 1525 2057 adversus
1537 2038 1639 2057 carnem
1648 2035 1673 2057 et
1689 2038 1750 2057 san-

959 2077 1078 2112 guinem.
1096 2076 1141 2103 sed
1155 2076 1276 2103 adversus
1291 2075 1417 2110 principes
1433 2080 1458 2102 et
1472 2079 1616 2110 potestates,
1630 2076 1750 2103 adversus

960 2122 1050 2149 mundi
1059 2127 1169 2148 rectores
1180 2122 1338 2149 tenebrarum
1353 2120 1456 2154 Irarum,
1467 2124 1557 2148 contra
1566 2120 1694 2155 spiritalia
1705 2128 1750 2148 ηε-

959 2168 1048 2202 ᾳιιῦιὶαε
1057 2168 1084 2194 in
1094 2167 1243 2195 caelestibus.
1260 2166 1399 2203 Propterea
1410 2166 1516 2201 accipite
1524 2170 1679 2193 armaturam
1692 2165 1750 2198 Dei,

961 2218 989 2240 ut
1004 2213 1105 2248 possitis
1118 2214 1234 2240 resistere
1250 2213 1276 2240 in
1293 2213 1334 2240 die
1351 2212 1430 2246 malo,
1448 2217 1472 2239 et
1486 2213 1512 2239 in
1523 2211 1637 2239 omnibus
1647 2212 1750 2247 perfecti

961 2264 1040 2286 stare.
1064 2258 1137 2286 State
1150 2266 1211 2293 ergo
1224 2258 1346 2285 succincti
1362 2257 1461 2284 lumbos
1479 2262 1572 2283 vestros
1595 2257 1622 2283 in
1638 2256 1751 2290 veritate,

961 2304 1047 2332 induti
1064 2305 1144 2332 lorica
1157 2304 1277 2340 justitiaz,
1287 2309 1312 2331 st
1327 2303 1428 2330 calciati
1439 2302 1514 2337 pedes
1531 2302 1557 2329 in
1568 2302 1752 2337 pratparations

963 2350 1095 2385 Evangelii
1108 2350 1194 2385 pacis;
1211 2349 1238 2376 in
1256 2348 1371 2375 omnibus
1384 2352 1508 2374 sumentes
1517 2352 1616 2374 scutum
1632 2347 1709 2381 fidei,
1725 2347 1752 2374 in

961 2404 1012 2431 quo
1034 2396 1136 2430 possitis
1155 2395 1241 2422 omnia
1262 2395 1312 2422 tela
1336 2393 1481 2428 nequissimi
1499 2394 1573 2428 ignea
1593 2393 1754 2427 exstinguere

963 2442 1046 2477 (Eph.
1061 2441 1108 2476 vi).
1130 2441 1196 2468 Cum
1212 2440 1294 2474 dicat,
1309 2446 1336 2467 ut
1355 2440 1457 2475 possitis
1468 2444 1537 2467 stare
1555 2439 1675 2466 adversus
1691 2438 1755 2465 insi-

963 2488 1020 2514 dias
1027 2488 1140 2520 diaboli;
1151 2492 1178 2515 et
1189 2487 1297 2520 iterum,
1309 2492 1336 2514 ut
1347 2486 1450 2522 possitis
1459 2486 1574 2513 resistere
1582 2485 1608 2512 in
1619 2485 1661 2512 die
1670 2484 1755 2516 malo;

965 2539 993 2562 et
1009 2535 1035 2561 in
1050 2533 1236 2568 consequenti,
1251 2539 1377 2560 sumentes
1391 2537 1490 2559 scutum
1500 2532 1571 2566 ﬁdei,
1587 2532 1614 2558 in
1629 2538 1679 2565 quo
1693 2538 1755 2566 pos-

963 2579 1018 2605 sitis
1034 2578 1121 2605 omnia
1138 2578 1189 2605 teta
1205 2577 1350 2613 nequissimi
1369 2577 1442 2611 ignea
1460 2577 1628 2612 exstinguere,
1643 2574 1756 2609 apertis-

964 2624 1032 2651 sime
1046 2622 1164 2651 ostendit
1176 2630 1192 2650 a
1208 2623 1262 2650 Deo
1277 2622 1480 2657 possibilitatem
1498 2621 1602 2649 arbitrii
1620 2620 1694 2649 omni
1708 2621 1756 2646 ho-

965 2668 1031 2696 mini
1047 2668 1130 2696 fuisse
1143 2675 1317 2699 concessam,
1336 2674 1387 2702 qua
1403 2667 1427 2694 ei
1444 2671 1596 2701 promptum
1616 2668 1688 2692 esset
1701 2671 1755 2691 non

965 2715 1051 2743 solum
1065 2715 1139 2742 carni
1154 2721 1210 2741 sua:
1231 2714 1357 2741 resistere
1369 2734 1377 2746 ,
1397 2713 1444 2741 sed
1466 2714 1546 2741 etiam
1559 2712 1665 2739 diabolo
1679 2717 1756 2744 repn~

966 2769 1058 2797 gnare.
1084 2760 1121 2787 De
1135 2767 1188 2794 quo
1201 2764 1229 2787 et
1251 2759 1304 2786 alio
1323 2760 1381 2787 loco
1395 2759 1457 2786 dicit
1474 2764 1482 2785 :
1503 2757 1612 2791 Vigilnte
1626 2776 1634 2788 ,
1659 2755 1757 2788 inquit,

966 2807 1026 2841 quia
1039 2805 1201 2833 adversarius
1222 2809 1301 2832 vester
1316 2803 1432 2831 diabolus
1454 2807 1573 2837 tanquam
1588 2801 1627 2827 leo
1642 2800 1757 2836 rugiens,

966 2852 1055 2879 circuit
1065 2859 1180 2887 quarens
1189 2858 1264 2886 quem
1276 2850 1375 2877 devoret
1384 2848 1410 2884 (Ι
1417 2848 1490 2876 Petr.
1499 2846 1575 2882 ψει
1588 2845 1650 2873 huic
1662 2845 1757 2873 adver-

967 2898 1039 2928 sario
1053 2898 1108 2933 iam
1123 2901 1212 2927 certos
1232 2903 1353 2932 quosque
1366 2893 1522 2931 impositos.
1537 2891 1671 2929 quomodo
1686 2898 1756 2919 asse.

918 917 942 946 B
