4002 6188
451 339 548 393 τις)
1679 334 1736 388 S.
1778 331 2022 387 FAUSTI
2064 330 2469 389 llZiEGlENSlS
3629 348 3731 397 eos

446 457 522 510 ris
549 497 564 521 ,
617 452 837 522 originis
886 451 1181 506 necessitas
1225 450 1534 517 deputasset
1558 492 1571 516 ,
1629 461 1735 500 non
1776 455 2039 515 quaereret
2070 446 2120 504 Α
2147 444 2277 501 dere
2297 446 2595 502 beneﬁcia?
2621 448 2898 514 Quomodo
2920 449 3050 504 mihi
3074 448 3579 509 dicitur:Decliuaa
3601 460 3734 514 ntalo

448 560 583 613 qttos
612 545 904 613 deciperet,
932 557 1030 595 nec
1059 541 1325 611 deputatis
1353 540 1572 610 vigilare
1599 544 1896 608 prodesset.
1932 538 2036 592 Sed

450 655 553 691 non
586 640 654 690 ita
684 648 786 692 εει.
838 636 968 689 Nam
1019 637 1155 688 sicut
1204 636 1369 689 hostis
1406 634 1655 690 omnibus
1700 635 2035 698 admovetur,

449 728 519 780 ita
542 727 789 781 omnibus
815 727 1043 794 ιη’ωείλῆ
1066 736 1120 780 ct
1139 725 1387 793 adjutorii
1415 726 1631 780 dextera
1657 742 1762 780 non
1792 736 2037 795 negatur,

447 830 509 871 et
525 819 800 871 orantibus
828 832 891 870 ac
920 816 1258 886 vigilantibus
1302 818 1685 871 misericordia:
1715 816 2039 885 benignitate

446 913 796 967 succurritur.
830 912 959 976 Quae
986 914 1166 978 utique
1194 910 1551 979 pulsantibus,
1588 911 1757 979 magis
1784 926 1848 964 ex
1872 909 2040 963 devo-

451 1004 595 1057 tione
620 1018 777 1073 quam
810 1019 871 1055 ex
907 1002 1376 1069 pricdestinatione
1400 1002 1660 1057 defertur.
1690 1002 1871 1071 Itaque
1901 1001 2040 1055 inter

448 1094 572 1159 ista,
602 1095 692 1163 qui
720 1093 849 1148 dicit
877 1094 1046 1147 solam
1081 1094 1308 1163 gratiam
1335 1094 1453 1149 sine
1480 1095 1745 1150 exercitio
1776 1098 1959 1165 operis
1986 1105 2041 1149 et

450 1183 652 1239 laboris
698 1199 857 1254 posse
901 1185 1153 1240 sufﬁcere
1177 1227 1192 1251 ,
1241 1201 1421 1243 nonne
1450 1187 1543 1242 tibi
1573 1188 1780 1243 videtur
1809 1189 1861 1243 in
1903 1191 2042 1244 hanc

449 1276 797 1346 lilaSphemize
819 1292 1002 1332 vocent
1024 1278 1253 1333 alienata
1272 1288 1451 1333 mente
1470 1281 1855 1350 prorumpere?
1874 1280 2040 1336 Nemo

449 1386 481 1422 v
502 1370 664 1441 gilet;
700 1385 859 1425 nemo
879 1370 1111 1439 ieiunet;
1144 1385 1304 1426 nemo
1330 1371 1556 1427 luxuria:
1585 1372 2039 1442 impugnationem

448 1462 788 1517 abstinentia:
813 1463 1140 1518 contritione
1166 1464 1390 1533 castiget
1415 1504 1430 1528 ,
1480 1480 1638 1521 nemo
1665 1465 1862 1520 bellum
1895 1467 2042 1523 vitiis

449 1557 861 1611 mortiﬁcatione
890 1559 1090 1612 exteris
1120 1557 1319 1612 indicat
1342 1600 1358 1625 ,
1405 1575 1564 1613 nemo
1595 1559 1869 1615 interioris
1897 1576 2041 1615 cura:

449 1649 632 1718 plagas
660 1648 933 1704 salutifera
966 1649 1258 1705 afﬂictione
1297 1652 1603 1717 contendat,
1649 1667 1809 1708 nemo
1837 1652 2040 1708 libidini

448 1739 782 1795 contradicat
809 1782 823 1805 ,
870 1756 1029 1797 nemo
1067 1742 1378 1797 criminibus
1416 1745 1649 1799 remedia
1679 1760 1773 1813 per
1801 1745 2038 1800 laborem

2142 546 2186 591 et
2215 539 2299 606 [ac
2338 538 2524 590 bonum
2564 537 2734 605 (Psal.
2763 539 2943 609 xxxvn)
2966 580 2981 604 ,
3024 542 3068 594 si
3092 541 3203 609 iam
3237 544 3432 598 malutn
3464 546 3735 607 declinare

2141 644 2247 683 non
2294 629 2542 697 possum?
2589 629 2695 683 Cur
2743 632 3031 699 Apostolus
3077 632 3357 701 loquitur:
3398 637 3731 709 Mortiﬁcate,

2143 722 2334 787 inquit,
2356 722 2582 776 membra
2607 732 2771 777 vestra
2805 723 3025 793 (Coloss.
3050 725 3162 795 tu);
3193 736 3247 782 et
3274 728 3466 785 iterum
3495 749 3508 784 :
3537 732 3733 801 Eratis,

2142 815 2331 883 inquit,
2362 816 2640 885 aliquando
2665 818 2912 883 tenebraz;
2946 835 3080 873 nunc
3102 831 3275 875 autem
3299 823 3389 877 lux
3409 826 3463 877 in
3490 826 3733 894 Domino,

2142 915 2195 958 ut
2219 907 2316 973 lilii
2346 907 2473 960 lucis
2501 908 2756 961 ambulate
2781 908 2947 975 (Eph.
2979 912 3057 979 v).
3090 912 3370 979 Quomodo
3399 917 3531 971 mihi
3564 931 3737 972 muta-

2143 999 2340 1053 tionem
2399 1001 2501 1054 mei
2548 999 2679 1069 legis
2712 1000 3031 1069 przcdicator
3062 1004 3292 1059 insinuat
3318 1047 3333 1069 ,
3363 1007 3408 1060 si
3440 1009 3736 1063 inimitabi-

2142 1090 2247 1145 lem
2276 1092 2445 1160 legem
2476 1092 2647 1147 factor
2676 1092 2929 1162 imposuit
2960 1110 2975 1148 ;
3003 1094 3392 1167 Exspatiantcs,
3426 1101 3623 1168 inquit,
3654 1118 3741 1156 ws

2140 1193 2352 1235 veterem
2381 1184 2635 1236 hominem
2661 1200 2778 1237 cum
2814 1186 3011 1240 actibus
3041 1190 3156 1258 ejus
3178 1229 3192 1251 ,
3230 1189 3495 1245 induentes
3528 1208 3739 1246 novum.

2142 1275 2420 1340 Quomodo
2465 1290 2773 1332 concretam
2831 1278 3035 1347 peccati
3092 1281 3264 1335 labem
3312 1280 3741 1352 inseparabiliter

2143 1366 2208 1418 ad
2258 1366 2516 1431 originem
2569 1376 2625 1422 et
2666 1368 3026 1425 conditionem
3075 1372 3343 1440 pertinere
3408 1377 3739 1444 contendis,

2143 1473 2299 1520 quam
2332 1459 2525 1527 deponi
2554 1466 2609 1512 et
2629 1461 2752 1514 esui
2802 1475 2959 1528 posse
2985 1463 3265 1531 cognoscis
3287 1505 3305 1529 ,
3346 1464 3581 1535 intelligo
3604 1482 3740 1522 con.

2146 1551 2308 1604 trario
2355 1559 2407 1604 te
2451 1550 2640 1620 spiritu
2691 1550 2954 1605 adversus
2982 1563 3228 1607 sanctum
3276 1554 3533 1621 Spiritum
3566 1558 3737 1626 loqui,

2144 1646 2232 1714 qui
2267 1645 2396 1713 legis
2426 1654 2483 1699 et
2515 1644 2896 1714 prophetarum
2919 1655 3274 1713 sacramenta,
3299 1647 3389 1717 qui
3413 1650 3742 1719 evangelica

2147 1739 2389 1791 veritatis
2415 1739 2630 1792 oracula
2657 1738 2857 1793 mundo
2886 1739 2938 1792 in
2968 1739 3289 1807 adiutorium
3318 1741 3486 1806 dedit,
3515 1751 3574 1796 et
3600 1752 3743 1809 pra:-

450 1842 736 1887 macerata:
764 1834 942 1887 carnis
967 1834 1217 1903 inquirat,
1243 1850 1401 1889 nemo
1430 1835 1636 1890 hostem
1666 1836 1929 1891 illecebris
1949 1837 2040 1891 ob-

2146 1840 2298 1897 cepta
2329 1829 2504 1883 divina
2538 1844 2632 1897 per
2668 1828 2952 1882 laboriosae
2980 1829 3254 1883 servitutis
3301 1829 3474 1885 ofﬁcia
3498 1871 3515 1895 ,
3565 1834 3742 1901 gratia

449 1939 626 1979 scena:
654 1925 942 1993 voluptatis
973 1936 1234 1980 armatum
1263 1929 1437 1980 crucis
1466 1928 1669 1982 viribus
1698 1931 2040 1998 repercutiat,

448 2015 541 2069 sed
572 2025 759 2070 contra
799 2018 951 2086 ignea
993 2017 1192 2072 inimici
1217 2019 1392 2085 iacula
1439 2019 1636 2073 nudmn
1669 2030 1855 2088 pectus
1882 2038 2044 2088 expo-

451 2114 561 2171 nat,
595 2122 752 2161 nemo
783 2108 961 2162 debita
988 2118 1203 2163 mterna:
1233 2112 1389 2163 morti
1432 2110 1667 2163 obnoxia
1698 2151 1711 2173 ,
1745 2111 2042 2182 eleemosy-

450 2214 639 2253 mrum
661 2199 941 2254 sacriﬁciis
970 2200 1221 2268 redimat,
1255 2216 1413 2255 nemo
1441 2218 1533 2270 per
1557 2218 1716 2266 opera
1745 2203 2045 2257 misericor-

449 2292 552 2346 dia:
578 2300 740 2362 atque
761 2292 981 2361 iustitia:
1009 2309 1191 2348 curam
1219 2294 1531 2349 vulneribus
1562 2296 1693 2349 ferat
1720 2341 1733 2363 ,
1776 2297 1869 2351 sed
1901 2298 2043 2352 inte-

448 2400 541 2452 gra
571 2400 633 2439 ea
662 2384 728 2439 ad
758 2386 899 2440 diem
924 2386 1112 2454 iudicii
1158 2386 1414 2457 perferat.
1464 2388 1602 2442 Ecce
1650 2388 1735 2442 hic
1767 2390 1854 2457 qui
1887 2390 2043 2459 paulo

450 2484 575 2529 ante
598 2486 837 2530 assertor
862 2480 1047 2546 gratia:
1077 2479 1361 2546 putabatur
1385 2518 1400 2543 ,
1451 2477 1855 2533 intercludendo
1906 2481 2041 2536 \iam

451 2567 639 2621 ~alutis
664 2567 911 2621 humana:
939 2610 952 2633 ,
987 2569 1325 2639 impngnator
1352 2570 1555 2637 gratim,
1590 2585 1685 2639 per
1713 2586 1869 2638 quam
1898 2571 2044 2627 salus

451 2658 561 2721 ipsa
588 2658 781 2712 collata
810 2667 894 2711 est
922 2658 1210 2723 invenitur,
1239 2670 1291 2713 et
1320 2661 1370 2713 in
1402 2661 1598 2715 diaboli
1628 2664 1885 2719 transisse
1911 2679 2043 2719 con-

448 2751 567 2804 silia
599 2749 812 2821 adiutor
845 2750 1159 2822 perditionis
1185 2752 1502 2806 ostenditur.

1068 2863 1297 2920 CAPUT
1338 2866 1426 2919 ΧΙ.

450 2958 637 3009 (.‘cutru
664 2956 758 3009 hoc
781 2958 919 3025 quod
953 2956 1237 3021 dirttnt,ad
1266 2960 1456 3009 malum
1489 2969 1684 3010 tantum
1716 2958 1927 3014 liberum
1957 2978 2044 3012 ur-

520 3028 728 3079 bitrium
775 3037 1065 3096 promptum
1094 3043 1200 3080 esse
1225 3026 1458 3095 homini,
1506 3029 1574 3079 ad
1615 3029 1799 3082 bonum
1829 3047 2036 3100 prorsus

522 3112 625 3149 non
656 3112 784 3150 9850.

2147 1929 2473 1990 cooperante
2514 1922 2890 1987 servantibus,
2934 1936 3155 1992 regnum
3202 1922 3422 1977 cteleste
3470 1923 3740 1992 promisit.

2146 2015 2482 2084 Quapropter
2506 2014 2763 2069 honorem
2791 2015 2960 2068 sancti
2990 2014 3173 2078 oreris
3193 2030 3255 2069 ac
3278 2015 3480 2069 laboris
3503 2016 3572 2071 de
3602 2032 3741 2085 prae-

2150 2107 2240 2160 mii
2275 2106 2643 2175 magnitudine
2672 2122 2732 2158 ac
2774 2106 3033 2175 dignitate
3062 2106 3254 2160 metire
3276 2148 3290 2168 ,
3323 2108 3475 2174 cuius
3506 2108 3741 2176 palmam

2148 2212 2200 2255 ttt
2235 2201 2435 2267 pariter
2460 2207 2515 2254 et
2539 2213 2790 2253 c0ronam
2816 2199 2976 2253 vi'em
3006 2200 3205 2268 absque
3230 2198 3393 2254 dubio
3427 2200 3657 2268 iudicas,
3692 2205 3741 2259 si

2147 2309 2263 2346 eam
2292 2294 2408 2346 sine
2432 2292 2694 2346 laboriosa
2726 2292 3049 2345 contritione
3070 2291 3397 2359 apprehendi
3426 2307 3583 2362 posse
3607 2309 3741 2348 cun-

2148 2385 2349 2437 ﬁrmas.
2381 2382 2623 2451 Nunquid
2657 2390 2831 2449 potest
2858 2382 2974 2435 sine
3014 2398 3202 2451 magna
3232 2384 3409 2451 operis
3440 2386 3741 2443 intentione

2147 2476 2451 2529 mandatum
2482 2474 2611 2528 illud
2642 2474 2838 2528 divina:
2865 2475 3244 2543 praeceptionis
3289 2476 3536 2544 impleri?
3582 2478 3739 2545 Noli,

2147 2568 2344 2633 inquit,
2375 2567 2509 2620 vinci
2534 2582 2564 2617 a
2604 2567 2765 2630 malo,
2797 2566 2884 2620 sed
2915 2566 3056 2620 vince
3088 2567 3141 2619 in
3171 2566 3303 2620 bono
3332 2568 3524 2621 malum
3552 2568 3738 2636 (Rom.

2148 2648 2264 2728 an).
2302 2658 2397 2711 νυι
2430 2658 2557 2712 illud
2594 2675 2607 2711 :
2641 2656 2818 2710 Nolite
2848 2659 3022 2711 seduci
3044 2700 3059 2723 ,
3084 2669 3422 2728 corrumpunt
3449 2678 3612 2717 mores
3639 2665 3738 2717 bo-

2147 2770 2235 2807 nos
2263 2754 2516 2823 colloquia
2539 2754 2673 2806 mala
2704 2752 2753 2823 (Ι
2782 2752 2901 2807 Cor.
2928 2754 3040 2822 xv).
3074 2754 3141 2807 Et
3162 2757 3432 2824 quomodo
3456 2759 3593 2812 inter
3618 2759 3741 2814 lucc

2149 2844 2345 2900 asseris
2377 2852 2651 2911 acceptum
2680 2843 2847 2913 gratia
2888 2844 3087 2899 donttm
3136 2845 3285 2901 nullo
3331 2847 3491 2903 modo
3519 2850 3739 2916 pericli-

2147 2934 2267 2999 tari,
2295 2948 2415 2988 cum
2440 2934 2604 3003 legas,
2630 2933 2843 2987 insitum
2871 2934 3111 2988 moribus
3134 2935 3328 2991 bonum
3357 2954 3384 2990 a
3415 2940 3550 2992 malo
3576 2956 3742 3007 posse

2144 3026 2464 3092 corrumpi?
2531 3025 2667 3079 Num
2720 3026 2810 3095 qui
2858 3025 3102 3081 docuerit
3150 3038 3207 3081 ut
3250 3029 3553 3084 obtineatur
3590 3035 3739 3097 quod

2146 3116 2434 3184 Apostolus
2468 3117 2595 3172 dicit
2629 3134 2642 3170 :
2680 3117 2743 3170 1η
2786 3120 3020 3172 omnibus
3059 3121 3441 3174 tribulationem
3488 3127 3737 3193 patimur,

526 3212 621 3265 Ubi
654 3222 732 3265 est
757 3210 887 3264 illttd
922 3209 1197 3280 propheta:
1230 3229 1242 3263 :
1277 3211 1464 3265 Audite
1500 3228 1579 3266 me
1601 3253 1615 3277 ,
1647 3215 1733 3281 qui
1772 3217 2039 3284 sequimini
2064 3193 2109 3254 (ἶ
2140 3209 2229 3261 sed
2256 3224 2356 3260 non
2386 3218 2751 3276 angnstamur;
2790 3211 3104 3280 aporiamur,
3137 3211 3226 3264 sed
3253 3227 3351 3264 non
3382 3212 3738 3281 destituimur;

451 3303 587 3368 quod
604 3306 811 3374 justum
829 3312 920 3369 est,
960 3312 1008 3356 et
1041 3303 1270 3371 qua'ritis
1311 3302 1586 3356 Dominum
1636 3303 1766 3374 (lsa.
1799 3305 1894 3374 Li).
1949 3307 2038 3361 Vel

452 3394 579 3447 il‘ud
606 3393 846 3461 Apostoli
882 3412 896 3447 :
931 3392 1154 3446 Nescitis
1183 3393 1421 3462 quoniam
1446 3394 1527 3447 cui
1552 3395 1848 3449 erhibuistis
1869 3412 1954 3450 vos
1974 3399 2042 3451 ad

408 3504 411 3506 ·
451 3485 782 3538 σιὺειΙὶεηᾱηηι
808 3526 821 3547 ,
855 3484 982 3538 servi
1012 3486 1131 3537 estis
1152 3487 1264 3554 ejus
1301 3486 1385 3538 cui
1413 3485 1651 3539 obedtstis
1674 3528 1689 3552 ,
1720 3488 1823 3540 sive
1853 3492 2042 3555 peccati

452 3578 518 3630 ml
564 3588 775 3631 mortem
800 3618 815 3641 ,
863 3578 966 3631 sive
1012 3578 1315 3632 obeditiouis
1344 3580 1412 3631 ad
1433 3581 1691 3651 justitiam
1731 3581 1901 3650 (Rom.
1941 3584 2038 3653 Vl).

454 3673 586 3722 Ilum
614 3683 742 3737 ergo
775 3670 1060 3736 Aposmlus
1090 3669 1159 3723 ah
1184 3668 1402 3723 homine
1430 3670 1600 3723 studia
1632 3672 1848 3725 meliora
1877 3674 2045 3742 depo-

449 3759 551 3813 scit
577 3803 589 3824 ,
644 3762 822 3813 inesse
866 3762 911 3813 ei
946 3759 1248 3815 facultatem
1288 3760 1442 3815 bona:
1475 3763 1758 3818 voluntatis
1787 3768 2040 3833 ostendit,

449 3864 607 3916 quam
642 3864 762 3901 eum
796 3851 1130 3917 praeferimus
1156 3892 1171 3917 ,
1218 3865 1401 3921 aperte
1448 3854 1839 3911 ordinationem
1885 3870 2044 3928 atque

450 3938 750 3993 mirabilem
797 3940 1203 4007 dispositionem
1254 3945 1336 3997 sui
1391 3946 1741 4012 praedicamus
1789 3953 2041 4014 auctoris,

449 4042 612 4097 quam
641 4032 705 4083 ad
736 4031 874 4095 iusta
898 4032 1071 4087 officia
1104 4045 1460 4103 praaparatam
1488 4039 1625 4092 idem
1652 4016 1927 4106 apostolus
1952 4042 2046 4095 de-

452 4132 716 4177 monstrat
739 4123 924 4178 dicens
958 4141 973 4179 :
1007 4124 1128 4178 Non
1158 4144 1276 4197 ergo
1308 4137 1483 4197 regnet
1512 4139 1771 4197 peccatum
1800 4134 1850 4183 in
1882 4142 2043 4185 vestro

454 4217 660 4268 mortali
691 4232 934 4279 corio-'e,
969 4228 1023 4268 ut
1054 4218 1301 4270 obcdiatis
1334 4220 1753 4286 concupiscentiis
1781 4226 1922 4293 ejus,
1957 4226 2045 4277 sed

451 4324 613 4377 mque
634 4305 911 4359 exhibeatis
928 4308 1149 4358 membra
1170 4317 1330 4360 vestra
1345 4324 1490 4360 arma
1506 4310 1784 4380 iniquitatis
1803 4324 2041 4383 peccato;

448 4400 539 4449 sed
564 4396 788 4450 exhibete
825 4413 907 4449 vos
952 4395 1059 4448 Deo
1080 4407 1318 4466 tanquam
1364 4415 1427 4453 ea:
1465 4403 1675 4455 mortuis
1712 4403 1929 4458 viventes
1954 4447 1967 4471 ,
1997 4410 2044 4458 el

452 4490 673 4543 membra
701 4500 863 4542 vestro
910 4507 1051 4543 arma
1084 4493 1302 4560 justitia:
1342 4491 1449 4548 Deo
1500 4495 1674 4567 (Rom.
1716 4499 1811 4569 vi).
1861 4500 1990 4555 Item
2027 4520 2039 4554 :

2145 3299 2539 3367 persecutionem
2573 3302 2815 3367 patimur,
2844 3300 2933 3352 sed
2963 3316 3063 3353 non
3095 3300 3526 3370 derelinquimur;
3552 3306 3741 3375 dejici-

2144 3407 2276 3451 mur,
2308 3391 2396 3442 sed
2425 3406 2524 3442 non
2553 3392 2776 3457 perimus
2816 3389 2899 3459 (ll
2935 3390 3053 3445 Cor.
3080 3392 3177 3460 tv).
3214 3393 3271 3447 Et
3302 3394 3441 3462 quod
3475 3396 3584 3449 alio
3615 3396 3739 3453 loco

2144 3484 2269 3536 dicit
2291 3502 2303 3535 :
2332 3483 2464 3535 Mihi
2490 3493 2659 3536 autem
2690 3484 2907 3537 mundus
2931 3486 3209 3549 cruciﬁxus
3235 3497 3328 3555 est,
3355 3496 3399 3539 et
3428 3504 3519 3554 ego
3540 3492 3739 3545 mundo

2148 3575 2291 3643 (tial.
2317 3574 2412 3643 vt).
2444 3575 2498 3629 Si
2529 3575 2643 3628 hare
2669 3584 2829 3645 atque
2858 3576 3179 3644 huiusmodi,
3217 3579 3409 3647 quibus
3440 3579 3738 3651 Scriptura;

2144 3679 2343 3721 sanezm
2373 3669 2538 3734 plenm
2566 3677 2707 3727 sunt.
2745 3684 2838 3737 per
2867 3672 3033 3722 otium
3063 3683 3466 3739 comparantur,
3498 3689 3596 3729 cur
3624 3692 3736 3731 non

2146 3764 2210 3813 a‘i
2258 3762 2507 3815 omnibus
2553 3760 2908 3815 obtinentur?
2972 3762 3192 3816 Multum
3239 3774 3294 3818 et
3338 3769 3738 3824 remunerantis

2147 3853 2367 3920 gloriaa,
2419 3863 2473 3906 et
2519 3855 2936 3908 remnneratoris
2984 3855 3206 3923 iustitiae
3253 3857 3640 3928 derogabitur,
3686 3863 3737 3918 si

2147 3945 2339 3995 stnnmi
2368 3950 2421 3996 et
2450 3943 2683 3996 illustres
2713 3944 2809 3997 viri
2843 3960 2937 4013 per
2980 3948 3211 4018 quietem
3262 3958 3316 4001 et
3353 3949 3611 4005 desidiam
3641 3967 3738 4007 co-

2149 4044 2424 4087 ronantur.
2492 4035 2557 4086 Et
2604 4034 2690 4087 ubi
2730 4044 2813 4089 est
2856 4036 2984 4089 illud
3042 4037 3465 4107 propheticum:
3512 4039 3738 4113 Propter

2146 4125 2293 4177 rct‘ba
2324 4125 2571 4178 labiorum
2600 4137 2798 4179 tuorum
2824 4143 2914 4198 ego
2949 4130 3198 4183 custodiri
3223 4133 3329 4184 vias
3354 4134 3510 4186 duras
3550 4132 3734 4204 (Psal.

2151 4228 2260 4283 xvr)
2283 4219 2305 4269 ?
2329 4218 2382 4271 Si
2409 4220 2717 4287 procuratio
2748 4219 3077 4291 inquirenda:
3102 4224 3290 4278 salutis
3318 4228 3544 4279 otiosum
3569 4242 3737 4296 nego-

2152 4312 2279 4365 tium
2308 4321 2408 4375 est,
2437 4314 2737 4367 communis
2761 4354 2777 4381 ,
2811 4323 2865 4369 et
2892 4316 3175 4383 generalis,
3207 4326 3259 4371 et
3284 4317 3388 4371 lata
3414 4329 3497 4373 est
3524 4319 3737 4375 virtutis

2151 4408 2233 4461 via
2261 4449 2273 4470 ,
2304 4422 2431 4476 ergo
2460 4409 2787 4463 mentiuntur
2814 4410 3101 4479 Evangelia
3154 4428 3273 4481 quae
3302 4413 3485 4468 dicunt
3515 4430 3530 4468 :
3566 4415 3737 4481 Quam

2150 4510 2367 4573 angusta
2396 4508 2543 4569 porta
2565 4511 2612 4555 et
2642 4512 2782 4555 arcta
2820 4504 2900 4556 via
2939 4512 3011 4557 est
3051 4520 3165 4573 qua:
3193 4505 3333 4557 ducit
3373 4508 3443 4558 ad
3482 4508 3655 4574 vitam,
3685 4521 3740 4560 et

456 4577 757 4632 Humanum
815 4583 928 4636 dico
975 4597 1182 4652 propter
1226 4585 1575 4654 inﬁrmitatem
1621 4592 1790 4645 carnis
1839 4600 2038 4649 vestrm.
2066 4567 2121 4629 D
2146 4593 2298 4661 pauci
2320 4593 2542 4663 suntqui
2562 4593 2819 4646 inveniunt
2846 4611 2975 4648 eant.
3022 4596 3075 4649 Si
3106 4610 3265 4664 opera
3294 4597 3602 4661 cessabunt,
3631 4599 3736 4654 ho-

456 4666 600 4720 Sicut
628 4670 1077 4726 euimexhibuistis
1106 4674 1333 4729 membra
1378 4686 1541 4731 vestra
1598 4681 1780 4733 servire
1820 4681 2043 4736 immun-

448 4759 596 4811 ditia:
618 4801 633 4823 ,
675 4769 723 4811 et
775 4761 1026 4830 iniquitati
1054 4768 1121 4818 ad
1151 4769 1467 4837 iniquitatem
1493 4811 1509 4836 ,
1551 4772 1624 4825 ita
1653 4790 1786 4826 nunc
1813 4775 2042 4830 exhibete

457 4850 679 4902 membra
700 4858 864 4903 vestra
892 4855 1074 4908 servire
1086 4858 1302 4924 justitia:
1321 4861 1372 4914 in
1396 4863 1850 4931 sanctiﬁcationem
1881 4867 2037 4939 (1b.).

448 4940 645 4996 Nonne
671 4941 756 4997 hic
782 4941 951 5011 ipsum
983 4947 1341 5018 eumdemque
1381 4950 1647 5007 hominem
1685 4955 1749 5009 ad
1776 4955 2036 5012 bonorum

456 5050 676 5102 operum
708 5036 879 5089 stttdia
913 5050 1200 5108 provocat,
1246 5058 1406 5112 quem
1439 5046 1587 5116 prius
1618 5049 1770 5101 malis
1799 5050 2037 5108 deditum

459 5124 626 5179 fuisse
662 5127 1002 5181 manifestat?
1042 5129 1204 5199 igitur
1229 5132 1353 5188 dum
1387 5134 1539 5190 liberi
1573 5137 1924 5207 interemptor
1950 5156 2041 5196 ar-

459 5219 599 5274 bitrii
625 5217 678 5273 in
704 5221 1012 5274 alterutram
1042 5230 1245 5290 partem
1274 5226 1453 5281 omnia
1474 5240 1540 5299 es
1570 5228 2041 5298 prmdestinatione

436 5318 651 5363 ‘statuta
682 5317 737 5364 et
776 5308 993 5363 deﬁnita
1036 5324 1157 5367 esse
1195 5317 1538 5383 pronuntiat,
1585 5320 1746 5374 etiam
1792 5334 2039 5390 suprema

457 5403 687 5458 remedia
708 5403 1036 5474 pcenitentia:
1054 5419 1216 5460 sensu
1239 5408 1477 5479 abrupta:
1491 5413 1783 5482 impietatis
1798 5427 2037 5473 evacuat.

459 5492 528 5548 Et
556 5497 821 5563 quomodo
851 5493 1105 5562 praedicat
1128 5497 1351 5567 gratiam
1382 5502 1469 5569 qui
1497 5504 1918 5559 misericordiam
1946 5520 2039 5561 ne-

432 5589 585 5654 gat?
647 5590 924 5655 Quomodo
953 5592 1161 5649 videtur
1198 5605 1440 5649 asserere
1481 5594 1575 5649 Dei
1620 5596 1817 5651 donum
1844 5637 1857 5660 ,
1888 5598 2041 5667 cuius

460 5680 596 5735 tollit
619 5687 911 5741 auxilium?
934 5688 1214 5756 Quomodo
1241 5688 1402 5744 audet
1427 5690 1494 5744 de
1508 5689 1802 5759 Scripturis
1829 5704 2036 5759 prmsu-

464 5781 609 5823 tnere
637 5774 936 5834 testimonia
962 5819 979 5846 ,
1018 5782 1107 5850 qui
1136 5781 1538 5849 Scripturarum
1581 5792 1807 5863 conatur
1846 5783 2035 5840 exclu-

2148 4700 2332 4739 norem
2364 4686 2551 4739 merita
2582 4699 2687 4738 non
2720 4684 3008 4739 habebunt.
3037 4685 3093 4740 Si
3126 4686 3252 4740 nihil
3281 4686 3438 4742 fuerit
3466 4688 3517 4741 in
3550 4688 3738 4745 labore

2145 4777 2370 4831 arduum
2400 4816 2413 4839 ,
2464 4774 2595 4828 nihil
2643 4774 2745 4837 erit
2788 4776 2839 4829 in
2887 4776 3085 4831 virtute
3136 4777 3452 4843 pretiosum.
3482 4779 3588 4834 Sed
3621 4780 3738 4836 hec

2144 4867 2309 4921 ardua
2340 4867 2423 4920 via
2450 4865 2685 4921 ostendit
2712 4866 2953 4935 ignavos,
2979 4879 3033 4922 et
3062 4866 3212 4922 labor
3237 4867 3479 4923 deterret
3503 4870 3736 4926 otiosos.

2144 4957 2259 5011 Non
2286 4972 2415 5026 ergo
2435 4956 2686 5011 violentia
2718 4957 3070 5024 praescientis,
3092 4958 3184 5012 sed
3216 4958 3578 5015 inobedientia
3608 4976 3738 5030 pee-

2144 5048 2318 5104 t-antis
2340 5048 2393 5103 in
2421 5063 2581 5103 causa
2611 5056 2715 5112 est,
2746 5048 2886 5102 sicut
2913 5049 3139 5118 legimus
3171 5067 3184 5103 :
3220 5048 3491 5105 Perierunt
3524 5061 3740 5121 propter

2145 5141 2437 5209 iniquitates
2460 5156 2583 5194 suas
2603 5140 2736 5193 velut
2759 5140 3012 5193 somnium
3036 5142 3355 5210 exsurgentis
3388 5140 3505 5211 (Ps.
3538 5143 3733 5213 usu).

2144 5233 2207 5287 Et
2225 5232 2417 5287 iterum
2441 5249 2453 5285 :
2473 5228 2891 5298 Discediteamc,
2907 5246 3080 5286 omnes
3091 5232 3178 5301 qui
3190 5234 3739 5301 aperantiniiniquita—

2144 5333 2243 5378 tem
2257 5322 2374 5395 (Ps.
2389 5322 2484 5395 vn).
2504 5323 2569 5378 Et
2582 5322 2688 5378 alio
2705 5323 2823 5378 loco
2843 5340 2857 5376 :
2876 5321 2999 5377 Non
3013 5323 3356 5378 custodierunt
3374 5334 3738 5380 testamentum

2144 5413 2262 5482 Dei,
2274 5424 2322 5470 et
2343 5417 2396 5470 in
2418 5415 2526 5485 lege
2541 5418 2651 5485 ejus
2667 5415 2941 5469 noluerunt
2952 5414 3343 5485 ambulare(Ps.
3371 5431 3547 5470 Lsxvu
3558 5416 3599 5485 ).
3612 5416 3733 5472 Non

2142 5523 2269 5580 ergo
2288 5507 2687 5577 impossibilitas
2707 5506 2775 5560 ab
2790 5506 3185 5576 operejustitia:
3200 5506 3471 5563 hominem
3489 5518 3732 5574 revocat,

2143 5600 2237 5656 sed
2260 5599 2513 5668 iniquitas
2536 5607 2591 5653 et
2609 5599 2873 5654 voluntas.
2891 5597 3025 5652 Cum
3048 5606 3226 5652 autem
3248 5598 3540 5667 Apostolus
3552 5597 3731 5653 dicat:

2142 5691 2446 5747 Peccantem
2465 5706 2633 5745 coram
2651 5690 2879 5745 omnibus
2898 5706 3058 5758 orque
3075 5687 3125 5758 (l
3150 5688 3288 5744 Tim.
3318 5690 3399 5759 v),
3419 5690 3559 5745 nulla
3588 5691 3734 5745 ratio

2141 5792 2225 5843 est
2241 5798 2347 5854 qua
2364 5783 2449 5843 vel
2470 5781 2770 5853 arguendus
2787 5781 2856 5840 sit
2868 5782 2950 5838 vel
2972 5778 3409 5841 condemnandus
3426 5780 3519 5849 qui
3552 5778 3732 5836 delin-
