4002 6188
274 368 377 423 8υ1

1362 357 1446 412 DE
1488 356 1738 411 GRATIA
1782 354 1924 419 DEI,
1966 352 2141 421 ETC.,
2186 354 2311 409 LIB.
2357 356 2395 409 Ι.

3456 364 3562 419 802

257 476 396 546 quit
415 475 632 530 invitus.
653 472 759 529 Sed
782 487 888 527 non
912 471 984 526 ita
996 470 1243 526 est.Nam
1266 486 1363 541 per
1380 471 1692 541 prophetam
1715 483 1869 522 suum
1900 473 1950 531 Α
1978 470 2167 525 melius
2196 485 2301 525 tton
2334 484 2489 538 posse
2510 472 2702 524 mutari
2730 470 3048 528 deteriorem
3082 474 3312 529 hominis
3335 484 3558 543 statum,

276 568 537 623 Dominus
577 567 766 620 dicat:
813 565 1230 634 Unumquemque
1270 563 1552 616 secundum
1596 562 1701 615 uias
1744 578 1871 615 suas

273 659 515 732 judicabo
539 658 721 710 donius
744 654 948 721 Israel;
978 655 1279 724 quicunque
1303 654 1583 709 succubuit
1612 652 1869 721 passioni.

278 769 386 807 non
419 748 750 821 prmscienzia
781 762 1004 820 urgente
1052 755 1337 817 superatus
1377 755 1498 811 est,
1530 745 1624 800 sed
1652 752 1872 813 peccato

279 842 584 897 blandiente
629 840 883 895 seductus
926 847 1029 895 est.
1078 838 1269 893 Adhuc
1313 850 1571 908 negantes
1618 847 1869 891 conatum

277 936 478 990 laboris
509 933 763 999 humani,
796 931 1158 987 testimonium
1199 930 1336 985 istud
1376 937 1656 999 opponunt
1688 946 1703 983 :
1744 928 1866 983 Nisi

278 1029 529 1083 Dominus
571 1027 900 1093 wdiﬁcaverit
949 1026 1177 1090 domum,
1215 1027 1266 1077 in
1299 1041 1480 1078 vanum
1516 1023 1751 1077 laborant
1780 1022 1869 1091 qui

274 1123 535 1190 cedi/icon:
562 1136 671 1175 eam
712 1119 885 1193 (Psal.
917 1118 1121 1186 cxxvn).
1174 1118 1274 1185 Qui
1316 1118 1416 1171 hoc
1446 1118 1689 1185 imperite
1731 1114 1869 1183 obji-

276 1214 443 1280 ciunt,
467 1220 523 1268 et
550 1221 717 1267 totum
742 1209 942 1264 homini
971 1209 1340 1277 denegandum
1354 1207 1608 1273 credunt,
1634 1206 1865 1276 primum

274 1303 569 1357 secundum
599 1317 791 1356 sonum
825 1300 1036 1365 litterar,
1072 1300 1395 1354 intellectum
1423 1313 1577 1353 suum
1607 1298 1865 1368 expedire

276 1413 381 1451 non
414 1406 658 1465 possunt.
715 1394 962 1464 Nunquid
991 1393 1133 1448 enim
1163 1393 1419 1448 Dominus
1450 1407 1546 1461 per
1571 1406 1629 1446 se
1659 1400 1861 1447 tantum

274 1488 421 1542 velut
448 1490 685 1542 solitaria
715 1486 1096 1555 procuratione
1130 1486 1356 1539 salutem
1396 1485 1613 1539 humani
1648 1484 1862 1553 generis

272 1579 628 1634 administrat.
669 1578 783 1632 Non
815 1579 1017 1645 uti,ue.
1061 1576 1166 1631 Sed
1199 1591 1316 1630 cum
1347 1591 1541 1645 corpus
1572 1589 1667 1644 per
1693 1590 1863 1627 mem-

273 1671 369 1727 bra
396 1672 709 1741 diSpositum
741 1671 928 1739 capitis
956 1679 1277 1739 exsequatur
1302 1669 1604 1737 imperium,
1630 1667 1860 1722 :ediﬁcat

273 1766 486 1818 domum
505 1779 653 1817 suam
675 1758 1472 1832 pcr'l'leclesiaeprmsuleSatque
1489 1770 1749 1828 pastores,
1764 1774 1859 1827 per

1974 559 2077 615 hoc
2106 561 2212 615 illic
2234 562 2465 615 futurum
2496 560 2733 615 creditur
2761 571 2883 637 post
2910 565 3032 647 vitae
3061 567 3219 636 hujus
3244 572 3557 639 excessum,

1972 651 2059 705 ubi
2083 650 2193 720 jam
2221 666 2320 705 ncc
2349 652 2654 707 emendatio
2679 692 2694 719 ,
2727 634 2826 709 nec
2870 633 3092 711 mutatio
3122 633 3225 715 erit
3251 662 3391 731 apud
3424 633 3583 719 infe..-

1970 757 2080 797 ros.
2103 741 2371 798 Caeterum
2400 758 2565 814 usque
2588 747 2640 800 in
2668 747 2848 809 ﬁnem,
2871 756 2925 802 et
2944 748 3009 802 ad
3035 749 3297 819 justitiam
3326 756 3556 812 transire

1970 839 2213 905 pessimi,
2240 846 2296 892 et
2324 839 2622 907 periculum
2652 850 2873 910 possunt
2904 842 3091 897 timere
3120 847 3359 912 perfecti.
3402 851 3555 905 Sicut

1970 926 2196 996 legimus
2226 946 2239 982 :
2276 929 2378 996 Qui
2406 930 2695 999 glori/itaut
2733 949 2811 986 me
2846 924 3145 1004 glori/icabo
3186 953 3306 1005 eos;
3340 942 3427 1009 qui
3460 958 3556 995 au-

1969 1030 2067 1075 tem
2094 1032 2422 1077 contemnunt
2458 1040 2538 1077 me
2566 1034 2713 1079 erunt
2747 1027 2989 1095 ignobJes
3018 1028 3070 1097 (Ι
3106 1030 3231 1098 lleg.
3265 1031 3344 1101 tt).
3378 1033 3557 1099 Quare

1966 1111 2067 1168 iste
2091 1114 2401 1180 honoratur,
2425 1124 2481 1170 et
2502 1116 2592 1169 ille
2612 1115 2937 1183 deSpicitur?
2977 1119 3196 1187 [‘r0pter
3221 1121 3322 1175 hoc
3349 1127 3552 1196 utique,

1967 1204 2089 1274 quia
2120 1214 2175 1260 et
2198 1206 2287 1261 ille
2316 1207 2481 1261 Deum
2509 1208 2812 1278 gloriﬁcare
2843 1211 3010 1278 potuit
3040 1214 3126 1281 qui
3162 1215 3335 1269 intulit
3364 1228 3553 1272 contu-

1968 1297 2177 1351 meliam
2195 1340 2207 1357 ,
2232 1308 2286 1353 et
2316 1299 2416 1353 iste
2438 1310 2782 1356 contemnere
2807 1303 2893 1372 qui
2926 1304 3118 1359 detulit
3140 1306 3273 1374 glori
3295 1326 3384 1362 un.
3415 1309 3549 1376 Quia

1967 1389 2179 1457 placere
2205 1389 2430 1444 Domino
2459 1390 2567 1446 Deo
2596 1407 2695 1447 suo
2718 1402 2767 1447 ct
2804 1396 2977 1463 potuit
3001 1398 3140 1452 nolle
3164 1399 3251 1468 qui
3283 1401 3464 1462 voluit.
3497 1418 3552 1459 et

1965 1483 2141 1549 potuit
2171 1484 2311 1538 velle
2352 1486 2440 1555 qui
2486 1485 2677 1541 noluit.
2734 1488 2843 1543 Ni-c
2874 1500 2965 1558 put
3000 1507 3027 1545 s
3071 1491 3156 1547 hic
3186 1504 3389 1550 natura:
3428 1512 3555 1554 esse

1963 1576 2301 1646 distantiam,
2332 1578 2445 1648 ipse
2482 1581 2676 1651 estqui
2707 1581 2817 1635 vult
2844 1623 2859 1647 ,
2913 1585 3024 1651 ipse
3052 1594 3132 1639 est
3157 1586 3245 1653 qni
3277 1604 3381 1641 nun
3416 1592 3550 1645 vult.

1962 1669 2197 1740 Quisque
2219 1685 2346 1739 ergo
2371 1683 2585 1726 renatus
2617 1672 2667 1726 itt
2697 1672 2930 1740 Clllial",
2967 1675 3064 1728 nisi
3096 1678 3243 1744 prius
3273 1679 3432 1734 fuerit
3457 1698 3553 1737 vas

1964 1763 2177 1817 malitia:
2200 1780 2294 1833 per
2315 1765 2524 1833 culpam
2555 1768 2845 1833 progiriam,
2870 1783 2960 1821 vas
2992 1770 3211 1824 offensa:
3235 1780 3289 1825 et
3317 1774 3409 1827 ira:
3429 1791 3553 1830 esse

271 1855 667 1924 eosqnidicunt
694 1853 820 1908 :Dri
846 1854 981 1906 enim
998 1853 1256 1920 adjutores
1273 1850 1514 1923 sumus(l
1537 1849 1657 1905 Cor.
1679 1851 1852 1915 ttt,9).
1890 1839 1936 1898 Β
1964 1871 2067 1908 non
2120 1860 2330 1924 poterit.
2369 1858 2431 1910 Et
2479 1873 2509 1911 e
2554 1869 2844 1925 contraro,
2900 1870 2957 1913 ut
3009 1864 3098 1914 ﬁat
3142 1862 3549 1931 ntisericordia‘,

271 1947 371 2012 Qui
398 1947 537 2000 enim
557 1961 738 2000 curam
764 1945 982 2011 suscipit
1011 1943 1249 1996 salvandi
1276 1942 1753 2010 hominis,adjntor
1773 1951 1856 1995 est

272 2038 647 2107 redemptoris.
667 2038 919 2092 {Edilit‘at
938 2051 1064 2106 ergo
1091 2036 1305 2090 domum
1330 2035 1465 2089 hanc
1482 2036 1735 2088 Dominus
1764 2050 1854 2102 per

267 2142 485 2185 sanctos
506 2146 651 2193 suos,
670 2142 721 2184 et
741 2130 908 2183 sancti
934 2144 1026 2198 per
1042 2128 1322 2182 Dominum
1342 2144 1519 2182 suum.
1541 2126 1855 2180 {Edilicatur

267 2222 504 2278 Ecclesia
533 2239 628 2291 per
649 2237 767 2276 cum
792 2220 879 2290 qui
902 2219 1067 2273 dixit:
1092 2220 1156 2274 Ut
1178 2221 1380 2288 sapiens
1405 2219 1705 2271 architectus
1729 2220 1851 2287 fun-

266 2314 563 2367 damentum
591 2314 739 2383 posui
761 2311 922 2382 (lbid.
954 2311 1063 2379 10).
1095 2310 1338 2380 Nunquid
1363 2312 1516 2365 aliter
1546 2312 1771 2364 a-dilicit
1800 2318 1853 2363 ct

264 2406 540 2476 Cognoscit
570 2405 884 2465 Ecclesiam,
919 2419 1075 2474 quam
1108 2419 1202 2473 per
1228 2404 1440 2458 labores
1474 2414 1524 2459 et
1556 2404 1729 2457 ofﬁcia
1767 2418 1853 2457 sa-

263 2501 566 2564 cerdotum,
605 2514 699 2567 per
724 2498 1015 2552 ministeria
1046 2507 1100 2552 et
1129 2497 1370 2567 exempla
1397 2505 1727 2559 sanctorum,
1756 2510 1851 2565 per

263 2591 625 2661 apostolorum
658 2589 880 2642 virtutes
908 2597 962 2642 et
986 2597 1279 2659 martyrum
1304 2588 1537 2642 mortes?
1570 2587 1675 2641 Sed
1712 2586 1851 2641 inter

263 2681 382 2736 luce
406 2696 529 2735 cum
557 2694 726 2749 usque
753 2678 819 2732 ad
850 2680 1088 2732 omnium
1120 2679 1380 2731 malorum
1409 2677 1742 2733 tolerantiam
1774 2678 1850 2730 vi-

264 2786 440 2844 tatque
462 2776 721 2842 jacturam
756 2772 999 2824 laborare
1024 2769 1217 2825 debeat
1262 2767 1527 2835 famulus,
1573 2770 1638 2822 ad
1672 2767 1849 2822 Domi-

261 2884 388 2923 num
425 2875 604 2921 tamen
654 2881 866 2934 semper
891 2874 975 2918 est
1022 2863 1334 2918 referendus
1378 2861 1577 2917 laboris
1607 2861 1845 2917 eﬁ‘ectus.

260 2959 362 3025 Qui
390 2972 520 3013 vero
551 2958 633 3012 vel
685 2958 890 3010 initium
922 2957 1100 3025 operis
1144 2955 1244 3010 sibi
1276 2954 1549 3024 prtesnmit
1576 2969 1845 3022 armgaie,

260 3052 346 3107 vel
378 3052 537 3106 ﬁnem
562 3091 578 3116 ,
623 3051 689 3103 ad
722 3050 868 3103 illum
901 3050 1093 3104 metito
1131 3048 1328 3103 dicitur
1374 3065 1388 3102 :
1436 3047 1558 3101 Nisi
1596 3047 1847 3101 Dominus

260 3143 590 3211 ludiﬁcaverit
630 3142 866 3205 domum,
910 3143 963 3193 in
988 3152 1173 3193 vanam
1206 3141 1437 3193 lal'orant
1474 3140 1562 3209 qui
1588 3139 1843 3205 ardiﬁcant

1961 1949 2106 2015 prius
2153 1949 2362 2001 futurus
2392 1959 2473 2002 est
2503 1965 2595 2003 vas
2627 1951 2945 2004 obedientite
2974 1995 2987 2013 ,
3021 1961 3078 2005 ut
3122 1957 3549 2020 praecedentibus

1958 2042 2134 2094 causis
2154 2041 2287 2110 justi
2318 2041 2511 2107 juilicis
2549 2045 2811 2097 sententia
2856 2042 3234 2111 subsequatur.
3284 2048 3548 2102 Ostenda-
3599 2046 3605 2057 ³

1958 2151 2075 2188 mus
2107 2149 2199 2187 vas
2228 2135 2564 2188 contumelia:
2597 2134 2647 2188 in
2677 2149 2771 2188 vas
2804 2134 3021 2189 honoris
3060 2137 3325 2204 adjtttorio
3368 2141 3457 2195 Dei
3490 2152 3549 2197 et

1955 2224 2132 2277 studio
2174 2238 2271 2277 Suo
2304 2240 2460 2292 posse
2491 2227 2739 2279 transire.
2786 2226 2877 2290 Si,
2908 2226 3105 2295 inquit,
3142 2228 3319 2282 dixero
3346 2232 3500 2301 impio
3527 2249 3547 2285 :

1958 2315 2123 2369 Morte
2165 2315 2419 2374 met-ieris,
2453 2325 2497 2367 et
2536 2316 2693 2385 egerit
2723 2317 3067 2385 paenitentiam
3108 2334 3139 2370 a
3180 2332 3385 2387 peccato
3426 2340 3544 2387 suo,

1956 2412 2226 2479 feceritque
2251 2402 2509 2477 judicium
2538 2421 2583 2462 et
2611 2412 2892 2481 justitiam,
2934 2415 3034 2465 vita
3063 2415 3189 2467 vivet
3216 2426 3264 2469 et
3299 2434 3399 2469 non
3433 2435 3540 2471 mo-

1953 2498 2132 2550 rietur.
2181 2495 2316 2563 Quid
2347 2508 2428 2552 est
2458 2499 2651 2568 impius
2674 2539 2690 2563 ,
2726 2501 2825 2555 ttisi
2852 2517 2944 2554 vas
2974 2504 3349 2558 contumelia)?
3402 2507 3543 2563 Ecce

1953 2603 2047 2657 per
2075 2589 2368 2643 remedium
2402 2591 2730 2656 poenitentia:
2757 2590 2937 2665 subito
2981 2591 3276 2649 honoratur
3302 2595 3541 2651 candore

1950 2683 2132 2751 gratia:
2157 2723 2173 2745 ,
2220 2690 2274 2735 et
2308 2681 2548 2736 induitur
2574 2683 2769 2737 decore
2793 2683 3015 2749 justitiae
3039 2724 3055 2749 ,
3096 2693 3154 2739 ut
3193 2696 3537 2755 peccatorum

1953 2773 2080 2829 faece
2103 2774 2338 2836 detersa,
2358 2763 2688 2828 co'nﬁilenter
2708 2774 2875 2843 possit
2895 2775 3074 2831 dicere
3096 2791 3217 2832 cum
3239 2758 3499 2850 Propheta
3522 2799 3538 2837 :

1950 2866 2196 2936 Aspergcs
2224 2882 2322 2929 me,
2358 2863 2593 2932 Domine,
2627 2866 2868 2937 hyssopo,
2902 2878 2951 2922 et
2979 2869 3309 2933 mundabor;
3346 2873 3539 2927 lauabis

1950 2974 2044 3021 me,
2078 2967 2127 3011 et
2168 2974 2321 3027 super
2356 2974 2519 3012 mrem
2547 2960 2840 3014 dealbabor.
2890 2960 3027 3016 Audi
3060 2962 3372 3030 Apostolum
3401 2981 3539 3035 quo-

1948 3049 2108 3103 modo
2133 3050 2368 3104 dealbari
2400 3066 2556 3119 posse
2580 3053 2886 3120 pronuntiat
2915 3054 3153 3109 maculas
3172 3058 3536 3125 conscientia,

1949 3147 2008 3193 ιιι
2034 3139 2102 3193 de
2130 3155 2252 3194 vase
2283 3141 2578 3207 iniquitatis
2603 3183 2618 3205 ,
2651 3158 2744 3197 vas
2791 3145 3233 3201 sanctiﬁcationis
3262 3163 3538 3217 appareat.

260 3249 395 3285 eam.
440 3234 703 3286 Caeterum
746 3231 882 3285 sicut
922 3231 989 3285 ab
1020 3230 1235 3284 homine
1266 3229 1546 3284 indefessa:
1573 3229 1846 3284 servitutis
1870 3208 1916 3269 (ἶ
1950 3233 2016 3286 in
2048 3233 2220 3302 domo,
2253 3228 2440 3303 inquit,
2467 3251 2676 3304 magna,
2710 3251 2809 3289 non
2833 3235 2997 3290 solum
3019 3246 3134 3291 sunt
3163 3208 3464 3294 vasa'a'urea
3492 3251 3539 3294 et

260 3326 620 3395 exspectanda
649 3323 865 3378 devotio
893 3332 1012 3388 est,
1043 3324 1111 3375 ita
1142 3322 1320 3391 operis
1350 3323 1705 3376 consummati
1737 3322 1840 3375 Do-

263 3417 410 3470 niino
426 3426 507 3470 est
522 3416 822 3484 deputanda
846 3415 1121 3483 perfectio,
1139 3414 1293 3480 cujus
1310 3413 1448 3467 dona
1467 3414 1555 3468 ille
1578 3414 1722 3467 solus
1737 3430 1842 3468 non

264 3510 469 3571 habuit,
488 3508 574 3577 qui
597 3523 815 3563 servare
837 3508 1089 3576 neglexit.
1113 3505 1244 3559 Nam
1267 3515 1321 3561 et
1349 3506 1436 3560 ille
1460 3520 1651 3560 servus
1673 3521 1732 3560 se
1752 3520 1845 3560 ac-

268 3603 481 3671 cepisse
501 3601 768 3670 cognovit,
783 3600 870 3670 qtti
883 3600 1227 3653 commissum
1245 3597 1343 3651 sibi
1359 3600 1612 3651 talentum
1632 3598 1843 3665 negotio

267 3691 457 3744 salutis
475 3691 746 3759 duplicare
762 3688 1205 3758 contetnpsit,sed
1229 3696 1386 3742 terrte
1406 3689 1581 3756 potius
1602 3689 1713 3741 otio
1733 3688 1845 3742 Ian-

259 3793 460 3850 gnente
484 3781 753 3835 mandavit
778 3779 994 3852 (Matth.
1026 3778 1176 3848 xxv).
1203 3779 1307 3834 Sed
1328 3779 1523 3834 etSaul
1552 3777 1606 3849 (Ι
1625 3779 1747 3849 Reg.
1765 3781 1841 3851 ts)

258 3877 487 3945 gratiam
519 3874 609 3929 Dei
639 3890 669 3928 a
697 3874 947 3929 Satuuele
974 3882 1164 3925 unctus
1192 3873 1428 3941 accepit,
1455 3882 1510 3927 et
1534 3872 1847 3927 munificen-

261 3971 385 4021 tiam
419 3968 704 4036 specialem
733 4010 747 4034 ,
797 3966 1141 4035 regalemque
1170 3964 1459 4034 potentiam
1481 4005 1497 4030 ,
1533 3966 1632 4018 sub
1661 3963 1847 4018 condi-

260 4064 404 4117 tione
438 4065 553 4121 hac,
584 4076 651 4115 ne
674 4076 702 4113 a
735 4061 1012 4130 prtecepti.‘
1037 4061 1127 4114 Dei
1158 4060 1467 4125 declinaret,
1499 4057 1749 4111 obtinuit.
1783 4056 1846 4110 Et

258 4158 343 4225 qui
374 4157 525 4209 lates
554 4166 605 4208 et
638 4152 755 4207 fana
783 4169 902 4207 cunt
952 4152 1274 4224 pytltonibus
1320 4151 1430 4204 suis
1477 4150 1729 4218 magiStro
1756 4161 1846 4201 sa-

256 4250 479 4304 cerdote
505 4248 837 4302 subverterat
861 4287 875 4311 ,
907 4246 1156 4300 defuncto
1180 4246 1366 4299 eodem
1391 4286 1406 4309 ,
1437 4258 1557 4298 eum
1597 4242 1847 4312 magistro

258 4342 422 4395 ﬁdem
445 4338 696 4408 perdidit,
718 4348 773 4394 et
791 4340 853 4392 ad
878 4338 1202 4409 pythonissze
1228 4334 1563 4404 postmodum
1587 4348 1843 4403 responsa

257 4434 498 4488 fallentia
542 4431 845 4487 convolavit
872 4473 889 4499 ,
934 4433 1022 4502 qui
1054 4445 1113 4485 se
1160 4429 1225 4483 ad
1254 4428 1421 4483 Deum
1451 4429 1721 4497 pertinere
1747 4442 1846 4497 po-

259 4530 432 4583 tuisse
462 4526 721 4583 idolorum
752 4525 1102 4580 subversione
1133 4530 1538 4578 monstraverat.

857 4638 1086 4694 CAPUT
1135 4637 1248 4693 Xll.

255 4734 452 4789 Contra
478 4748 594 4787 eum
621 4748 823 4786 sensum
851 4731 939 4800 qui
980 4730 1101 4784 dicit
1129 4731 1269 4801 quod
1290 4747 1377 4784 uas
1405 4729 1459 4783 in
1485 4729 1843 4783 contumeliam

401 4820 505 4857 non
532 4804 687 4873 possit
713 4817 1000 4872 assurgere,
1031 4812 1086 4855 ut
1123 4802 1189 4856 sit
1222 4817 1309 4855 vas
1343 4805 1395 4854 in
1432 4802 1696 4854 honorem.

324 4897 493 4951 Aiunt
519 4911 611 4950 vas
638 4895 977 4950 contumelia:
1006 4895 1062 4949 in
1090 4909 1186 4950 vas
1228 4894 1448 4950 honoris
1475 4892 1705 4948 transire
1736 4907 1841 4948 non

255 5003 447 5056 posse,
481 5001 546 5043 eo
575 4986 716 5057 quod
749 4986 943 5041 dixerit
970 4987 1257 5055 Apostolus
1295 5004 1307 5038 :
1343 4987 1421 5039 An
1446 5003 1546 5040 non
1576 4985 1722 5038 habet
1753 5000 1843 5053 po-

255 5090 485 5134 leslalem
514 5081 701 5151 ﬁgulus
732 5079 823 5133 luti
862 5094 926 5132 ea:
953 5080 1130 5132 eadem
1172 5095 1339 5132 massa
1382 5081 1547 5147 facere
1586 5078 1729 5131 aliud
1755 5094 1842 5131 vas

254 5172 307 5225 in
342 5174 607 5236 honorem,
628 5170 771 5223 aliud
792 5186 907 5223 vero
929 5171 982 5223 in
1006 5168 1399 5223 contumeliam?
1428 5169 1538 5223 lloc
1559 5168 1676 5222 loco
1705 5183 1842 5235 pra:-

253 5264 515 5318 cedentes
545 5276 753 5325 causas,
786 5262 978 5331 quibus
1006 5261 1088 5316 vel
1121 5260 1172 5314 in
1204 5259 1483 5323 honorem,
1517 5260 1597 5315 vel
1632 5260 1682 5313 in
1712 5274 1843 5314 con-

254 5355 531 5408 tumeliam
560 5355 719 5406 homo
745 5364 999 5419 transeat,
1022 5352 1269 5407 conclusa
1300 5352 1561 5406 locatione
1590 5367 1839 5420 suppres-

253 5450 345 5501 sit.
399 5446 528 5501 Nam
573 5461 697 5501 cum
745 5447 904 5501 homo
944 5460 1044 5515 per
1079 5445 1300 5514 gratiam
1331 5458 1451 5498 esse
1496 5443 1718 5512 coeperit
1746 5459 1838 5499 vas

254 5538 511 5604 honoris,
547 5536 928 5607 invigilandum
961 5546 1043 5591 est
1073 5545 1131 5591 ut
1166 5543 1419 5605 acceptus
1464 5536 1636 5590 honor
1662 5534 1841 5589 divina

255 5634 641 5699 cooperatione
671 5642 943 5697 servetur,
972 5643 1040 5685 ne
1066 5629 1352 5700 aequisitns
1382 5628 1571 5694 homo,
1603 5636 1841 5698 postmo-

256 5722 391 5775 dum
436 5722 485 5775 in
532 5736 626 5777 vas
672 5721 1015 5777 contumeliae
1061 5720 1217 5791 culpa
1260 5720 1524 5775 existente
1576 5727 1835 5774 vertatur.

258 5809 417 5890 Quod
447 5821 620 5868 autem
645 5811 828 5870 dicunt
868 5814 937 5869 ab
961 5813 1178 5868 ineunte
1206 5820 1364 5868 aetate
1392 5811 1711 5880 pra-ﬁnitum
1741 5852 1757 5878 ,
1787 5810 1840 5864 in

1871 4581 1921 4642 D

1946 3336 2209 3395 argentea,
2234 3326 2322 3378 sed
2348 3334 2395 3378 et
2428 3325 2597 3395 lignea
2622 3335 2668 3378 et
2693 3325 2873 3393 fictilia
2897 3327 3073 3398 (Rom.
3105 3331 3203 3398 ιχ).
3232 3330 3366 3398 Quid
3394 3332 3541 3388 enim

1946 3418 2053 3470 alia
2082 3424 2206 3471 sunt
2234 3432 2352 3470 vasa
2380 3417 2432 3469 in
2474 3417 2737 3479 honorem,
2765 3417 2872 3469 alia
2895 3434 3009 3471 vero
3060 3420 3113 3472 in
3141 3424 3543 3477 contumeliam?

1948 3508 2145 3562 Attolle
2188 3522 2284 3562 cor
2322 3506 2550 3561 liberum
2590 3508 2659 3562 ab
2698 3509 3014 3563 immutabili
3047 3512 3388 3579 necessitate,
3440 3514 3541 3567 ltit-

1948 3612 2104 3651 mana
2136 3596 2376 3651 conditio
2404 3636 2419 3659 ,
2470 3605 2525 3651 et
2566 3611 2798 3668 8800308
2841 3598 2982 3652 circa
3030 3597 3256 3653 salutem
3307 3600 3541 3659 hominis

1948 3688 2159 3744 Domini
2189 3689 2260 3743 tui
2290 3688 2609 3744 ineffabilem
2643 3690 2954 3743 bonitatem.
2996 3690 3130 3745 Cum
3157 3690 3402 3761 dixisset,
3434 3697 3539 3749 alia

1947 3780 2036 3849 qui
2055 3781 2151 3832 lem
2173 3780 2225 3831 in
2256 3777 2519 3839 honorent.
2545 3778 2653 3832 alia
2674 3795 2791 3833 vero
2815 3778 2869 3832 in
2898 3780 3288 3851 contumeliam,
3314 3800 3536 3848 manum

1948 3874 2059 3943 spei
2091 3873 2339 3927 lidelibus
2367 3873 2576 3940 aperuit
2614 3887 2677 3926 ac
2717 3872 2966 3927 dilatavit
3013 3872 3081 3928 ita
3128 3875 3355 3932 dicens:
3390 3878 3538 3944 Quod

1948 3967 1992 4019 si
2019 3968 2131 4035 quis
2177 3982 2230 4019 se
2274 3981 2336 4019 ex
2373 3965 2450 4017 his
2499 3965 2858 4036 expurgaverit
2882 4006 2898 4032 ,
2940 3967 3037 4020 erit
3079 3981 3166 4020 vas
3207 3968 3259 4022 in
3300 3970 3543 4024 honorem

1948 4060 2321 4127 sanctiﬁcatum
2361 4056 2445 4127 (11
2475 4057 2610 4111 Tim.
2652 4059 2733 4127 tt).
2774 4058 2863 4114 Vis
2889 4074 3018 4130 ergo
3056 4060 3232 4116 cordis
3264 4065 3543 4133 utriusque

1950 4151 2027 4206 r-i
2056 4165 2223 4221 capax
2251 4160 2331 4204 est
2354 4191 2370 4215 ,
2415 4159 2470 4204 et
2510 4149 2651 4221 quod
2696 4150 2750 4204 in
2792 4165 2850 4206 se
2881 4160 3005 4205 ante
3037 4152 3279 4219 permisit
3308 4153 3539 4221 infundi,

1953 4242 2106 4295 facile
2137 4252 2311 4309 po!est
2342 4240 2533 4311 prioris
2562 4241 2818 4310 propositi
2873 4242 3169 4296 mutatione
3210 4246 3446 4311 vacuari,
3480 4259 3539 4303 ut

1952 4336 2122 4404 ipsum
2154 4347 2315 4405 atque
2343 4336 2484 4390 idem
2517 4350 2610 4390 vas
2637 4335 2687 4389 in
2720 4349 2779 4389 se
2808 4343 2863 4389 et
2890 4334 3032 4404 apud
3062 4349 3121 4391 se
3150 4334 3316 4391 ellusa
3348 4336 3539 4409 iniqui.

1950 4440 2058 4485 tate
2090 4438 2419 4496 permaneat.
2467 4429 2649 4498 itaque
2688 4442 2782 4482 vas
2811 4427 2874 4482 ad
2903 4428 3253 4483 substantiam
3284 4414 3539 4498 hominis,

1952 4520 2091 4589 quod
2126 4535 2252 4574 vero
2282 4520 2337 4574 in
2369 4534 2494 4573 vase
2521 4518 2773 4573 conditur
2796 4559 2812 4583 ,
2863 4520 2928 4571 ad
2969 4533 3135 4585 genus
3164 4533 3229 4574 ac
3261 4505 3542 4576 diversita-

1952 4621 2057 4667 tem
2087 4611 2316 4680 pertinet
2345 4608 2658 4664 voluntatis.
2711 4607 2781 4661 Et
2815 4607 2922 4662 alio
2949 4606 3068 4662 loco
3096 4609 3335 4664 ostendit
3360 4610 3544 4667 Domi-

1952 4720 2052 4760 nus
2083 4704 2350 4773 perditum
2391 4699 2599 4757 restitui
2640 4714 2834 4770 posse,
2874 4715 2998 4755 cum
3038 4699 3170 4755 dicit
3216 4700 3388 4756 :Non
3425 4721 3544 4757 sum

1952 4799 2133 4851 missus
2172 4795 2270 4850 nisi
2307 4794 2374 4847 ad
2412 4809 2526 4848 oves
2560 4808 2673 4862 quis
2708 4793 2967 4863 perierunt
3016 4792 3199 4847 domus
3235 4790 3423 4849 Israel.
3475 4795 3540 4850 Et

1952 4890 2146 4944 iterum
2196 4904 2209 4939 :
2252 4885 2473 4956 Epulari
2509 4896 2557 4939 et
2598 4885 2824 4955 gaudere
2865 4892 3088 4951 oportet,
3121 4885 3243 4955 quia
3278 4885 3362 4940 hic
3397 4887 3540 4954 [ilius

1951 4996 2089 5035 meus
2131 4988 2359 5033 mortuus
2391 4978 2576 5047 fuerat,
2607 4986 2653 5031 et
2692 4977 2906 5041 revixit;
2940 4978 3189 5047 perierat,
3219 4987 3266 5031 et
3305 4979 3540 5053 inuentus

1946 5084 2039 5129 est.
2083 5074 2197 5129 Non
2222 5087 2349 5143 ergo
2374 5073 2424 5126 in
2453 5081 2639 5125 natura
2663 5070 2780 5138 ejus
2802 5068 2976 5123 fuerat
3002 5068 3139 5124 facta
3169 5070 3418 5138 perditio,
3442 5071 3537 5126 sed

1945 5168 2034 5238 qui
2063 5164 2361 5221 recedendo
2384 5171 2694 5231 contemptu
2724 5170 2969 5215 mortuus
2995 5162 3191 5227 fuerat,
3225 5161 3416 5218 revixit
3442 5162 3538 5237 de-

1947 5248 2146 5316 siderio
2178 5257 2498 5314 revertendi.
2546 5255 2677 5310 Nam
2708 5255 2852 5309 sicut
2886 5255 2966 5309 sui
2994 5254 3234 5309 criminis
3265 5265 3346 5311 est
3393 5255 3533 5325 quod

1947 5353 2104 5421 longe
2128 5351 2197 5419 pii
2231 5349 2462 5417 parentia
2497 5346 2690 5416 refugit
2713 5345 2920 5408 oculos,
2948 5347 3017 5401 ita
3046 5362 3157 5400 sine
3185 5356 3267 5401 est
3294 5347 3534 5399 devotio-

1948 5444 2050 5507 nis,
2081 5440 2220 5510 qnod
2263 5454 2354 5508 per
2388 5438 2606 5492 illeilli"!
2639 5436 2742 5492 sibi
2771 5436 2969 5491 bonum
3001 5436 3334 5499 deliberans;
3362 5446 3417 5490 et
3445 5450 3533 5505 as-

1943 5546 2193 5602 surgens,
2222 5530 2286 5582 ad
2313 5538 2567 5598 paternos
2598 5528 2834 5581 recurrit
2879 5528 3173 5592 amplexus.
3218 5523 3322 5578 Sed
3362 5527 3530 5593 gratia

1943 5637 2059 5695 qua:
2085 5623 2384 5692 pulsaverat
2406 5618 2854 5688 peregrinantem,
2873 5616 2984 5683 ipsa
3003 5613 3236 5683 suscepit
3257 5626 3531 5671 reverten-

1946 5728 2072 5772 tem.
2098 5714 2329 5769 Recedat
2352 5713 2475 5767 hinc
2496 5710 2770 5781 originalis
2792 5705 3033 5762 deﬁnitio
3057 5706 3135 5761 vel
3162 5705 3356 5762 fatalis.
3386 5707 3530 5763 Ecce

1946 5817 2186 5865 mortuus
2224 5806 2521 5861 viviﬁcatur
2553 5844 2569 5868 ,
2601 5813 2654 5860 et
2681 5799 2928 5869 perditus
2956 5797 3229 5854 invenitur
3260 5819 3272 5854 :
3301 5804 3434 5858 Sicut
3474 5812 3527 5856 ει
