2001 3094
219 149 275 177 803

839 144 868 171 S.
891 143 1013 172 FAUSTI
1033 143 1235 172 uttnctensts

1810 144 1864 172 sos

221 204 318 233 mulier
331 197 483 237 evangelica
505 201 581 238 (Luc.
598 201 645 236 xv)
672 208 733 236 qua:
746 200 874 228 amissam
889 201 916 228 in
931 201 1012 229 domo
1026 205 1050 233 Α
1099 210 1158 229 nam
1183 205 1281 237 portent
1302 200 1413 228 hominis
1429 201 1536 229 arbitrio
1556 206 1625 237 patet
1639 201 1719 236 fuisse
1743 201 1863 228 comm's-

221 251 388 280 drachmam,
405 248 431 275 id
445 252 503 280 est,
519 254 575 274 rem
589 247 630 274 vel
642 247 824 281 cujuscunque
839 247 958 274 muneris
969 247 1010 274 vel

220 298 324 329 sa'utis,
337 296 445 323 lucerna
458 294 568 329 inquirit
587 301 711 326 accensa,
726 298 753 320 et
766 293 799 319 ad
817 293 910 328 gratiae
922 294 1011 320 oleum

219 343 330 376 apponit
349 342 466 368 studium
481 347 558 367 suum
570 361 577 373 ,
593 344 620 367 et
641 346 701 366 cum
720 338 766 365 Dei
780 338 913 373 adjutorio
924 338 1013 372 jungit

219 396 250 416 se
263 386 427 421 requirentis
438 386 562 412 intentio.
574 384 613 412 Ac
624 384 664 411 sic
676 384 747 419 quod
765 384 835 410 intus
848 383 1011 418 perdiderat,

220 433 290 459 intus
304 431 415 458 invenit.
438 431 465 458 Si
487 429 593 465 quando
605 436 669 464 ergo
685 429 768 456 homo
778 437 810 456 ex
825 429 894 455 bono
908 428 1012 461 malus,

220 477 262 504 vel
284 485 317 504 ex
335 477 406 503 tualo
428 477 514 503 bonus
536 474 606 502 cllici
627 475 737 502 arbitrio
752 475 851 502 mentis
872 474 1011 506 adnititur,

220 524 342 550 voluntas
357 530 416 558 quae
433 522 517 550 libera
530 525 588 553 est,
606 528 620 547 a
636 521 689 548 Deo
705 521 765 548 data
780 521 923 555 corrigitur
934 541 942 552 ,
959 528 1012 547 non

220 568 260 596 vis
274 567 515 603 prmdestinationis
539 571 678 601 operatur.
703 565 735 592 Et
757 566 971 600 quotiescunque
986 565 1012 592 in

220 613 303 641 sacris
318 612 419 647 paginis
433 611 530 646 legeris
541 620 548 637 :
559 610 592 637 In
603 619 755 646 quacunque
768 611 810 637 die
824 618 958 637 conversus
973 610 1013 637 in-

220 658 356 693 gemueris,
372 661 431 683 tunc
445 657 529 683 salvus
545 655 708 691 eris(Ezcc/t.
726 655 830 691 xxxiii).
848 656 880 682 Et
894 657 988 682 iterum
1004 664 1011 681 :

220 704 290 731 Nolo
303 709 408 730 mortem
423 702 506 738 impii,
522 702 566 728 sed
576 706 603 728 ut
618 706 758 729 reuertatur
777 701 871 735 impius
887 709 903 727 a
917 701 956 727 via
967 709 1014 727 sua

220 756 243 777 et
257 750 334 776 vivat.
347 748 528 776 Convertimini
540 756 557 774 a
571 748 616 774 uiis
634 747 762 782 pessimis.
780 747 813 773 Et
829 747 922 773 iterum
937 755 943 772 :
959 745 1015 772 Int-

221 797 301 831 pietas
316 795 387 830 impii
403 802 453 821 non
463 793 562 821 nocebit
573 801 641 825 eum,
656 793 682 820 in
690 800 841 828 quacunque
854 793 895 819 die
909 799 1014 819 conuer-

221 850 263 869 sus
279 842 354 877 fuerit
378 843 409 868 ab
429 840 558 877 injustitia
578 848 637 866 sua.
657 839 692 866 Et
715 839 800 866 illud:
816 839 921 874 Auferte
944 843 1014 865 t'etus

1100 246 1167 264 sum.

1103 293 1174 319 Inter
1188 293 1246 320 haec
1261 291 1374 319 sollicite
1388 291 1466 319 nobis
1479 291 1549 326 apud
1567 291 1709 319 luereticos
1720 291 1862 326 requiren-
1909 311 1914 314 μ

1065 340 1127 366 dum
1139 344 1192 371 est,
1208 344 1297 366 utrum
1310 338 1390 366 homo
1402 339 1500 365 bonum
1514 346 1567 365 non
1585 339 1669 371 possit
1680 346 1714 365 an
1729 338 1810 372 nolit,
1821 339 1863 365 in-
1904 355 1913 370 π

1065 386 1116 413 sita
1130 385 1230 413 homini
1246 386 1323 413 bona:
1338 385 1441 412 semina
1457 385 1612 412 voluntatis.
1629 384 1707 418 Quod
1721 385 1861 412 evidenter

1064 432 1183 466 assignat
1204 431 1239 458 ita
1262 432 1355 458 dicens
1371 440 1377 457 :
1394 430 1424 458 Si
1440 431 1568 462 volueris,
1586 431 1708 457 mandata
1726 439 1862 457 conserua-

1069 477 1130 504 bunt
1144 482 1181 510 te;
1192 482 1231 509 et,
1240 475 1302 503 Noli
1313 476 1419 511 deﬁcere
1432 476 1592 509 «disciplina
1604 475 1723 506 Domini;
1734 476 1789 502 noli
1800 476 1863 502 abs-

1064 524 1142 550 tinere
1152 523 1215 550 bene
1227 523 1310 558 facere
1326 523 1424 558 egenti;
1439 527 1476 554 et,
1492 522 1555 548 Noli
1567 523 1692 556 fabricare
1708 523 1734 549 in
1749 524 1862 548 amicum

1064 575 1135 596 tuum
1154 569 1239 601 mala;
1262 574 1301 602 et,
1320 568 1411 596 Nolite
1425 568 1482 603 ﬁeri
1494 569 1559 596 sicut
1576 577 1656 604 equus
1674 574 1698 596 et
1719 569 1817 599 mulus,
1834 568 1862 596 in

1063 616 1154 652 quibus
1169 624 1219 643 non
1233 620 1269 643 est
1291 615 1456 648 intellectus;
1467 620 1510 648 et,
1527 615 1589 642 Noli
1599 616 1739 649 repudiare
1751 614 1863 642 consilia

1064 662 1223 694 matristute;
1232 665 1269 694 et,
1280 660 1342 688 Noli
1348 661 1478 688 intendere
1486 661 1577 696 fallaci
1588 661 1751 693 mulieri;et,
1765 660 1860 687 Noluit

1065 707 1206 743 intelligere
1220 711 1248 733 ut
1262 706 1323 733 bene
1332 710 1478 742 ageret;et,
1492 706 1640 733 Noluerunt
1651 707 1766 741 accipere
1777 706 1861 733 disci-

1064 753 1172 787 plinam.
1182 752 1229 779 Cui
1237 752 1310 779 nolle
1317 751 1453 786 obiicitur,
1464 751 1534 779 velle
1545 752 1571 778 in
1581 756 1707 786 promptu
1714 751 1794 779 fuisse
1800 751 1860 779 evi-

1064 799 1160 826 denter
1168 797 1330 826 ostenditur.
1340 797 1372 824 Et
1382 797 1457 832 plura
1467 797 1567 825 similia
1577 801 1640 824 sunt
1654 797 1681 824 in
1691 796 1860 832 eloquiisVe-

1065 843 1371 878 tcrlsTestamenli,qua:
1377 843 1465 870 omnia
1472 842 1557 877 ipsam
1564 841 1860 878 specialitereonstriu—

221 891 383 926 fermentum,
404 893 431 916 ut
450 888 505 916 sitis
524 896 590 914 nova
615 888 762 922 conspersio
787 886 813 923 (ι
839 886 899 914 Cor.
921 886 958 921 v).
977 886 1010 914 Et
1027 890 1051 920 Β
1067 893 1142 925 gunt,
1154 893 1182 916 et
1192 888 1539 916 convincuntvoluntatem.
1555 887 1582 914 In
1596 887 1673 914 libris
1688 887 1769 914 etiam
1782 888 1861 915 novis

221 937 326 972 quoties
346 937 427 963 homo
450 935 484 963 ad
509 935 632 968 meliora,
654 934 832 961 deterioribus
854 933 1010 967 repudiatis,

221 983 305 1018 gratia
322 981 434 1017 iuvante
448 980 618 1007 convertitur
627 999 635 1011 ,
655 978 736 1006 toties
750 978 784 1005 de
794 984 858 1005 vase
871 982 1012 1005 contume-

222 1029 264 1056 lia:
288 1034 335 1055 vas
359 1026 470 1054 honoris
495 1024 621 1052 efﬁcitur.
657 1024 692 1051 llt
710 1030 773 1050 vero
792 1022 826 1050 de
848 1022 926 1050 bonis
950 1022 1013 1049 mali

220 1073 386 1105 efﬁciantur,
402 1071 452 1099 hoc
464 1070 569 1098 facilius
583 1070 610 1097 in
623 1077 653 1097 se
667 1068 769 1103 recepit
784 1069 898 1095 humana
913 1067 1014 1102 fragili-

222 1124 276 1153 tas,
292 1124 321 1146 ut
331 1118 366 1146 de
379 1124 443 1145 vase
454 1116 565 1145 honoris
574 1136 582 1148 ,
596 1116 623 1143 in
636 1122 683 1143 vos
697 1114 867 1142 contumeliae
883 1117 1012 1141 transeat.

223 1166 297 1194 Sicut
311 1164 424 1200 legimus
438 1163 465 1191 in
480 1163 610 1191 Abacuc:
636 1161 670 1188 Et
689 1169 754 1189 est-te
777 1162 833 1197 ejus
856 1161 951 1188 clectw.
978 1159 1015 1187 De

223 1211 320 1247 quibus
344 1210 426 1239 etiam
444 1210 543 1237 dicitur
566 1217 572 1235 :
597 1208 697 1235 Aurum
721 1211 748 1233 ut
769 1209 856 1241 pateas
876 1205 1014 1241 reputabit.

225 1258 353 1285 Jeremias
374 1263 480 1291 quoque
498 1263 505 1282 :
528 1254 662 1287 Quomodo
682 1253 843 1280 obscuratum
856 1257 893 1280 est
912 1260 1015 1286 aurum,

225 1308 336 1330 mutntut
346 1308 382 1329 cst
391 1304 461 1329 color
471 1301 583 1336 optimus
595 1299 703 1336 (Thren.
716 1299 851 1335 tv)?Sicnt
862 1302 890 1326 et
902 1299 1016 1333 Aposto-

227 1352 267 1376 lus
286 1348 352 1376 dicit
370 1357 377 1374 :
401 1348 500 1374 Tullum
526 1354 587 1382 ergo
607 1345 721 1372 mentbra
742 1344 848 1378 Christi,
876 1348 899 1371 ct
923 1345 1017 1379 faciam

227 1395 338 1421 membra
347 1393 483 1420 meretricis
492 1391 519 1428 (I
525 1390 585 1419 Cor.
596 1391 748 1426 vt)?ltaque
761 1390 899 1417 manifesta
910 1394 1019 1416 senten-

227 1442 262 1467 tia
277 1447 328 1472 est,
344 1440 377 1466 de
392 1438 491 1465 Christi
503 1444 618 1472 corpore
629 1444 707 1471 posse
725 1436 860 1464 hominem
873 1435 898 1462 in
912 1439 1017 1470 partem

229 1485 326 1512 diaboli
354 1492 401 1518 per
422 1484 525 1517 culpam
542 1482 676 1517 propriam
698 1479 869 1508 commutari.
894 1480 970 1508 Sicut
992 1483 1020 1507 et

230 1532 282 1558 alio
307 1531 366 1558 loco
386 1528 583 1556 absolutissime
603 1527 681 1554 docet
700 1528 735 1554 de
756 1527 859 1561 optimo
874 1526 1020 1561 pessimum

1063 934 1226 969 evangelicis
1236 938 1264 962 et
1278 934 1443 969 apostolicis,
1457 933 1521 968 quid
1536 931 1608 960 aliud
1622 932 1673 960 nisi
1688 932 1799 960 libertas
1813 939 1861 959 vo-

1063 980 1173 1009 luntatis
1183 978 1346 1012 ostenditur,
1362 979 1406 1006 ubi
1417 978 1514 1006 dicitur
1537 987 1544 1005 :
1569 978 1658 1005 Nolite
1680 978 1858 1005 thesauriure

1064 1026 1197 1053 thesauros
1218 1025 1245 1052 in
1265 1030 1351 1057 terra;
1364 1029 1392 1052 et
1403 1044 1412 1058 ,
1424 1024 1513 1051 Nolite
1527 1032 1569 1051 eos
1582 1024 1669 1051 timere
1682 1023 1727 1058 qui
1740 1023 1863 1050 occidunt

1063 1079 1165 1106 corpus.
1192 1070 1279 1098 Sobrii
1291 1074 1384 1103 estote,
1395 1070 1482 1104 justi,
1498 1074 1521 1096 et
1536 1069 1614 1096 nolite
1633 1076 1748 1104 peccare.
1769 1068 1803 1095 Et
1826 1067 1864 1094 ad

1064 1116 1235 1144 Timotheum
1252 1125 1258 1141 :
1282 1115 1345 1142 Noli
1359 1114 1488 1151 negligere
1500 1115 1611 1151 gratiam
1624 1123 1681 1150 qua
1701 1115 1728 1141 iu
1755 1118 1780 1141 te
1803 1117 1863 1147 est.

1065 1170 1111 1190 nec
1123 1162 1218 1189 bonum
1233 1166 1305 1189 tuum
1317 1161 1384 1189 velut
1405 1168 1438 1188 eo:
1451 1161 1597 1188 necessitate
1610 1161 1654 1194 sit,
1668 1161 1711 1187 sed
1724 1168 1758 1187 ea:
1771 1159 1864 1187 solun-

1066 1211 1127 1234 tate.
1151 1206 1185 1234 Et
1209 1207 1263 1234 alio
1283 1207 1342 1234 loco
1359 1214 1367 1234 :
1383 1205 1473 1233 Nolite
1487 1206 1513 1232 in
1529 1213 1696 1240 personarum
1717 1205 1865 1239 acceptione

1066 1252 1158 1280 habere
1170 1252 1248 1287 fidem
1259 1251 1366 1279 Domini
1385 1251 1466 1278 nostri
1480 1250 1542 1278 Jesu
1554 1250 1659 1278 Christi.
1677 1250 1765 1277 Nolite
1775 1250 1865 1277 detra-

1067 1298 1126 1325 here
1141 1298 1168 1325 in
1177 1298 1347 1330 alterutrum;
1361 1302 1399 1330 et,
1412 1297 1501 1324 Nolite
1511 1305 1605 1325 errare.
1619 1296 1688 1324 Deus
1701 1305 1753 1324 non
1765 1296 1862 1323 irride-

1069 1349 1120 1371 tur.
1139 1345 1203 1377 Qute
1222 1344 1290 1371 enim
1312 1344 1473 1371 seminaverit
1491 1344 1579 1378 homo,
1600 1345 1655 1371 ha'c
1673 1349 1697 1371 et
1717 1348 1800 1371 metet.
1817 1344 1865 1376 Et,

1070 1391 1158 1418 Nolite
1172 1391 1278 1428 diligere
1291 1391 1426 1423 mundum,
1437 1398 1517 1426 neque
1528 1399 1557 1417 ea
1569 1398 1627 1426 quis
1640 1391 1668 1417 in
1679 1390 1774 1417 mando
1788 1395 1861 1417 sunt.

1071 1436 1198 1464 Videmus
1212 1445 1276 1472 ergo
1290 1441 1318 1465 et
1328 1436 1354 1463 in
1368 1436 1467 1464 bonam
1477 1457 1485 1470 ,
1500 1442 1528 1464 et
1539 1436 1565 1463 in
1577 1437 1741 1463 contrariam
1756 1441 1864 1470 partem

1071 1491 1151 1519 posse
1171 1484 1296 1510 humana:
1314 1483 1412 1511 mentis
1430 1483 1546 1511 transire
1558 1490 1732 1510 consensum.
1748 1482 1782 1510 Et
1802 1481 1867 1510 ideo

1071 1531 1124 1558 alio
1138 1530 1197 1558 loco
1211 1529 1277 1557 dicit
1292 1537 1299 1556 :
1313 1528 1426 1563 Bonum,
1442 1529 1537 1564 inquit,
1551 1529 1681 1564 facientes,
1696 1536 1746 1555 non
1758 1527 1869 1562 deﬁcia-

232 1578 300 1609 lieri,
325 1581 351 1603 et
371 1575 500 1608 templum
522 1573 571 1601 Dei
590 1579 670 1607 posse
693 1572 799 1607 violari,
823 1572 859 1598 ita
883 1570 1017 1598 dicendo:

1074 1585 1150 1609 mus;
1184 1581 1295 1611 tempore
1320 1576 1387 1602 enim
1414 1584 1460 1603 suo
1489 1581 1611 1602 metemus
1635 1583 1687 1601 non
1707 1575 1867 1608 deﬁcientes-

235 1625 285 1651 Vos
296 1624 354 1651 estis
370 1621 493 1656 templum
505 1620 570 1654 Del,
587 1620 701 1654 Spiritus
722 1618 771 1646 Dei
785 1618 882 1645 habitat
901 1618 927 1645 in
940 1618 1020 1645 vobis.
1039 1617 1217 1657 .Opcnmur
1238 1628 1297 1657 ergo
1317 1621 1410 1647 bonum
1423 1620 1457 1647 ad
1476 1628 1579 1654 omnes,
1601 1620 1712 1647 maxime
1725 1624 1809 1646 autem
1830 1619 1870 1645 ad

231 1672 260 1698 Si
274 1670 329 1706 quis
340 1674 425 1695 autent
439 1669 559 1702 templum
572 1666 628 1700 Dei,
644 1666 785 1699 violaverit,
801 1665 929 1700 disperdet
944 1665 1019 1691 illum

232 1716 299 1743 Deus
323 1714 364 1749 (ll
379 1714 438 1740 Cor.
461 1713 529 1748 vin).
555 1712 625 1739 Ecce
632 1712 688 1746 jam
703 1711 830 1746 templum
842 1710 888 1737 Dei
903 1717 964 1738 esse
979 1710 1022 1737 di-

231 1761 351 1789 noscitur
364 1782 371 1793 ,
382 1760 436 1794 iam
453 1766 466 1784 a
487 1761 581 1785 sancto
593 1757 695 1791 Spiritu
710 1755 870 1790 possidetur,
887 1759 915 1783 et
930 1759 1019 1782 tamen

232 1816 278 1842 per
292 1807 420 1834 incuriam
437 1804 531 1831 violari
547 1809 627 1838 atque
648 1802 803 1837 corrumpi,
824 1802 899 1830 etab
914 1801 1023 1836 indigno

232 1854 337 1887 hospite
348 1850 473 1885 occupari
485 1857 564 1885 posse
578 1853 753 1877 memoratur.
768 1848 842 1877 Sicut
856 1853 882 1876 et
893 1847 1022 1883 propheta

231 1900 351 1932 increpat
365 1898 480 1924 animam
492 1916 499 1929 ,
514 1895 561 1923 Dei
575 1895 659 1930 gratia
676 1899 772 1929 sponte
785 1900 924 1922 vacuatam
941 1903 947 1920 :
966 1894 1023 1931 Ego

232 1944 344 1980 plantavi
359 1948 381 1969 te
393 1943 490 1968 vineam
503 1940 619 1973 electam,
628 1948 701 1967 omne
710 1948 794 1967 semen
804 1948 907 1973 verum;
918 1948 1024 1976 quomo-

232 1990 265 2016 do
281 1996 400 2015 conversa
420 1995 444 2014 es
464 1987 490 2013 in
511 1986 708 2013 amaritudinem
724 1986 780 2013 vitis
804 1986 894 2013 aliente
915 1986 1021 2022 (Jcrem.

232 2034 284 2069 It)?
296 2033 365 2061 Ecce
379 2033 484 2060 vineam
498 2032 553 2059 Deo
567 2039 581 2058 τι
598 2031 679 2058 nobili
693 2031 783 2059 radice
794 2032 950 2066 plantatam,
964 2036 1021 2058 stu-

232 2082 277 2110 dio
289 2080 400 2108 cultoris
411 2079 535 2110 electam,
545 2078 654 2113 proprio
665 2078 783 2105 Ostendit
796 2078 908 2104 crimine
922 2077 1022 2112 depra—

232 2132 331 2155 vatam.
346 2126 379 2153 Et
393 2125 453 2152 ideo
466 2124 499 2152 de
514 2132 544 2152 ea
559 2124 584 2150 in
601 2123 675 2150 Isaiae
694 2123 799 2150 cantico
813 2122 931 2157 loquitur
946 2132 952 2150 :
969 2123 1024 2150 Ea;-

231 2172 341 2208 spectavi
351 2177 377 2199 ut
388 2172 479 2206 faceret
489 2170 599 2202 vincant,
611 2170 668 2203 fecit
676 2173 759 2195 autent
769 2169 866 2204 spinas.
880 2169 1024 2203 Exspecta-

232 2218 269 2246 tio
285 2215 446 2251 increpantis
465 2214 589 2250 agricola:
610 2213 729 2241 ostendit
748 2213 817 2241 hanc
831 2215 935 2241 vineam
958 2214 1023 2241 dare

1073 1668 1223 1695 domesticos
1244 1667 1317 1702 ﬁdei.
1340 1666 1427 1694 Nolite
1439 1686 1448 1699 ,
1470 1666 1574 1701 inquit,
1594 1666 1702 1701 diligere
1719 1665 1844 1692 rixandum
1856 1672 1869 1691 :

1074 1713 1125 1742 nisi
1136 1714 1161 1741 ei
1175 1714 1273 1741 bonum
1294 1712 1328 1740 ad
1343 1712 1454 1740 meliora
1469 1712 1628 1740 contulisset
1638 1711 1781 1744 allectum,
1796 1711 1866 1738 mali

1073 1761 1099 1788 ei
1123 1768 1175 1787 non
1199 1759 1373 1787 interdiceret
1386 1758 1534 1793 appetitum
1551 1778 1559 1791 ,
1572 1761 1600 1785 et
1613 1757 1674 1785 ideo
1684 1757 1712 1784 in
1724 1757 1870 1784 sinistram

1073 1806 1186 1834 crimine
1206 1813 1255 1833 suo
1276 1804 1392 1832 trahitur
1404 1825 1413 1837 ,
1426 1804 1471 1839 qui
1486 1811 1501 1830 a
1517 1803 1630 1831 Domino
1644 1810 1694 1830 suo
1706 1807 1819 1830 vocatur
1831 1802 1868 1829 ad

1073 1851 1205 1879 dextram.
1231 1849 1265 1877 Et
1289 1854 1431 1884 propterea
1453 1849 1549 1876 iterum
1574 1849 1661 1876 dicit:
1683 1847 1746 1875 Noli
1769 1847 1870 1874 vincia

1073 1897 1154 1931 malo,
1180 1896 1224 1924 sed
1238 1897 1307 1924 uince
1326 1896 1352 1923 in
1367 1896 1431 1923 bono
1451 1896 1559 1922 malum.
1576 1894 1676 1929 Aperte
1691 1894 1755 1922 mali
1765 1901 1867 1921 neces-

1064 1945 1153 1972 -sitate
1172 1951 1226 1970 non
1251 1942 1381 1978 premitur
1405 1942 1447 1969 cui
1468 1941 1578 1969 victoria
1599 1941 1632 1968 de
1649 1940 1713 1967 boni
1727 1939 1867 1967 electione

1073 1990 1248 2026 promittitur.
1266 1989 1322 2016 Non
1347 1989 1418 2015 enim
1433 1987 1459 2015 in
1481 1987 1560 2015 devia
1579 1987 1620 2014 lex
1641 1985 1753 2021 originis
1767 1985 1868 2017 trahit,

1074 2044 1153 2072 quem
1174 2040 1267 2063 auctor
1282 2035 1308 2062 in
1325 2034 1395 2061 bivio
1409 2034 1567 2065 collocavit,
1584 2040 1616 2060 ac
1628 2032 1668 2059 sic
1680 2033 1722 2059 cui
1739 2032 1871 2059 voluntas

1074 2081 1156 2109 indita
1172 2084 1224 2114 est,
1240 2085 1269 2107 ut
1281 2080 1389 2107 vincere
1402 2079 1500 2106 malum
1515 2078 1611 2112 possit,
1623 2078 1646 2105 si
1658 2078 1726 2105 forte
1735 2077 1869 2104 adversa-

1075 2127 1129 2154 rios
1142 2131 1228 2158 vocet,
1243 2126 1265 2153 si
1279 2125 1384 2152 animus
1395 2124 1419 2151 ei
1434 2124 1568 2158 pugnandi
1581 2123 1796 2158 defuit,evcntus
1810 2130 1870 2149 non

1074 2173 1159 2201 deluit
1180 2171 1329 2200 obtinendi.
1345 2171 1469 2206 Legimus
1489 2171 1523 2197 ad
1544 2170 1691 2198 Hebraeos:
1711 2169 1870 2196 Voluntarie

1074 2219 1140 2246 enim
1156 2217 1316 2254 peccantibus
1331 2216 1403 2243 nobis
1425 2221 1480 2250 post
1494 2220 1624 2250 acceptam
1643 2215 1762 2241 notitiam
1771 2214 1869 2241 uerita-

232 2264 333 2291 fructus
356 2262 474 2297 potuisse
494 2259 616 2295 justitire.
641 2259 675 2287 Et
702 2266 763 2287 cum
788 2264 902 2287 stantem
922 2259 1058 2290 cadereD
1071 2266 1114 2298 iis,
1129 2265 1182 2297 iam
1207 2272 1258 2291 non
1281 2263 1434 2297 relinquitur
1454 2270 1502 2297 pro
1516 2262 1625 2298 peccatis
1647 2261 1741 2288 hostia.
1762 2261 1869 2289 Secun-

233 2312 345 2334 testetur
358 2314 452 2341 posse;
468 2314 529 2334 eum
543 2305 609 2333 dicit
624 2314 630 2331 :
647 2304 681 2332 Et
697 2305 740 2340 qui
757 2313 784 2332 se
799 2306 926 2333 existimat
941 2311 1018 2339 stare,

233 2353 316 2380 videat
334 2360 365 2379 nc
377 2352 462 2379 cadat.
475 2352 529 2379 Ete
539 2351 686 2385 contrario,
695 2351 727 2378 ad
739 2351 871 2386 jacentem
886 2352 1018 2387 loquitur:

234 2397 360 2434 Nunquid
372 2398 415 2430 qui
429 2397 497 2424 cadit
512 2405 563 2424 non
574 2398 705 2433 resurgit?
716 2396 811 2425 Potens
825 2402 861 2425 est
872 2399 939 2425 enim
952 2398 1021 2425 Deus

233 2449 342 2472 statuere
356 2443 430 2470 illum
452 2441 479 2478 (1
491 2441 550 2469 Cor.
564 2442 602 2477 λ).
615 2442 715 2478 Aperte
729 2443 848 2471 ostendit
862 2449 960 2471 statum
973 2444 1022 2471 ho-

233 2491 312 2518 minis
326 2490 354 2517 in
366 2489 471 2517 diversa
486 2495 540 2516 non
560 2496 609 2523 pro
623 2490 815 2517 constitutione
829 2490 877 2518 Dei
890 2510 898 2522 .
911 2490 958 2518 sed
973 2498 1020 2525 pro

233 2536 335 2563 arbitrii
349 2536 472 2564 libertate
485 2542 566 2570 posse
580 2535 691 2562 versari.
704 2535 757 2563 Sed
769 2541 795 2563 et
815 2535 897 2563 Isaias
909 2536 1020 2564 eviden-

232 2585 274 2610 t-r
289 2581 404 2609 afﬁrmat
418 2581 561 2616 depravata
575 2581 691 2616 corrigi,
708 2585 735 2608 et
747 2581 812 2608 dilui
828 2588 909 2617 posse
923 2582 1019 2609 imma-

232 2629 337 2660 culata,
354 2634 415 2654 cum
438 2626 471 2653 ad
492 2628 646 2660 peccatores
668 2627 783 2661 loquitur
797 2627 910 2654 dicens:
936 2626 1021 2654 Lava-

233 2674 297 2701 mini
311 2693 319 2707 ,
336 2672 425 2700 mundi
441 2676 520 2699 estote
531 2693 539 2706 ,
551 2673 647 2707 auferte
666 2671 763 2699 ntalunt
782 2673 964 2707 cogitationum
978 2680 1020 2699 ve-

233 2710 344 2747 strarum
358 2718 389 2746 ab
403 2718 484 2746 oculis
498 2718 570 2745 meis.

529 2783 643 2812 CAPUT
662 2783 729 2811 Xlll.

238 2850 315 2886 Item,
328 2852 392 2880 velle
401 2857 424 2881 et
438 2853 516 2884 nolle.
530 2852 595 2880 sicut
609 2854 644 2880 ad
658 2851 752 2880 malam
763 2871 771 2885 ,
784 2852 820 2880 ita
834 2853 910 2881 etiam
924 2854 958 2881 ad
972 2853 1021 2882 bo-

1071 2311 1134 2338 dum
1154 2310 1221 2344 haec,
1238 2309 1259 2337 si
1284 2309 1436 2336 libertatem
1454 2308 1558 2335 arbitrii
1573 2314 1625 2335 non
1641 2307 1780 2339 habemus,
1795 2313 1868 2341 quo-

1071 2355 1153 2384 modo
1171 2363 1232 2382 eum
1251 2355 1389 2382 voluntate
1411 2353 1568 2388 peccamus?
1580 2352 1636 2386 Qua
1650 2359 1748 2386 causa,
1763 2352 1786 2379 si
1800 2359 1869 2379 reus

1072 2402 1108 2429 sit
1131 2402 1269 2436 requiras,
1283 2400 1345 2435 quia
1361 2403 1422 2435 post
1440 2404 1577 2433 acceptam
1602 2398 1723 2425 notitiam
1743 2397 1869 2425 veritatis

1073 2448 1106 2474 ad
1121 2447 1244 2481 spiritum
1257 2445 1518 2474 declinaviterroris.
1532 2444 1595 2472 Post
1605 2448 1746 2478 acceptam,
1760 2444 1865 2478 inquit,

1073 2493 1212 2519 notitiam:
1231 2491 1350 2526 intelligo
1378 2498 1440 2518 eum
1460 2490 1598 2525 accepisse
1619 2488 1745 2524 gratiam,
1767 2492 1797 2516 et
1818 2495 1873 2522 per

1072 2538 1259 2574 negligentiam
1276 2537 1440 2572 perdidisse;
1455 2541 1483 2563 et
1497 2536 1594 2563 iterum
1610 2544 1617 2562 :
1646 2534 1755 2561 Iri-itam
1767 2534 1868 2569 faciens

1072 2583 1153 2617 legem
1167 2582 1251 2618 Moysi
1274 2582 1328 2609 sine
1342 2582 1395 2609 ulla
1410 2581 1588 2613 miseratione,
1610 2580 1707 2607 duobus
1727 2579 1768 2606 uel
1781 2579 1870 2606 tribus

1074 2628 1178 2656 testibus
1190 2628 1307 2659 moritur,
1319 2633 1414 2660 quanto
1427 2626 1508 2663 magis
1528 2626 1622 2662 putatis
1637 2625 1764 2652 deteriora
1774 2627 1869 2652 mereri

1074 2673 1201 2709 supplicia
1225 2674 1268 2709 qui
1283 2672 1383 2700 Filium
1397 2673 1444 2699 Dei
1461 2672 1661 2705 conculcarsrit,
1674 2676 1698 2698 et
1715 2671 1870 2707 sanguinem

1076 2721 1218 2746 testamenti
1233 2719 1359 2755 pollutum
1381 2718 1482 2745 duxerit
1495 2739 1502 2751 ,
1512 2718 1539 2745 in
1554 2726 1604 2752 quo
1619 2716 1794 2752 sanctiﬁcata
1816 2721 1870 2748 est,

1074 2769 1098 2792 et
1111 2765 1213 2799 spiritui
1234 2765 1323 2799 gratia:
1343 2763 1521 2791 contumeliam
1542 2763 1629 2798 fecerit
1640 2763 1653 2789 ?
1665 2762 1718 2790 Cur
1736 2762 1786 2789 sub
1800 2761 1870 2788 duo-

1076 2810 1125 2837 bus
1139 2814 1184 2836 aut
1206 2809 1290 2837 tribus
1314 2808 1428 2837 testibus
1447 2812 1605 2841 accusatur,
1621 2811 1649 2835 et
1666 2807 1743 2842 quasi
1763 2806 1871 2841 proprii

1075 2854 1194 2883 criminis
1207 2862 1271 2884 reus
1286 2855 1399 2883 moritur
1427 2853 1451 2883 si
1465 2854 1521 2887 iam
1536 2852 1684 2883 inevitabili
1702 2852 1736 2882 ad
1749 2858 1868 2888 peccan-
