4002 6188
355 339 469 391 805

1470 328 1557 385 DE
1592 326 1847 384 CBATIA
1888 324 2038 393 DEI,
2082 327 2258 395 E'lC.,
2301 330 2430 387 LIB.
2473 332 2515 389 Ι.

3528 344 3637 401 Silii

356 453 488 503 dmn
512 455 715 502 natura:
738 445 856 515 lege
880 443 1236 513 deprimitur?
1265 442 1370 497 Sed
1397 444 1515 497 ideo
1546 444 1749 512 absque
1778 442 1943 497 dubio
1974 447 2027 502 Δ
2054 446 2336 501 manifeste
2378 446 2462 500 hic
2507 446 2608 501 sub
2650 448 3028 522 interrogantis
3056 453 3141 509 vel
3173 454 3474 525 oltjicientis
3509 476 3633 528 per.

360 550 602 595 tueretur
649 552 859 607 plenam
886 579 902 606 ,
948 536 1070 606 quia
1108 536 1300 604 potuit,
1352 544 1407 589 et
1450 536 1616 589 noluit
1666 536 1941 590 custodire

356 635 644 703 justitiam.
687 633 803 698 Qua
832 645 960 684 vero
990 644 1147 683 causa
1192 629 1243 682 in
1270 630 1430 696 Itanto
1471 628 1613 683 bono
1642 639 1837 682 exutus
1873 628 1943 682 sit

359 727 406 778 si
429 723 702 792 requiras,
736 720 857 790 quia
875 760 890 785 ,
919 720 1121 789 inquit,
1147 719 1349 786 spiritui
1378 719 1555 787 gratia:
1574 717 1938 771 contumeliam

361 816 504 883 fecit.
537 815 780 882 Agnosco
808 814 910 864 ltoc
939 811 1058 864 loco
1096 809 1219 878 quia
1258 810 1424 878 gratia
1470 826 1574 863 non
1607 819 1712 863 tatn
1747 820 1943 879 negata

364 904 568 959 homini
603 903 810 966 defuit,
838 902 931 956 sed
960 900 1229 956 hominem
1260 902 1404 968 prius
1432 900 1499 955 ab
1519 901 1707 954 eodem
1739 901 1944 957 dereli-

362 1006 450 1051 cta
484 1007 539 1048 et
567 1002 871 1061 contempta
895 1032 912 1057 ,
961 992 1197 1046 deseruit
1226 990 1524 1059 benignitas
1567 991 1764 1045 dantis.
1805 993 1938 1046 Cum

359 1088 597 1158 quodam
624 1087 810 1141 dolore
839 1085 1474 1154 inerepatcontumeliam
1506 1089 1810 1154 respuentis
1832 1125 1848 1148 ,
1880 1101 1945 1140 ac

361 1184 445 1236 sic
468 1196 589 1235 cum
618 1180 684 1234 ad
714 1179 867 1233 devia
912 1178 1244 1232 voluntarius
1286 1178 1572 1232 declinavit
1597 1223 1610 1243 ,
1644 1196 1747 1233 non
1781 1181 1942 1249 periit

361 1273 654 1328 derelictus
677 1311 694 1336 ,
724 1273 813 1340 qui
848 1287 909 1326 se
950 1269 1211 1340 ingerenti
1243 1270 1627 1325 misericordia:
1680 1275 1948 1328 subtraxit

363 1366 626 1433 ingratus.
671 1364 875 1420 Similis
922 1364 1143 1419 effectus
1184 1366 1291 1421 illis
1328 1368 1396 1421 de
1424 1367 1615 1436 quibus
1662 1367 1943 1421 l’salmista

364 1455 673 1523 pronuntiat
709 1471 723 1508 :
756 1452 824 1505 Et
852 1454 1104 1508 benedixit
1134 1472 1245 1525 eos,
1272 1468 1320 1510 et
1360 1457 1689 1526 multiplicati
1709 1470 1829 1512 sunt
1857 1460 1937 1511 ni-

362 1546 463 1599 mis
491 1544 609 1613 (Ps.
636 1545 763 1614 cvi).
798 1544 861 1598 Et
888 1545 941 1598 in
982 1547 1249 1615 sequenti,
1276 1562 1464 1602 causas
1484 1554 1695 1605 amissa:
1724 1552 1946 1605 benedi-

360 1636 562 1691 etionis
589 1635 851 1690 obtendit.
886 1634 950 1690 Et
967 1638 1299 1703 seduxerunt,
1318 1639 1505 1709 inquit,
1528 1657 1613 1695 eos
1638 1658 1765 1695 rana
1794 1648 1942 1709 ipso-

363 1744 504 1793 rum,
521 1737 565 1782 et
586 1730 994 1783 seduxerunteos
1013 1732 1063 1782 in
1081 1731 1214 1783 invio
1235 1743 1397 1785 etnon
1420 1734 1470 1785 in
1494 1734 1592 1787 via.
1621 1734 1715 1788 llic
1739 1750 1944 1802 [ιι-ληνα-

2050 553 2178 590 sonu
2198 536 2526 589 contrarium
2553 551 2768 592 sensum
2792 540 3083 608 Apostolus
3112 545 3439 611 itttrotuittit,
3465 566 3625 619 quem

2048 646 2112 684 ex
2145 629 2372 683 adverso
2417 630 2750 698 propositum
2796 635 3041 702 sequenti
3077 635 3441 706 increpatione
3466 644 3632 695 easti-

2048 728 2155 789 gat,
2187 721 2371 775 dicens
2405 739 2419 775 :
2455 722 2499 775 0
2528 722 2700 786 homo,
2733 732 2787 777 tu
2815 726 2926 794 quis
2957 742 3009 779 es
3040 728 3129 796 qui
3158 731 3465 796 respondeas
3489 731 3636 788 Deo?

2049 816 2127 867 Au
2172 831 2271 867 non
2316 816 2464 868 habet
2506 825 2803 884 potestatem
2843 818 3030 887 ﬁgulus
3059 818 3156 871 luti
3181 837 3245 873 ea:
3265 824 3439 875 eadem
3465 840 3635 878 massa

2050 908 2215 977 facere
2244 907 2387 960 aliud
2415 924 2502 960 vas
2543 908 2595 960 in
2636 907 2881 962 honorem
2906 951 2921 975 ,
2970 910 3117 964 aliud
3145 928 3261 966 rero
3292 916 3343 967 in
3375 926 3636 971 contume-

2049 998 2216 1049 liam?
2246 997 2341 1051 llie
2369 998 2598 1052 inﬁdelis
2625 1000 3010 1068 curiositatem,
3045 1005 3375 1071 argumentis
3404 1010 3636 1062 auctori-

2050 1094 2156 1140 tate
2174 1089 2465 1154 compescit
2483 1105 2497 1151 ;
2523 1098 2711 1143 etcum
2735 1089 2861 1144 dicit
2881 1090 2988 1144 :An
3009 1107 3108 1145 non
3132 1093 3276 1146 habet
3299 1106 3595 1164 potestatem
3612 1102 3637 1153 ?

2052 1180 2135 1233 bic
2161 1180 2504 1235 enlntnniatni
2552 1181 2719 1236 Solam
2767 1182 2859 1237 Dei
2889 1184 3073 1252 objicit
3107 1195 3469 1257 potestatem,
3503 1206 3635 1245 con-

2050 1270 2268 1325 vincens
2298 1286 2421 1325 eum
2450 1273 2688 1338 ratione,
2721 1275 2813 1343 qui
2845 1275 3123 1331 universos
3171 1279 3433 1335 humanos
3479 1292 3632 1337 actus

2049 1362 2241 1417 divina:
2272 1364 2595 1417 ord:nationi
2638 1364 2853 1420 indocte
2880 1376 2933 1421 et
2965 1366 3252 1423 infideliter
3299 1372 3627 1427 ascribebat.

2051 1455 2126 1506 Αη
2160 1471 2260 1507 non
2289 1453 2438 1509 habet
2467 1466 2767 1526 potestatem
2807 1458 2997 1525 ﬁgulus
3026 1457 3124 1512 luti
3158 1477 3227 1519 ea;
3253 1463 3429 1515 cadent
3461 1479 3632 1518 massa

2050 1549 2218 1613 facere
2243 1547 2388 1599 aliud
2411 1562 2497 1600 vos
2511 1548 2564 1600 in
2585 1550 2844 1610 honorem,
2860 1549 3003 1601 aliud
3028 1552 3208 1603 reroin
3239 1553 3633 1609 contumeliam?

2054 1635 2194 1690 Inter
2225 1638 2339 1690 haec
2369 1637 2496 1690 dum
2536 1638 2696 1702 dicit,
2739 1654 2802 1690 ea:
2846 1640 3019 1692 eadem
3074 1656 3272 1705 massa,
3324 1644 3631 1715 quicunque

2052 1729 2185 1783 duas
2211 1729 2427 1784 humani
2461 1733 2676 1800 generis
2696 1747 2900 1787 massas
2926 1749 3045 1789 esse
3072 1736 3439 1802 arbitrabaris,
3468 1755 3627 1795 unam

366 1821 564 1875 ricator
579 1822 815 1875 mandati
830 1822 949 1877 ideo
965 1825 1210 1891 apparuit
1225 1839 1369 1889 reus,
1383 1828 1505 1894 quia
1518 1827 1582 1879 ad
1606 1828 1801 1882 malum
1828 1846 1940 1883 nta-

2051 1836 2200 1875 sacra
2249 1838 2312 1876 ex
2348 1822 2576 1878 lectione
2614 1838 2896 1891 cognosce.
2931 1827 3069 1881 Duas
3095 1838 3271 1883 autem
3303 1829 3426 1905 facit
3456 1833 3631 1901 pravi-

363 1911 451 1979 gis
468 1912 722 1965 seductus
742 1922 825 1966 est
851 1928 1010 1979 quam
1026 1924 1260 1968 coactus.
1287 1917 1545 1970 Similiter
1570 1928 1623 1971 et
1644 1919 1708 1972 ad
1729 1920 1942 1975 Galatas

369 2002 815 2073 transgressionis
861 2019 1056 2057 nosam
1089 2004 1154 2057 ad
1188 2005 1419 2059 hominis
1467 2018 1741 2077 retorquet
1770 2010 1942 2063 olfen-

363 2108 503 2157 satn,
538 2098 607 2148 ita
634 2094 821 2150 dicens
852 2112 865 2147 :
896 2095 1001 2149 Sed
1030 2105 1150 2149 tunc
1188 2098 1392 2166 quidem
1428 2098 1718 2166 ignorantes
1744 2102 1941 2169 Deum,

366 2187 448 2239 his
468 2186 555 2253 qui
572 2196 756 2239 natura
779 2197 1007 2240 nonsunt
1029 2188 1103 2241 dii
1127 2189 1414 2242 serviebatis
1441 2189 1580 2260 (Gal.
1612 2191 1709 2263 lt’).
1741 2196 1942 2248 Secun-

362 2282 493 2333 dum
543 2280 682 2334 hanc
724 2290 970 2334 naturam
1012 2281 1151 2335 Deus
1204 2292 1288 2336 est
1312 2281 1591 2351 Christus,
1618 2286 1703 2339 cui
1741 2288 1945 2342 servire

368 2371 725 2440 pnecipimur.
759 2371 1014 2442 Sequitur
1046 2391 1059 2425 :
1094 2370 1247 2426 Nunc
1274 2383 1445 2426 autem
1475 2392 1589 2427 cum
1613 2379 1944 2448 cognoreritis

368 2461 558 2529 Deum,
598 2464 699 2517 imo
738 2465 928 2534 cogniti
952 2466 1061 2519 sitis
1090 2481 1123 2518 a
1145 2463 1274 2531 Deo,
1304 2468 1555 2535 quomodo
1597 2471 1946 2526 convertimini

364 2552 437 2607 ad
480 2553 685 2623 infirma
731 2565 777 2609 et
810 2572 967 2626 egena
1008 2559 1293 2623 elementa,
1321 2560 1504 2629 quibus
1547 2560 1715 2615 denuo
1758 2567 1945 2619 servire

364 2644 558 2698 cultis?
599 2644 715 2699 Non
754 2647 911 2710 dixit,
941 2647 1064 2701 boni
1110 2663 1231 2705 esse
1261 2664 1365 2704 non
1400 2653 1622 2720 potestis
1648 2695 1663 2719 ,
1692 2654 1787 2709 sed
1819 2657 1941 2710 mali

368 2749 493 2789 esse
533 2735 728 2793 vultis:
762 2737 865 2791 nisi
904 2737 955 2791 in
998 2738 1136 2795 bono
1165 2741 1464 2809 potuissent
1502 2755 1647 2799 stare
1689 2748 1941 2813 cori-ceti,

367 2842 475 2879 non
505 2838 859 2896 arguerentur
887 2828 953 2883 ad
984 2828 1249 2885 deteriora
1285 2832 1540 2903 prolapsi.
1571 2834 1652 2888 Ad
1681 2850 1817 2904 quos
1847 2837 1945 2892 ite-

366 2934 487 2973 rum
524 2920 696 2974 dicit:
728 2918 910 2974 Filioli
958 2925 1075 2987 mei,
1114 2940 1238 2988 quos
1267 2925 1450 2979 iterum
1491 2929 1741 2994 parturio,
1786 2928 1943 2984 donec

368 3013 613 3077 formetur
634 3013 859 3067 Christus
896 3015 949 3068 in
988 3015 1143 3069 vobis.
1171 3017 1308 3072 Ecce
1336 3019 1468 3073 istos
1496 3021 1584 3090 qui
1615 3022 1683 3076 de
1723 3021 1825 3078 ﬁde
1852 3038 1943 3093 ge-

367 3104 465 3158 niti
506 3104 627 3159 facti
684 3107 893 3160 fuerant
930 3107 1155 3162 abortivi
1182 3150 1197 3174 ,
1241 3111 1435 3165 aSserit
1480 3112 1654 3167 adhuc
1686 3129 1843 3183 posse
1872 3116 1937 3169 ad

366 3198 564 3253 Christi
599 3199 881 3268 imaginem
913 3200 1194 3255 reformari
1219 3242 1234 3266 ,
1263 3210 1317 3257 et
1342 3205 1468 3257 dum
1500 3206 1737 3273 perditos
1765 3206 1942 3263 adhuc

370 3289 509 3343 lilios
535 3298 716 3353 vocat,
750 3291 1242 3359 praevaricationem
1273 3294 1392 3349 sine
1415 3295 1787 3364 deSperatione
1813 3313 1942 3353 con-

367 3380 605 3445 demnat,
637 3382 838 3436 dOCl'llS
860 3392 914 3437 et
940 3388 1177 3452 reparari
1210 3387 1437 3456 perdita,
1470 3397 1524 3441 et
1554 3389 1752 3443 auferri
1786 3405 1943 3461 posse

369 3472 583 3526 collata.
625 3473 756 3527 Nam
790 3489 911 3529 cum
944 3476 1052 3531 alio
1081 3477 1199 3531 loco
1232 3478 1515 3533 haereticus
1555 3482 1796 3549 Apostoli
1818 3496 1944 3536 scn-

368 3561 590 3616 tentiam
635 3564 1153 3632 praedestinationetn
1189 3568 1278 3623 Dei
1307 3570 1391 3622 vel
1425 3571 1832 3638 prailinitionetn
1865 3574 1945 3628 itt-

372 3662 693 3722 terprotetur
720 3670 871 3718 esse,
894 3672 1016 3710 cum
1035 3659 1227 3725 legitur
1259 3676 1271 3710 :
1298 3658 1575 3713 Miserebor
1602 3662 1684 3715 cui
1712 3664 1941 3730 voluero,

370 3754 421 3797 et
449 3745 850 3799 misericordiam
888 3748 1135 3817 prwstabo
1156 3753 1307 3820 cujus
1334 3751 1606 3805 miserebor
1636 3752 1809 3813 (Rom.
1844 3748 1943 3824 lx),

374 3836 784 3908 interrogandus
803 3850 904 3905 est,
923 3850 1097 3894 utrum
1119 3842 1259 3910 quod
1288 3843 1404 3896 vult
1424 3843 1584 3909 Deus,
1615 3846 1942 3911 ordinatum,

372 3941 440 3981 an
470 3927 825 3984 inordinatum
851 3972 865 3995 ,
911 3930 1114 3999 justum
1141 3971 1155 3995 ,
1184 3947 1252 3987 an
1298 3933 1551 4002 injustum
1583 3935 1686 3989 sit?
1709 3936 1838 3990 Cum
1869 3937 1944 4004 id,

372 4018 514 4085 quod
546 4034 766 4075 necesse
784 4031 887 4086 est,
909 4020 1111 4089 justum
1140 4036 1262 4077 esse
1275 4024 1632 4095 responderit,
1654 4024 1943 4081 tl.cendnm

372 4119 458 4162 est
485 4126 500 4163 :
547 4109 682 4163 Puto
711 4109 798 4164 hic
824 4110 986 4165 verba
1014 4126 1134 4165 esse
1158 4112 1409 4181 justitite,
1437 4114 1561 4183 quia
1592 4116 1839 4170 voluntas
1862 4117 1943 4170 di-

374 4214 496 4253 vina
521 4199 725 4268 justitia
755 4211 855 4255 est.
890 4201 1041 4255 Etita
1072 4203 1184 4257 hac
1212 4204 1443 4257 elocutio
1471 4204 1817 4274 intelligenda
1839 4214 1941 4269 est,

371 4290 645 4345 miserebor
681 4292 763 4344 cui
793 4290 1017 4356 voluero,
1051 4293 1102 4346 id
1140 4302 1242 4356 est,
1274 4309 1430 4361 quem
1454 4296 1660 4363 justum
1692 4310 1812 4350 esse
1855 4312 1947 4351 co—

372 4398 606 4450 guovero
632 4385 783 4452 cujus
805 4393 1101 4453 prcutptam
1135 4385 1290 4439 ﬁdem
1323 4387 1526 4452 videro,
1555 4404 1715 4456 quem
1745 4404 1949 4457 prince-

375 4475 480 4541 ptis
500 4474 631 4529 meis
654 4474 874 4530 obedire
892 4489 1233 4546 perspexero,
1251 4492 1408 4545 quem
1435 4493 1607 4533 meam
1630 4481 1803 4536 facere
1823 4498 1943 4551 pro-

374 4565 571 4620 bavero
599 4567 945 4623 voluntatem.
990 4567 1053 4619 Et
1085 4568 1480 4622 misericordiam
1506 4611 1522 4635 ,
1552 4571 1717 4641 inquit
1746 4613 1763 4640 ,
1813 4591 1945 4644 pra:-

373 4656 518 4711 stabo
542 4660 692 4727 cujus
733 4659 1005 4712 miserebor
1036 4675 1057 4712 :
1099 4660 1241 4728 quod
1289 4660 1358 4714 ita
1388 4660 1792 4733 intelligendum
1838 4678 1944 4735 est,

373 4747 473 4813 Qui
504 4749 753 4803 collatam
773 4764 802 4801 a
820 4749 931 4803 Deo
952 4749 1370 4805 misericordiam
1397 4752 1606 4808 subdita
1634 4764 1688 4810 et
1715 4757 1945 4815 sollicita

375 4847 554 4893 mente
595 4839 920 4905 servaverit,
962 4839 1277 4908 ampliorem
1308 4842 1729 4901 misericordiam
1756 4861 1947 4906 conse-

374 4941 590 5002 quetur,
620 4936 760 4989 sicut
785 4935 893 4990 alio
922 4935 1043 4991 loco
1067 4936 1195 4990 dicit
1220 4952 1233 4989 :
1267 4936 1369 5003 Qui
1387 4939 1522 4992 enim
1547 4938 1716 5008 habet,
1743 4941 1948 4996 dabitur

374 5031 477 5098 itti,
504 5042 550 5085 et
573 5033 1017 5102 superabundabit,
1050 5033 1101 5087 id
1134 5042 1235 5099 est,
1264 5035 1387 5104 quia
1415 5050 1691 5106 acceptum
1724 5038 1816 5094 Dei
1848 5038 1946 5094 do-

378 5138 506 5178 num
525 5138 646 5178 eum
679 5123 948 5193 vigilantia
976 5133 1031 5178 et
1059 5125 1237 5179 cordis
1265 5127 1456 5182 timore
1490 5129 1743 5196 custodit,
1776 5130 1947 5200 magis

375 5229 441 5268 ac
469 5215 635 5284 magis
659 5213 840 5284 gratiae
867 5214 1032 5282 ipsius
1057 5217 1231 5286 capiet
1259 5227 1624 5286 augmentum,
1657 5230 1716 5274 ut
1743 5221 1791 5276 ei
1826 5236 1947 5289 pro-

377 5307 545 5361 fectus
571 5306 684 5375 ipse
736 5307 905 5374 pariat
928 5306 1253 5362 incrementa
1282 5309 1642 5377 profectuum;
1674 5312 1813 5366 sicut
1841 5313 1949 5368 alio

376 5397 500 5450 loco
524 5396 689 5450 dicit:
720 5395 790 5450 Et
828 5408 1036 5451 sanctus
1073 5397 1239 5453 adhuc
1281 5401 1641 5465 sanctiﬁcetur.
1674 5402 1827 5468 Quod
1854 5418 1950 5457 au-

376 5498 489 5544 tem
530 5498 585 5545 et
610 5489 739 5545 illud
766 5490 835 5544 ad
867 5489 1272 5559 prteﬂttitionem
1315 5490 1407 5545 Dei
1438 5499 1626 5559 putant
1662 5506 1784 5548 esse
1811 5494 1950 5549 refe-

375 5579 625 5648 rendum,
649 5580 790 5650 quod
811 5580 1097 5649 Aposmlus
1123 5579 1252 5636 dicit
1278 5596 1295 5635 :
1324 5578 1463 5651 Erga
1493 5584 1644 5652 cujus
1664 5583 1771 5636 vult
1794 5584 1945 5639 mise-

376 5680 538 5736 retur,
584 5680 631 5725 et
668 5685 814 5741 quem
842 5672 945 5725 vult
977 5671 1187 5726 indurat
1220 5687 1239 5728 :
1268 5670 1410 5727 Dicis
1438 5674 1608 5741 itaque
1633 5676 1777 5739 mihi,
1822 5678 1944 5747 quid

375 5760 547 5815 adhuc
601 5760 870 5830 queritur?
916 5759 1162 5818 voluntati
1214 5763 1347 5819 enim
1396 5766 1509 5832 eius
1566 5767 1680 5832 quis
1724 5768 1946 5825 resistit?

2050 1922 2128 1966 tas
2150 1915 2446 1967 Studiorum
2464 1914 2815 1969 etdiversitas
2835 1918 3184 1974 voluntatum.
3217 1920 3288 1974 Ita
3320 1937 3415 1991 pro
3440 1937 3629 1979 earum

2048 2004 2417 2075 qualitatibus,
2450 2022 2555 2061 non
2587 2023 2681 2073 pro
2715 2010 2944 2079 impulsu
2969 2011 3060 2065 Dei
3083 2052 3099 2078 ,
3130 2015 3495 2085 unusquisque
3537 2025 3629 2072 aut

2047 2098 2385 2151 Contumelia:
2414 2111 2505 2151 vas
2526 2139 2542 2165 ,
2571 2107 2662 2152 aut
2690 2098 2909 2154 honoris
2931 2100 3183 2157 efficitur.

2640 2211 2862 2265 CAPUT
2903 2211 3040 2267 XIV.

2050 2297 2149 2354 Ubi
2174 2299 2268 2352 sibi
2297 2299 2463 2367 gratia
2493 2299 2588 2351 Dri
2622 2311 2666 2352 et
2694 2300 2926 2353 t'oluutus
2963 2301 3189 2356 humana
3226 2305 3627 2362 testimoniorum

2118 2371 2394 2423 assertione
2422 2373 2710 2433 saciantur,
2738 2382 2787 2423 et
2814 2374 2878 2423 de
2915 2375 3145 2440 parrulis
3174 2376 3341 2430 inanis
3367 2378 3627 2432 calumnia

2117 2446 2425 2494 transeundo
2454 2441 2837 2510 perstringitur.

2118 2553 2176 2609 Si
2207 2553 2343 2610 bene
2372 2554 2622 2610 intendas
2646 2556 2881 2611 animum
2902 2600 2918 2626 ,
2946 2568 3132 2628 aperte
3160 2561 3481 2631 copioseque
3526 2575 3621 2619 ιο·

2047 2646 2259 2713 gnuscis
2292 2647 2563 2716 quomodo
2604 2663 2702 2717 per
2731 2659 3035 2704 sanctarum
3067 2651 3289 2721 paginas
3324 2652 3625 2724 Scriptura-

2047 2753 2162 2791 rutn
2194 2753 2334 2794 nunc
2359 2750 2631 2794 asseratur
2655 2741 2839 2809 gratia:
2855 2741 3047 2807 virtus,
3076 2756 3217 2797 nunc
3260 2743 3507 2799 humanas
3530 2761 3625 2800 vo-

2048 2827 2268 2883 luntatis
2318 2844 2593 2885 ascensus.
2647 2830 3010 2900 Fragilitatem
3051 2832 3256 2887 arbitrii
3287 2833 3626 2890 demonstra-

2049 2934 2187 2987 tnus,
2205 2934 2326 2975 cum
2347 2919 2413 2975 ad
2438 2920 2602 2974 Dcttm
2618 2920 2873 2975 dicimus:
2902 2919 3063 2988 Pone,
3087 2920 3324 2991 Domine,
3337 2925 3622 2978 custodiant

2048 3011 2125 3064 ori
2143 3027 2275 3077 meo,
2293 3021 2339 3066 et
2359 3013 2543 3065 ostium
2560 3012 2952 3067 circumstantia:
2973 3012 3119 3067 labiis
3141 3013 3262 3067 meis
3278 3014 3296 3084 (
3307 3013 3445 3095 Psal.
3474 3017 3621 3083 cu).

2046 3101 2176 3156 Item
2202 3101 2355 3170 jubet
2390 3117 2571 3158 sermo
2598 3104 2810 3159 divinus
2836 3114 2895 3159 ut
2936 3104 3141 3175 aliquid
3174 3106 3325 3175 vigor
3351 3106 3520 3175 possit
3537 3122 3625 3163 ar-

1969 3172 2014 3233 (ἶ
2046 3193 2190 3248 bitrii
2210 3233 2226 3259 ,
2254 3196 2381 3249 dum
2412 3194 2479 3249 ad
2512 3193 2780 3249 hominem
2810 3195 2940 3251 dicit
2970 3214 2983 3249 :
3015 3172 3202 3251 Dahibe
3229 3172 3457 3265 linguam
3482 3209 3622 3252 tuam

2045 3303 2075 3338 a
2100 3288 2256 3354 malo,
2273 3296 2319 3341 et
2341 3286 2477 3340 labia
2509 3298 2599 3341 tua
2625 3304 2688 3341 ne
2713 3286 2991 3356 loquantur
3012 3288 3187 3343 dolum
3221 3287 3389 3360 (Psal.
3405 3290 3622 3361 sum).

2046 3379 2346 3433 Arbitrium
2375 3379 2715 3433 commendat
2742 3379 3032 3449 Sapientia:
3062 3395 3263 3447 sermo,
3294 3395 3414 3435 cum
3441 3380 3573 3437 dicit
3604 3399 3622 3439 :

2049 3471 2200 3525 Omni
2219 3469 2452 3525 custodia
2480 3488 2617 3524 serva
2642 3486 2730 3525 cor
2759 3479 2900 3524 tuum
2924 3471 3103 3542 (Prov.
3129 3470 3227 3535 tv).
3255 3473 3360 3528 Sed
3390 3473 3622 3542 Aposto-

2047 3559 2128 3613 lus
2167 3562 2283 3614 sine
2311 3559 2494 3614 divino
2519 3559 2787 3627 adjutorio
2820 3559 2922 3615 hoc
2952 3561 3065 3615 fieri
3114 3576 3220 3615 non
3258 3576 3415 3630 posse
3445 3562 3623 3617 mani-

2048 3654 2201 3707 festat
2246 3668 2368 3707 cum
2408 3652 2539 3707 dicit
2570 3670 2582 3704 :
2618 3654 2866 3705 Dominus
2895 3653 3150 3707 custodiat
3188 3655 3343 3707 corda
3385 3665 3546 3707 vostra
3569 3661 3622 3709 st

2046 3744 2401 3814 intelligentias
2428 3755 2618 3798 vestras
2664 3744 2719 3796 in
2756 3743 2958 3797 Christo
2985 3741 3111 3797 Iesu
3144 3742 3363 3815 (Philip.
3394 3742 3491 3812 tv).
3520 3744 3624 3798 As-

2047 3837 2179 3889 serit
2215 3835 2266 3889 in
2307 3834 2564 3904 propheta
2605 3835 2895 3889 voluntatis
2937 3834 3168 3905 propria:
3208 3834 3511 3889 facultatem
3552 3833 3622 3889 de

2048 3928 2337 3995 semetipso
2382 3928 2567 3982 dicens
2598 3943 2614 3980 :
2650 3925 2906 3980 Inclinavi
2954 3942 3041 3980 cor
3072 3941 3238 3980 meum
3274 3927 3341 3978 ad
3364 3925 3623 3996 faciendas

2037 4019 2433 4090 justiﬁcationes
2483 4030 2597 4071 tuas
2628 4017 2798 4089 (Psal.
2826 4018 3034 4089 cxvnt).
3082 4016 3189 4073 Sed
3212 4016 3345 4072 nihil
3385 4017 3453 4071 de
3493 4016 3624 4071 solis

2046 4108 2163 4177 ejus
2193 4108 2394 4163 viribus
2423 4108 2671 4177 intelligit
2703 4105 3136 4177 przesumendum
3176 4120 3298 4159 cum
3330 4107 3625 4174 proclamat

2047 4203 2111 4258 ad
2136 4203 2333 4258 Deum:
2366 4202 2590 4269 lnclina,
2618 4202 2913 4271 inqttit,cor
2933 4215 3099 4255 meum
3117 4200 3171 4253 in
3199 4200 3483 4253 testimonia
3513 4210 3619 4264 tua,

2047 4305 2219 4349 etnon
2250 4297 2302 4348 in
2346 4296 2632 4347 araritiam.
2663 4293 2890 4363 Propter
2931 4291 3157 4347 liberum
3178 4292 3461 4346 arbitrium
3488 4290 3623 4345 indi-

2048 4387 2188 4442 citur
2210 4387 2383 4454 nobis,
2404 4397 2562 4441 rectos
2589 4402 2774 4439 cursus
2800 4387 2884 4457 {ac
2904 4384 3114 4455 pedibus
3135 4384 3264 4447 tuis,
3296 4393 3343 4438 et
3370 4383 3477 4436 rius
3507 4392 3623 4437 tuas

2050 4481 2232 4550 dirige.
2259 4476 2366 4532 Sed
2398 4492 2494 4531 nos
2520 4476 2585 4530 ad
2610 4477 2831 4545 gratiam
2854 4474 3244 4544 confugientes,
3273 4489 3370 4543 pro
3398 4474 3624 4529 inﬁrmi-

2049 4573 2172 4626 tatis
2203 4568 2527 4625 conscientia
2558 4568 2940 4637 supplicamus.
2966 4566 3142 4637 Dirige
3163 4570 3214 4619 in
3239 4575 3509 4635 conspectu
3536 4576 3624 4620 tuo

2048 4666 2182 4718 uiam
2227 4678 2411 4729 meam,
2443 4668 2491 4713 et
2536 4660 2724 4730 perﬁce
2771 4675 2975 4729 gressus
3028 4674 3165 4712 meos
3205 4659 3258 4712 in
3297 4659 3489 4712 semitis
3525 4660 3625 4712 tuis

2056 4756 2229 4829 (Psal.
2263 4755 2336 4822 v).
2372 4754 2605 4822 Imperat
2634 4751 2821 4817 nobis,
2852 4751 2942 4821 qui
2967 4750 3196 4821 propria:
3224 4750 3509 4805 voluntatis
3533 4766 3626 4820 ge-

2052 4847 2218 4903 nerali
2271 4846 2674 4916 dispensatione
2711 4845 2803 4915 jus
2858 4844 3077 4910 tribuit,
3126 4843 3427 4899 illuminare
3474 4842 3626 4898 vobis

2052 4943 2233 4996 lumen
2253 4941 2328 4996 sci
2365 4939 2509 4995 ntite.
2532 4936 2636 4995 Pro
2657 4953 2722 4995 eo
2744 4954 2870 4995 vero
2891 4936 3033 5008 quod
3063 4945 3230 4991 totum
3260 4935 3326 4990 ad
3350 4943 3623 4989 auctorem

2050 5037 2235 5105 gratize
2262 5032 2604 5089 referendum
2633 5040 2736 5095 est,
2767 5031 3031 5101 legimus:
3067 5028 3170 5094 Qui
3200 5028 3347 5082 docet
3371 5028 3626 5081 hominem

2049 5130 2313 5183 scientiam
2333 5126 2449 5197 (Ps.
2472 5127 2643 5191 xcnt),
2666 5125 2749 5180 vel
2770 5124 3018 5177 Dominus
3047 5121 3302 5175 illuminat
3328 5136 3485 5175 cecos
3504 5119 3624 5190 (Ps.

2052 5218 2232 5290 δην).
2250 5229 2304 5274 et
2326 5220 2545 5273 iterum:
2569 5216 2590 5268 Ι
2601 5215 2815 5269 llumina
2836 5216 3008 5267 oculos
3029 5230 3165 5268 meos
3181 5229 3246 5267 ne
3264 5227 3487 5282 unquam
3508 5210 3627 5263 dor-

2054 5313 2209 5364 miant
2241 5311 2293 5363 in
2316 5319 2476 5363 morte
2496 5306 2616 5378 (l’s.
2642 5305 2773 5370 xu);
2801 5314 2875 5371 et,
2895 5306 3067 5359 beatus
3089 5305 3239 5359 homo
3259 5318 3405 5373 quem
3427 5312 3480 5355 tu
3509 5315 3625 5352 eru-

2051 5402 2227 5465 dieris,
2254 5400 2491 5465 Domine,
2516 5407 2564 5453 et
2587 5400 2649 5451 de
2670 5397 2779 5471 lege
2805 5406 2893 5451 tua
2916 5397 3153 5451 docueris
3175 5411 3310 5450 eum.
3336 5391 3626 5463 Apostolus

2052 5494 2258 5550 arbitrii
2288 5492 2602 5562 pratdictor,
2631 5490 2934 5545 libertatem
2958 5490 3074 5557 ejus
3098 5489 3165 5541 ita
3193 5485 3377 5539 incitat
3398 5482 3623 5538 dicens:

2054 5584 2316 5640 Custodite
2332 5583 2529 5637 animas
2549 5592 2761 5637 vestras.
2776 5579 2881 5636 Sed
2899 5572 3319 5632 misericordiam
3336 5572 3427 5627 Dei
3451 5580 3628 5642 prote-

2048 5684 2238 5740 statur,
2254 5674 2326 5728 ita
2352 5685 2813 5726 commemorans:
2833 5667 3078 5721 Dominus
3101 5661 3354 5718 custodiat
3368 5662 3627 5716 introitum

2048 5779 2190 5826 tuum
2209 5776 2255 5825 et
2277 5765 2468 5821 exitum
2485 5773 2628 5819 tuum
2643 5760 2814 5818 (Psal.
2832 5763 2942 5819 sc).
2976 5756 3076 5814 Per
3096 5756 3212 5813 haec
3235 5755 3414 5826 itaque
3440 5752 3627 5825 quibus
