4002 6188
461 300 561 357 8f?

1697 293 1755 350 S.
1797 291 2040 348 FAUSTI
2084 288 2486 346 RIIEGIENSIS

3623 295 3719 353 808

464 414 622 469 modo
648 411 854 467 arbitrii
881 411 1101 465 libertas
1127 406 1387 463 asset-itur
1409 446 1424 470 ,
1462 405 1621 461 modo
1651 404 1889 459 cmlestis
1932 403 2037 456 lar-
2067 406 2114 463 Α
2148 396 2254 457 ιυτζ
2320 401 2470 454 Hunc
2513 412 2640 454 vero
2668 398 3032 468 persuasionis
3061 407 3165 452 tua:
3192 399 3476 468 reprobate
3514 416 3723 459 sensum

466 506 603 577 gitas
633 504 1066 570 demonstratur,
1095 515 1241 554 nunc
1270 498 1432 552 homo
1457 497 1526 550 dc
1550 496 1823 551 concessis
1847 493 2051 548 viribus

466 596 805 660 admonetur,
828 610 898 648 ne
917 593 984 647 de
1010 592 1124 646 sola
1146 592 1315 660 gratia
1346 587 1780 657 speretotiosus;
1812 601 1953 639 nunc
1983 584 2052 639 de

466 687 633 757 gratia
676 699 897 755 sperare
948 684 1280 754 praacipitur,
1312 695 1379 735 ne
1404 680 1472 734 de
1502 678 1619 732 solo
1660 679 1842 732 labore
1870 677 1941 732 sit
1968 691 2053 731 se-

469 791 649 831 curus.
682 775 789 830 Sed
835 774 973 828 dicis
1008 790 1019 824 :
1053 773 1108 827 Si
1142 769 1538 840 prmdestinatio
1568 784 1673 822 non
1724 776 1835 833 est,
1865 782 1961 821 cur
1997 768 2049 820 in

473 865 710 940 parvulis
754 864 845 940 alii
872 862 1208 932 baptizantur
1228 901 1244 925 ,
1278 859 1367 913 alii
1395 860 1512 914 sine
1541 857 1787 928 baptismi
1817 856 2053 911 sanctiﬁ-

472 936 685 1012 catione
714 936 1028 1025 rapiuntur?
1055 952 1390 1021 Serpentinte
1419 950 1623 1005 fraudis
1664 959 1767 1015 est,
1806 948 1873 1003 ad
1906 958 2055 1004 tene-

473 1050 660 1104 brosas
686 1061 945 1101 cavernas
988 1043 1175 1099 relicta
1217 1042 1337 1096 luce
1384 1040 1746 1110 transfugere,
1789 1054 1908 1094 cum
1959 1054 2055 1109 per

472 1141 647 1196 omnia
693 1139 967 1191 volumina
998 1152 1168 1189 sacra:
1198 1135 1389 1188 litterae
1417 1134 1694 1187 evidenter
1720 1131 2051 1186 liberumlo-

471 1240 702 1299 quantur
744 1229 1048 1283 arbitrium.
1081 1226 1217 1293 Quid
1250 1226 1474 1280 rationis
1504 1235 1587 1279 est
1616 1234 1673 1279 ut
1718 1224 2055 1293 interrogare

472 1325 604 1379 velis
635 1323 865 1387 occulta,
889 1338 1009 1375 eum
1038 1319 1385 1375 sollicitudini
1412 1327 1514 1372 tute
1539 1316 1851 1387 plenissime
1873 1317 2056 1371 videas

473 1416 810 1487 respondere
836 1411 1154 1467 manifesta?
1182 1411 1323 1477 Quid
1351 1410 1596 1464 utilitatis
1613 1416 1697 1463 est
1722 1418 1866 1463 certa
1898 1407 2059 1461 omit-

476 1522 589 1564 tere
619 1549 635 1574 ,
674 1518 728 1563 et
755 1507 961 1563 incerta
1007 1505 1289 1560 consulere
1314 1543 1330 1570 ,
1358 1504 1425 1557 de
1455 1501 1648 1572 quibus
1680 1501 1811 1554 nihil
1850 1500 2057 1553 invenis

475 1599 737 1654 catholica
786 1596 1019 1651 lectione
1047 1594 1445 1662 conscriptum?
1470 1591 1588 1647 Non
1632 1591 1881 1661 intelligis
1914 1590 2057 1661 quod

476 1696 528 1747 in
570 1692 813 1759 veritatis
846 1689 1095 1758 injuriam
1130 1686 1520 1756 perscrutaris,
1561 1684 1820 1755 quidquid
1862 1684 2060 1736 veritas

2152 493 2419 548 catholica
2450 493 2749 546 detestatur
2793 491 3056 544 Ecclesia.
3088 489 3247 554 ldeo,
3278 491 3452 562 inquis
3475 533 3490 557 ,
3516 496 3725 563 genitali

2151 584 2445 654 quamlibet
2480 583 2624 637 unda
2666 582 2867 652 perfusi
2916 598 3109 636 munus
3158 582 3406 650 baptismi
3446 600 3551 639 non
3594 590 3725 642 acci-

2152 677 2324 744 piunt,
2372 675 2497 743 quia
2541 674 2605 727 ad
2638 673 2959 742 baptismum
3007 672 3296 729 inﬁdeliter
3337 677 3579 729 veniunt.
3622 679 3731 733 Non

2155 768 2225 822 ita
2253 776 2355 822 est.
2396 765 2630 821 Λόγοι-ιθ
2672 766 2795 835 quia
2840 767 2945 819 hoc
2985 765 3160 833 ipsum
3203 768 3268 820 ad
3300 766 3622 834 baptismum
3652 786 3731 826 ve-

2153 858 2271 912 nire
2293 898 2309 924 ,
2337 864 2392 912 et
2415 858 2639 911 salutem
2671 856 2983 910 desiderare
3005 898 3020 920 ,
3044 855 3151 923 jam
3181 856 3319 911 ﬁdei
3352 868 3453 912 est.
3508 860 3589 925 Qu
3612 877 3735 914 enn-

2154 966 2285 1021 que,
2321 949 2494 1018 inquis
2519 990 2535 1013 ,
2570 958 2688 1016 post
2728 948 3050 1016 baptismum
3084 960 3344 1016 pereunt,
3375 950 3426 1003 in
3449 950 3621 1004 Adam
3654 968 3733 1018 pc-

2154 1052 2333 1108 reunt,
2382 1044 2503 1112 quia
2549 1041 2603 1095 iu
2643 1041 2908 1109 baptismo
2959 1056 3064 1094 non
3115 1042 3478 1095 crediderunt.
3518 1043 3630 1097 licc
3658 1045 3735 1098 ius

2155 1135 2364 1189 diceres
2412 1135 2534 1189 ideo
2576 1148 2669 1189 eos
2713 1134 2938 1202 periisse
2977 1142 3097 1202 post
3126 1134 3479 1203 baptismum,
3522 1138 3643 1205 quia
3674 1138 3735 1192 ad

2156 1230 2341 1297 gratire
2379 1228 2578 1281 donum
2620 1228 2847 1296 jungere
2892 1227 3179 1281 noluerunt
3227 1227 3427 1282 laboris
3476 1230 3734 1295 ofﬁcium,

2158 1324 2279 1389 quia
2313 1336 2406 1376 cos
2432 1320 2835 1375 consuetudinis
2864 1319 3209 1388 negligentia,
3232 1320 3513 1389 cordisque
3540 1322 3736 1376 desidia

2159 1428 2188 1465 a
2220 1411 2491 1481 vigilantia
2524 1412 2733 1479 operis,
2768 1418 2821 1464 et
2848 1424 2875 1461 a
2898 1409 3142 1463 sollicita:
3166 1410 3443 1463 servitutis
3472 1412 3739 1465 revocavit

2161 1504 2439 1559 industrie.
2469 1504 2620 1570 Quod
2652 1504 2696 1557 si
2727 1504 2880 1572 culpa
2906 1502 3299 1558 incredulitatis
3325 1519 3485 1559 causa
3510 1514 3593 1559 est
3621 1520 3739 1574 per-

2161 1595 2407 1659 ditionis,
2455 1595 2583 1663 quid
2626 1596 2694 1649 de
2721 1594 2958 1662 parvulis
2987 1594 3287 1649 sentiemus
3308 1636 3323 1660 ,
3354 1596 3551 1664 quibus
3580 1596 3629 1649 in
3655 1612 3741 1665 pa-

2162 1696 2375 1743 rentum
2398 1686 2703 1752 devotione,
2719 1696 2773 1741 et
2794 1686 2850 1741 in
2873 1687 3121 1741 lactentis
3142 1686 3383 1742 infantia:
3405 1689 3741 1757 simplicitate

478 1787 617 1839 scire
648 1794 698 1838 te
746 1782 959 1837 noluit?
1009 1778 1280 1833 Materiam
1333 1778 1401 1831 de
1442 1776 1590 1831 liberi
1619 1774 1821 1829 arbitrii
1853 1775 2059 1828 ratione
2091 1767 2139 1826 B
2165 1778 2387 1847 integra:
2435 1778 2556 1833 ﬁdei
2601 1778 2879 1847 pervigilia
2908 1778 3252 1847 deputantur,
3298 1780 3385 1848 qui
3408 1779 3611 1847 absque
3639 1781 3742 1833 ullo

479 1874 763 1946 proponis,
798 1883 852 1928 et
886 1872 952 1926 ad
974 1871 1369 1928 discutiendum
1392 1866 1629 1921 infantia:
1651 1876 1848 1921 statum
1878 1865 2059 1933 perni-

479 1982 624 2020 cioso
654 1981 840 2019 errore
868 1962 1155 2027 dilaberis,
1186 1961 1239 2021 in
1279 1975 1383 2029 quo
1411 1960 1610 2011 nullum
1658 1958 1868 2026 penitus
1901 1954 2061 2007 vesti-

485 2062 629 2127 gium
657 2057 806 2111 liberi
838 2055 1066 2118 arbitrii,
1097 2053 1303 2107 nullum
1328 2065 1586 2121 apparere
1615 2056 1791 2119 potest
1830 2047 2062 2117 preprizc

484 2151 776 2204 voluntatis
813 2147 1087 2203 indicium.

1074 2238 1300 2293 CAPUT
1341 2236 1457 2289 XV.

481 2330 671 2385 Contra
730 2328 825 2381 hoc
863 2328 998 2397 quod
1059 2328 1274 2390 dicunt,
1314 2344 1397 2379 eos
1451 2326 1537 2393 qui
1592 2334 1703 2395 past
1732 2324 2064 2397 baptismum

623 2410 852 2470 pereunt,
877 2396 927 2451 in
950 2399 1254 2467 baptismum
1274 2399 1470 2466 penitus
1497 2412 1602 2448 non
1621 2396 1917 2449 credidisse.

559 2514 668 2568 ιι..‹;
711 2514 828 2567 loco
860 2510 1290 2580 respondendum
1330 2519 1443 2576 est,
1475 2511 1525 2563 in
1557 2525 1663 2579 quo
1705 2519 1923 2564 auctore
1965 2509 2063 2564 hoc

484 2605 633 2676 legis,
658 2605 723 2659 de
737 2619 840 2674 quo
861 2603 1077 2658 doctore
1091 2603 1192 2657 hoc
1203 2618 1447 2657 asserere
1465 2618 1511 2670 pi
1527 2602 1742 2656 :esumis
1756 2603 1776 2655 ?
1792 2602 1859 2656 Et
1873 2617 1993 2656 cum
2012 2603 2064 2656 iu

492 2701 553 2751 ha
566 2699 758 2766 ptismo
790 2696 989 2750 al'olcri
1017 2704 1289 2761 peccatum
1322 2694 1578 2764 originale
1601 2708 1705 2747 non
1731 2695 1983 2762 dem‘ges,
2012 2703 2067 2748 et

487 2789 696 2853 ﬁrmum
750 2801 872 2840 esse
918 2786 1185 2853 baptisma
1234 2784 1642 2853 comprobetur,
1698 2784 1784 2837 ubi
1841 2784 2065 2838 indivisa

485 2878 719 2941 Trinitas
762 2884 1064 2939 invocatur,
1096 2874 1161 2927 da
1207 2889 1397 2928 causas
1427 2873 1618 2941 quibus
1647 2874 1943 2941 baptizatus
1973 2874 2068 2926 ad-

481 2970 757 3033 hueintra
808 2968 1043 3021 debitum
1087 2967 1348 3035 originale
1393 2967 1689 3021 consistat?
1720 2967 1785 3020 Et
1816 2966 1949 3034 ipsi,
1983 2967 2065 3020 in-

488 3064 631 3133 quis,
656 3064 709 3116 iu
735 3061 905 3116 Adam
938 3070 1193 3130 pereunt,
1222 3063 1344 3130 quia
1386 3062 1439 3116 in
1469 3062 1787 3130 baptismum
1812 3079 1916 3115 non
1946 3077 2068 3117 cre-

496 3154 770 3209 diderunt.
802 3153 989 3215 Nonne
1009 3151 1229 3220 tupaulo
1250 3161 1373 3206 ante
1397 3151 1711 3213 dicebas,ad
1741 3154 2069 3221 capcscenda

489 3247 585 3307 Dei
615 3245 752 3309 dona
785 3242 1018 3298 studium
1045 3244 1275 3298 hominis
1297 3259 1403 3297 non
1433 3244 1664 3313 requiri?
1707 3245 1846 3299 Ecce
1874 3255 1926 3297 tu
1958 3245 2071 3313 ipse

490 3339 928 3409 manifestissime
968 3337 1238 3409 proﬁteris
1277 3338 1395 3394 sine
1432 3339 1746 3406 accipientis
1783 3338 2071 3393 devotione

489 3429 695 3484 irritam
744 3444 867 3497 esse
896 3427 1318 3484 munﬁcentiam
1357 3430 1651 3499 largientis.
1672 3429 1785 3494 Tu,
1814 3429 2030 3497 inquam
2054 3468 2069 3493 ,

489 3522 605 3590 ipse
632 3524 919 3587 conﬁrmas
948 3521 1067 3577 sine
1097 3523 1288 3575 merito
1320 3521 1465 3584 ﬁdei,
1496 3521 1546 3575 id
1579 3529 1701 3587 est,
1727 3520 1848 3575 sine
1878 3535 2071 3588 coepe-

499 3614 708 3684 rationc
734 3613 1018 3666 voluntatis
1067 3612 1313 3667 humana:
1333 3654 1348 3675 ,
1374 3612 1599 3682 gratiam
1634 3612 1763 3664 nihil
1792 3613 2067 3679 prodesse,

488 3712 543 3757 et
571 3702 837 3771 quomodo
864 3702 1028 3766 dicis,
1062 3710 1229 3756 totum
1265 3703 1403 3756 Deus
1436 3700 1535 3755 sibi
1566 3700 1632 3755 de
1661 3711 1799 3755 statu
1842 3700 2069 3754 hominis

498 3795 833 3858 reservavit,
863 3804 914 3847 et
938 3793 1068 3847 nihil
1099 3794 1300 3848 homini
1324 3792 1502 3848 dedit?
1526 3795 1664 3849 Ecce
1693 3794 1850 3848 etiam
1876 3808 2068 3847 secun-

489 3884 617 3938 dum
646 3885 974 3938 sententiam
1013 3893 1154 3938 tuam
1189 3899 1288 3939 nec
1316 3884 1486 3952 ipSum
1519 3885 1619 3940 sibi
1650 3883 2068 3953 regenerationis

488 3983 667 4045 potest
686 3984 933 4037 constare
962 3975 1275 4044 mysterium
1297 4016 1313 4039 ,
1344 3974 1445 4029 nisi
1478 3973 1639 4029 homo
1661 3976 1809 4044 juxta
1849 3974 2066 4029 benedi-

488 4068 681 4125 ctionis
722 4067 919 4122 donum
957 4066 1259 4122 adhibuerit
1299 4068 1629 4122 credulitatis
1668 4068 1937 4122 allectum.
1970 4068 2066 4123 Cui

491 4174 657 4231 negas
680 4169 951 4226 conatum,
976 4160 1099 4228 quid
1122 4158 1190 4212 ab
1220 4160 1311 4212 illo
1339 4159 1566 4228 requiris
1594 4160 1906 4211 assensum?
1929 4159 2061 4213 Cum

474 4265 665 4308 autem
704 4253 960 4321 propheta
990 4251 1175 4304 dicat:
1210 4249 1437 4303 Exibunt
1478 4264 1622 4318 aqua:
1666 4250 1788 4303 viva:
1826 4251 1890 4304 de
1914 4248 2068 4305 Jeru-

487 4344 653 4414 salem
685 4340 867 4413 (Zach.
897 4342 1031 4409 xw),
1058 4337 1319 4406 inquibus
1348 4338 1525 4392 vitalis
1547 4339 1703 4393 undae
1733 4351 2066 4395 sacramenta

489 4436 770 4505 designat,
818 4432 1088 4505 quomodo
1116 4430 1230 4487 ﬁeri
1262 4440 1440 4500 potest
1484 4442 1542 4485 ut
1575 4431 1854 4485 innovatus
1903 4432 2064 4486 homo

489 4526 719 4579 deletam
742 4526 962 4583 veteris
990 4522 1220 4578 hominis
1250 4521 1552 4577 cautionem
1590 4536 1771 4577 secum
1802 4523 2065 4578 retineat?

486 4620 755 4686 quomodo
786 4619 901 4681 ﬁeri
949 4627 1127 4689 potest
1155 4627 1211 4673 ut
1238 4633 1359 4674 cum
1391 4616 1570 4671 debito
1607 4616 1743 4672 Ada!
1767 4616 1819 4670 in
1850 4616 2064 4673 Christo

486 4710 769 4773 absolutus
793 4710 1075 4778 resurgat?
1096 4710 1379 4776 Quomodo
1402 4707 1518 4765 ﬁeri
1548 4716 1726 4777 palest
1751 4718 1809 4762 ut
1830 4708 1898 4764 de
1924 4710 2063 4765 sacri

489 4801 649 4856 loatis
681 4799 879 4868 irriguo
906 4813 1028 4869 cum
1073 4799 1325 4869 adoptivo
1356 4799 1447 4853 Dei
1486 4798 1661 4852 adhuc
1696 4806 1923 4853 mortem
1954 4799 2061 4854 vita

490 4892 770 4962 parturiat,
804 4906 924 4946 cum
952 4890 1094 4945 dicat
1116 4890 1401 4959 Apostolus
1432 4891 1767 4961 :Quicunque
1784 4892 1838 4945 in
1860 4890 2063 4947 Christo

487 4988 733 5057 baptizati
773 4986 893 5041 estis
917 5026 932 5049 ,
981 4984 1240 5041 Christum
1280 4985 1519 5039 induistis
1564 4984 1706 5055 (Gal.
1746 4985 1865 5055 tu)?
1904 4999 2064 5056 quem

489 5078 670 5146 utique
691 5076 871 5146 nullus
898 5073 1124 5129 induere
1155 5081 1366 5144 potest,
1396 5075 1496 5128 nisi
1535 5073 1844 5129 indumenta
1877 5076 2063 5144 primat

488 5167 779 5223 nativitatis
824 5167 1053 5222 exuerit.
1081 5167 1177 5221 Cui
1202 5177 1382 5222 autem
1417 5166 1483 5220 ad
1512 5166 1833 5236 baptismum
1875 5175 2064 5235 sponte

488 5260 744 5325 venienti,
775 5258 1097 5324 baptismum
1130 5274 1233 5313 non
1271 5257 1541 5327 profuisse
1572 5258 1771 5325 poteris
1815 5256 2060 5326 edocere,

486 5367 609 5408 cum
630 5351 793 5419 etiam
820 5350 1095 5416 haeretica,
1125 5350 1178 5404 in
1206 5351 1483 5405 Trinitatis
1505 5350 1721 5405 nomine
1745 5358 2059 5419 regenerato

489 5455 690 5500 tantum
740 5461 836 5514 per
876 5459 935 5500 se
984 5445 1151 5498 virtus
1193 5445 1304 5514 ipsa
1336 5444 1576 5514 mysterii
1606 5446 1877 5508 conterat,
1907 5451 1965 5497 ut
2014 5442 2060 5496 si

491 5537 830 5604 postmodum
883 5536 946 5590 ad
977 5535 1176 5591 Christi
1224 5535 1380 5589 ﬁdem
1422 5544 1653 5590 transeat
1681 5580 1694 5601 ,
1730 5534 2063 5604 baptismatis

490 5625 772 5681 iteratione
802 5644 905 5682 non
939 5627 1131 5698 egeat?
1154 5625 1259 5683 Sed
1286 5627 1352 5678 ita
1376 5635 1632 5695 operante
1655 5625 1826 5695 gratia
1850 5623 2059 5678 ablutus

491 5714 860 5784 judicetur,ut
896 5729 1095 5774 tantum
1130 5718 1498 5775 benedictione
1528 5718 1832 5773 chrismatis
1872 5715 2064 5771 indua-

2167 1868 2494 1925 inﬁdelitatis
2526 1868 2765 1935 periculo
2806 1868 3142 1922 immaculata
3171 1870 3603 1939 regenerationis
3630 1885 3739 1923 mu-

2167 1976 2293 2015 nera
2338 1968 2741 2026 consequuntur
2764 2000 2780 2025 ,
2810 1969 2864 2014 et
2895 1960 3044 2013 multi
3075 1975 3262 2016 eorum
3292 1976 3549 2030 processu
3581 1965 3744 2017 :etatis

2166 2052 2221 2105 in
2250 2052 2438 2105 mortis
2466 2051 2754 2120 praecipitia
2778 2051 3195 2122 demerguntur?
3218 2053 3350 2120 Qum
3375 2054 3425 2107 id
3456 2056 3596 2108 ratio
3623 2057 3744 2125 agit,

2166 2145 2268 2198 nisi
2297 2144 2419 2213 quia
2449 2145 2737 2213 expugnari
2766 2160 2826 2199 se
2850 2146 3119 2213 patiuntur
3150 2148 3354 2213 ignavia
3392 2151 3745 2203 resolvente?

2170 2236 2234 2289 Et
2278 2251 2491 2289 «au-am
2522 2251 2618 2289 cur
2666 2236 2815 2290 fracti
2862 2237 3171 2291 viderentur
3213 2240 3486 2307 exposuit.
3521 2239 3740 2310 Pmpter

2171 2327 2604 2393 incredulitatem,
2633 2329 2822 2397 inquit,
2854 2329 3003 2393 fracti
3021 2337 3165 2395 sunt,
3189 2344 3292 2384 non
3322 2331 3510 2400 utique
3540 2343 3746 2401 propter

2171 2418 2579 2486 prmscientiam.
2635 2419 2754 2473 Non
2796 2420 3081 2489 specialem
3128 2435 3249 2475 esse
3283 2424 3424 2476 circa
3470 2426 3744 2479 credentes

2170 2509 2267 2565 Dei
2297 2512 2712 2565 muniﬁcentiam
2742 2510 2899 2564 docet
2924 2551 2941 2575 ,
2970 2510 3184 2580 q'uando
3211 2521 3263 2566 et
3294 2526 3388 2565 eos
3416 2530 3556 2581 quos
3580 2516 3746 2570 incre-

2168 2603 2410 2658 dulitatis
2447 2604 2653 2673 arguit,
2687 2604 2909 2659 credere
2950 2605 3189 2673 potuisse
3233 2605 3595 2665 demonstrat.
3639 2609 3748 2674 Quo

2165 2709 2367 2762 genere
2398 2695 2557 2749 etiam
2590 2694 2834 2749 inﬁdeles
2876 2696 3083 2762 copiam
3132 2695 3254 2749 ﬁdei
3284 2700 3563 2763 accepisse
3591 2700 3749 2751 mani-

2170 2788 2329 2843 festat
2350 2828 2366 2853 ,
2395 2799 2451 2844 et
2488 2788 2611 2842 dum
2641 2788 2708 2842 de
2740 2789 3071 2844 naturalibus
3120 2789 3315 2844 fractos
3352 2791 3526 2855 dicit,
3559 2808 3747 2860 prusu-

2169 2890 2377 2935 mentes
2426 2880 2702 2935 salutifera
2751 2880 3104 2949 castigatione
3148 2884 3468 2948 compressit
3502 2900 3515 2935 :
3554 2884 3645 2948 Si,
3676 2885 3750 2938 in-

2168 2974 2316 3039 quit,
2342 2971 2661 3024 nutnralibus
2687 2973 2843 3025 ramis
2877 2989 2977 3024 non
3009 2974 3253 3043 pepercit,
3282 2990 3345 3026 ne
3384 2979 3520 3041 forte
3550 2991 3639 3028 nec
3666 2976 3751 3027 tibi

2172 3073 2372 3131 parcat.
2406 3065 2470 3117 Et
2496 3064 2753 3119 subdidit.
2784 3064 2849 3117 Et
2878 3066 2976 3127 ilJi,
3007 3067 3176 3135 inquit
3195 3107 3209 3130 ,
3259 3067 3303 3119 si
3332 3083 3430 3118 non
3456 3082 3750 3134 permanse-

2173 3154 2274 3207 rint
2304 3155 2357 3209 in
2399 3155 2786 3217 incredulitate,
2822 3158 3146 3213 inscrentur:
3176 3166 3352 3225 potens
3383 3168 3455 3209 est
3492 3158 3632 3211 Dens
3663 3160 3751 3210 ite.

2114 3308 2117 3311 _
2171 3263 2285 3299 rum
2306 3247 2527 3301 inserere
2552 3248 2691 3302 illos.
2742 3248 3226 3319 Magn'snimitalem
3259 3251 3436 3318 itaque
3469 3249 3558 3304 hic
3587 3262 3641 3306 et
3662 3250 3751 3304 hu-

2173 3338 2449 3392 militatem
2498 3339 2677 3394 cordis
2716 3340 3024 3410 alloquitur.
3074 3343 3470 3407 Humilitatem,
3505 3354 3563 3397 nt
3594 3346 3747 3413 etqni

2173 3430 2407 3485 incertus
2435 3438 2517 3485 est
2539 3430 2708 3499 frangi
2733 3433 2946 3497 timeat;
2982 3435 3494 3502 magnanfmitatem,
3522 3446 3578 3490 ut
3610 3452 3749 3504 spem

2172 3525 2637 3588 remunerationis,
2671 3534 2725 3579 et
2754 3526 2839 3594 qui
2870 3526 3068 3580 fractus
3095 3536 3199 3591 est,
3234 3543 3339 3580 non
3363 3528 3624 3597 deponat.
3660 3531 3742 3585 Sic

2171 3629 2324 3668 ovem
2347 3615 2610 3683 perditam
2632 3627 2809 3685 pastor
2831 3618 3050 3671 sedulus
3074 3619 3365 3689 inquisivit,
3402 3630 3457 3675 et
3488 3622 3749 3677 inventam

2171 3706 2427 3774 sohjectis
2457 3706 2520 3759 ad
2555 3707 2695 3761 ovile
2740 3707 2977 3761 humeris
3010 3712 3317 3777 reportavit.
3353 3711 3642 3778 Quomodo
3664 3730 3743 3765 sr-

2170 3808 2418 3865 quenlem
2452 3798 2803 3868 relinqueret.
2850 3800 2940 3868 qni
2981 3802 3222 3870 sequitur
3250 3805 3413 3859 etiam
3444 3804 3748 3875 relinquen-

2170 3896 2276 3941 tem
2312 3888 2332 3941 ?

2763 3961 2987 4018 CAPUT
3028 3962 3164 4020 XVI.

2167 4071 2359 4128 Contra
2409 4074 2506 4129 hoc
2549 4077 2684 4145 quod
2733 4076 2927 4143 dicunt,
2970 4078 3225 4132 Christum
3254 4095 3353 4133 non
3390 4096 3487 4150 pro
3528 4080 3749 4133 omnibus

2842 4156 3116 4203 mortuum.

2243 4254 2524 4309 Dominum
2546 4267 2787 4311 nostrum
2809 4257 2989 4313 Jesum
3006 4258 3278 4314 Christum
3292 4260 3444 4314 aiunt
3467 4261 3745 4315 humanam

2170 4360 2387 4400 carnem
2419 4362 2524 4399 non
2558 4362 2654 4415 pro
2684 4348 2922 4403 omnium
2952 4350 3127 4405 salute
3152 4350 3447 4419 sumpsisse
3469 4393 3485 4416 ,
3530 4367 3629 4407 nec
3655 4366 3744 4420 pro

2172 4436 2420 4492 omnibus
2445 4449 2711 4493 mortuum
2734 4454 2873 4494 esse.
2899 4440 3011 4495 lloc
3026 4441 3350 4496 omnimodis
3377 4443 3641 4498 catholica
3665 4443 3745 4495 de-

2174 4535 2398 4581 testatur
2421 4528 2679 4583 Ecclesia.
2711 4528 2841 4584 Nam
2872 4530 2917 4585 si
2948 4532 3019 4584 ita
3046 4540 3214 4597 esset,
3233 4532 3503 4601 quomodo
3526 4535 3743 4603 Aposto-

2154 4617 2256 4683 .lus
2285 4618 2488 4672 diceret
2517 4636 2529 4672 :
2562 4619 2707 4673 Sicut
2737 4620 2793 4673 in
2840 4620 3004 4674 Adam
3048 4638 3222 4676 omnes
3246 4624 3569 4689 moriuntur,
3594 4625 3668 4677 ita
3692 4625 3742 4677 in

2168 4707 2370 4765 Christo
2392 4726 2562 4764 omnes
2582 4712 2972 4780 viviﬁcabuntur
3012 4712 3069 4783 (1
3102 4714 3221 4770 Cor.
3252 4713 3377 4786 xv)?
3395 4715 3493 4771 Hic
3510 4716 3614 4771 dici
3642 4731 3741 4770 non

2169 4808 2346 4870 potest
2390 4816 2486 4870 pro
2517 4810 2668 4871 parte
2698 4812 2889 4857 totum.
2930 4803 3061 4858 Nam
3093 4806 3234 4860 sicut
3257 4820 3381 4875 pars
3411 4807 3582 4875 prima
3616 4820 3735 4861 sen-

2174 4892 2348 4946 leutim
2370 4932 2386 4959 ,
2426 4909 2599 4947 ontnes
2626 4894 2681 4947 in
2711 4893 2876 4948 Adam
2903 4896 3229 4964 moriuntur,
3257 4897 3534 4953 evidenter
3562 4905 3741 4952 osten-

2170 4980 2250 5036 dit
2296 4983 2416 5037 sine
2452 4983 2615 5038 dubio
2646 4985 2748 5039 hoc
2769 4985 2909 5055 quod
2938 4986 3214 5056 sequitur,
3255 4989 3309 5041 in
3342 4986 3547 5043 Christo
3576 5003 3742 5042 omna

2170 5073 2575 5141 viviﬁcabuntur,
2610 5075 2955 5130 nihilominus
2993 5076 3059 5132 ad
3088 5091 3279 5132 omnes
3309 5079 3361 5132 in
3386 5076 3739 5133 Christovivi-

2173 5164 2432 5229 ﬁcandos,
2481 5181 2584 5220 non
2634 5181 2699 5221 ex
2740 5177 2911 5235 parte,
2964 5167 3059 5222 sed
3105 5169 3423 5237 generaliter
3476 5169 3739 5238 pertinere

2174 5256 2459 5323 Apostolus
2492 5257 2765 5313 indicavit.
2796 5258 2959 5313 iidem
3002 5258 3164 5312 etiam
3188 5260 3334 5328 impii
3373 5274 3469 5328 per
3495 5261 3739 5312 virtutem

2174 5348 2583 5402 resurrectionis
2627 5348 2825 5403 Christi
2871 5349 3224 5405 resuscitandi
3271 5363 3392 5405 esse
3436 5347 3739 5410 creduntur,

2170 5438 2297 5493 licet
2333 5438 2494 5493 etiam
2546 5454 2649 5492 non
2674 5439 2947 5507 judicandi
2972 5478 2987 5504 ,
3018 5439 3110 5494 sed
3144 5438 3398 5509 puniendi
3445 5445 3739 5507 resurgant.

2169 5529 2303 5583 Cum
2327 5540 2503 5584 autem
2532 5528 2820 5599 Apostolus
2843 5528 3022 5585 dicat:
3050 5529 3152 5595 Qui
3181 5539 3253 5585 est
3280 5531 3500 5583 salvator
3518 5527 3743 5582 omnium

2169 5621 2455 5690 hominum,
2487 5623 2706 5677 maxime
2741 5622 2970 5691 fidelium
3003 5621 3059 5690 (1
3088 5621 3225 5678 Tim.
3276 5622 3350 5690 tv)
3381 5619 3553 5692 :quod
3585 5618 3738 5681 dixit.

2172 5714 2395 5768 omnium
2433 5711 2730 5780 hominum,
2771 5712 2838 5770 ad
2875 5714 3211 5782 propositum
3259 5711 3452 5769 divina:
3491 5706 3741 5767 bonitatis
