4002 6188
259 322 369 380 803

1376 309 1455 369 DE
1494 308 1750 369 GRATIA
1793 307 1942 376 DEI,
1986 305 2161 374 ETC.,
2202 308 2328 362 LIB.
2376 308 2413 364 l.

3430 314 3531 371 81b

259 433 495 505 aspexit.
528 430 679 497 Quod
733 437 912 483 autem
953 427 1127 490 dixit,
1155 427 1378 479 maxime
1408 426 1643 493 ﬁdelium
1667 466 1683 491 ,
1725 424 1848 478 illos
1878 428 1927 485 Α
1959 421 2202 475 meminit
2229 418 2662 487 corruisse.Qu:e
2688 436 2808 476 cum
2840 423 2909 477 ita
2934 424 3061 488 sint,
3090 422 3176 480 dic
3210 425 3343 480 mihi
3374 444 3535 497 quem

262 528 365 580 hoc
395 527 512 577 loco
540 521 901 591 pronuntiavit
921 528 1079 587 atque
1100 516 1399 580 distrinxit,
1426 521 1516 586 qui
1543 532 1637 586 per
1661 516 1849 583 ﬁdem,

262 633 361 685 per
398 612 788 676 obedientiam,
819 624 915 679 per
949 608 1215 663 subditam
1246 608 1572 662 voluntatem
1612 606 1846 663 Redemo

263 708 436 777 ptoris
464 719 688 761 munera
719 708 1093 771 susceperunt.
1126 699 1231 754 Pro
1261 700 1518 754 universit-
1547 708 1723 755 autem
1754 714 1848 754 ve-

263 802 408 854 nisse
443 796 716 852 Christum
767 795 907 849 idem
940 792 1226 859 Apostolus
1272 792 1512 847 declarat
1555 808 1569 846 :
1612 790 1845 854 Caritas,

264 890 459 958 inquit,
512 886 702 940 Christi
734 896 879 955 urget
914 900 1005 936 nos
1032 883 1323 951 judicantes
1368 882 1497 945 hoc,
1534 885 1777 953 quoniam
1807 885 1852 936 si

266 997 401 1035 unus
421 994 515 1049 pro
538 978 770 1029 omnibus
795 992 1025 1027 promtus
1045 986 1140 1039 est,
1165 990 1285 1044 ergo
1298 992 1468 1028 omnes
1495 977 1679 1028 mortui
1695 985 1815 1028 sunt
1832 991 1849 1026 :

264 1087 313 1127 et
352 1089 446 1142 pro
476 1071 709 1125 omnibus
739 1080 970 1123 mortuus
1004 1080 1073 1122 est
1103 1069 1357 1131 Christus,
1390 1078 1445 1121 ut
1483 1076 1529 1120 et
1558 1069 1644 1134 qui
1683 1068 1853 1120 rivum

268 1166 375 1229 iam
405 1182 503 1218 non
539 1164 636 1219 sibi
660 1165 847 1225 vivant,
874 1162 961 1215 sed
986 1163 1035 1213 ei
1064 1161 1151 1229 qui
1182 1176 1274 1229 pro
1296 1161 1420 1230 ipsis
1442 1169 1670 1213 mortuus
1705 1171 1774 1212 est
1804 1169 1851 1212 et

270 1255 543 1309 resurrexit
573 1252 626 1324 (Ι
636 1252 661 1306 1
690 1252 812 1306 Cor.
847 1252 923 1320 v).
955 1251 1091 1318 Quia
1120 1265 1251 1320 ergo
1276 1253 1602 1305 resurrectio
1629 1265 1852 1319 genera-

270 1346 338 1399 lis
383 1346 448 1399 ad
493 1347 744 1400 virtutem
786 1345 1015 1412 pertinet
1042 1341 1525 1410 redemptionis,si
1558 1342 1852 1410 redemptio

270 1450 378 1490 non
425 1436 489 1490 ad
533 1448 722 1491 omnes
762 1432 1033 1501 pertinet,
1067 1446 1165 1486 nec
1203 1432 1269 1486 ad
1312 1446 1498 1487 omnes
1530 1432 1853 1488 resurrectio

274 1525 577 1593 pertinebit.
614 1525 677 1579 Et
695 1524 815 1578 ideo
846 1523 967 1590 quia
994 1523 1130 1578 sicut
1150 1538 1321 1577 omnes
1350 1537 1694 1594 resurgentes,
1728 1524 1851 1579 licet

277 1631 381 1668 non
403 1632 574 1669 omnes
598 1615 1009 1678 immutabimur,
1035 1614 1103 1667 ita
1134 1611 1415 1666 Dominum
1442 1613 1852 1682 Iledctnptureut

280 1721 402 1759 cum
452 1706 714 1774 generalis
741 1704 1122 1759 misericm-diae
1154 1703 1414 1759 benelicio
1444 1706 1654 1759 venisse
1686 1716 1851 1761 [85:3-

1950 528 1981 565 a
2003 514 2169 582 gratia
2198 510 2588 580 redemptionis
2604 512 2899 581 exceperit,
2922 514 3013 584 qui
3044 515 3403 571 damnationis
3430 532 3533 572 an-

1955 604 2115 674 tiqua}
2149 604 2567 675 chirographum
2593 605 2845 675 generale
2875 606 3094 663 delevit.

2531 716 2761 772 CAPUT
2800 716 2959 771 XVII.

1956 804 2148 859 Contra
2184 806 2279 859 hoc
2308 808 2442 883 quod
2486 808 2828 883 ettangelicam
2871 811 3170 863 sen‘cntiam
3221 813 3456 883 imperito
3490 824 3539 871 et

2307 877 2540 947 improbo
2574 877 2725 932 sensu
2756 881 3180 947 interpretantur.

2030 967 2227 1037 Nemo,
2274 969 2447 1039 inquit
2471 1012 2486 1036 ,
2517 972 2650 1024 venit
2689 972 2758 1023 ad
2789 988 2893 1036 me,
2937 972 3039 1027 nisi
3068 970 3260 1039 Pater,
3290 976 3377 1044 qui
3403 977 3539 1031 misit

1956 1074 2055 1122 me,
2081 1060 2354 1113 attraxerit
2378 1076 2489 1113 eum
2512 1060 2693 1130 (toan.
2724 1062 2819 1129 vt).
2850 1062 2980 1127 Quis
3012 1072 3121 1117 tam
3148 1065 3432 1121 immemor
3454 1082 3543 1120 sa-

1956 1151 2082 1208 lutis
2126 1169 2239 1206 sate
2267 1155 2367 1219 sit,
2398 1154 2486 1223 qui
2514 1155 2835 1210 attrahentis
2875 1159 3302 1215 miscricordiam
3342 1176 3540 1232 negare

1956 1252 2264 1311 pnesumat.
2294 1244 2399 1299 Sed
2431 1246 2520 1301 ille
2542 1261 2669 1301 vere
2692 1247 2885 1317 impius
2912 1259 2992 1303 est
3013 1251 3104 1321 qui
3135 1265 3255 1306 eam
3287 1268 3393 1308 non
3422 1269 3540 1308 om-

1959 1334 2115 1390 nibus
2164 1334 2354 1404 ingcri,
2403 1351 2509 1391 non
2558 1338 2805 1394 omnibus
2836 1347 3061 1393 testatur
3114 1340 3371 1411 impendi.
3430 1344 3540 1400 lloc

1958 1424 2076 1480 loco
2122 1428 2338 1483 attracti
2387 1428 2612 1484 salutem
2657 1428 2977 1484 attrahentis
3009 1441 3158 1500 putat
3181 1448 3304 1491 esse
3329 1435 3539 1491 violen-

1960 1515 2112 1572 tiam.
2143 1520 2378 1586 Apparct
2412 1516 2560 1573 illum
2592 1533 2700 1572 non
2728 1534 2887 1573 nosse
2916 1520 3017 1575 nisi
3047 1533 3266 1579 catenas
3296 1525 3540 1580 obnoxiae

1960 1608 2232 1664 servitutis
2255 1648 2270 1675 ,
2308 1610 2400 1679 qui
2438 1611 2649 1666 devota:
2696 1612 2869 1667 nescit
2895 1612 3106 1668 vincula
3153 1616 3413 1672 caritatis.
3446 1619 3542 1674 llic

1959 1708 2142 1755 autem
2194 1714 2372 1755 sermo
2410 1701 2625 1758 divinus
2666 1704 2972 1772 specialiter
3000 1705 3243 1776 increpat
3267 1708 3539 1765 hominem

275 1813 418 1862 mur,
446 1805 501 1854 et
528 1797 571 1850 si
601 1796 727 1850 illud
772 1795 1091 1859 inﬁdelitas,
1124 1796 1244 1863 quia
1270 1796 1464 1859 noluit,
1498 1813 1600 1850 non
1628 1800 1847 1866 recepit.
1886 1802 1932 1862 Β
1961 1791 2028 1846 de
2056 1792 2288 1860 propriis
2308 1793 2410 1847 sibi
2442 1794 2642 1849 Viribus
2671 1805 3009 1866 arrogantem
3030 1838 3043 1863 ,
3075 1808 3129 1854 et
3152 1799 3219 1855 de
3240 1800 3424 1857 labore
3443 1818 3543 1859 suo

274 1887 407 1943 Nam
439 1888 600 1941 Deum
633 1887 870 1956 quolibet
900 1895 1142 1955 tempore
1172 1887 1260 1956 qui
1301 1889 1550 1955 quaesivit
1573 1930 1588 1951 ,
1614 1889 1851 1954 invenit,

276 1990 334 2034 et
362 1980 447 2048 qui
478 1978 743 2033 invenisse
762 1993 866 2031 non
893 1977 1036 2031 visus
1058 1986 1141 2032 est
1164 1992 1268 2031 non
1297 1980 1560 2047 quaesivit.
1590 1980 1741 2046 Quod
1768 1980 1850 2045 si,

274 2068 723 2139 quemadmodum
757 2069 978 2138 abrupta
1011 2068 1345 2137 blasphemat
1376 2069 1651 2138 impietas,
1671 2071 1767 2126 alii
1788 2072 1853 2124 ad

274 2174 502 2216 mortem
542 2161 884 2229 prmordinati
914 2202 927 2223 ,
972 2160 1061 2214 alii
1104 2161 1465 2229 praedestinati
1499 2163 1746 2218 videntur
1787 2165 1854 2221 ad

274 2255 462 2316 vitam,
487 2253 682 2306 nullam
711 2251 953 2307 Christus
973 2250 1219 2307 veniendi
1243 2266 1480 2318 causam,
1514 2254 1712 2307 nullam
1745 2270 1856 2308 rno-

272 2346 451 2400 riendi
477 2361 633 2415 quam
662 2345 833 2413 pietas
856 2344 975 2413 ejus
997 2343 1219 2409 invenit,
1249 2343 1434 2399 habuit
1456 2347 1852 2403 necessitatem.

270 2446 483 2500 Novum
513 2460 641 2514 ergo
665 2443 959 2501 remedium
992 2442 1122 2497 nihil
1158 2455 1319 2511 agere
1341 2442 1512 2511 potuit
1538 2442 1583 2497 si
1611 2454 1737 2499 ante
1759 2459 1859 2498 ste-

272 2553 341 2590 cu
370 2553 399 2590 a
422 2551 509 2591 res
541 2540 799 2589 humanas
826 2534 1068 2591 deﬁnitio
1094 2542 1301 2588 vetusta
1332 2533 1583 2602 praefixit.
1608 2534 1711 2590 Sed
1734 2534 1856 2602 quia

274 2628 459 2685 fatalis
487 2628 763 2697 persuasio
786 2667 802 2693 ,
852 2641 973 2695 qua:
996 2628 1101 2680 vim
1132 2626 1484 2695 praescientiae
1512 2629 1756 2696 cogentis
1779 2628 1861 2682 ia-

274 2720 449 2785 ducit,
479 2720 799 2776 omnimodis
814 2719 1108 2786 restiuenda
1137 2726 1236 2782 est,
1268 2717 1391 2773 ideo
1409 2719 1576 2788 magis
1604 2728 1657 2773 et
1688 2719 1858 2788 legent

272 2812 468 2876 dedit,
520 2821 575 2867 et
622 2810 908 2880 prophetas
956 2808 1147 2864 mediis
1203 2810 1535 2879 temporibus
1584 2810 1855 2879 excitavit,

271 2906 403 2975 quia
430 2904 710 2960 arbitrium
751 2902 1043 2957 voluntatis
1064 2900 1309 2957 humanae
1330 2910 1661 2957 attenuatum
1696 2917 1859 2960 nove—

273 3005 388 3060 rat,
411 3010 516 3049 non
536 2994 794 3047 ablatum.
820 2992 971 3061 Quod
992 2992 1037 3048 si
1060 3008 1126 3049 ex
1155 3001 1269 3047 toto
1293 2992 1443 3063 vigor
1463 2994 1583 3060 ejus
1608 2995 1856 3062 perisset,

271 3087 551 3156 quomodo
568 3088 837 3157 legeretur
856 3104 870 3139 :
892 3086 954 3141 Et
968 3088 1019 3141 in
1033 3088 1141 3160 lege
1160 3086 1367 3141 Domini
1382 3087 1482 3156 [uit
1504 3088 1733 3141 voluntas
1750 3089 1859 3157 ejus

1961 1884 2121 1951 impie
2161 1896 2596 1953 praesumentem.
2658 1887 2792 1941 Cum
2840 1889 2979 1943 inter
3022 1890 3135 1944 hinc
3186 1908 3324 1949 unus
3372 1904 3542 1950 totum

1959 1976 2127 2030 labori
2161 2017 2174 2038 ,
2201 1978 2336 2031 alter
2367 1988 2535 2033 totum
2566 1980 2751 2048 gratiae
2776 1980 2979 2049 judieet
3006 1982 3367 2053 deputandum
3392 2027 3408 2051 ,
3438 1990 3539 2041 im-

1959 2067 2136 2136 pletur
2159 2068 2209 2121 in
2241 2080 2467 2138 utroque
2497 2069 2682 2125 Graeca
2714 2073 2976 2127 sententia
3012 2090 3027 2127 :
3073 2075 3389 2133 Nimietates
3414 2120 3428 2143 ,
3457 2081 3543 2135 in-

1957 2163 2072 2229 quit
2090 2200 2105 2225 ,
2127 2168 2181 2213 et
2203 2160 2597 2230 inaequalitates
2619 2174 2745 2217 sunt
2768 2162 2958 2218 similis
2985 2164 3329 2234 improbitas;
3365 2182 3418 2224 et
3445 2188 3541 2240 par

1959 2266 2079 2307 esse
2116 2255 2372 2323 probatur
2419 2256 2665 2324 impietas
2685 2295 2701 2320 ,
2726 2254 2772 2310 si
2808 2266 2972 2311 totum
2997 2258 3096 2313 soli
3129 2261 3315 2329 gratiae
3338 2303 3354 2327 ,
3388 2264 3470 2318 vel
3498 2267 3542 2318 si

1960 2352 2129 2400 totum
2160 2346 2257 2401 soli
2302 2347 2602 2402 ascribatur
2641 2346 2831 2401 labori.
2865 2349 3000 2414 Quid
3047 2365 3146 2405 nos
3167 2361 3379 2421 oportet
3406 2354 3546 2410 intrr

1960 2436 2059 2490 ista
2083 2439 2305 2503 sentire,
2340 2438 2435 2495 nisi
2469 2448 2525 2493 ut
2562 2453 2776 2507 semper
2797 2440 2982 2510 gratiae
3021 2441 3366 2510 subjiciamus
3395 2446 3545 2500 labo-

1959 2544 2071 2585 rent
2102 2540 2156 2584 et
2199 2545 2413 2599 semper
2449 2532 2674 2601 gratiam
2718 2546 2839 2587 cum
2891 2531 3072 2587 labore
3101 2534 3408 2591 sociemus?
3431 2536 3539 2592 Sed

1956 2632 2084 2674 ante
2099 2621 2278 2675 omnia
2298 2622 2656 2691 arrogantiam
2682 2623 2882 2678 laboris
2903 2626 2995 2678 rei.
3018 2626 3247 2693 giamus,
3274 2643 3371 2684 nec
3391 2631 3546 2688 nobis

1956 2712 2245 2782 quidquam
2268 2713 2336 2769 de
2364 2714 2483 2783 ejus
2510 2714 2716 2770 meritis
2738 2716 3093 2783 viudiccmus,
3120 2734 3187 2773 ne
3216 2717 3545 2779 Pharisazutn

1960 2804 2153 2859 imitari
2195 2806 2470 2861 mortifera
2496 2806 2769 2875 jactantim
2806 2809 3221 2877 prmsumptione
3246 2812 3540 2869 videamur.

1961 2897 2094 2954 Nam
2142 2913 2262 2954 cum
2320 2901 2408 2955 ille
2454 2913 2617 2955 orans
2664 2900 3024 2957 indubitanter
3064 2917 3250 2958 verum
3303 2903 3541 2960 diceret:

1962 2986 2152 3061 Jejuno
2176 2988 2249 3042 bis
2268 2989 2322 3043 in
2346 2989 2587 3058 sabbato,
2627 2990 2854 3045 decimas
2884 2992 2951 3044 do
2989 2992 3217 3045 omnium
3236 3010 3546 3065 quaecunque

1964 3080 2198 3149 possideo
2226 3079 2375 3151 (Luc.
2408 3080 2582 3149 xvtu),
2613 3081 2888 3135 evacuavit
2917 3081 3029 3137 veri
3056 3082 3235 3146 tidem,
3261 3083 3383 3154 quia
3404 3085 3548 3140 veri-

274 3177 483 3249 (Ps.i).
503 3179 565 3234 Et
591 3179 815 3233 iterum:
843 3176 1147 3232 Voluntaria
1167 3176 1465 3246 sacriﬁcabo
1483 3177 1592 3245 tibi,
1617 3176 1855 3234 Domine.
1886 3164 1929 3226 C
1965 3173 2057 3227 tati
2086 3173 2298 3227 miscuit
2320 3173 2632 3227 vanitatem.
2661 3173 2775 3227 Non
2797 3188 2926 3241 ergo
2953 3177 3215 3243 operatio,
3246 3174 3343 3230 sed
3368 3190 3547 3232 corats

274 3271 347 3324 Et
378 3269 443 3323 ad
472 3268 834 3324 Philemonem
868 3286 880 3321 :
912 3268 980 3323 Ut
1010 3285 1110 3323 non
1133 3284 1198 3322 ea:
1222 3268 1541 3337 necessitate,
1568 3269 1657 3321 sed
1685 3268 1864 3324 volun-

273 3361 474 3419 tarium
499 3370 626 3415 (sset
658 3361 842 3414 bonum
871 3368 1033 3414 tuum.
1062 3360 1255 3415 Etcum
1277 3358 1413 3416 dicat
1457 3361 1508 3413 in
1542 3360 1857 3429 Evangelia:

275 3452 415 3505 Caro
435 3467 546 3505 mea
566 3460 812 3519 estquam
834 3465 925 3520 ego
951 3449 1083 3503 dabo
1102 3465 1192 3518 pro
1220 3448 1395 3501 piandi
1424 3450 1525 3501 vita
1551 3446 1732 3519 (Joan.
1760 3451 1860 3517 vi),

276 3542 531 3597 dubitare
562 3542 776 3611 penitus
806 3555 913 3594 non
953 3540 1211 3595 debemus
1250 3540 1390 3610 quod
1438 3549 1548 3593 toto
1580 3540 1776 3594 mundo
1802 3556 1863 3599 se

275 3631 643 3700 impenderit,
676 3633 763 3702 qui
810 3632 929 3701 plus
955 3632 1104 3685 dedit
1141 3647 1300 3696 quam
1334 3641 1477 3686 totus
1507 3634 1737 3686 mundus
1770 3648 1863 3688 va-

279 3723 450 3777 lebat.
476 3723 627 3778 Sieut
663 3733 718 3777 et
760 3724 947 3778 beatus
969 3725 1198 3779 Joannes
1234 3725 1567 3793 Evangelista
1593 3734 1861 3779 testatur:

276 3812 408 3883 Ipse
456 3825 527 3867 est
573 3815 707 3869 enim
746 3818 1040 3887 prapitiatio
1092 3833 1182 3883 pro
1238 3818 1456 3884 peccatis
1511 3817 1719 3882 nostris,
1763 3832 1864 3869 non

278 3920 382 3959 ora
410 3906 596 3958 nostris
643 3915 809 3959 autem
853 3916 1071 3971 tantum,
1119 3908 1208 3959 sed
1250 3916 1296 3960 et
1337 3923 1431 3977 pro
1484 3908 1638 3960 totius
1686 3908 1866 3961 mundi

281 3993 345 4065 (I
378 3995 534 4050 Joan.
567 3998 641 4063 v).
670 3997 775 4050 Sed
803 3997 934 4052 dicis
965 4013 978 4050 :
1008 3995 1286 4065 Quomodo
1308 4006 1475 4053 totum
1495 3997 1749 4052 mundum
1783 4013 1867 4053 re-

277 4083 488 4139 demit?
511 4084 903 4141 Eccevidcmus
922 4088 1164 4143 homines
1180 4088 1230 4143 in
1246 4088 1480 4158 peccatis
1506 4088 1616 4142 suis
1644 4089 1863 4147 vivere:

278 4177 557 4247 quomodo
588 4179 892 4247 putabimus
921 4181 1226 4250 redemptos
1250 4220 1265 4247 ,
1307 4196 1438 4250 quos
1467 4180 1709 4237 videmus
1740 4197 1863 4251 per-

276 4287 510 4329 manere
530 4272 803 4340 captivos?
825 4274 934 4329 Hoc
962 4274 1079 4327 loco
1119 4273 1451 4329 intellectum
1495 4274 1561 4329 de
1596 4278 1867 4345 praposita

278 4365 638 4422 similitudine
668 4366 1002 4434 colligamus.
1029 4365 1187 4419 Verbi
1215 4365 1383 4435 gratia
1417 4381 1432 4416 :
1463 4366 1508 4420 si
1543 4367 1744 4437 legatus
1771 4366 1869 4422 ali—

277 4456 409 4524 quis
440 4454 523 4509 vel
557 4456 811 4510 saccrdos
849 4455 1239 4510 intercessurus
1283 4470 1377 4523 pra
1419 4455 1634 4509 civitate
1658 4457 1864 4526 captiva

1963 3265 2125 3319 elatio
2150 3264 2471 3320 declinanda
2502 3273 2605 3325 est.
2635 3263 3029 3333 Nemo,inquit.
3062 3266 3197 3321 venit
3222 3267 3291 3320 ad
3321 3284 3419 3333 me,
3446 3269 3548 3322 nisi

1965 3354 2125 3410 Pater
2161 3357 2426 3410 attraxerit
2456 3372 2594 3410 eum.
2642 3356 2888 3425 Nunquid
2931 3357 3074 3411 velut
3115 3356 3444 3414 insensibilis
3493 3372 3548 3417 et

1965 3447 2146 3517 inepta
2189 3448 2444 3502 materies
2482 3446 2550 3501 de
2579 3447 2697 3500 loco
2728 3447 2793 3500 ad
2830 3448 3004 3504 locum
3039 3450 3339 3505 movendus
3368 3461 3450 3506 est
3492 3460 3548 3508 et

1966 3538 2293 3595 trahendus?
2317 3536 2424 3593 Sed
2453 3537 2724 3593 assistenti
2746 3547 2801 3592 et
2825 3539 3035 3593 vocanti
3063 3540 3290 3596 Domino
3317 3542 3547 3598 famulus

1966 3643 2183 3684 manum
2244 3628 2391 3694 ﬁdei,
2440 3642 2542 3698 qua
2588 3627 2886 3683 attrahatur
2931 3629 3203 3696 extendit,
3249 3641 3303 3687 et
3351 3632 3480 3687 dicit
3527 3651 3545 3691 :

1964 3717 2152 3787 Credo,
2203 3718 2460 3782 Domine;
2489 3718 2679 3789 adjuva
2704 3719 3118 3774 incredulitatem
3163 3738 3327 3777 meam
3351 3722 3545 3794 (Marc.

1968 3816 2065 3878 ιι).
2100 3810 2166 3864 Ει
2192 3810 2264 3863 ita
2286 3824 2345 3864 se
2367 3810 2471 3864 duo
2497 3809 2595 3863 ista
2626 3810 2976 3879 conjungunt,
3001 3812 3323 3869 attrahentis
3352 3816 3544 3883 virtus,

1967 3915 2023 3960 et
2063 3904 2364 3958 obedientis
2417 3902 2640 3958 aﬂ'ectus
2673 3919 2688 3958 :
2721 3918 2828 3972 quo
2867 3904 3026 3960 modo
3076 3905 3120 3959 si
3170 3920 3315 3975 inger
3357 3909 3550 3979 aliquis

1968 4009 2248 4063 assurgere
2270 4002 2512 4058 canetur,
2537 4004 2587 4048 et
2620 3993 2843 4048 facultas
2868 3996 3105 4051 animum
3139 4012 3246 4053 non
3269 4009 3547 4069 sequatur.

1966 4098 2020 4142 et
2053 4095 2334 4157 propterea
2363 4086 2463 4142 sibi
2493 4085 2691 4156 porrigi
2734 4086 3011 4142 dexteram
3049 4087 3387 4156 deprecetur.
3430 4089 3550 4145 Cla-

1970 4186 2081 4235 mat
2108 4178 2356 4233 voluntas
2375 4219 2390 4244 ,
2419 4180 2539 4247 quia
2563 4178 2672 4231 sola
2706 4191 2801 4246 per
2830 4192 2889 4233 se
2910 4177 3108 4232 elevari
3140 4180 3548 4236 neseitinlirmi-

1969 4277 2072 4324 tas.
2121 4269 2195 4325 Ita
2240 4269 2496 4325 Dominus
2522 4268 2712 4324 invitat
2739 4269 3005 4326 volentem
3029 4311 3043 4336 ,
3075 4270 3297 4327 attrahit
3327 4273 3548 4330 deside-

1972 4363 2373 4432 rantem,erigit
2393 4360 2744 4417 adnitentem.
2775 4361 2910 4430 Quid
2941 4370 3024 4419 est
3052 4372 3227 4419 autem
3258 4366 3547 4432 attrahere,

1974 4453 2074 4508 nisi
2126 4453 2452 4523 pr:edicare,
2508 4452 2610 4508 nisi
2653 4452 3049 4524 Scripturarum
3099 4454 3552 4510 consolationibus

284 4548 496 4616 largius
530 4547 758 4618 pretium
808 4545 1041 4609 deserat,
1090 4554 1143 4600 et
1194 4545 1508 4601 universum
1548 4548 1868 4616 captivitatis
1897 4543 2250 4611 Dexcitare,
2303 4544 2759 4614 increpationibus
2814 4545 3124 4613 deterrere,
3194 4546 3551 4605 desideranda

280 4638 547 4709 populum
580 4637 647 4692 de
676 4653 835 4692 manu
863 4638 978 4705 ejus
1008 4638 1229 4709 recipiat
1258 4639 1344 4706 qui
1384 4637 1508 4694 belli
1528 4638 1648 4708 jura
1674 4639 1871 4696 retine-

280 4731 403 4791 bat,
463 4736 519 4781 et
564 4728 739 4783 omnis
777 4728 995 4781 omnino
1047 4730 1317 4783 relaxetur
1349 4730 1429 4783 lex
1469 4742 1533 4782 ac
1580 4731 1870 4785 necessitas

280 4819 591 4882 servitutis,
622 4828 677 4871 et
706 4820 843 4873 inter
873 4817 987 4872 haec
1010 4820 1051 4872 si
1072 4818 1208 4873 forte
1238 4819 1343 4874 itlic
1368 4818 1577 4890 aliquos
1608 4820 1675 4875 de
1704 4822 1871 4890 capti-

280 4909 374 4962 vis
414 4910 495 4962 vel
538 4909 824 4964 oblectatio
868 4910 1305 4977 consuetudinis,
1355 4911 1438 4966 vel
1484 4910 1618 4966 male
1647 4911 1870 4970 blandus

284 5000 479 5069 prde
519 5001 793 5069 sollicitet,
838 5001 1124 5071 gratuitum
1162 5000 1477 5057 beneﬁcium
1503 5005 1869 5074 unusquisque

282 5091 586 5144 voluntatis
630 5107 739 5146 suae
793 5106 979 5146 servus
1024 5101 1252 5154 recuset,
1296 5095 1532 5164 nunquid
1580 5097 1872 5154 minoravit

277 5185 515 5256 gratiam
546 5185 701 5253 pretii
728 5194 1069 5255 contemptus
1109 5186 1339 5256 ingrati?
1366 5187 1609 5258 Nunquid
1639 5192 1869 5262 aliquam

278 5278 683 5333 benevolentiae
713 5277 1071 5348 redemptoris
1106 5278 1283 5333 intulit
1311 5280 1716 5337 diminutionem
1738 5325 1753 5347 ,
1781 5283 1869 5352 qui

280 5368 499 5436 respuit
525 5369 871 5425 libertatem?
902 5369 1017 5425 Non
1063 5373 1131 5425 ita
1160 5379 1262 5427 est.
1292 5371 1561 5439 Quinimo,
1605 5374 1744 5428 sicut
1789 5390 1872 5431 re-

280 5461 591 5529 demptoris
635 5473 816 5531 gratus
847 5473 1020 5530 potest
1047 5478 1199 5530 esse,
1230 5465 1319 5534 qui
1348 5464 1525 5529 rediit,
1553 5465 1621 5520 ita
1649 5465 1717 5520 de
1743 5480 1872 5521 con-

282 5561 498 5622 temptu
541 5568 666 5608 reus
696 5562 778 5608 est
815 5554 905 5624 qui
962 5557 1239 5611 remansit.
1267 5557 1519 5611 Volentes
1548 5558 1688 5612 enim
1719 5559 1873 5613 rede-

281 5648 395 5701 mit
437 5647 768 5701 voluntatum
820 5658 1212 5705 remuneratur.
1257 5649 1442 5706 Justus
1483 5650 1624 5704 enim
1673 5650 1875 5706 arbiter

288 5739 439 5794 Deus
486 5738 847 5792 voluntarium
876 5740 1022 5809 cupit
1049 5741 1250 5810 redire,
1301 5757 1461 5814 quem
1494 5758 1599 5798 non
1647 5741 1873 5798 invitum

536 5831 805 5892 PATROL.
852 5830 1059 5893 LVIII.

1975 4652 2314 4708 proponere,
2361 4638 2625 4692 intentare
2673 4636 2993 4703 metuenda,
3045 4637 3292 4704 iudicium
3337 4642 3554 4697 commi.

1978 4729 2125 4793 nari,
2160 4729 2435 4798 praemium
2475 4727 2758 4798 polliceri?
2787 4726 2926 4781 Audi
2956 4727 3239 4785 Dominum
3268 4745 3374 4789 non
3401 4731 3553 4788 duris

1980 4821 2225 4887 nexibus,
2277 4819 2373 4875 sed
2425 4818 2669 4874 manibus
2714 4818 3096 4888 attrahentem,
3147 4831 3203 4878 et
3250 4823 3553 4881 dilectionis

1978 4912 2211 4966 brachiis
2251 4910 2564 4966 invitantem
2592 4951 2607 4976 ,
2640 4909 2780 4966 sicut
2810 4909 2885 4964 ait
2906 4911 3162 4980 propheta
3193 4929 3206 4966 :
3236 4914 3440 4969 Atti-atri
3468 4933 3554 4973 eos

1974 5005 2029 5058 in
2054 5004 2268 5058 vinculis
2289 5003 2518 5057 caritatis
2540 5001 2684 5073 (Ose.
2709 5001 2809 5071 ιι).
2840 5003 2904 5058 Ει
2927 5004 3057 5059 illud
3084 5021 3099 5058 :
3130 5004 3256 5059 Post
3274 5007 3393 5061 tein
3424 5010 3557 5063 σάος

1975 5112 2081 5150 rem
2115 5104 2486 5165 unguentorum
2528 5104 2733 5148 tuorum
2759 5096 3012 5149 currimus
3042 5094 3215 5167 (Cant.
3243 5106 3305 5153 tt.
3349 5099 3415 5155 Et
3435 5102 3556 5155 idet

1975 5186 2144 5243 dicit:
2190 5184 2361 5240 Venite
2388 5186 2457 5237 ad
2496 5201 2608 5251 me,
2648 5201 2822 5239 omnes
2852 5187 2939 5255 qui
2978 5187 3223 5244 laboratis
3267 5199 3315 5245 st
3361 5195 3557 5246 onerati

1977 5279 2117 5342 estis,
2157 5288 2202 5333 et
2229 5291 2323 5347 ego
2362 5277 2589 5345 reﬁciam
2619 5291 2704 5330 vos
2736 5274 2951 5348 (Matth.
2983 5280 3060 5349 si)
3085 5324 3100 5350 ,
3140 5296 3208 5335 ne
3233 5281 3374 5335 ullus
3397 5297 3558 5335 excu-

1978 5384 2098 5423 sare
2139 5383 2196 5422 se
2236 5370 2404 5437 possit
2454 5366 2723 5433 exclusus,
2770 5368 2860 5435 qui
2900 5371 3232 5426 convincitur
3278 5370 3552 5426 invitatus.

1978 5459 2127 5514 Licet
2152 5459 2291 5512 enim
2328 5473 2433 5512 non
2462 5472 2652 5514 omnes
2689 5457 3047 5515 obedientiam
3070 5460 3403 5517 exhibituros
3433 5476 3555 5517 esse

1981 5562 2338 5624 prarnosceiet
2360 5595 2374 5620 ,
2398 5552 2649 5609 omnibus
2673 5561 2849 5609 tamen
2881 5562 2937 5608 et
2959 5554 3093 5607 velle
3115 5560 3170 5608 et
3198 5564 3360 5621 posse
3387 5551 3558 5607 dona-

1981 5653 2153 5698 verat.
2184 5643 2293 5698 lloc
2348 5644 2467 5698 loco
2508 5643 2738 5700 sollicite
2774 5645 3078 5714 requiratur
3122 5651 3304 5698 utrum
3331 5643 3559 5715 quisque

1980 5737 2177 5796 attrahi
2209 5739 2334 5793 velit
2380 5754 2445 5792 au
2478 5739 2629 5793 nolit.
2664 5738 2722 5793 Si
2767 5752 2869 5791 non
2902 5737 3032 5808 vult,
3078 5737 3351 5794 sssolitant
3396 5749 3559 5795 attra-

3170 5826 3247 5889 26
