4002 6188
460 310 553 367 ειι

1694 297 1757 352 S.
1806 293 2052 352 FAUSTI
2091 292 2502 350 RIIEGIENSIS

3635 299 3735 351 81⁸2

461 424 633 482 hentis
668 419 1092 478 lienevtileutiam
1140 432 1244 470 non
1297 422 1554 468 moretur.
1586 414 1639 467 Si
1673 422 1849 467 autem
1878 411 1992 465 vult
2021 451 2031 467 .
2067 411 2116 467 Δ
2148 407 2431 479 Dei(liom.
2454 406 2798 479 n).Advcrtis
2817 409 2954 477 quod
2974 408 3262 475 Apostolus
3284 409 3535 474 dicendo,
3560 428 3734 466 secun-

461 535 587 574 ecce
623 517 731 586 jam
771 530 889 569 cum
942 512 1035 565 des
1078 521 1129 565 et
1181 508 1412 561 hominis
1439 521 1736 560 consensus
1763 515 2038 567 operatur.

466 610 649 673 Nemo,
682 605 879 675 inquit,
914 602 1042 656 venit
1072 602 1138 655 ad
1167 617 1242 651 me
1262 642 1276 663 ,
1296 600 1394 651 nisi
1430 596 1583 649 Pa'er
1611 597 1877 649 attraxerit
1907 610 2039 649 eum.

462 697 741 763 Quomodo
786 696 1140 749 attrahentem
1174 692 1355 755 vides,
1385 704 1480 743 cur
1525 689 1833 743 dissimulas
1860 689 2045 742 videre

464 790 802 845 venientem?
828 798 879 841 et
908 787 1028 840 ideo
1057 788 1191 839 sicut
1218 784 1406 852 gratiae.
1432 792 1517 837 est
1548 782 1687 851 quod
1719 782 2011 835 attrahitur
2030 821 2044 845 ,

464 885 532 935 ita
565 880 877 935 obedientia:
905 877 1157 946 probatur
1194 889 1316 929 esse
1344 874 1484 942 quod
1526 874 1787 942 sequitur.
1818 873 1943 927 llaec
1968 880 2048 924 at-

466 973 727 1029 trahentis
770 972 860 1025 Dei
893 967 1258 1023 misericordia
1302 967 1346 1020 si
1379 965 1551 1033 dignis
1580 965 1737 1019 datur
1764 1006 1778 1029 ,
1814 964 2047 1018 advortis

465 1068 716 1138 quiajam
750 1076 803 1119 et
840 1064 1015 1118 studio
1044 1063 1288 1115 humaure
1331 1068 1601 1129 utcunque
1650 1060 1924 1113 servitutis
1950 1058 2049 1112 im-

467 1159 712 1227 penditur
738 1176 750 1219 ;
782 1157 825 1209 si
861 1170 985 1208 vero
1016 1153 1246 1223 indignis
1267 1192 1283 1218 ,
1314 1166 1649 1221 consequens
1673 1162 1755 1205 est
1787 1160 1845 1203 ut
1886 1150 2049 1204 etiam

468 1250 708 1319 reprobis
735 1265 837 1301 non
863 1256 1104 1317 negetur,
1132 1256 1185 1300 et
1207 1246 1434 1302 evidenti
1462 1246 1807 1300 miseratione
1838 1245 2049 1299 bonitas

470 1344 560 1395 Dei
614 1341 922 1406 indiscrete,
964 1351 1016 1394 et
1062 1340 1218 1407 justis
1259 1351 1311 1394 et
1343 1339 1713 1408 peccatoribus
1767 1338 2050 1394 offeratur.

469 1435 572 1489 Sed
608 1435 652 1488 is
690 1449 846 1502 quem
895 1435 1155 1501 perspicis
1196 1434 1555 1487 attrahentem
1598 1431 1823 1500 requirit
1879 1431 2053 1483 omni-

472 1528 644 1580 modis
676 1536 938 1595 prmcepta
968 1533 1303 1589 svrvantem,
1336 1534 1394 1577 ut
1422 1538 1515 1591 per
1543 1524 1827 1592 quamdam
1858 1524 2049 1576 volun-

471 1624 594 1674 talis
620 1622 861 1675 ansulam
883 1662 896 1683 ,
928 1618 1306 1685 comprehendi
1339 1626 1393 1672 et
1418 1618 1611 1671 attrahi
1636 1618 1809 1670 valeat
1839 1616 1929 1686 qui
1960 1632 2055 1670 vo-

471 1727 639 1768 catur.
672 1713 898 1780 Quodsi
931 1727 1049 1765 eum
1080 1720 1234 1780 putas
1263 1709 1533 1764 attrahere
1555 1710 1821 1776 nolentes,
1847 1709 2052 1763 cmlesﬁ

471 1806 685 1876 iustitiae
720 1806 1012 1874 iniquitatis
1048 1803 1253 1872 pondus
1281 1802 1533 1870 impellis.
1568 1802 1673 1854 Sed
1706 1801 1749 1855 si
1785 1800 2056 1854 invenitur

472 1901 742 1955 attrahere
782 1899 1023 1952 nolentes
1044 1938 1057 1962 ,
1080 1906 1280 1965 quanto
1308 1896 1475 1963 magis
1506 1894 1884 1962 complectitur
1909 1891 2055 1945 desi-

473 1992 760 2047 derantes!
795 1989 925 2043 Nam
956 1989 1113 2043 etiam
1139 1988 1227 2055 qui
1258 1986 1373 2039 sine
1394 1985 1577 2039 labore
1604 1983 1815 2038 videtur
1836 1983 2054 2048 attrahi,

475 2083 921 2147 laboraturusest
952 2088 1007 2133 ut
1037 2078 1296 2133 inhaereat
1332 2076 1641 2131 attrahenti.
1680 2075 1870 2141 Quanti
1911 2077 2055 2130 enim

476 2187 735 2232 venerunt
762 2185 815 2231 et
858 2182 1226 2236 recesserunt,
1268 2171 1388 2241 quia
1420 2169 1631 2224 attracti
1666 2171 1716 2223 in
1748 2169 1912 2236 gratia
1938 2183 2059 2236 per-

472 2283 722 2322 severare
768 2265 1133 2321 desideratore
1176 2273 1401 2318 vocante
1450 2261 1780 2316 noluerunt?
1811 2260 1960 2315 Sicut
2004 2261 2057 2314 in

472 2360 768 2430 Evangelia
804 2361 1058 2427 scriptum
1091 2366 1177 2413 est
1208 2355 1394 2411 :Multi
1439 2371 1501 2408 ea:
1528 2354 1797 2420 discipulis
1829 2356 1938 2425 ejus
1965 2370 2058 2406 au-

474 2455 690 2519 dientes,
716 2453 946 2505 abierunt
972 2460 1271 2511 retrorsum,
1298 2460 1343 2502 et
1358 2454 1472 2519 jam
1498 2463 1611 2501 cum
1634 2446 1723 2500 illo
1753 2464 1853 2500 non
1879 2447 2059 2499 ambu—

476 2545 647 2597 labant
679 2542 857 2613 (Joan.
886 2545 983 2609 v1).
1016 2542 1142 2595 llcm
1175 2558 1187 2594 :
1225 2538 1365 2593 Diait
1396 2548 1567 2592 autem
1597 2536 1749 2591 Jesus
1780 2540 1846 2590 ad
1865 2538 2060 2590 duode-

474 2639 574 2690 cim
596 2654 614 2691 :
639 2636 891 2705 Nunquid
912 2645 960 2688 et
982 2652 1068 2689 vos
1089 2636 1240 2689 vultis
1267 2634 1443 2687 abire?
1471 2632 1746 2703 Respondit
1771 2631 1817 2684 ei
1842 2630 2060 2684 Petrus:

476 2730 715 2794 Domine,
762 2729 827 2782 ad
851 2744 997 2799 quem
1026 2727 1248 2781 ibimus?
1276 2727 1421 2780 verba
1444 2725 1559 2778 virm
1581 2733 1785 2779 (clerate
1816 2722 1986 2789 habes,
2014 2731 2061 2775 et

478 2838 568 2873 nos
593 2822 843 2874 rreainms
874 2834 916 2873 e'
953 2821 1281 2890 cognovimus
1309 2818 1426 2883 quia
1472 2828 1525 2869 tu
1557 2833 1609 2869 es
1638 2816 1868 2869 Ciristus
1890 2813 2059 2868 Filius

478 2915 577 2967 Dei
606 2914 820 2981 (Ibid).
863 2913 915 2967 ln
965 2914 1206 2981 utrisque
1243 2912 1408 2966 libera
1452 2910 1549 2966 fuit
1592 2910 1869 2972 voluntas,
1917 2917 1971 2962 et
2006 2908 2059 2963 in

476 3006 581 3059 illis
610 3015 666 3060 ut
695 3008 895 3059 inarata
922 3016 1105 3058 mente
1132 3004 1506 3066 discederent;
1536 3010 1587 3056 et
1618 3002 1668 3055 in
1692 3000 1830 3066 istis,
1858 3009 1911 3055 ut
1937 3015 2057 3055 cum

480 3096 723 3148 libertate
752 3096 870 3149 fidei
901 3103 1299 3163 permanerent.

1050 3182 1273 3239 CAPUT
1308 3184 1493 3237 XVIII.

481 3274 667 3330 Contra
704 3275 801 3328 hoc
843 3274 979 3341 quod
1018 3273 1214 3336 dicunt,
1260 3275 1379 3341 quia
1427 3272 1517 3325 Dei
1571 3272 1813 3326 vio.’entia
1858 3272 2063 3326 induret

718 3343 970 3398 hominem
1002 3360 1064 3397 ne
1102 3344 1270 3399 venire
1293 3343 1455 3397 valeat
1485 3346 1553 3395 ad
1578 3344 1819 3397 salutem.

551 3455 607 3513 Si
639 3460 773 3527 ipse,
800 3465 859 3511 ut
879 3457 1228 3527 blaSphemus
1256 3457 1390 3523 vult,
1416 3457 1662 3525 obdurat,
1693 3458 1960 3528 quomodo
1992 3460 2067 3514 ait

482 3550 535 3604 in
556 3555 764 3619 psalmo
791 3567 805 3603 :
829 3549 1001 3603 Hodie
1022 3551 1066 3603 si
1091 3565 1257 3604 vocem
1279 3550 1389 3618 ejus
1414 3550 1698 3614 audieritis,
1730 3550 1883 3603 nolite
1906 3550 2067 3602 obdu-

481 3657 596 3694 rare
619 3646 779 3695 corda
815 3651 978 3694 vestra
1009 3639 1179 3709 (Psal.
1212 3641 1391 3710 XCIV)?
1419 3641 1480 3694 Et
1509 3642 1698 3695 iterum
1726 3659 1739 3693 :
1773 3641 2067 3696 Secundum

482 3732 719 3785 duritiam
748 3741 917 3785 autem
938 3739 1078 3784 tuam
1100 3743 1144 3785 et
1173 3732 1491 3801 impaenitens
1512 3748 1616 3799 cor,
1644 3734 1954 3786 thesaurizas
1977 3734 2067 3786 tibi

483 3823 613 3873 iram
629 3838 681 3874 tn
698 3821 1079 3889 dieirte(Rom.
1114 3822 1199 3892 ll).
1224 3822 1352 3877 Item
1385 3822 1435 3875 in
1460 3822 1686 3877 .Ieremia
1714 3840 1726 3873 :
1761 3821 2065 3876 Percussisti

484 3927 568 3963 eos
587 3952 601 3974 ,
635 3921 680 3963 et
705 3927 806 3964 non
829 3912 1139 3976 doluerunt;
1163 3914 1397 3967 attrivisti
1422 3931 1524 3977 eos,
1556 3925 1604 3967 et
1624 3924 1898 3968 renuerunt
1929 3915 2066 3967 acci-

490 4022 600 4072 pere
624 4006 989 4074 disciplinam;
1030 4007 1394 4061 induraverstnt
1431 4010 1585 4079 facies
1630 4025 1750 4063 suas
1776 4024 1933 4077 supra
1977 4024 2064 4077 pe-

485 4109 637 4163 tram,
668 4107 715 4150 et
737 4098 945 4151 noluere
962 4099 1140 4152 reverti
1169 4099 1383 4167 (Jerem.
1409 4099 1487 4167 v).
1518 4100 1705 4154 Adhuc
1730 4115 1943 4154 causam
1969 4102 2064 4154 ob-

482 4188 780 4243 tlnrationis
809 4190 1057 4252 adverte,
1102 4192 1393 4245 secundum
1423 4191 1741 4244 sententiam
1770 4191 2063 4261 sapientis-

481 4282 602 4335 simi
650 4280 969 4345 Silomonis,
1020 4282 1108 4350 qui
1156 4281 1284 4335 dicit
1322 4298 1335 4334 :
1390 4280 1587 4348 Impius
1630 4298 1742 4334 cum
1790 4284 1977 4336 venerit
2007 4285 2060 4337 in

483 4372 794 4443 profundum
821 4372 1091 4435 malorum,
1134 4372 1407 4425 contemnit
1433 4370 1614 4441 (Prov.
1646 4372 1795 4442 xvm)
1815 4415 1830 4439 ,
1880 4374 1928 4427 id
1955 4383 2056 4439 est,

482 4463 550 4517 de
594 4464 905 4518 assiduitate
951 4462 1201 4532 peccandi
1241 4461 1545 4533 desperaio
1593 4463 1854 4527 nascitur;
1889 4464 2056 4517 ohdu.

482 4556 619 4608 ratio
649 4570 775 4609 vero
814 4572 877 4609 ex
908 4555 1281 4625 desperatione
1308 4562 1613 4622 generatur.
1646 4553 1778 4607 Dum
1819 4554 1946 4608 dicit
1968 4553 2059 4607 .le-

482 4646 676 4698 remias
707 4664 718 4699 :
752 4646 1040 4699 Nolueruut
1068 4648 1265 4699 reverti.
1300 4646 1461 4700 Vides
1485 4646 1604 4714 quia
1628 4646 1911 4700 obduratio
1943 4662 2061 4701 cor-

481 4738 565 4793 dis
608 4739 810 4791 crimen
854 4749 937 4793 est
974 4743 1199 4808 pr0priae
1232 4742 1553 4795 voluntatis?
1590 4741 1940 4807 Inhonestus,
1969 4758 2062 4795 cu-

481 4831 636 4903 pidus
670 4841 724 4886 et
755 4844 1005 4884 cruentus
1028 4873 1041 4895 ,
1082 4842 1137 4885 et
1159 4834 1440 4901 cuju~libet
1467 4834 1713 4887 facinoris
1758 4847 1974 4897 servus,
2009 4834 2054 4886 si

481 4923 711 4991 peccatis
761 4937 864 4976 non
915 4924 1217 4977 reluctetur.
1270 4924 1555 4979 Videamus
1598 4926 1737 4979 unde
1776 4927 2056 4981 obduratio

481 5014 576 5066 ista
600 5024 862 5069 nascatur.
897 5012 1011 5067 Non
1041 5014 1222 5083 utique
1248 5015 1495 5069 violentia
1528 5016 1925 5086 compellentis,
1962 5016 2055 5070 sed

481 5105 762 5159 clementia
795 5105 1080 5159 relaxantis
1123 5106 1490 5161 obdurationis
1518 5109 1730 5163 occasio
1759 5118 1861 5163 cst.
1893 5108 2055 5162 Dum-

482 5212 584 5266 que
609 5197 673 5250 ad
703 5198 1062 5265 ptenitentiam
1091 5200 1320 5253 sustinet
1354 5198 1757 5269 delinquentem
1804 5199 2052 5269 infatiga-

483 5289 602 5342 bilis
628 5289 868 5351 bouitas,
899 5289 1130 5343 abutitur
1165 5290 1533 5345 benevolentia
1564 5290 1885 5345 remittentis
1913 5290 2054 5344 elata

483 5379 761 5435 securitas.
780 5379 902 5435 ldeo
912 5380 985 5434 ait
996 5380 1181 5434 beatus
1193 5379 1477 5449 Apostolus
1494 5381 1591 5434 :An
1606 5382 1806 5435 divitias
1820 5381 2055 5435 bonitatis

483 5471 613 5539 ejus,
644 5480 690 5525 et
720 5471 995 5538 patientia,
1016 5478 1061 5524 et
1084 5470 1482 5540 longanimitatis
1506 5471 1816 5524 contemnis?
1846 5469 2061 5540 Ignoras

483 5562 721 5630 quoniam
751 5562 1028 5634 benignitas
1058 5560 1153 5616 Dei
1167 5562 1233 5615 ad
1261 5562 1604 5631 paenitentiam
1628 5571 1673 5615 te
1693 5562 1939 5616 adducit?
1960 5563 2054 5616 Se-

483 5655 709 5708 cundum
731 5656 971 5710 duritiam
1001 5666 1169 5711 autem
1203 5664 1343 5710 tuam
1387 5663 1435 5709 et
1463 5671 1549 5708 cor
1573 5656 1911 5726 iMpoenitens,
1944 5654 2054 5707 tite-

486 5744 713 5797 saurims
737 5747 823 5798 tibi
845 5749 976 5802 iram
998 5750 1050 5803 in
1073 5750 1156 5802 die
1180 5748 1272 5803 irte
1310 5756 1356 5802 et
1378 5747 1699 5802 reuelationis
1717 5748 1848 5818 justi
1860 5745 2055 5817 judicii

2086 4505 2141 4566 Ι)

2146 502 2269 554 dum
2296 502 2543 554 duritiam
2562 508 2703 553 tuam
2725 510 2770 552 et
2783 516 2870 552 cor
2891 500 3227 567 impaenitens,
3248 516 3353 553 non
3375 501 3508 565 Deo,
3525 501 3621 555 sed
3644 503 3735 556 ho-

2148 597 2276 648 mini
2306 596 2516 663 culpam
2539 592 2895 648 indurationis
2916 593 3095 646 cordis
3117 594 3337 647 ascribit
3374 592 3630 663 Ignoras,
3656 595 3731 648 in-

2148 688 2279 757 quit,
2294 690 2534 756 quoniam
2556 688 2838 757 benignitas
2863 685 2956 737 Dei
2968 687 3036 739 ad
3053 688 3399 753 paenitentiam
3423 697 3470 739 te
3485 688 3737 741 adducit?

2151 780 2443 835 Secundam
2467 782 2708 834 duritiam
2729 788 2897 832 autem
2918 788 3057 831 tuam
3080 788 3128 830 et
3157 779 3475 847 impwnitens
3508 795 3600 831 cor
3629 780 3735 832 tlte-

2149 876 2378 928 saurisas
2399 874 2486 927 tibi
2508 874 2635 927 iram
2664 874 2714 926 in
2739 873 2819 926 die
2844 874 2935 925 ira:
2972 882 3018 925 et
3051 873 3372 925 reuelationis
3393 873 3526 941 justi
3546 874 3735 944 judicii

2154 964 2269 1019 Dei.
2292 970 2540 1040 Agnosco
2559 964 2681 1033 quia
2723 978 2828 1016 non
2860 963 3147 1016 austeritas
3182 962 3270 1015 Dei
3319 962 3529 1015 indurat
3577 963 3737 1015 corda

2152 1056 2433 1116 malorum,
2469 1056 2562 1108 sed
2592 1054 2822 1109 bouit-ts.
2848 1055 2977 1107 Nam
3007 1056 3127 1121 quia
3154 1053 3558 1107 tribulationum
3584 1054 3737 1108 labo-

2152 1147 2299 1201 ribus
2328 1162 2391 1199 ac
2421 1146 2646 1214 ﬂagellis
2676 1162 2771 1213 pro
2813 1145 2904 1199 Dei
2951 1145 3206 1213 patientia
3240 1161 3343 1199 non
3389 1146 3698 1214 afﬂiguntur
3721 1188 3739 1209 ,

2154 1239 2276 1294 ideo
2312 1238 2562 1307 superbia
2592 1236 2976 1305 depravantur.
3021 1236 3175 1303 Quod
3205 1236 3274 1289 ita
3318 1250 3437 1290 esse
3459 1236 3742 1291 evidenter

2154 1340 2209 1387 et
2238 1329 2501 1399 Propheta
2524 1339 2912 1383 commemorat
2939 1329 3123 1383 dicens
3147 1346 3159 1381 :
3188 1327 3252 1382 In
3278 1329 3453 1382 labore
3476 1330 3739 1382 hominum

2156 1440 2257 1476 non
2293 1433 2431 1486 sunt,
2461 1432 2506 1476 et
2554 1439 2667 1476 cum
2703 1422 2991 1476 hominibus
3035 1439 3138 1475 non
3163 1423 3583 1492 ﬂagellabuntur,
3626 1422 3743 1475 ideo

2158 1516 2315 1569 tenuit
2342 1531 2428 1569 eos
2454 1515 2693 1585 superbia
2725 1513 2895 1583 (Psal.
2934 1515 3098 1584 Lxxn)
3132 1528 3337 1567 eorum.
3386 1516 3463 1568 Ac
3507 1516 3586 1569 sic
3613 1514 3740 1567 dum

2158 1620 2313 1675 poma
2335 1606 2385 1660 in
2410 1605 2668 1674 judicium
2702 1615 3028 1668 reservatur,
3055 1607 3288 1675 dumque
3314 1605 3380 1659 ad
3407 1607 3599 1661 emend
3623 1606 3743 1660 itio-

2160 1713 2280 1750 nem
2327 1706 2583 1766 provocat
2632 1696 2840 1749 Domini
2887 1696 3289 1763 longanimitas,
3339 1696 3389 1748 in
3422 1712 3580 1750 servo
3608 1713 3742 1751 con-

2090 1772 2133 1831 Β
2163 1800 2417 1859 templum
2444 1790 2610 1843 nutrit
2637 1790 2941 1860 impunitas.
2962 1789 3062 1853 Qui
3091 1789 3281 1855 reddit,
3318 1790 3508 1857 inquit,
3540 1791 3744 1843 unicui-

2161 1900 2257 1953 que
2276 1883 2555 1937 secundum
2576 1898 2731 1951 Opera
2755 1897 2849 1934 sua
2869 1879 3047 1951 (Rom.
3082 1879 3352 1949 tt).\Certe
3381 1893 3485 1933 non
3520 1880 3748 1945 imponit

2164 1976 2302 2030 Deus
2341 1974 2538 2029 homini
2582 1972 2873 2028 secundum
2918 1971 3309 2041 prtescientiam
3357 1973 3614 2039 peccandi
3653 1988 3747 2027 ne-

2161 2066 2486 2127 cessitatem,
2512 2082 2539 2118 a
2567 2081 2672 2134 quo
2698 2064 2988 2119 secundum
3013 2078 3173 2132 opera
3190 2078 3282 2117 sua
3306 2064 3500 2133 legitur
3526 2074 3748 2118 exactu-

2162 2176 2252 2214 rus
2282 2174 2402 2213 esse
2432 2159 2714 2211 rationem.
2750 2155 2993 2221 Peccavi,
3019 2156 3191 2226 inquit
3228 2155 3508 2225 propheta,
3536 2166 3586 2210 et
3616 2158 3741 2225 quid

2161 2251 2346 2304 accidit
2376 2250 2500 2303 milii
2527 2250 2667 2303 triste
2690 2246 2878 2317 (Ercfi.
2905 2251 2990 2317 ην
3026 2248 3127 2302 hoc
3156 2258 3238 2303 est
3266 2250 3446 2304 dicere
3478 2266 3491 2301 :
3523 2249 3743 2303 Certum

2164 2351 2245 2396 est
2260 2344 2419 2397 Deum
2440 2342 2646 2396 nescire
2665 2350 2900 2409 peccata,
2918 2341 3005 2409 qui
3026 2356 3127 2393 non
3148 2342 3409 2395 accelerat
3426 2356 3524 2409 pro
3544 2340 3745 2394 ultione

2162 2434 2439 2502 supplicia.
2470 2433 2535 2486 Et
2556 2434 2747 2487 iterum
2774 2431 2943 2485 :Dicit
2968 2433 3103 2484 enim
3130 2434 3181 2485 in
3205 2433 3357 2485 corde
3376 2449 3472 2485 suo
3498 2449 3516 2484 :
3544 2431 3746 2485 Oblitus

2164 2537 2234 2582 est
2269 2528 2427 2590 Deus,
2454 2528 2631 2580 avertit
2647 2528 2826 2595 facient
2850 2543 3093 2589 suam,ne
3122 2526 3286 2579 rideat
3309 2543 3465 2596 usque
3490 2527 3544 2579 in
3564 2527 3741 2594 ﬁnem.

2166 2622 2296 2675 Dum
2327 2635 2453 2689 ergo
2493 2619 2620 2674 dicit
2650 2620 2833 2673 oblitus
2869 2630 2942 2672 est
2971 2617 3109 2672 Deus
3151 2616 3268 2690 (Ps.
3302 2620 3400 2689 is),
3432 2620 3743 2685 patientiam

2164 2714 2502 2778 remittentis,
2530 2711 2900 2781 negligentiam
2926 2710 3128 2779 judicat
3158 2712 3468 2779 ignorantis,
3500 2720 3552 2764 et
3593 2711 3742 2763 arbi—

2165 2815 2333 2860 tratur
2348 2804 2588 2869 oblitum,
2605 2803 2742 2872 quod
2762 2803 3128 2872 magnanimus
3149 2802 3485 2871 dispensator
3503 2814 3745 2856 reservat

2164 2900 2216 2953 in
2250 2906 2540 2966 posterum.
2576 2896 2691 2963 Quo
2713 2911 2909 2965 genere
2936 2904 3262 2951 metuentem
3304 2894 3599 2948 admonitio
3648 2894 3745 2947 Dei

2163 2991 2471 3060 castigantis
2514 2991 2803 3054 emendat,
2858 2998 3287 3044 contemnentem
3337 2988 3504 3057 magis
3553 2988 3747 3042 lenitas

2166 3084 2494 3138 moderantis
2522 3083 2768 3150 obdurat,
2801 3089 2859 3136 ut
2903 3091 3049 3150 putet
3074 3080 3143 3137 de
3186 3081 3295 3135 Deo
3342 3080 3553 3149 impius,
3599 3079 3745 3149 qiiod

2165 3191 2335 3246 usque
2383 3176 2434 3229 in
2479 3176 2637 3231 linem
2669 3175 2963 3245 ignorantia
3012 3173 3331 3227 obscurante
3384 3187 3488 3227 non
3543 3171 3743 3230 videat,

2165 3268 2419 3338 quidquid
2451 3268 2514 3321 ad
2544 3282 2782 3336 praesens
2809 3264 3177 3320 benevolentia
3220 3264 3533 3318 sustinentis
3553 3266 3745 3331 punfre

2165 3360 2483 3415 dissimulat.
2532 3360 2601 3417 Et
2635 3374 2757 3413 cum
2800 3359 3053 3427 probetur
3092 3358 3158 3410 ab
3188 3356 3476 3410 insultante
3502 3365 3745 3409 conteru-

2168 3467 2307 3523 ptus,
2335 3452 2738 3506 obdurationem
2766 3458 2983 3518 putatur
3003 3458 3271 3517 operatus.
3294 3447 3423 3501 Dum
3443 3448 3583 3501 enim
3612 3448 3746 3499 iram

2168 3547 2305 3600 in'er
2326 3544 2718 3598 crebrescentia
2744 3552 2959 3612 peccata
2977 3540 3273 3610 suspendit,
3301 3550 3639 3609 peceatorem
3666 3540 3747 3593 in-

2165 3635 2362 3691 sultare
2404 3634 2679 3704 permittit.

2746 3725 2973 3781 CAPUT
3014 3724 3131 3780 XIX

2167 3821 2358 3877 Contra
2385 3821 2477 3875 hoc
2498 3820 2634 3889 quod
2653 3819 2850 3880 dicunt,
2870 3818 3119 3889 Homines
3146 3817 3406 3871 voluntate
3440 3813 3539 3868 Dei
3566 3816 3745 3881 impel-

2397 3893 2405 3901 ’
2512 3888 2517 3889 ⁷
2857 3888 3054 3941 lantur.

2237 4005 2294 4062 Si
2324 4016 2497 4060 autem
2525 4048 2540 4073 ,
2583 4014 2640 4057 ut
2666 4002 2794 4059 dicit
2827 4002 3141 4067 haereticus,
3172 4016 3267 4072 per
3288 4002 3616 4055 voluntatem
3650 3999 3746 4054 Dei

2168 4098 2450 4153 trahuntur
2493 4096 2736 4151 homines
2772 4096 2824 4149 in
2872 4095 3250 4165 perditionem,
3282 4094 3553 4162 quomodo
3582 4093 3638 4147 in
3669 4094 3746 4147 le-

2164 4190 2343 4246 ctione
2373 4188 2578 4257 Regum
2628 4187 2819 4243 mulier
2862 4188 3097 4257 loquitur
3131 4186 3194 4239 ad
3238 4183 3441 4239 David?
3470 4183 3583 4237 Nec
3611 4184 3739 4244 vult,

2166 4281 2374 4350 inquit,
2404 4280 2537 4333 Deus
2580 4282 2747 4350 perire
2772 4280 2995 4332 animam
3013 4321 3027 4343 ,
3052 4278 3140 4332 sed
3168 4288 3405 4331 retractat
3428 4278 3660 4347 cogitans
3687 4294 3748 4331 ne

2166 4376 2361 4442 penitus
2409 4382 2576 4443 pereat
2603 4372 2690 4442 qui
2736 4372 2963 4441 abiectus
2988 4381 3060 4425 est
3092 4368 3177 4439 (Il
3203 4371 3325 4438 Reg.
3368 4369 3495 4437 xw).
3534 4369 3661 4422 Item
3693 4377 3747 4421 ct

2168 4466 2415 4522 Ezechiel
2464 4466 2564 4521 sub
2610 4466 2787 4521 verbis
2820 4465 2909 4519 Dei
2955 4466 3022 4519 ita
3055 4464 3304 4518 disserit:
3361 4461 3531 4515 Multo
3575 4461 3747 4514 labore

2164 4560 2401 4614 sudatum
2429 4568 2506 4612 est
2532 4600 2547 4624 ,
2574 4568 2622 4611 et
2652 4575 2753 4612 non
2780 4559 2900 4611 exiit
2922 4559 2983 4611 ab
3012 4574 3070 4610 ea
3098 4557 3253 4609 nimia
3278 4556 3460 4626 rubigo
3486 4557 3631 4625 ejus,
3661 4573 3747 4608 ne-

2165 4642 2261 4717 que
2288 4666 2377 4719 per
2398 4650 2566 4719 ignem
2596 4649 2924 4703 immunditia
2953 4658 3039 4701 tua
3068 4646 3392 4703 exsecrabilis
3410 4663 3429 4701 :
3451 4649 3573 4716 quia
3598 4664 3749 4699 mun-

2166 4742 2291 4794 dare
2314 4751 2359 4796 te
2387 4742 2545 4805 volui,
2572 4752 2617 4795 et
2641 4758 2739 4795 non
2770 4758 2819 4795 es
2844 4740 3092 4793 mundata
3114 4756 3144 4792 a
3171 4738 3405 4793 sordibus
3438 4739 3540 4790 tuis
3566 4737 3747 4806 (Ezéc.

2165 4832 2334 4901 μιν).
2370 4832 2507 4886 Ecce
2533 4832 2672 4885 Deus
2698 4831 2967 4885 hominem
2998 4845 3103 4884 non
3133 4829 3303 4884 solum
3334 4828 3531 4881 salvari
3560 4837 3742 4895 Optat,

2165 4924 2258 4979 sed
2291 4940 2386 4995 pro
2415 4924 2532 4994 ejus
2564 4925 2877 4994 purgatione
2902 4923 3068 4977 multo
3090 4922 3273 4976 labore
3300 4920 3550 4975 desudat.
3578 4921 3745 4974 Porro

2166 5031 2261 5086 pro
2292 5018 2496 5073 ratione
2535 5017 2755 5087 justititn
2787 5032 2879 5084 per
2916 5032 2975 5071 se
3019 5016 3267 5071 en‘ectum
3319 5014 3588 5069 medentis
3620 5030 3749 5068 cura

2167 5124 2271 5163 non
2304 5112 2526 5179 peragit,
2560 5111 2679 5178 quia
2714 5109 3039 5163 voluntatem
3064 5109 3179 5177 ejus
3209 5108 3297 5177 qui
3330 5115 3411 5161 est
3442 5108 3749 5177 purgandus

2165 5210 2459 5268 exspectat.
2494 5200 2644 5265 Item,
2674 5201 2857 5270 defecit
2898 5199 3248 5270 sttﬂlalorium,
3284 5199 3478 5267 [rustra
3509 5199 3749 5263 conﬂavit

2165 5290 2388 5359 suﬁlator
2431 5306 2449 5343 :
2480 5292 2687 5345 malitia:
2724 5292 2859 5343 enim
2890 5300 3067 5344 vestrm
3105 5306 3207 5342 non
3246 5297 3361 5341 sunt
3408 5295 3748 5351 consumptm.

2168 5383 2298 5436 Dum
2318 5382 2470 5435 audis
2486 5382 2854 5447 sulllatorium,
2875 5382 2958 5435 vel
2988 5380 3294 5436 conﬂatoris
3315 5378 3576 5440 ofﬁcium,
3596 5375 3750 5429 intel-

2166 5474 2267 5544 lige
2297 5490 2484 5542 purum
2509 5474 2778 5528 metallum
2808 5472 3103 5528 adulterina
3138 5472 3495 5539 permixtione
3525 5481 3749 5535 corrup-

2166 5574 2290 5626 tum,
2316 5577 2362 5619 et
2386 5582 2413 5619 c
2431 5566 2658 5618 naturali
2680 5565 2988 5619 sinceritate
3006 5565 3270 5618 vitiatum.
3290 5563 3342 5616 Si
3364 5561 3525 5614 homo
3543 5561 3591 5613 in
3614 5571 3749 5609 mor-

2166 5668 2270 5711 tem
2288 5657 2519 5727 impulsu
2539 5671 2635 5711 suo
2658 5672 2719 5710 ac
2738 5657 3007 5711 voluntate
3039 5654 3131 5709 Dei
3159 5654 3353 5724 agitur,
3375 5668 3474 5706 cur
3502 5652 3621 5706 item
3650 5648 3755 5702 sub

2166 5746 2754 5839 Ezccttieleitnputans,
2792 5756 2844 5839 et
2875 5747 3020 5803 velut
3047 5744 3235 5804 dolens
3263 5745 3536 5837 laquitur:
3575 5738 3754 5809 Quare
