4002 6188
356 290 457 345 815

1446 289 1530 342 DE
1570 287 1821 343 GRATIA
1862 286 2006 351 DEI,
2048 283 2224 354 ETC.,
2265 286 2390 341 LIB.
2433 286 2496 345 ll.

3511 284 3615 341 8η

355 401 666 463 moriemini,
689 408 872 454 domus
898 400 1350 471 Israel;quouiim
1378 405 1495 457 nolo
1530 417 1740 458 mortem
1761 404 1926 473 impii,
1957 407 2011 465 Α
2037 401 2275 469 homini,
2307 400 2400 456 sed
2431 414 2751 456 consensum
2797 400 3031 456 hominis
3077 401 3335 457 voluntati
3384 418 3494 457 sua:
3518 406 3614 457 de—
3650 438 3660 495 Ι

354 492 475 546 dicit
513 490 799 545 Dominus?
828 492 1153 546 Revertimini
1196 504 1242 547 et
1280 494 1421 547 vivite
1467 494 1681 566 (Ezech.
1717 496 1929 565 xxxtu).

358 584 422 637 Et
446 582 715 650 quomodo
734 596 827 636 eos
848 582 901 635 in
925 593 1171 646 mortem,
1189 593 1249 637 ut
1282 585 1647 653 blasphemas,
1683 587 1932 653 impellit,

354 685 488 740 quos
504 671 569 724 ad
583 674 741 724 vitam
758 686 862 725 non
876 672 1048 725 solum
1072 673 1469 741 nutujubentis,
1486 676 1577 729 sed
1596 675 1789 730 affectu
1809 690 1935 740 sup-

354 761 605 831 plicantis
644 760 852 814 invitat.
888 761 1053 817 Item:
1087 761 1206 815 Vivo
1222 780 1333 835 ego,
1363 764 1487 817 dicit
1512 765 1793 831 Dominus;
1814 766 1933 818 nolo

353 859 560 902 mortem
577 850 743 919 impii,
759 851 846 903 sed
872 860 928 904 ut
945 855 1417 924 revertaturimpius
1438 872 1468 906 a
1484 856 1562 908 via
1585 873 1699 921 sua,
1728 867 1775 910 et
1801 858 1935 910 vivat

354 939 541 1009 (Num.
562 941 691 1007 xiv).
710 940 957 995 Reditum
980 942 1109 996 sein
1130 952 1392 1009 potestate
1406 943 1602 999 habere
1620 955 1929 1015 cognoscat,

352 1033 487 1101 quia
505 1033 732 1087 Domino
755 1042 1075 1101 provocatur
1104 1044 1157 1087 ut
1185 1036 1389 1090 redeat.
1404 1036 1529 1090 Vivo
1556 1054 1669 1106 ego,
1686 1040 1806 1091 dicit
1831 1038 1933 1092 Do-

354 1125 543 1177 minus.
578 1124 655 1177 Ne
680 1122 747 1178 de
779 1122 1103 1192 indulgentia
1126 1125 1669 1196 reusdubitat,judex
1694 1128 1931 1184 clemen-

354 1217 476 1267 tiam
503 1228 653 1267 suam
696 1213 859 1268 etiam
898 1214 1124 1280 quadam
1156 1219 1475 1270 sacramenti
1528 1218 1932 1286 interpositione

352 1303 650 1358 conﬁrmat.
684 1304 790 1359 Sed
821 1313 875 1358 et
906 1320 999 1373 per
1028 1306 1252 1374 apostoli
1301 1306 1439 1361 l’etri
1470 1310 1790 1363 sententiam
1833 1325 1927 1365 vo-

352 1396 527 1449 luntas
558 1395 923 1464 benignissimi
976 1395 1279 1450 insinuatur
1331 1400 1550 1454 actoris.
1585 1399 1706 1453 Non
1738 1402 1929 1466 tardat,

354 1486 543 1553 inquit,
578 1484 826 1539 Dominus
873 1487 1175 1557 promissum
1222 1505 1398 1555 suum,
1433 1490 1522 1543 sed
1547 1493 1796 1559 patienter
1825 1493 1931 1562 agit

353 1586 558 1645 propter
581 1593 689 1640 vos,
710 1578 886 1631 nolens
915 1578 1117 1647 aliquos
1155 1582 1339 1647 perire,
1371 1582 1459 1634 sed
1486 1583 1555 1635 ad
1588 1585 1929 1650 paenitentiam

353 1669 531 1722 rererti
560 1666 647 1739 (Il
676 1668 793 1722 Pet.
839 1677 937 1737 ιιι).
980 1671 1223 1726 l’eccanti
1272 1673 1533 1743 ingeritur
1589 1678 1927 1744 paenitentia,

2040 492 2204 546 fuisse
2233 490 2570 544 monstravit.
2601 488 2737 556 Quid
2770 492 2960 545 mirum
2985 492 3029 547 si
3058 507 3156 562 pro
3185 493 3357 548 salute
3383 493 3615 550 hominis

2041 582 2309 651 lacrymas
2343 580 2496 646 fudit,
2530 595 2651 635 mox
2678 584 2991 651 sanguinem
3017 584 3330 652 profusurus
3354 586 3377 640 ‘l
3406 585 3534 640 Item
3557 586 3610 640 in

2040 672 2292 727 Matthtno
2326 690 2338 724 :
2371 671 2678 737 Jerusalem,
2720 690 2833 742 qua:
2860 675 3050 728 occidis
3080 676 3373 744 prophetas,
3403 686 3451 730 et
3483 678 3613 741 lapi-

2038 763 2132 815 das
2161 778 2246 816 eos
2267 762 2353 830 qui
2373 762 2441 815 ad
2483 773 2529 815 te
2557 764 2699 816 missi
2745 775 2882 828 sunt,
2910 768 3103 834 quoties
3129 770 3265 821 volui
3302 784 3611 839 congregare

2036 853 2171 920 ﬁlios
2202 862 2316 907 tuos
2346 856 2477 908 sicut
2504 854 2699 926 gallina
2730 865 3001 926 congregat
3025 858 3189 923 pullos
3228 875 3347 914 suos
3376 861 3466 913 sub
3499 862 3611 913 alas

2034 962 2189 1011 suas,
2223 956 2267 998 et
2304 947 2560 1001 noluisti?
2584 948 2723 999 Duas
2775 963 2858 1001 res
2891 948 2975 1002 hic
3014 949 3123 1018 agit
3160 962 3337 1002 sermo
3377 950 3607 1004 divinus.

2035 1037 2165 1091 Nam
2199 1039 2322 1092 dum
2355 1039 2521 1093 dicit:
2561 1040 2769 1105 Quoties
2806 1038 2979 1103 volui,
3032 1051 3078 1094 et
3126 1042 3351 1103 noluisti,
3400 1042 3451 1095 in
3504 1043 3611 1097 Deo

2036 1128 2292 1196 propositi
2318 1128 2550 1192 bonitas,
2585 1130 2635 1181 in
2663 1129 2873 1182 homine
2904 1130 3109 1183 arbitrii
3145 1140 3229 1185 est
3267 1146 3520 1200 expressa
3548 1132 3612 1185 li-

2034 1220 2230 1273 bertas.
2256 1220 2491 1274 Dicendo
2522 1229 2698 1274 autem
2744 1236 2758 1274 ε
2791 1217 3099 1286 Jerusalem,
3122 1237 3236 1290 qure
3278 1222 3468 1276 occidis
3494 1238 3613 1291 pro-

2034 1311 2235 1379 phetas,
2266 1324 2309 1363 et
2333 1311 2535 1380 lepidus
2565 1328 2646 1364 eos
2672 1312 2757 1381 qui
2782 1312 2849 1364 ad
2880 1319 2927 1365 te
2965 1313 3107 1366 missi
3148 1322 3285 1377 sunt,
3318 1315 3527 1369 salvare
3550 1330 3610 1369 se

2032 1415 2126 1454 cos
2156 1402 2387 1455 voluisse
2406 1402 2733 1469 pronuntiat,
2766 1415 2887 1454 cum
2920 1401 3195 1456 evidenter
3218 1403 3454 1471 proferat
3484 1420 3608 1459 cau-

2035 1505 2121 1543 sa;
2153 1506 2246 1558 per
2276 1505 2408 1557 quas
2438 1492 2662 1545 salutem
2693 1491 2770 1544 eis
2801 1505 2996 1560 negare
3043 1492 3305 1547 debuerit.
3354 1494 3462 1548 lluc
3491 1495 3608 1549 loco

2032 1581 2231 1649 dllpllti
2281 1597 2399 1650 geni
2419 1597 2477 1636 re
2530 1584 2581 1635 in
2633 1596 2788 1637 servo
2834 1581 3084 1651 iniquitas
3134 1594 3370 1638 cruentae
3416 1587 3607 1638 mentis

2031 1672 2352 1727 ostenditur.
2390 1672 2445 1726 in
2477 1673 2706 1728 Domino
2737 1672 3064 1743 indulgentia
3096 1675 3491 1746 benignissimae
3516 1692 3608 1732 vo-

352 1769 409 1813 ut
437 1760 491 1812 in
534 1760 855 1814 conferenda
890 1761 1253 1817 misericordia
1303 1764 1478 1819 locum
1527 1768 1695 1834 possit
1736 1768 1931 1825 habere
1961 1774 2007 1833 B
2037 1765 2258 1819 luutatiS
2288 1765 2549 1833 aperitur.
2576 1765 2631 1820 Si
2660 1764 2800 1821 Deus
2830 1769 3001 1836 perire
3024 1767 3134 1821 vult
3162 1768 3451 1833 hominem,
3475 1784 3607 1837 quo-

350 1851 573 1919 justitia.
628 1850 735 1905 Sed
783 1853 1067 1922 patienter,
1100 1852 1306 1923 inquit,
1353 1857 1457 1927 agit
1501 1859 1926 1915 emendationem

365 1943 628 2008 hominis,
661 1942 783 2011 quia
831 1943 1167 2013 impatienter
1204 1943 1502 2016 desiderat,
1543 1951 1808 2018 patienter
1838 1969 1931 2007 ex-

354 2043 583 2101 spectat.
611 2034 744 2111 ltem
775 2036 1066 2090 secundum
1095 2037 1290 2091 Lucam
1317 2055 1331 2094 ε
1357 2039 1424 2093 Et
1455 2051 1509 2094 ut
1547 2046 1925 2113 apprOpinqua-

355 2128 445 2189 vit,
475 2126 652 2180 videns
680 2127 951 2192 civitatem,
992 2130 1131 2196 ﬂevit
1169 2146 1324 2199 super
1373 2132 1516 2185 illam
1562 2134 1735 2188 dicens
1757 2149 1778 2189 :
1811 2135 1932 2190 Non

348 2217 628 2285 relinquent
652 2219 705 2271 in
752 2227 798 2272 te
826 2220 1050 2286 lapidem
1084 2238 1235 2290 super
1275 2223 1534 2290 lapidem,
1570 2240 1627 2277 eo
1656 2225 1793 2295 quod
1825 2243 1927 2279 non

349 2309 641 2378 ragnoveris
664 2318 862 2377 tempus
883 2310 1188 2364 uisitationis
1212 2321 1311 2365 tua:
1343 2312 1491 2383 (Luc.
1521 2315 1653 2386 xix).
1680 2314 1775 2369 Hic
1800 2331 1929 2369 con-

348 2399 640 2469 stringendi
663 2409 787 2455 sunt
816 2400 1071 2456 haeretici.
1108 2404 1165 2459 Si
1197 2403 1454 2461 Dominus
1477 2408 1928 2475 pcriturissalutis

347 2492 721 2547 intercluserat
768 2493 1008 2559 aditum,
1073 2510 1200 2564 ergo
1258 2496 1391 2551 falso
1440 2499 1660 2552 istorum
1709 2499 1928 2554 deﬂevit

348 2575 676 2644 exitiumei
703 2598 880 2643 autem
904 2604 1084 2643 eorum
1116 2590 1469 2659 perditionem
1496 2593 1736 2665 vero,(ut
1758 2595 1929 2647 mani-

348 2678 539 2733 festum
571 2677 677 2749 est)
699 2693 933 2734 mcerore
961 2679 1249 2748 perdoluit,
1281 2697 1384 2735 nou
1412 2684 1736 2737 voluntatem
1777 2699 1923 2737 suam

2032 1856 2192 1910 modo
2220 1856 2349 1910 dicit
2394 1856 2555 1910 etiam
2589 1859 2847 1925 prapheta
2882 1857 3171 1912 Michwas:
3202 1858 3450 1912 Indicabo
3494 1858 3603 1922 tibi,

2031 1967 2060 2002 o
2087 1950 2264 2016 homo,
2293 1950 2416 2013 quid
2455 1951 2521 2004 s’t
2564 1949 2748 2003 bonum
2777 1960 2823 2003 et
2862 1950 2985 2017 quid
3028 1950 3276 2004 Dominus
3322 1952 3543 2021 requirat
3574 1970 3605 2003 α

2028 2053 2112 2107 te;
2135 2043 2302 2109 utique
2319 2042 2487 2110 [acere
2505 2041 2788 2112 judicium,
2814 2050 2858 2093 et
2889 2041 3103 2112 diligere
3130 2041 3531 2095 misericordiam
3559 2052 3606 2095 et

2027 2134 2303 2187 sollicitum
2342 2130 2608 2185 ambulare
2649 2147 2764 2184 cum
2807 2130 2913 2185 Deo
2959 2141 3045 2185 tuo
3090 2131 3287 2202 (Mich.
3318 2130 3421 2201 γι).
3471 2133 3603 2187 Dum

2030 2226 2179 2292 dicit,
2213 2234 2259 2278 et
2302 2224 2427 2294 quid
2454 2222 2708 2277 Dominus
2732 2233 2925 2293 quierat
2951 2240 2981 2276 a
3006 2232 3071 2287 te,
3116 2224 3290 2294 utique
3310 2225 3476 2291 facere
3506 2228 3607 2297 juv

2031 2316 2245 2381 dicium,
2270 2322 2572 2384 promptam
2595 2314 2877 2369 exercendi
2907 2313 3034 2367 boni
3075 2315 3253 2383 operis
3274 2316 3603 2369 voluntatem

2033 2422 2139 2462 non
2171 2414 2499 2476 reposceret,
2521 2406 2565 2459 si
2589 2420 2692 2459 non
2716 2405 2975 2460 dedisset.
3007 2404 3166 2458 Vides
3190 2406 3312 2474 quia
3344 2406 3482 2461 sicut
3508 2405 3605 2461 Dei

2033 2509 2115 2554 est
2141 2507 2200 2553 ut
2232 2512 2531 2568 provocans
2556 2496 2891 2560 adhortetur,
2926 2494 2997 2548 ita
3027 2494 3345 2549 obedientia:
3375 2494 3604 2550 hominis

2034 2597 2363 2644 reservatum
2383 2598 2465 2643 CSI.
2494 2596 2548 2641 ut
2575 2596 2848 2655 sequatur.

1250 2874 1723 2984 LIBER
1800 2868 2665 2981 SECUNDUS.

861 3035 1085 3092 CAPUT
1123 3034 1407 3091 PRIMUM.

348 3129 538 3186 Contra
558 3130 651 3184 hoc
670 3128 807 3198 quod
834 3129 986 3196 impie
1011 3139 1240 3181 asserunt
1266 3146 1296 3181 a
1328 3128 1432 3183 Deo
1453 3129 1746 3182 induratum
1769 3130 1925 3197 [uiae

887 3215 975 3252 cor
1006 3198 1319 3252 Pharaonis.

427 3317 522 3371 llic
554 3330 771 3371 sensum
819 3314 1108 3384 Scriptura:
1137 3323 1334 3369 sanctte
1364 3313 1647 3368 sollicitius
1691 3326 1929 3381 perscru-

350 3425 547 3477 temur,
587 3418 641 3464 et
677 3408 975 3478 objicientis
1016 3407 1254 3461 animum
1299 3405 1707 3468 confundamus,
1751 3415 1926 3459 utrum

350 3502 560 3555 Pharao
595 3500 802 3567 volens,
835 3514 904 3554 an
946 3497 1147 3553 invitus
1192 3512 1221 3551 a
1255 3498 1482 3551 Domino
1512 3496 1670 3550 fuerit
1713 3494 1929 3549 indura-

351 3606 457 3648 tus.
486 3593 543 3648 Si
568 3592 785 3659 volens,
814 3591 913 3661 ipsi
949 3590 1131 3659 utique
1160 3589 1372 3657 culpam
1408 3586 1773 3642 obdurationis
1800 3586 1930 3639 assi-

349 3699 515 3755 gnas;
560 3684 608 3739 si
652 3699 779 3740 vero
824 3683 1051 3747 invitus,
1097 3681 1430 3752 iniquitatem
1480 3680 1571 3734 Dei
1616 3677 1928 3733 obdurantis

351 3790 593 3832 accusas.
622 3775 750 3843 Qua:
778 3775 939 3830 etiam
970 3773 1176 3843 justitia
1207 3780 1353 3837 erat,
1387 3772 1430 3825 si
1475 3785 1632 3840 quem
1675 3771 1788 3839 ipse
1828 3769 1926 3824 ob-

347 3868 673 3933 duraverat,
708 3866 824 3937 ipse
848 3865 1095 3936 puniret?
1124 3864 1253 3919 Cum
1285 3878 1413 3918 vero
1439 3862 1695 3918 Dominus
1717 3862 1833 3931 ipse
1861 3860 1927 3915 ad

350 3975 473 4015 eum
500 3960 750 4028 loquatur
772 3966 827 4013 et
850 3957 1027 4011 dicat:
1057 3954 1161 4010 Cur
1187 3971 1293 4009 non
1312 3955 1389 4009 vis
1409 3954 1662 4007 dimittere
1686 3953 1930 4022 populum

349 4054 554 4107 meum?
583 4050 659 4106 vel
686 4067 946 4122 usquequo
972 4066 1077 4102 non
1102 4050 1176 4103 vis
1209 4048 1394 4121 subjici
1419 4048 1540 4101 mihi
1568 4045 1764 4119 (Exod.
1796 4043 1930 4113 vn)?

349 4161 479 4201 ecce
510 4145 596 4199 ubi
639 4143 831 4199 divinis
871 4141 1186 4198 testimoniis
1225 4142 1445 4196 Lberam
1487 4140 1652 4194 fuisse
1701 4139 1753 4192 in
1795 4136 1929 4191 Pha-

350 4249 518 4290 raone
550 4233 889 4303 agnoscimus
924 4232 1273 4288 voluntatem.
1316 4232 1427 4287 llac
1457 4233 1664 4286 ratione
1696 4231 1929 4283 Pharao-

350 4340 507 4392 nem,
540 4324 670 4379 dicit
702 4325 985 4390 Dominus,
1029 4322 1330 4386 obdurabo,
1376 4323 1503 4377 dum
1536 4337 1659 4376 eum
1699 4320 1830 4374 mihi
1876 4319 1927 4372 in

1950 3044 1998 3107 ο
2026 3032 2189 3087 dicit:
2227 3014 2495 3084 obduravit
2536 3046 2623 3083 cor
2660 3045 2840 3095 struat,
2884 3044 2989 3085 non
3037 3031 3305 3099 passivum
3353 3042 3470 3098 est,
3510 3034 3605 3087 sed

2029 3127 2280 3181 activum.
2312 3123 2401 3177 Vis
2429 3123 2567 3177 scire
2593 3122 2715 3191 quia
2745 3122 2921 3176 divina
2970 3122 3338 3177 moderatione
3376 3124 3447 3178 ob
3479 3138 3604 3179 cau-

2030 3233 2142 3273 sam
2184 3217 2444 3272 induratae
2490 3218 2682 3269 mentis
2724 3215 3011 3283 operatur?
3052 3214 3192 3271 Idem
3238 3218 3354 3285 ipse
3397 3216 3605 3271 Pharao

2032 3313 2085 3367 in
2117 3313 2302 3367 decem
2351 3309 2518 3380 plagis
2564 3307 2768 3378 positus
2809 3323 2930 3363 cum
2961 3316 3352 3377 percuteretur,
3393 3309 3607 3379 mitiga-

2032 3406 2217 3469 batur;
2251 3420 2370 3457 cum
2419 3405 2711 3465 laxaretur,
2743 3401 3138 3471 ingravabatur.
3176 3406 3253 3456 Ac
3293 3402 3340 3456 si
3387 3404 3607 3470 impium

2029 3498 2205 3551 divina
2237 3494 2498 3551 severitas
2528 3493 2848 3559 inclinabat,
2876 3494 3086 3548 bonitas
3112 3493 3437 3559 obdurabat,
3466 3504 3519 3550 et
3548 3505 3607 3550 ut

2029 3603 2087 3643 se
2116 3603 2237 3643 esse
2278 3585 2434 3640 liberi
2476 3583 2684 3638 arbitrii
2714 3583 3136 3649 demonstraret,
3179 3585 3470 3654 castigante
3499 3587 3607 3640 Deo

2030 3680 2280 3749 populum
2329 3676 2665 3739 dimittebat,
2706 3686 2957 3744 parcente
2997 3676 3303 3731 revocabat.
3354 3678 3606 3747 Perspice

2030 3769 2295 3840 quomodo
2322 3768 2576 3824 rebellem
2604 3768 2848 3837 spiritum
2874 3768 3109 3824 ctelestis
3139 3770 3327 3825 lenitas
3352 3772 3604 3827 obdurat.

2030 3865 2425 3922 Accedentibus
2472 3864 2772 3919 mitioribus
2827 3872 2883 3917 et
2925 3863 3147 3932 ﬂagellis
3192 3867 3495 3921 recentibus
3524 3867 3607 3920 in-

2030 3956 2269 4012 SOICaCii.
2324 3958 2570 4025 Agnosce
2630 3957 2891 4009 rationem
2948 3954 3350 4024 obdurationis,
3398 3970 3453 4012 et
3500 3960 3606 4013 vim

2031 4047 2259 4117 propria:
2283 4046 2591 4101 voluntatis.
2617 4045 2895 4099 llebrasum
2925 4045 3179 4115 populum
3201 4088 3216 4113 ,
3245 4063 3403 4115 quem
3426 4050 3606 4113 egredi

2030 4153 2127 4209 pro
2163 4138 2409 4207 imposita
2452 4136 2553 4191 sibi
2583 4135 2902 4190 contritione
2940 4149 3081 4189 nunc
3125 4136 3390 4205 praecipit,
3419 4148 3473 4191 et
3511 4153 3606 4207 pro

2030 4227 2302 4299 plagarum
2331 4224 2698 4281 moderatione
2729 4239 2869 4279 nunc
2896 4222 3180 4294 prohibet,
3205 4224 3271 4279 ad
3303 4233 3602 4285 extremum

2032 4320 2458 4375 incumbentibus
2504 4318 2672 4390 plagis
2738 4317 2900 4373 etiam
2966 4316 3186 4372 festinus
3241 4323 3495 4387 perur’get
3550 4330 3607 4375 et

348 4421 537 4474 decem
582 4416 771 4487 plagis,
803 4431 935 4485 quas
964 4430 993 4467 a
1034 4415 1216 4483 Moyse
1251 4424 1502 4468 exoratus
1536 4426 1808 4473 removeo,
1843 4411 1922 4463 in-
1955 4416 2007 4477 Ι)
2031 4412 2185 4466 abire
2221 4410 2513 4479 compellit.
2558 4409 2673 4464 Non
2721 4423 2850 4478 ergo
2886 4405 3162 4462 induratur
3203 4407 3255 4461 in
3297 4408 3464 4463 multa
3510 4409 3604 4464 Dei

349 4512 554 4567 sultare
588 4511 859 4577 permitto.
905 4504 1046 4576 Ego,
1096 4504 1297 4572 inquit,
1342 4502 1603 4557 obdurabo
1646 4518 1734 4554 cor
1770 4500 1924 4559 Pha-

349 4603 544 4657 raonis.
566 4601 656 4656 Sic
682 4597 943 4653 interdum
977 4596 1311 4650 familiariter
1331 4596 1491 4650 etiam
1519 4594 1655 4664 apud
1680 4594 1924 4647 homines

354 4694 508 4763 hujus
536 4690 853 4746 elocutionis
882 4688 990 4742 vim
1018 4688 1359 4749 assumimus,
1387 4687 1465 4740 sic
1496 4684 1761 4739 interdum
1789 4698 1922 4738 con-

353 4783 650 4837 tumacibus
674 4779 889 4833 famulis
925 4780 1306 4847 exprobramus
1336 4776 1793 4831 mansuetudinem
1828 4792 1923 4829 no-

350 4888 537 4938 Stram,
568 4875 638 4926 ita
666 4872 941 4926 dicentes:
980 4871 1088 4939 Ego
1120 4869 1366 4937 patientia
1399 4883 1515 4922 inea
1548 4878 1598 4921 te
1628 4868 1918 4936 pessimum

353 4966 477 5030 feci,
513 4980 611 5033 ego
637 4964 949 5018 remissione
988 4978 1103 5015 mea
1134 4963 1385 5015 malitiam
1416 4968 1556 5014 tuam
1588 4958 1920 5028 Superbiam-

351 5072 450 5123 que
492 5056 723 5121 nutrivi,
769 5069 868 5124 ego
912 5063 961 5108 te
1009 5064 1377 5108 contumacem
1432 5051 1756 5120 indulgentia
1802 5064 1918 5103 mea

353 5146 587 5210 reddidi,
613 5160 710 5214 ego
735 5144 1158 5199 dissimulatione
1185 5157 1300 5197 mea
1323 5157 1415 5197 cor
1446 5152 1593 5196 tuum
1612 5182 1629 5209 ,
1658 5151 1713 5195 ut
1737 5148 1920 5195 contra

352 5251 436 5289 me
475 5234 770 5289 obduretur
806 5236 1059 5288 animavi.
1088 5234 1157 5289 Et
1195 5233 1296 5287 hoc
1321 5231 1481 5286 modo
1513 5232 1655 5301 quod
1684 5232 1921 5286 bonitate

355 5324 559 5379 Domini
581 5326 792 5379 virtutis
816 5334 898 5380 est
923 5324 1305 5391 testimonium,
1332 5324 1384 5378 in
1412 5324 1552 5379 servi
1579 5324 1920 5392 improbitate

355 5419 412 5471 fit
435 5419 641 5472 vitium.
666 5419 753 5472 Ait
779 5427 953 5472 autem
986 5432 1162 5473 sermo
1190 5417 1399 5472 divinus
1424 5434 1435 5468 :
1473 5416 1752 5489 vidensque
1779 5414 1922 5468 Plia-

355 5524 443 5561 rao
471 5525 530 5562 eo
569 5510 707 5580 quod
744 5514 865 5563 data
908 5518 1034 5564 esset
1072 5510 1292 5579 requies,
1329 5509 1613 5579 ingravavit
1655 5525 1742 5561 cor
1770 5525 1920 5563 suum

357 5597 550 5670 (Exod.
572 5602 713 5671 vtu).
741 5602 1166 5657 Mauilestissime
1194 5602 1295 5657 hoc
1333 5602 1448 5656 loco
1476 5601 1677 5655 indulta
1709 5603 1923 5670 requies

336 5701 448 5746 cor
475 5691 765 5750 Pharaonis
789 5693 1064 5749 indurasse
1083 5693 1449 5773 perscribitur.
1477 5692 1587 5747 lluc
1607 5692 1749 5749 enim
1777 5692 1918 5762 quod

2029 4504 2298 4573 potentia,
2327 4502 2422 4557 sed
2451 4508 2790 4569 contemptor
2815 4500 3046 4557 efﬁcitur
3085 4501 3136 4555 in
3180 4502 3340 4555 multa
3378 4501 3472 4557 Dei
3511 4517 3602 4573 pa.

2026 4593 2231 4648 tientia.
2284 4592 2524 4660 Denique
2570 4592 2715 4646 inter
2767 4592 2999 4646 alternas
3047 4591 3193 4646 vices
3240 4593 3604 4662 castigationis

2028 4695 2081 4741 et
2109 4683 2441 4740 remissionis
2480 4683 2775 4753 ﬂagellatus
2807 4683 3139 4748 humiliatur,
3171 4685 3455 4740 exauditus
3491 4686 3597 4742 eri-

2028 4777 2202 4847 gitur,
2255 4776 2512 4830 liberatus
2563 4773 2813 4838 insultat,
2860 4772 3088 4827 afﬂictus
3134 4774 3496 4846 obtemperat,
3548 4786 3601 4832 et

2028 4868 2167 4923 ﬁlios
2210 4867 2531 4922 Israeliticos
2562 4875 2679 4935 post
2704 4866 2967 4920 decimam
2999 4865 3205 4934 plagam
3236 4868 3479 4922 emisisse
3506 4882 3600 4922 co-

2026 4962 2318 5032 gnoscitur,
2346 4959 2411 5013 ad
2442 4961 2665 5028 primam
2693 4973 2813 5012 cum
2845 4957 3090 5011 emittere
3134 4958 3371 5025 pomisse
3411 4959 3601 5013 volun-

2030 5065 2107 5106 tas
2144 5061 2409 5120 postrema
2440 5058 2686 5105 testatur.
2730 5049 2941 5102 Etcum
2974 5049 3114 5102 inter
3166 5048 3371 5102 medias
3416 5064 3601 5104 corre-

2029 5145 2240 5213 ptiones
2268 5143 2582 5211 profiteatur
2611 5157 2625 5193 :
2667 5138 2846 5193 Justus
2886 5155 2956 5205 es,
2991 5138 3240 5203 Domine;
3281 5155 3371 5209 ego
3400 5155 3516 5194 vero
3553 5151 3600 5194 et

2027 5235 2244 5307 populus
2272 5250 2413 5288 meus
2442 5233 2587 5302 impii
2618 5231 2813 5303 (Exod.
2844 5232 2920 5303 ix)
2940 5273 2955 5299 ,
3004 5247 3109 5287 non
3139 5246 3199 5288 se
3225 5246 3253 5285 a
3284 5231 3417 5295 Deo,
3450 5231 3542 5286 sed
3568 5245 3599 5285 a

2024 5325 2298 5379 voluntate
2325 5323 2540 5394 propria
2566 5322 2910 5391 depravatum
2935 5322 3281 5380 conscientiae
3308 5334 3419 5374 suae
3447 5321 3599 5375 testis

2022 5416 2291 5470 ostendit:
2325 5425 2379 5469 et
2405 5424 2459 5470 tu
2489 5415 2655 5470 Deum
2703 5414 2846 5468 circa
2891 5413 3220 5468 Pharaoaem
3267 5410 3461 5465 durum
3512 5413 3597 5467 vel

2023 5509 2258 5578 iniquum
2311 5509 2475 5563 fuisse
2516 5510 2798 5579 prtesumis
2841 5521 3108 5571 asserere,
3150 5519 3309 5573 quem
3354 5505 3494 5560 circa
3535 5522 3595 5563 se

2017 5599 2220 5670 justum
2245 5608 2297 5655 et
2322 5601 2466 5670 pium
2496 5601 2612 5672 ipse
2641 5601 2927 5670 sacrilegus
2960 5612 3066 5653 non
3098 5597 3266 5666 potuit
3293 5597 3599 5669 abnegare?

2021 5694 2285 5749 lmmitem
2333 5693 2498 5749 Deum
2542 5694 2810 5750 Christum
2859 5706 2979 5747 esse
3028 5688 3395 5759 consequitur,
3438 5707 3595 5763 quem
