4002 6188
376 255 470 310 313

1590 247 1645 301 S.
1693 245 1933 303 FAUSTI
1976 248 2375 305 RIIECIENSIS

3527 254 3629 314 816

369 365 508 433 pium
542 362 699 417 etiam
747 362 938 431 impius
969 359 1270 415 confitetur.
1308 358 1418 413 llnc
1455 372 1583 426 ergo
1625 358 1733 429 agit
1766 358 1817 411 in
1852 358 1945 410 bo-
1977 361 2021 419 Α
2051 361 2172 428 gine
2204 361 2487 417 voluntatis
2537 363 2779 420 humanae
2826 380 2991 436 genus
3022 368 3375 437 prmscientlte
3422 371 3634 428 deriva—

369 456 601 517 minibus
634 456 868 510 cmlestis
900 451 1286 509 misericordias
1329 449 1683 518 dispensatio,
1719 449 1860 518 quod
1895 450 1945 501 in

369 548 526 602 terris
560 547 747 615 pluviae
778 544 1205 617 supervenientis
1237 541 1441 595 inlusio
1468 558 1481 595 :
1506 540 1571 594 ad
1615 539 1817 610 cepiosi
1844 540 1949 596 im—

369 638 478 689 bris
533 638 778 703 illapvum
822 635 995 688 cultus
1042 643 1095 687 et
1149 632 1411 686 edomitus
1456 646 1644 699 cespes
1692 630 1951 700 multipli-

369 743 519 785 catur
557 732 852 798 gcrtnintrn
903 728 1124 790 fetibus;
1160 742 1342 780 verum
1386 725 1615 782 incultus
1653 733 1706 779 et
1755 724 1950 779 crudus

368 823 644 877 inutilibus
692 822 871 878 herbis
912 822 1164 888 repletur,
1198 830 1251 875 et
1290 820 1554 883 sentibus,
1588 834 1651 873 ac
1690 820 1769 874 sic
1813 835 1951 875 unus

369 917 617 985 idemque
656 914 825 967 imber
862 913 992 967 duas
1038 928 1125 967 res
1166 912 1407 966 diversas
1450 919 1608 979 atque
1656 911 1952 965 contrarias

370 1010 383 1078 i
413 1020 514 1062 ;xta
547 1010 769 1062 culturre
798 1016 883 1060 aut
916 1003 1149 1060 studium
1179 1012 1451 1071 operatur,
1482 1012 1570 1055 aut
1600 1000 1808 1057 vitium.
1836 1001 1948 1056 Sic-

371 1109 428 1152 ιιι
474 1099 699 1165 legimus
750 1116 761 1150 :
807 1097 964 1151 Terra
1012 1097 1145 1148 enim
1192 1109 1325 1163 sa’pe
1384 1094 1658 1146 venientem
1710 1110 1860 1158 super
1901 1110 1953 1147 se

372 1190 539 1243 bibens
565 1190 791 1253 imbrem,
825 1197 870 1239 et
899 1202 1142 1256 generatis
1163 1185 1367 1237 herbam
1393 1200 1733 1253 opportunam
1751 1224 1764 1243 ,
1798 1182 1900 1241 illis
1922 1200 1953 1234 a

373 1282 550 1346 quibus
581 1281 784 1341 colitur,
815 1278 995 1347 accipit
1031 1277 1422 1330 benedictionem
1454 1293 1484 1328 a
1516 1274 1642 1329 Deo.
1673 1273 1952 1343 Proferetts

374 1387 539 1430 autem
564 1374 738 1441 spinas
767 1388 824 1424 ac
851 1370 1064 1424 tribulos
1090 1373 1305 1435 reprobo
1340 1378 1411 1421 est
1440 1378 1485 1422 et
1518 1367 1805 1420 maledictio
1836 1382 1954 1435 pro-

374 1471 539 1534 xima,
571 1471 721 1541 cujus
748 1468 1114 1521 consummatio
1145 1466 1196 1518 in
1221 1464 1613 1519 combustionent
1645 1462 1830 1534 (Hebr.
1857 1462 1951 1533 Vl).

374 1571 618 1635 Agnosce
646 1574 841 1617 terram
871 1562 969 1616 sub
1008 1577 1115 1615 uno
1146 1559 1443 1628 eodemque
1474 1558 1645 1613 imbre
1674 1574 1815 1612 nunc
1845 1559 1953 1626 spi-

375 1673 468 1711 nas
497 1668 550 1710 et
581 1655 807 1711 tribulos
848 1653 1267 1722 germinantem,
1302 1667 1441 1707 nunc
1489 1651 1690 1709 fructus
1733 1650 1955 1707 benedi-

2055 463 2159 506 tur.
2188 452 2291 507 Sed
2320 464 2376 507 ut
2408 455 2567 520 ali,ui
2608 455 2945 525 cogitationis
2986 474 3096 519 suae
3137 459 3399 535 pravitate
3434 462 3634 521 ducan-

2056 552 2161 607 tur,
2188 553 2239 597 et
2273 556 2420 597 actus
2459 558 2584 598 suos
2614 547 2664 599 in
2698 549 3025 615 prtescientia
3064 551 3331 610 aestiment
3364 551 3635 620 inchoari,

2057 642 2154 694 hoc
2198 642 2265 699 de
2314 643 2530 711 proprio
2573 643 2739 698 animi
2790 646 2948 710 vitio,
2996 646 3098 700 hoc
3143 647 3211 703 de
3259 648 3638 711 inemendabili

2055 730 2411 787 obstinatione
2461 733 2738 802 procedit,
2791 736 2917 789 dum
2981 736 3237 795 simulant
3296 737 3641 806 passionibus

2057 826 2338 895 reluctari,
2371 838 2425 884 et
2463 837 2648 897 putant
2691 843 2748 884 se
2777 844 2881 885 non
2924 844 3084 897 po—se
3120 829 3262 900 quod
3294 830 3508 891 nolunt.
3540 831 3641 891 Le-

2056 935 2173 990 gem
2214 920 2398 975 dicunt
2445 934 2565 975 esse
2618 919 2963 981 immutabilia
3015 920 3141 977 mali
3193 921 3641 985 consuetudinem

2056 1010 2419 1083 delinquendi.
2450 1010 2553 1066 Sed
2596 1010 2772 1064 adhuc
2809 1011 2941 1067 dicis
2978 1011 3101 1080 quia
3145 1024 3309 1081 opera
3345 1025 3409 1073 ac
3453 1011 3643 1071 volun-

2061 1111 2194 1163 tates
2226 1102 2521 1167 hominum,
2551 1101 2617 1157 de
2648 1109 2777 1161 nutu
2804 1112 2857 1159 et
2884 1101 3114 1171 impulsu
3147 1102 3503 1171 praescientiaa
3534 1116 3642 1161 ca:-

2060 1194 2207 1250 lestis
2256 1194 2531 1261 incipiant.
2582 1192 2695 1255 Non
2742 1195 2814 1251 ita
2860 1204 2962 1257 est,
3007 1194 3121 1257 lloc
3172 1194 3347 1266 potius
3387 1209 3644 1267 agnosce,

2059 1285 2199 1355 quod
2231 1286 2559 1355 pratscientia
2588 1285 2681 1340 Dei
2707 1285 2774 1340 de
2803 1287 3021 1347 materia
3051 1286 3403 1347 humanorum
3432 1296 3646 1349 actuum

2061 1386 2233 1431 sumat
2271 1376 2571 1430 exordium.
2604 1377 2739 1444 Quid
2770 1376 2836 1431 de
2876 1376 3030 1439 nobis
3060 1378 3314 1446 prteseire
3343 1391 3405 1433 ac
3444 1391 3646 1447 prator-

2062 1467 2249 1523 dinare
2277 1468 2468 1522 debeat
2509 1467 2670 1535 Deus,
2700 1476 2959 1537 quantum
2992 1466 3230 1537 pertinet
3262 1465 3328 1521 ad
3374 1465 3645 1531 fu'urum,

2062 1561 2115 1615 in
2172 1557 2414 1628 profectu
2474 1557 2704 1612 hominis
2759 1556 3073 1629 defectuque
3130 1557 3398 1613 consistit.
3450 1556 3647 1627 Accipe

2069 1650 2197 1705 illud
2238 1651 2568 1727 exemplum,
2609 1666 2715 1727 quo
2764 1649 3095 1718 pramcientia
3141 1650 3232 1703 Dei
3276 1663 3374 1718 pro
3418 1648 3649 1707 humana

378 1750 646 1805 ctionibus
677 1748 898 1804 idoneos
942 1747 1329 1817 proferentem.
1379 1747 1579 1802 Eodem
1626 1747 1785 1803 modo
1829 1748 1954 1802 dum
1988 1738 2038 1799 B
2063 1756 2121 1795 se
2151 1742 2359 1794 actione
2389 1723 2674 1795 convertit.
2705 1741 2783 1795 Ad
2814 1740 3222 1799 decumltentem
3253 1738 3539 1801 Ezechiam
3564 1754 3650 1795 re-

375 1840 739 1896 miscricordia
796 1840 889 1894 Dei
942 1848 1220 1908 exspectat
1274 1850 1324 1893 et
1380 1839 1584 1907 parcit,
1641 1837 1955 1893 emendatur

377 1932 650 1998 ohe-licus,
681 1931 973 1985 obduratur
1004 1929 1362 1999 impoenitens.

995 2041 1223 2096 CAPUT
1264 2042 1326 2096 ll.

378 2138 528 2199 Quod
560 2138 880 2210 prtescientia
917 2136 1014 2210 Dei
1056 2154 1146 2191 nec
1174 2139 1241 2190 ad
1261 2142 1438 2210 justa,
1479 2156 1568 2194 nec
1605 2146 1675 2197 ad
1701 2143 1960 2197 contraria

640 2209 887 2261 humanas
914 2207 1162 2262 violenter
1186 2207 1361 2279 urgeat
1386 2211 1689 2266 ro.’untates.

448 2298 839 2352 Pravscientiam
874 2306 929 2353 et
956 2297 1475 2368 pradestinationem
1504 2302 1599 2357 Dei
1629 2304 1767 2360 male
1798 2306 1959 2359 intel-

379 2392 549 2452 ligunt
608 2401 910 2446 astruentes
968 2392 1109 2462 quod
1160 2394 1284 2449 inde
1335 2396 1690 2453 humanorum
1744 2410 1958 2455 actuum

379 2499 537 2537 causa
587 2496 855 2538 nascatur.
900 2484 1133 2541 Primum
1175 2488 1299 2555 quid
1345 2505 1407 2544 ex
1455 2508 1560 2562 quo
1608 2495 1836 2564 pendeat
1877 2499 1958 2553 vel

378 2574 661 2642 procedat,
698 2576 1000 2644 perspicere
1030 2578 1311 2635 debemus.
1337 2582 1452 2638 Non
1486 2600 1764 2657 propterea
1801 2590 1960 2646 homo

378 2666 729 2736 quodcunque
783 2666 1021 2723 facturus
1073 2678 1190 2741 est,
1250 2675 1373 2742 quia
1417 2692 1537 2730 eum
1590 2688 1837 2734 coactura
1892 2684 1962 2738 sit

379 2763 709 2831 pra-scientis
762 2763 1082 2831 anetoritas,
1131 2768 1224 2821 seti
1274 2769 1440 2837 m'gis
1490 2771 1595 2825 Deo
1646 2773 1960 2841 prtescicndi

377 2853 569 2922 ingerit
604 2854 919 2921 qualitatem
954 2854 1174 2910 libertas
1217 2859 1447 2926 prazsciti
1493 2860 1724 2917 hominis
1770 2877 1833 2918 ac
1863 2879 1959 2919 vo-

378 2942 571 2996 luntas.
605 2942 746 3011 Ergo
778 2957 880 2996 non
912 2943 977 2997 de
1006 2944 1257 2999 violentia
1303 2949 1629 3016 prarvidendi
1673 2952 1962 3022 imponitur

378 3032 582 3086 homini
620 3048 779 3087 causa
823 3034 1110 3101 peccandi,
1148 3037 1240 3091 sed
1275 3040 1440 3109 magis
1482 3040 1551 3095 de
1593 3048 1961 3099 consecuturis

2061 1847 2181 1902 gem
2239 1847 2382 1886 mors
2439 1831 2676 1887 defertur
2721 1831 2771 1884 in
2829 1831 2992 1884 verbo
3038 1828 3209 1894 tristi,
3252 1829 3385 1883 vatis
3431 1828 3651 1891 veridici

2062 1923 2371 1977 annuntiata
2428 1937 2685 1991 responso
2736 1924 2805 1975 ita
2868 1922 3139 1979 dicentis:
3187 1920 3385 1973 Ordine
3439 1920 3653 1976 domum

2064 2028 2231 2085 tuam,
2263 2034 2379 2071 nam
2409 2033 2521 2070 cras
2547 2015 2775 2069 morieris
2809 2014 2857 2086 (1
2886 2014 3015 2087 Reg.
3047 2013 3189 2084 1m).
3220 2013 3291 2071 At
3322 2013 3409 2068 ille
3436 2027 3651 2076 conver-

2062 2122 2154 2161 sus
2196 2107 2261 2161 ad
2294 2107 2510 2172 fletum,
2538 2106 2802 2161 ordinavit
2830 2105 3045 2161 domum
3080 2120 3261 2171 suam,
3295 2104 3419 2175 quit
3469 2104 3655 2163 humi-

2061 2200 2209 2255 liavit
2257 2201 2487 2254 animam
2542 2214 2713 2254 suam.
2769 2199 3032 2267 Propheta
3085 2196 3300 2269 quidem
3352 2195 3652 2265 explorata:

2062 2290 2361 2345 sanetitatis
2405 2290 2675 2359 agnoscit,
2725 2289 2818 2343 sed
2850 2288 3155 2359 desperatio
3203 2301 3299 2357 spe
3346 2286 3652 2357 repellitur.

2067 2383 2251 2438 Oratio
2284 2382 2553 2438 interdicit
2582 2381 2827 2445 oraculo,
2869 2381 3084 2436 resolidt
3126 2379 3431 2448 dtvprecatio
3461 2377 3656 2439 delini-

2076 2476 2314 2531 tioncm:
2350 2474 2480 2529 ﬁdes
2523 2474 2681 2543 plena
2727 2472 2858 2532 dicti
2914 2481 3130 2539 superat
3180 2470 3485 2529 veritatem.
3533 2468 3655 2527 Ine-

2064 2566 2333 2621 vitabilem
2363 2564 2689 2620 denuntiatae
2722 2563 2909 2619 mortis
2938 2576 3151 2618 causam
3190 2576 3429 2619 extrema
3485 2561 3654 2627 vincit

2062 2656 2308 2713 deﬂentis
2339 2657 2640 2712 infirmitas.
2676 2655 2933 2712 Humilth
2978 2670 3036 2711 se
3084 2654 3343 2729 fragilitas
3381 2653 3653 2728 humana,

2063 2758 2116 2802 et
2142 2749 2245 2802 vim
2278 2747 2561 2817 quamdam
2588 2748 2784 2817 patitur
2819 2746 2998 2801 divina
3032 2750 3322 2809 sententia.
3353 2746 3506 2811 Sicut
3536 2747 3654 2811 ait:

2066 2839 2296 2912 Regnum
2335 2839 2574 2893 calorum
2615 2838 2715 2897 vim
2753 2838 2945 2909 patitur
2983 2836 3202 2905 (Matth.
3231 2835 3329 2906 ιι).
3364 2836 3653 2891 Omnimo-

2064 2931 2146 2985 dis
2174 2930 2465 2985 moriturus
2496 2929 2705 2993 fuisset,
2731 2929 2832 2984 nisi
2859 2929 3077 2984 territus
3100 2927 3474 2998 Supplicasset.
3501 2927 3655 2997 Elige

2066 3035 2241 3078 utrum
2292 3023 2454 3089 velis,
2500 3034 2592 3079 aut
2646 3023 2917 3093 prmﬁxam
2973 3021 3350 3085 necessitatem
3393 3019 3656 3077 conﬁtere

379 3124 652 3176 hominum
689 3123 893 3177 meritis
920 3124 1055 3177 ordo
1083 3127 1324 3181 exoritur
1360 3103 1749 3195 praenoscendi.
1779 3133 1958 3189 Gene-
1990 3103 2033 3166 Ε
2065 3126 2343 3181 mmmam,
2370 3126 2464 3172 θυι
2491 3116 2769 3173 vernalem
2798 3116 3061 3171 οοηνίοεθ
3091 3115 3392 3179 mellillam-

378 3214 501 3267 ralis
541 3213 718 3282 itaque
747 3214 1111 3281 praescientia,
1151 3232 1269 3284 quae
1295 3218 1363 3272 de
1393 3229 1529 3275 statu
1578 3225 1760 3278 mundi
1796 3227 1961 3282 totius

378 3302 515 3371 apud
555 3303 721 3357 Deum
754 3311 962 3369 manet,
998 3304 1062 3358 de
1105 3308 1341 3375 potentia
1393 3312 1649 3377 nascitur,
1680 3313 1774 3368 sed
1818 3317 1959 3372 circa

380 3404 576 3448 statum
617 3393 849 3448 hominis
887 3394 1167 3463 qualitates
1205 3405 1260 3451 et
1306 3400 1510 3467 Species
1556 3407 1957 3471 praenoscendi,

383 3486 450 3540 de
498 3486 712 3541 humani
756 3493 907 3541 actus
957 3488 1287 3558 inspectione
1335 3502 1626 3549 mutuatur.
1671 3496 1775 3552 Sed
1823 3499 1960 3554 inter

384 3579 519 3643 ista,
562 3580 671 3635 Deo
703 3581 993 3649 respondes
1042 3593 1095 3636 et
1134 3583 1267 3638 dicis
1294 3601 1306 3636 :
1335 3585 1379 3639 Ο
1410 3587 1660 3655 Domine,
1693 3594 1961 3660 quomodo

381 3670 575 3726 bonum
603 3671 1006 3741 apprehendere
1030 3674 1201 3741 valui,
1233 3692 1389 3745 quem
1421 3686 1475 3732 tu
1504 3682 1696 3735 malum
1729 3684 1959 3740 futurum

379 3778 500 3817 esse
544 3764 843 3831 prmscisti?
895 3778 1001 3819 non
1052 3765 1123 3820 ita
1168 3776 1269 3822 est.
1316 3768 1470 3823 Aliud
1526 3780 1609 3825 est
1657 3774 1798 3841 quod
1853 3776 1964 3830 vult

380 3855 551 3917 Deus,
603 3853 744 3906 aliud
789 3863 871 3908 est
915 3855 1059 3924 quod
1100 3858 1361 3926 permittit
1404 3859 1566 3914 Deus.
1616 3862 1734 3918 Vult
1784 3866 1963 3937 itaque

379 3947 575 4001 bonum
594 3986 608 4009 ,
634 3955 686 4001 et
706 3949 965 4015 permittit
987 3951 1205 4017 malum,
1234 3956 1446 4024 prtescit
1477 3967 1793 4029 utrumque:
1821 3963 1962 4031 iusta

379 4036 617 4093 bonitate
659 4038 903 4109 adjuvat,
949 4041 1144 4111 injusta
1176 4061 1273 4113 pro
1302 4049 1505 4105 arhitrii
1553 4053 1799 4110 libertate
1845 4073 1964 4126 perv

380 4127 561 4182 mittit.
608 4127 682 4184 De
731 4144 831 4185 suo
871 4140 953 4186 est
988 4134 1129 4202 quod
1175 4134 1267 4189 dat
1315 4139 1539 4209 gratiam
1564 4182 1578 4206 ,
1607 4143 1673 4197 de
1707 4155 1793 4198 tuo
1823 4147 1960 4211 quod

382 4218 668 4284 pranoscit
696 4219 975 4276 offensam.
1012 4222 1077 4277 Et
1123 4225 1247 4280 inde
1276 4231 1526 4299 estquod
1573 4233 1713 4287 circa
1754 4235 1962 4305 iniquos

381 4309 768 4366 incessabiliter
795 4312 1063 4368 invenitur
1091 4316 1376 4385 prohibere
1398 4334 1517 4388 quae
1542 4323 1793 4391 providit.
1820 4325 1961 4382 Nun-

380 4419 540 4472 quam
571 4420 729 4474 prava
762 4405 1034 4463 hominum
1064 4402 1583 4481 studia‘prazciperet
1629 4416 1694 4471 ad
1741 4419 1960 4475 meliora

380 4497 647 4561 converti,
679 4499 719 4550 si
752 4511 813 4550 ea
859 4498 1020 4554 sciret
1051 4513 1155 4553 non
1200 4514 1356 4570 posse
1390 4506 1614 4571 mutari;
1645 4517 1701 4561 et
1731 4508 1850 4563 ideo
1878 4526 1964 4565 re-

384 4584 664 4651 spondebit
694 4587 785 4639 tibi
834 4601 1223 4658 consequenter
1278 4593 1456 4647 divina
1512 4599 1845 4664 providentia
1876 4606 1964 4657 :0

390 4669 561 4735 homo,
618 4689 721 4727 non
766 4685 815 4728 te
849 4679 1005 4733 talem
1057 4680 1156 4735 feci
1209 4685 1418 4753 qualem
1471 4696 1520 4742 te
1572 4688 1805 4746 futurum
1846 4708 1966 4750 esse

384 4766 647 4834 pratscivi.
675 4768 875 4823 Bonum
900 4779 952 4825 te
980 4786 1077 4840 pro
1102 4775 1323 4842 iustitia:
1351 4795 1480 4833 mere
1509 4783 1623 4850 lege
1653 4784 1895 4851 formavi,
1914 4797 1969 4842 et

383 4872 452 4911 ne
474 4859 667 4913 malum
686 4864 985 4929 sequereris
1004 4864 1275 4931 admonui,
1302 4870 1497 4923 malum
1524 4884 1574 4926 te
1600 4888 1694 4941 pro
1711 4889 1967 4931 consecu-

386 4964 503 5008 tura
533 4955 859 5010 voluntatum
889 4965 1097 5010 tuarum
1128 4957 1406 5027 iniquitate
1443 4966 1684 5032 przevidi.
1721 4967 1821 5022 Ubi
1857 4984 1961 5022 non

385 5050 703 5118 compulsio,
729 5051 821 5105 sed
854 5055 1135 5107 eonsensiu
1172 5057 1427 5123 peccandi
1461 5059 1884 5127 deprehenditur
1913 5063 1964 5116 itt

383 5141 632 5210 querela;
670 5156 774 5194 non
806 5151 1012 5207 auctor,
1046 5144 1137 5198 scd
1172 5148 1549 5212 prtevarieator
1587 5150 1639 5203 in
1671 5150 1824 5220 culpa
1862 5163 1961 5206 est.

382 5234 436 5288 Si
465 5232 530 5287 ad
563 5232 843 5299 faetorem,
878 5234 1073 5304 inquit,
1109 5254 1139 5289 o
1167 5238 1347 5300 homo,
1380 5241 1617 5309 reSpicit,
1652 5243 1820 5297 bonus
1846 5257 1966 5299 esse

387 5324 626 5392 potuisti,
655 5323 699 5380 si
731 5325 796 5379 ad
828 5326 1262 5395 pratcognitorem
1286 5374 1299 5397 ,
1334 5340 1387 5385 ttt
1434 5347 1517 5386 me
1562 5347 1654 5397 pro
1688 5343 1960 5403 gestorum

388 5424 598 5471 tuorum
637 5417 827 5472 ordine
855 5426 911 5471 ut
940 5416 1007 5471 de
1048 5427 1096 5470 te
1147 5419 1339 5473 malum
1388 5436 1776 5488 pnunoscerem
1818 5439 1965 5478 com-

387 5515 585 5582 pulisti.
625 5515 730 5570 Sed
779 5515 1005 5571 revolvis
1050 5525 1100 5570 et
1145 5514 1319 5570 dicis:
1356 5518 1687 5586 praescientia
1730 5530 1785 5573 et
1828 5535 1962 5588 pra:-

383 5605 666 5660 tlestinatio
732 5607 1081 5662 humanorum
1145 5619 1357 5663 actuum
1416 5622 1576 5678 atque
1640 5612 1957 5666 meritorum

386 5694 612 5767 pra-figit
649 5707 701 5750 et
728 5701 923 5753 excitat
953 5715 1155 5756 causas.
1191 5700 1303 5755 Non
1334 5701 1403 5757 ita
1431 5712 1538 5769 est,
1571 5703 1737 5772 magis
1764 5702 1831 5760 de
1858 5706 1958 5759 ori-

2698 3252 2924 3306 CAPUT
2961 3252 3025 3306 Ill

2219 3363 2354 3430 Quia
2380 3365 2523 3417 aliud
2549 3372 2622 3417 est
2651 3364 2907 3432 pra’scire,
2936 3366 3081 3418 aliud
3111 3366 3496 3438 prwdestirtare.

2136 3497 2424 3564 Apostolus
2473 3496 2547 3551 ait
2586 3515 2598 3550 :
2643 3497 2781 3564 Quos
2837 3499 3105 3565 prazscivit,
3150 3511 3198 3558 et
3238 3501 3653 3572 praedestinavit,

2063 3589 2349 3656 conformes
2395 3590 2506 3657 ﬁeri
2534 3590 2770 3659 imaginis
2809 3589 2933 3643 Filii
2973 3592 3054 3645 sui
3098 3592 3281 3660 (Rom.
3310 3592 3457 3663 vm).
3490 3594 3655 3650 Aliud

2063 3687 2146 3734 est
2174 3680 2441 3748 praescire,
2476 3680 2617 3734 aliud
2662 3683 3063 3750 prazdestinare.
3097 3683 3436 3741 Praiscientia
3471 3688 3655 3757 itaque

2062 3773 2295 3843 gerenda
2344 3775 2667 3842 praenoscit,
2719 3777 3057 3843 pOStmudum
3105 3778 3503 3846 pitedestinatio
3553 3794 3649 3836 reo

2064 3863 2344 3918 tribuenda
2370 3864 2644 3920 describit.
2673 3866 2763 3920 llla
2796 3867 3052 3936 praevidet
3078 3869 3288 3934 merita,
3316 3870 3432 3926 haec
3455 3884 3652 3939 pracr-

2063 3957 2209 4011 dinat
2240 3958 2480 4027 praemia.
2515 3958 2857 4015 Prazscientia
2897 3960 2964 4013 ad
3003 3962 3329 4029 potentiam,
3364 3963 3649 4032 praedesti-

2064 4048 2208 4101 natio
2252 4049 2318 4103 ad
2349 4048 2610 4118 justitiam
2660 4052 2908 4120 pertinet.
2962 4052 3304 4109 Prmscieutia
3355 4054 3423 4109 de
3469 4055 3650 4110 alieno

2062 4141 2304 4195 subsistit
2336 4152 2488 4209 actu,
2526 4144 2923 4213 praedestinatio
2951 4155 3128 4201 autem
3171 4147 3239 4201 de
3271 4147 3476 4216 judicio
3517 4165 3648 4218 suo;

2066 4236 2155 4289 illa
2202 4235 2406 4291 facinus
2438 4237 2768 4304 manifestat,
2816 4239 2915 4294 ista
2958 4241 3307 4309 condemnat;
3349 4244 3438 4299 illa
3472 4246 3649 4310 testis,

2067 4328 2179 4381 haec
2221 4326 2384 4396 judex
2442 4337 2543 4382 est.
2592 4329 2725 4384 Cum
2778 4332 2866 4385 illa
2922 4334 3340 4399 pronuntiaverit
3395 4351 3647 4403 cautium,

2067 4428 2192 4473 tunc
2228 4421 2538 4487 pronuntiat
2568 4420 2669 4475 ista
2710 4424 3053 4478 sententiam.
3093 4425 3135 4478 A
3167 4427 3501 4495 prmscientia
3534 4443 3653 4498 quat

2067 4519 2189 4564 sunt
2236 4522 2416 4564 nostra
2448 4511 2762 4580 produntur,
2794 4529 2823 4568 a
2856 4515 3330 4583 prazdcstinatiune
3373 4533 3495 4586 quae
3526 4528 3654 4573 sunt

2070 4612 2456 4670 praeparantur.
2507 4605 2583 4657 Ac
2615 4603 2694 4659 sic
2724 4604 2825 4658 nisi
2875 4607 3211 4674 prascientia
3260 4609 3648 4678 exploraverit,

2071 4697 2466 4762 praadrstinatio
2497 4698 2565 4751 nil
2598 4697 2855 4753 decernit.
2888 4699 3038 4755 Oculi
3080 4711 3259 4754 autem
3299 4703 3471 4756 vicem
3517 4719 3655 4770 pne-

2068 4787 2303 4841 scientite
2345 4787 2511 4841 virtus
2542 4796 2785 4855 exercet,
2818 4799 2871 4843 et
2904 4790 3045 4859 quod
3086 4805 3144 4845 se
3172 4792 3410 4860 aspectui
3443 4794 3655 4847 obtuli»

2072 4881 2179 4944 rit,
2238 4877 2339 4933 hoc
2392 4879 2610 4933 videbit.
2663 4880 2906 4950 Nunquid
2966 4880 3161 4937 fecisse
3208 4882 3466 4949 creditur,
3511 4886 3653 4953 quod

2071 4969 2487 5039 deprehendisse
2524 4972 2896 5041 cognoscitur?
2934 4972 3067 5026 Cum
3098 4980 3276 5027 autem
3307 4975 3447 5028 oculi
3485 4988 3551 5029 ea
3582 4980 3655 5029 νβ

2072 5062 2264 5130 deant,
2296 5077 2401 5118 non
2430 5078 2549 5132 qua:
2580 5063 2678 5132 ipsi
2714 5064 3035 5120 intrinsecus
3066 5073 3377 5134 operantur,
3410 5065 3504 5120 sed
3531 5081 3651 5136 quae

2069 5153 2147 5208 eis
2182 5155 2515 5208 extrinsecus
2550 5154 2863 5223 oll‘eruntur,
2906 5156 2950 5210 si
2996 5167 3307 5225 peccantem
3348 5158 3651 5227 quempiam

2073 5244 2213 5300 forte
2256 5247 2667 5315 conspexerint,
2706 5263 2811 5302 non
2854 5250 3046 5318 opinor
3087 5251 3336 5312 videntis,
3369 5250 3464 5305 sed
3506 5265 3652 5304 cum-

2079 5338 2337 5392 tnittentis
2378 5337 2631 5408 flagitium
2674 5339 3035 5409 judicahitur:
3070 5342 3141 5395 ita
3195 5357 3301 5396 non
3332 5342 3397 5395 ad
3442 5356 3652 5410 praeno-

2068 5430 2287 5497 sccntis,
2316 5430 2407 5485 sed
2441 5430 2505 5485 ad
2554 5433 2864 5502 praecogniti
2909 5434 3196 5502 peuinehit
3242 5444 3446 5489 reatum
3488 5449 3646 5489 omne

2066 5521 2343 5576 delictum.
2371 5521 2460 5579 Sie
2487 5531 2543 5578 et
2581 5524 2718 5579 Deus
2753 5540 2813 5578 ea
2839 5534 2969 5581 ante
3011 5526 3152 5581 diem
3191 5526 3421 5581 hominis
3461 5526 3646 5595 praevio

2065 5610 2187 5675 det,
2220 5629 2337 5683 quae
2384 5630 2487 5668 non
2520 5631 2548 5668 a
2588 5630 2677 5680 se,
2712 5616 2804 5671 sed
2843 5620 2911 5671 ab
2962 5618 3179 5675 homine
3220 5618 3459 5674 facienda
3501 5627 3642 5674 sunt.

2067 5703 2133 5759 Et
2160 5705 2294 5761 sicut
2324 5708 2545 5763 materia
2573 5710 2852 5767 existentis
2889 5709 3054 5766 efficit
3093 5721 3149 5766 ut
3179 5726 3297 5768 eam
3323 5711 3463 5767 oculi
3501 5709 3639 5766 acies
