4002 6188
364 310 465 366 817

1466 306 1551 359 DIC
1590 304 1846 362 GRA'I‘IA
1888 303 2028 369 DEI,
2072 305 2246 372 ETC.,
2290 306 2412 363 LIB.
2460 311 2526 367 ll.

3522 309 3625 368 lilii

363 418 786 487 contempletur,
835 428 939 470 non
990 425 1168 472 autem
1226 417 1412 472 oculus
1461 418 1581 473 facit
1626 430 1684 474 ut
1721 434 1810 474 res
1858 420 1933 475 vi-
1964 424 2013 483 Α
2041 428 2108 475 rit
2140 422 2314 490 juttus
2353 421 2441 491 qui
2480 422 2596 476 sine
2646 424 2860 492 proprio
2906 424 3129 479 crimine
3173 440 3202 477 a
3260 425 3627 480 misericordia

362 511 537 567 denda
574 517 826 565 nascatur
867 526 881 563 :
915 510 985 563 ita
1015 518 1070 564 et
1112 511 1445 579 pratscientia
1482 512 1574 568 Dei
1610 528 1673 569 ea
1711 530 1830 584 quae
1871 515 1940 571 de

364 602 639 657 hominum
688 602 894 657 meritis
943 610 1188 656 secutura
1245 612 1400 667 sunt,
1432 619 1537 659 non
1583 614 1638 659 ut
1693 606 1943 661 eveniant

361 694 557 764 exigit,
588 691 684 748 sed
721 702 983 748 eventura
1026 693 1327 762 praecurrit.
1361 694 1426 748 Et
1463 698 1583 763 quia
1632 697 1804 751 sacris
1833 696 1937 749 elo-

362 787 503 859 quiis
529 785 697 841 moris
731 793 815 840 est
862 794 918 839 ut
966 800 1061 854 per
1103 794 1428 855 assumptum
1468 802 1839 857 quamcunque
1868 789 1943 842 si-

362 876 724 935 militudinem
752 876 1058 931 asserenda:
1084 877 1161 932 rei
1189 878 1433 946 aperiant
1462 880 1766 945 veritatem,
1809 882 1947 933 sicut

365 967 635 1025 interdum
675 967 763 1023 vel
795 981 963 1036 grano
1004 967 1223 1037 sinapis,
1266 969 1350 1023 vel
1397 969 1660 1025 fermento
1705 970 1947 1025 mulieris

366 1061 712 1132 evangelicae,
757 1060 843 1115 vel
887 1070 1097 1129 sagrnae
1146 1060 1325 1115 missa:
1372 1062 1424 1115 in
1470 1075 1639 1128 mare,
1682 1069 1734 1116 et
1783 1077 1940 1131 quam

366 1152 525 1224 plura
551 1151 680 1207 talia
705 1164 927 1221 regnum
958 1151 1216 1205 caelorum
1264 1151 1486 1222 legimus
1519 1154 1849 1223 comparari,
1877 1155 1947 1209 ita

368 1253 420 1300 et
451 1257 550 1299 nos
594 1242 922 1313 distinguere
964 1242 1244 1311 cupientes
1274 1241 1470 1311 futura,
1504 1243 1733 1299 instituti
1780 1257 1952 1313 genus

367 1337 638 1407 colligitur
675 1334 1017 1404 praesciendi.
1053 1334 1204 1401 Quod
1251 1335 1295 1391 si
1336 1336 1587 1405 praescire
1624 1337 1951 1406 compellere

370 1436 487 1493 est,
520 1427 608 1495 qui
639 1424 902 1495 praevidet
934 1434 1303 1494 peccatorem,
1335 1436 1464 1495 ergo
1490 1425 1606 1495 ipse
1640 1441 1797 1481 causa
1830 1442 1951 1496 pec-

371 1516 478 1571 cati
520 1516 640 1572 est?
673 1514 897 1571 l’rmscit
936 1514 1258 1569 adulterium
1314 1516 1474 1582 Deus,
1506 1530 1636 1587 ergo
1676 1518 1789 1588 ipse
1832 1534 1952 1573 ossa

373 1614 428 1661 et
481 1605 745 1663 medullas
806 1604 1016 1673 ignibus
1078 1603 1297 1660 obsceni
1358 1605 1551 1661 furoris
1614 1608 1952 1662 inﬂammat?

372 1696 594 1753 Praescit
642 1696 785 1753 Deus
834 1694 1200 1764 homicidam,
1250 1697 1488 1769 nunquid
1536 1699 1648 1767 ipse
1700 1700 1953 1756 bestiales

2048 514 2391 581 repelluntur.
2416 513 2569 579 Quod
2598 512 2645 567 si
2671 514 2829 568 ambo
2873 515 2951 570 rei
2998 525 3120 570 sunt
3152 516 3203 570 in
3236 524 3449 580 natura,
3477 524 3533 570 et
3572 516 3635 569 in.

2048 604 2149 658 isto
2174 604 2379 671 justitiu
2410 604 2817 673 periclitabitur,
2857 606 2945 673 qui
2986 607 3103 661 sine
3147 608 3340 661 merito
3381 606 3631 676 indignus

2044 696 2280 767 eligitur,
2319 705 2373 751 et
2424 698 2476 750 in
2524 697 2616 751 illo
2654 696 3049 764 misericordia,
3081 701 3169 765 qui
3209 699 3452 767 peritioni
3507 698 3626 751 sine

2051 789 2253 858 peccati
2299 789 2499 859 judicio
2546 790 2849 859 deputatur.
2897 790 3011 856 Qua
3061 791 3202 844 cnim
3261 792 3626 847 misericordia

2050 880 2341 934 honoratur
2368 880 2608 934 otiosus?
2648 896 2748 948 qua
2775 880 2979 949 justitia
3023 880 3305 935 damnatur
3345 882 3633 936 liilltt‘illlS?

2050 970 2230 1037 Itaque
2258 972 2383 1023 dum
2416 969 2659 1039 imperite
2704 970 2838 1024 tollit
2874 970 3073 1023 homini
3120 971 3442 1033 libertatem,
3473 973 3633 1041 impie

2051 1058 2160 1114 Deo
2190 1059 2441 1127 probatur
2476 1074 2670 1128 negare
2704 1060 2985 1127 justitiam.
3015 1060 3069 1115 Si
3100 1060 3245 1114 dicis
3275 1063 3398 1129 quia
3429 1071 3634 1116 tantum

2052 1151 2356 1204 misericors
2403 1150 2456 1204 in
2486 1150 2764 1217 acquisita,
2805 1160 2859 1204 et
2904 1151 3075 1204 solum
3116 1151 3291 1219 justus
3340 1153 3392 1205 in
3424 1153 3636 1221 perdito

2052 1252 2129 1293 εει
2154 1283 2167 1305 ,
2200 1240 2250 1291 in
2297 1248 2520 1307 utraque
2559 1253 2784 1308 persona
2834 1240 3056 1307 abrupte
3089 1242 3304 1309 negabis
3356 1250 3636 1310 utramque

2052 1330 2322 1381 virtutem.
2352 1328 2483 1382 Nam
2514 1346 2612 1383 nec
2643 1330 2693 1381 iu
2727 1330 2825 1383 hoc
2853 1332 2955 1383 erit
2999 1333 3241 1399 aequitas,
3270 1333 3311 1384 si
3341 1332 3503 1401 eligat
3529 1348 3633 1387 non

2057 1419 2371 1487 probatum;
2405 1435 2501 1474 nec
2529 1421 2579 1474 in
2614 1421 2704 1474 illo
2733 1420 2959 1486 bonitas,
2989 1422 3034 1477 si
3065 1424 3253 1491 perdat
3286 1424 3633 1479 immeritum.

2055 1508 2161 1564 Nos
2191 1518 2368 1565 autem
2401 1512 2670 1581 geminum
2719 1512 2819 1565 hoc
2859 1512 2909 1565 in
2961 1512 3056 1566 Dei
3100 1514 3353 1582 operibus
3400 1514 3634 1580 bonum,

2056 1602 2393 1668 inseparabili
2428 1614 2730 1659 consertum
2766 1604 2993 1659 fatemur
3028 1607 3305 1676 amplexu;
3339 1607 3477 1663 sicut
3507 1610 3636 1678 legi-

2058 1708 2175 1747 mus
2200 1711 2214 1747 :
2249 1693 2652 1749 Misericordia":
2681 1706 2727 1749 et
2753 1697 3014 1767 judicium
3040 1698 3257 1751 cantabo
3286 1700 3393 1763 tibi,
3422 1698 3638 1753 Domine

374 1795 553 1844 motus
592 1786 917 1858 perturbatis
954 1787 1203 1843 sensibus
1239 1788 1506 1860 suggerit?
1536 1791 1655 1860 Ipse
1697 1792 1761 1845 ad
1805 1802 1954 1859 pera-
1990 1788 2031 1846 Β
2061 1784 2232 1856 (Psal.
2263 1786 2336 1858 c).
2368 1787 2436 1841 Et
2474 1788 2705 1843 iterum:
2741 1788 3036 1845 Misericors
3084 1792 3334 1847 Dominus
3374 1803 3419 1846 et
3436 1797 3636 1865 justus,

373 1876 607 1947 gendum
655 1877 859 1933 facinus
908 1876 1144 1948 gladium
1184 1889 1419 1935 cruentae
1464 1882 1655 1935 mentis
1704 1882 1949 1936 exacuit?

377 1969 598 2024 Praescit
648 1968 910 2039 impium,
958 1980 1088 2039 ergo
1132 1969 1249 2039 ipse
1293 1969 1359 2025 ad
1416 1972 1634 2039 profana
1690 1971 1948 2025 sacrificia

376 2061 620 2130 spiritum
671 2061 939 2117 dementis
990 2061 1249 2131 instigat?
1294 2060 1440 2117 Itane
1493 2077 1714 2131 quarum
1773 2079 1948 2116 rerum

378 2157 519 2209 ultor
544 2162 662 2222 est,
704 2169 889 2209 earum
932 2162 986 2211 et
1028 2163 1221 2209 auctor
1259 2169 1380 2210 esse
1419 2155 1718 2209 credendus
1756 2156 1873 2211 est?
1901 2166 1954 2210 et

378 2247 517 2300 inter
554 2245 667 2300 hmo
705 2244 773 2299 ad
814 2245 1009 2300 malum
1056 2256 1344 2316 perurgere
1380 2244 1699 2314 iudicandus
1743 2257 1823 2301 cst
1860 2260 1948 2300 ca-

378 2336 535 2405 ptivas
577 2335 866 2391 voluntatis
914 2350 1230 2403 assensum,
1271 2336 1361 2406 qui
1402 2350 1500 2391 nec
1542 2336 1757 2391 diabolo
1802 2352 1952 2392 ουιιι-

377 2425 576 2495 pellere
606 2424 847 2494 permisit
872 2424 1128 2479 invitum?
1160 2425 1418 2480 Voluntas
1446 2434 1528 2480 est
1554 2441 1675 2495 qua:
1703 2435 1957 2496 operatur

376 2519 662 2584 delictum,
706 2519 952 2574 voluntas
981 2528 1063 2574 est
1092 2534 1211 2590 qua
1254 2529 1491 2574 tueretur
1527 2520 1808 2575 auxilium.
1850 2520 1954 2575 Sed

376 2609 511 2665 dicis
535 2629 550 2664 :
584 2610 803 2665 Invenio
826 2610 913 2665 ubi
946 2610 1057 2665 sola
1090 2610 1256 2680 gratia
1282 2612 1398 2665 sine
1426 2610 1681 2665 societate
1709 2610 1956 2665 humanae

379 2701 664 2755 viiluntatis
694 2711 969 2770 operetur.
1013 2700 1145 2754 Nam
1188 2701 1239 2755 in
1284 2700 1558 2755 Bethleem
1603 2701 1777 2756 omnis
1806 2701 1956 2756 inno-

378 2792 611 2847 centium
658 2791 886 2861 populus
929 2799 1036 2845 tam
1081 2790 1295 2845 beatam
1340 2798 1566 2846 mortem
1597 2806 1664 2846 ex
1699 2790 1810 2846 sola
1864 2792 1957 2846 Dei

380 2881 848 2948 praedestinatioue
876 2881 1247 2951 consequitur.
1277 2880 1393 2936 Non
1434 2882 1505 2936 ita
1535 2891 1635 2937 est.
1664 2881 1798 2937 Nam
1848 2890 1957 2937 tum

379 2974 602 3029 forsitan
639 2975 805 3030 solius
842 2975 1025 3044 gratiae
1064 2982 1364 3030 verteretur
1406 2975 1679 3044 operatio,
1717 2976 1762 3030 si
1806 2976 1957 3030 inno-

380 3065 551 3121 centis
579 3065 851 3135 sanguinis
889 3081 995 3119 non
1040 3064 1439 3120 intercessisset
1475 3064 1685 3120 effusio.
1713 3064 1866 3131 Quod
1912 3068 1958 3121 si

2053 1887 2098 1929 et
2146 1877 2279 1931 Deus
2329 1888 2499 1932 noster
2548 1879 2864 1933 miserebitur
2908 1880 3091 1951 (Psal.
3124 1881 3271 1951 xlv).
3301 1885 3363 1936 Et
3405 1885 3635 1938 ilotttttt:

2055 1969 2346 2023 Misericors
2394 1980 2438 2023 et
2489 1972 2784 2036 miserator,
2848 1983 2896 2025 et
2935 1976 3107 2042 justus
3159 1975 3410 2029 Dominus
3457 1975 3638 2042 (Psat.

2052 2061 2203 2133 (ιη).
2234 2061 2364 2115 Nam
2392 2062 2699 2118 misericors
2726 2073 2841 2131 est,
2877 2072 2932 2118 et
2962 2064 3015 2118 in
3048 2065 3282 2133 perditos
3309 2082 3441 2133 quos
3471 2066 3643 2136 inqui-

2055 2153 2119 2204 rit
2145 2160 2198 2206 et
2226 2152 2413 2205 invitat
2438 2162 2696 2218 errantes,
2737 2154 2826 2224 qui
2858 2154 2947 2208 diu
2978 2157 3206 2210 sustinet
3244 2158 3637 2226 delinquentes.

2059 2243 2116 2296 Et
2149 2244 2285 2297 sicut
2311 2245 2469 2298 solem
2512 2261 2663 2299 suum
2692 2248 2816 2300 oriri
2857 2245 2982 2315 facit
3012 2264 3166 2315 super
3197 2249 3353 2303 bonos
3382 2262 3427 2303 et
3456 2253 3639 2315 malos,

2056 2345 2101 2387 et
2127 2336 2254 2402 pluit
2282 2352 2434 2405 super
2455 2338 2627 2406 justas
2655 2347 2701 2390 et
2732 2339 2951 2408 injustas
2979 2338 3193 2405 (Matth.
3229 2342 3333 2409 Ill),
3367 2342 3437 2393 ita
3468 2348 3642 2395 utros-

2056 2440 2160 2493 que
2200 2423 2563 2481 indiiI‘crenter
2613 2429 2809 2481 lumine
2858 2430 3080 2483 rationis
3119 2431 3390 2499 implevit,
3432 2431 3636 2485 honore

2060 2514 2303 2582 imaginis
2328 2530 2438 2568 suae
2480 2516 2675 2580 induit,
2710 2519 2773 2569 ad
2803 2520 3023 2587 gratiam
3068 2521 3453 2589 redemptionis
3482 2537 3641 2590 geuc~

2060 2606 2243 2659 ral’ter
2272 2608 2535 2660 evocavit.
2566 2608 2712 2663 Itane
2741 2610 3048 2664 misericors
3086 2612 3137 2665 in
3168 2612 3262 2666 illo
3290 2629 3393 2666 non
3439 2614 3555 2678 fuit,
3589 2614 3645 2668 in

2059 2711 2215 2764 quem
2255 2707 2400 2750 tanta
2430 2698 2732 2767 congessit,
2761 2713 2917 2767 quem
2949 2700 3016 2754 de
3061 2702 3300 2771 neglecta
3342 2712 3397 2757 et
3439 2704 3641 2772 perdita

2063 2787 2427 2843 misericordia
2454 2789 2709 2856 judicavit
2731 2790 2748 2842 ἲ
2770 2792 2886 2846 Iam
2918 2790 3041 2844 illud
3070 2793 3290 2847 minoris
3314 2795 3512 2863 negotii
3539 2805 3642 2857 est,

2062 2887 2119 2933 ut
2154 2893 2276 2949 erga
2323 2878 2636 2949 acquisitos,
2677 2881 2814 2935 sicut
2853 2882 3288 2950 misericordem,
3324 2885 3397 2938 ita
3438 2886 3641 2953 justum

2060 2983 2180 3023 esse
2207 2968 2511 3023 doceamus.
2559 2969 2766 3037 Justus,
2809 2972 3056 3041 inquam,
3102 2982 3156 3028 et
3197 2974 3339 3029 circa
3385 2989 3478 3029 eos
3504 2990 3639 3043 quos

2062 3059 2282 3129 suscipit
2330 3068 2699 3125 revertentes,
2746 3077 2878 3131 quos
2928 3078 3031 3117 non
3075 3064 3273 3120 deserit
3313 3066 3640 3135 laborantes,

382 3171 486 3211 una
514 3164 643 3211 tunc
669 3156 764 3211 fuit
792 3155 1156 3211 innocentium
1183 3170 1363 3224 causa,
1395 3172 1491 3211 cur
1516 3171 1620 3210 non
1650 3156 1823 3211 omnis
1852 3155 1961 3210 illic
1989 3152 2033 3217 C
2067 3163 2198 3219 quos
2225 3149 2416 3218 dignos
2443 3149 2608 3204 efficit
2634 3150 2897 3216 libertate,
2932 3153 3157 3209 fideliter
3184 3157 3499 3211 servientes.
3530 3158 3645 3212 Hm—

382 3248 621 3302 salvatur
649 3245 905 3311 infantia?
929 3245 1170 3302 Abillius
1194 3247 1336 3302 enim
1364 3246 1621 3316 temporis
1648 3247 1816 3317 gloria
1845 3260 1959 3300 om-

382 3339 465 3392 nis
508 3348 640 3393 setas
678 3337 900 3394 alterius
939 3352 1100 3394 sexus
1128 3338 1302 3393 aliena
1346 3345 1448 3394 est.
1478 3337 1533 3394 Si
1568 3338 1647 3393 vis
1683 3337 1961 3408 prredesti-

384 3428 614 3485 nationis
653 3429 941 3499 specialem
986 3443 1085 3500 per
1122 3428 1357 3500 singulos
1398 3428 1524 3483 facit
1566 3427 1955 3494 conditionem,

383 3534 480 3575 cur
511 3520 599 3575 hic
635 3530 823 3575 omnes
858 3519 1010 3589 pueri
1044 3519 1273 3575 diversis
1316 3518 1524 3574 dierum
1566 3518 1651 3574 vel
1697 3519 1959 3574 mensium

383 3610 713 3680 temporibus
744 3610 854 3663 nati
901 3624 1058 3664 unam
1089 3609 1333 3664 obtinent
1374 3605 1719 3663 felicitatem?
1749 3608 1805 3664 Si
1833 3623 1961 3664 vero

382 3702 685 3773 promiscua
714 3702 765 3756 iu
791 3714 987 3769 genere
1016 3699 1253 3755 humano
1290 3700 1570 3756 electionis
1596 3701 1732 3756 ratio
1761 3701 1959 3770 agitur,

383 3809 477 3849 sur
506 3795 574 3848 ab
604 3794 704 3849 hoc
732 3808 953 3849 munere
975 3794 1150 3849 omnis
1180 3800 1350 3849 status
1382 3794 1633 3864 puellaris
1662 3794 1960 3864 excipitur?

384 3886 481 3941 Hie
526 3899 655 3956 ergo
700 3883 903 3940 decreti
947 3892 1093 3940 sorte
1138 3895 1412 3952 cessante,
1453 3899 1600 3941 mors
1638 3884 1819 3955 pueris
1866 3900 1963 3954 pro

382 3976 578 4031 diaboli
624 3976 849 4032 infertur
901 3976 1109 4045 furore,
1155 3991 1301 4033 mors
1341 3991 1471 4033 vero
1517 3976 1819 4034 beatissima
1865 3992 1964 4047 pro

385 4068 476 4123 Dei
506 4066 712 4123 honore
749 4066 1041 4124 confertur.
1089 4067 1205 4123 Non
1251 4076 1380 4139 ergo
1419 4082 1513 4124 eos
1564 4067 1964 4138 prazdestinatio

384 4160 544 4216 morti
574 4158 806 4227 addixit,
839 4159 934 4215 sed
975 4172 1153 4216 causae
1180 4161 1395 4216 occasio
1436 4150 1786 4216 consecravit.
1820 4159 1965 4214 Hanc

386 4253 564 4322 itaque
620 4251 965 4319 parvulorum
1018 4251 1482 4317 interfectionem,
1532 4266 1636 4306 non
1685 4249 1966 4319 dispositio

388 4342 512 4412 Dei,
552 4342 648 4397 sed
693 4343 937 4411 impietas
985 4342 1258 4398 ordinavit
1303 4344 1523 4399 inimici.
1566 4343 1707 4399 Deus
1750 4352 1962 4411 autem,

387 4435 476 4504 qui
502 4435 662 4488 etiam
692 4434 847 4489 malis
875 4435 1148 4489 hominum
1179 4434 1316 4489 bene
1347 4436 1531 4503 utitur,
1567 4433 1825 4504 perempti
1855 4434 1965 4503 glo-

2064 3244 2258 3295 reticus
2287 3246 2465 3295 autem
2499 3241 2619 3296 ideo
2645 3243 2787 3297 circa
2820 3245 2988 3298 malos
3019 3258 3173 3316 negat
3216 3248 3642 3313 misericordem,

2063 3331 2184 3400 quia
2232 3347 2339 3385 non
2385 3333 2556 3388 credit
2599 3333 2832 3388 oblatam
2867 3336 3029 3391 fuisse
3076 3340 3262 3392 salutis
3303 3344 3508 3408 capiam
3562 3343 3647 3395 his

2064 3423 2152 3490 qui
2181 3421 2504 3476 delabuntur
2537 3424 2587 3476 in
2628 3436 2875 3478 mortem.
2904 3426 3027 3480 Ideo
3054 3430 3195 3481 circa
3223 3429 3394 3483 bonos
3425 3447 3529 3485 non
3561 3448 3645 3484 as-

2064 3511 2195 3565 serit
2220 3511 2443 3579 justum,
2475 3513 2597 3581 quia
2641 3513 2765 3567 nihil
2797 3515 2873 3569 eis
2917 3516 3148 3571 assumat
3191 3533 3288 3587 pro
3331 3521 3515 3574 humili
3547 3522 3645 3576 de-

2065 3602 2279 3656 votione
2305 3601 2577 3658 collatum.
2610 3603 2915 3659 Misericors
2955 3621 3080 3675 ergo
3124 3616 3225 3673 est,
3257 3610 3377 3678 quia
3410 3619 3462 3664 et
3491 3613 3645 3666 malis

2067 3688 2262 3761 ingerit
2309 3690 2532 3746 rationis
2577 3692 2941 3757 intellectum,
2975 3704 3027 3750 et
3074 3696 3326 3752 bonitatis
3372 3700 3641 3755 allectum.

2038 3782 2249 3837 “Justus
2275 3796 2421 3848 vero,
2452 3783 2573 3851 quia
2613 3784 2880 3840 obedienti
2921 3788 3169 3857 proponit
3209 3792 3513 3858 prtemium;
3551 3791 3641 3861 ju-

2065 3883 2199 3941 stus,
2229 3875 2349 3943 quia
2394 3876 2596 3929 nullum
2628 3876 2800 3931 salvat
2845 3879 3089 3935 invitum.
3135 3880 3317 3950 Itaque
3357 3883 3643 3952 Apostolus

2067 3964 2348 4036 magniﬁce
2373 3964 2439 4018 ad
2467 3965 2665 4021 donum
2692 3969 2877 4037 gratiae
2902 3970 3135 4025 officium
3165 3973 3359 4028 laboris
3380 3974 3640 4044 adjungit,

2065 4058 2139 4113 ita
2166 4058 2349 4115 dicens
2380 4078 2394 4115 :
2435 4059 2769 4114 Laborantem
2806 4063 3083 4132 agricolam
3124 4073 3321 4133 oportet
3357 4064 3420 4116 de
3465 4067 3646 4133 fructi-

2066 4153 2158 4209 bus
2188 4156 2419 4225 accipere
2447 4154 2499 4228 (Ι
2526 4154 2659 4209 Tim.
2693 4153 2770 4224 ιι).
2808 4156 2945 4211 Ecce
2989 4156 3256 4225 quomodo
3283 4156 3383 4211 sibi
3415 4157 3644 4211 admira-

2066 4244 2162 4300 bili
2211 4247 2533 4302 commercio
2581 4246 2763 4301 divina
2817 4254 2871 4300 et
2928 4246 3157 4301 humana
3221 4247 3511 4301 Suciantur.
3563 4248 3640 4302 Ad

2068 4337 2423 4394 obedientiam
2455 4337 2684 4406 pertinet
2722 4338 2893 4403 labor,
2926 4338 3126 4392 fructus
3170 4354 3297 4392 vero
3343 4338 3540 4393 laboris
3577 4341 3643 4392 ad

2066 4432 2307 4499 gratiam.
2363 4430 2430 4484 Et
2481 4431 2670 4486 iterum
2705 4448 2718 4484 :
2758 4431 3116 4502 Unusquisque
3152 4432 3412 4500 prapriam
3457 4447 3647 4484 merce-

389 4526 522 4579 riam
561 4526 629 4580 de
670 4526 872 4580 scelere
903 4525 1212 4595 pcrimentis
1246 4534 1517 4595 operatur.
1548 4524 1822 4579 Contraria
1848 4524 1965 4594 qui-
1990 4516 2039 4584 D
2066 4522 2178 4575 dem
2208 4521 2418 4590 accipiet
2460 4522 2735 4575 secundum
2777 4537 2925 4575 suum
2954 4520 3179 4575 laborem
3210 4521 3255 4592 (Ι
3285 4520 3403 4575 Cor.
3431 4520 3529 4591 u);
3562 4538 3646 4577 se-

389 4616 510 4670 dem
552 4615 769 4671 malitia:
797 4615 1031 4685 disponit
1076 4616 1347 4682 inventor,
1376 4616 1469 4671 sed
1500 4614 1752 4671 bonitatis
1782 4626 1967 4670 auctor

391 4705 443 4759 in
473 4706 666 4761 melius
691 4705 912 4762 consilia
934 4705 1158 4761 adversa
1183 4704 1474 4776 componit.

997 4838 1224 4896 CAPUT
1262 4838 1349 4895 IV.

394 4925 586 4981 Contra
602 4926 705 5000 hoc
718 4928 866 5000 quod,
885 4928 1096 4982 dicunt:
1127 4946 1145 4980 ι
1170 4924 1235 4982 1η
1273 4930 1393 4984 istos
1433 4931 1719 4984 misericors
1746 4939 1818 4984 est
1848 4947 1975 5000 quos

464 4998 703 5072 acquirit,
726 4999 793 5072 in
827 4999 948 5072 illos
981 5002 1156 5068 justus
1182 5010 1253 5054 est
1281 5016 1407 5069 quos
1447 5001 1681 5072 reliquit,
1714 5020 1733 5053 ι
1766 4998 1879 5053 cum
1925 5009 1976 5054 et

466 5068 603 5119 circa
632 5068 795 5123 malos
839 5071 1147 5137 misericors,
1178 5082 1224 5125 et
1252 5068 1390 5124 circa
1433 5068 1588 5127 bonos
1619 5074 1773 5126 etiam
1800 5073 1975 5142 justus

465 5149 729 5205 appareat.

464 5249 521 5305 Si
566 5249 799 5306 hominis
827 5259 1024 5307 statum
1058 5252 1225 5320 Deus,
1254 5254 1392 5310 sicut
1426 5254 1763 5325 blasphemat
1793 5256 1978 5326 impie-

396 5349 501 5409 tas,
529 5356 636 5397 non
664 5342 937 5413 aequitate,
964 5343 1059 5400 sed
1089 5354 1349 5414 potestate
1375 5345 1644 5415 disponit,
1676 5347 1767 5403 ille
1794 5347 1977 5403 fortas-

396 5435 473 5489 sis
511 5433 601 5504 qui
631 5435 861 5503 pulsavit
896 5436 1220 5506 excluditur,
1252 5446 1306 5492 et
1333 5435 1425 5494 ille
1461 5437 1551 5508 qui
1590 5454 1695 5493 non
1735 5440 1981 5509 quzesitit

400 5527 709 5584 attrahitur.
737 5531 815 5584 Ac
832 5527 912 5584 sic
939 5543 1038 5585 nec
1056 5528 1197 5584 circa
1226 5529 1457 5587 salvatus
1481 5532 1788 5586 misericors
1815 5530 1980 5587 fuisse

402 5619 691 5689 videbitur,
724 5621 917 5693 quibus
947 5635 1054 5677 non
1082 5620 1232 5677 dedit
1278 5632 1335 5678 ut
1374 5637 1439 5680 ex
1474 5623 1651 5680 ofﬁcio
1677 5624 1981 5680 misericor-

405 5711 547 5773 diam
579 5722 943 5785 mererentur;
972 5730 1072 5776 nec
1100 5715 1241 5776 circa
1273 5718 1507 5788 perditos
1534 5720 1787 5776 :estiumi
1820 5731 1976 5789 pote-

2070 4612 2302 4669 cundum
2331 4612 2468 4682 quod
2504 4614 2553 4668 iu
2600 4612 2887 4683 Evangelia
2909 4611 3074 4667 dicit:
3104 4611 3233 4665 Cum
3260 4612 3479 4681 feceritis
3517 4614 3649 4679 lucc,

2074 4709 2247 4776 dicite,
2278 4706 2424 4763 Servi
2444 4706 2647 4760 inutiles
2673 4720 2866 4773 sumus,
2901 4705 3037 4776 quod
3068 4705 3330 4759 debuimus
3352 4706 3537 4773 facere,
3580 4707 3655 4775 fe-

2075 4798 2234 4851 rimus
2267 4796 2419 4868 (Luc.
2450 4794 2602 4866 xui).
2635 4794 2867 4850 Adverte
2893 4796 3014 4864 quia
3054 4810 3156 4849 non
3199 4795 3433 4849 excludit
3477 4796 3654 4861 operis

2079 4889 2337 4955 studium,
2362 4888 2453 4944 sed
2476 4888 2747 4959 operantis
2772 4887 2989 4957 requirit
3009 4888 3350 4956 obsequium;
3383 4901 3480 4943 nec
3501 4887 3653 4942 labo-

2083 4995 2194 5035 rem
2234 4981 2505 5035 servitutis
2547 4986 2785 5045 recusat,
2818 4978 2911 5034 sed
2953 4979 3302 5033 humilitatem
3346 4978 3539 5033 mentis
3579 4978 3659 5034 in-

2083 5075 2281 5130 sinuat.
2310 5072 2509 5127 Vitium
2538 5086 2667 5142 ergo
2694 5085 2799 5142 quo
2831 5071 3065 5126 laborem
3102 5071 3497 5140 imperitis~ime
3527 5070 3661 5125 refu-

2083 5164 2329 5237 giendum
2362 5174 2533 5233 putas,
2566 5177 2672 5219 non
2700 5164 2753 5217 in
2785 5177 2968 5233 opere,
2997 5162 3092 5217 sed
3122 5163 3177 5217 in
3206 5163 3368 5217 corde
3394 5160 3657 5216 consistit.

2086 5255 2234 5311 Totis
2262 5268 2389 5325 ergo
2416 5253 2619 5308 viribus
2661 5252 2867 5322 laboro,
2895 5252 2991 5308 sed
3022 5252 3274 5323 quidquid
3318 5252 3385 5306 de
3427 5264 3661 5318 superna

2087 5346 2327 5418 largitate
2354 5359 2665 5415 percepero,
2690 5345 2894 5415 gratiae,
2926 5359 3032 5399 non
3062 5343 3337 5398 industriae
3362 5339 3660 5408 deputabo;

2086 5439 2406 5497 beneﬁt-ium
2452 5438 2677 5509 vocabo,
2732 5453 2839 5494 non
2889 5438 3155 5508 pretium;
3198 5435 3395 5489 donum
3426 5432 3664 5487 testabor

2081 5547 2233 5603 esse,
2267 5548 2374 5589 non
2403 5532 2673 5597 debitum;
2704 5531 3186 5588 remunerationem
3212 5567 3228 5592 ,
3280 5540 3385 5580 non
3430 5524 3662 5581 retribu—

2087 5631 2307 5684 tionem.
2351 5627 2427 5682 Ita
2468 5640 2588 5683 cum
2619 5641 2686 5683 ex
2722 5624 2900 5681 officio
2942 5620 3139 5691 aliquid
3180 5618 3417 5691 agimus,
3463 5631 3663 5688 nequa-

2086 5739 2244 5795 quam
2284 5736 2379 5780 nos
2423 5724 2683 5792 imputare
2731 5721 2837 5775 Deo
2881 5730 3195 5788 possumus,
3238 5713 3361 5786 quia
3410 5710 3665 5769 solvimus
