4002 6188
440 315 540 373 ειο

1642 310 1699 365 S.
1740 305 1983 362 FAUSTI
2021 305 2425 361 RHEGIENSIS

3591 303 3694 361 $30

440 429 581 499 quod
609 428 886 484 debemus.
915 428 993 484 Tu
1024 442 1150 482 vero
1178 426 1372 481 divinat
1400 440 1465 479 ne
1495 423 1731 479 invideas
1766 419 2010 486 bonitati.
2042 423 2094 481 Α
2119 432 2227 478 tate
2249 424 2551 490 discedere,
2580 431 2635 480 et
2658 424 2725 480 ad
2748 424 2917 480 levem
2946 424 3255 480 tentationis
3270 433 3459 480 mstum
3484 424 3691 478 inﬁrma

439 521 483 574 si
514 536 647 589 opus
674 518 813 588 quod
855 534 882 571 a
925 535 1010 573 me
1046 518 1139 573 illo
1179 517 1465 587 adjuvante
1504 516 1639 569 bene
1661 522 1865 584 gestum
1896 520 2009 578 est,

439 612 522 665 vel
549 613 709 666 etiam
738 619 952 679 accepta
991 609 1349 679 perdiderint?
1381 608 1491 661 Hoc
1530 620 1725 675 genere
1765 620 1863 659 nec
1889 618 2017 657 con-

440 706 571 755 verti
619 715 714 756 eos
772 704 1087 770 permittunt
1139 700 1277 754 mala
1338 697 1725 768 praecedentia,
1778 710 1877 749 nec
1924 710 2013 747 sa-

441 794 580 848 nari.

1065 883 1290 937 CAPUT
1332 883 1394 936 V.

440 973 632 1029 Contra
669 974 765 1028 hoc
800 974 937 1043 quod
980 974 1193 1027 dicunt:
1219 973 1340 1027 Non
1380 983 1484 1027 tam
1529 974 1682 1026 voluit
1716 989 1869 1042 quam
1914 989 2016 1043 non

513 1046 676 1112 potuit
704 1040 873 1097 salvus
900 1060 1014 1115 esse
1029 1046 1115 1111 qui
1143 1044 1310 1112 periit,
1327 1045 1483 1115 juxta
1504 1044 1637 1112 quod
1660 1040 1877 1114 legimus
1901 1058 1919 1096 :
1948 1040 2015 1094 Et

511 1131 611 1169 non
638 1124 867 1173 poterant
899 1113 1118 1168 credere.

514 1247 657 1301 Inter
694 1248 812 1301 haec
839 1260 960 1299 cum
990 1245 1224 1301 Joannes
1249 1246 1572 1315 evangelista
1597 1256 2012 1302 commemoret:

444 1336 727 1407 Propterea
780 1355 882 1393 non
934 1347 1166 1409 poterant
1206 1341 1431 1406 credere,
1477 1342 1600 1410 quia
1651 1343 1834 1396 iterum
1886 1342 2016 1394 dixit

439 1427 608 1485 Isaias
639 1446 658 1484 :
689 1429 973 1485 Excwcavit
1010 1430 1185 1485 oculos
1219 1446 1427 1495 eorum,
1460 1440 1507 1485 et
1544 1431 1798 1484 induravit
1838 1446 2015 1483 eorum

438 1537 527 1576 cor
564 1519 744 1590 (Joan.
777 1536 878 1585 stt;
911 1519 1021 1575 lsa.
1051 1522 1149 1589 Vl),
1196 1520 1297 1575 hoc
1346 1522 1463 1575 loco
1505 1521 1734 1576 elocutio
1764 1520 2013 1575 conclusa

438 1612 517 1667 sic
544 1619 779 1679 resonat,
803 1612 955 1682 quasi
983 1611 1062 1668 eis
1087 1627 1191 1666 non
1220 1611 1365 1666 credi
1384 1611 1471 1665 ndi
1496 1610 1787 1665 necessitas
1815 1610 2014 1679 imponi

441 1703 681 1759 videatur
732 1704 935 1760 invitis.
988 1702 1093 1758 Sed
1149 1717 1213 1758 ex
1262 1701 1367 1756 illis
1409 1715 1624 1755 causam
1671 1701 1755 1755 vel
1804 1700 2014 1769 culpam

2119 514 2301 569 radice
2313 514 2562 571 deficere.
2578 515 2866 572 Videamus
2878 531 3011 585 quos
3022 531 3214 572 sanare
3227 518 3533 583 tentaverit,
3552 524 3607 571 et
3620 521 3694 572 eis

2119 619 2303 674 parum
2341 622 2437 674 pro
2461 609 2806 677 consequenti
2839 608 3212 665 incredulitate
3240 610 3520 680 profuerit.
3554 610 3693 664 Ecce

2118 712 2279 750 servo
2310 698 2383 750 illi
2415 698 2467 750 in
2505 698 2789 767 Evangelio
2815 700 3023 767 magnis
3052 701 3246 755 debitis
3275 710 3329 756 et
3355 702 3551 754 anima:
3582 701 3693 753 lan-

2117 788 2373 856 guoribus
2418 803 2715 857 Oppresso,
2766 789 2951 844 decem
2988 790 3150 844 millia
3202 792 3434 852 talenta,
3488 807 3607 861 qua:
3644 796 3689 847 ei

2116 878 2339 931 remissa
2365 878 2697 943 videbantur,
2734 895 2826 949 per
2855 882 3055 935 crimen
3086 882 3312 949 propriae
3340 882 3560 935 malitia:
3592 883 3687 935 ad-

2114 966 2269 1035 jectis
2324 969 2652 1024 cruciatibus
2698 970 3000 1039 exiguntur.
3048 971 3148 1027 Ubi
3212 982 3265 1026 et
3303 973 3689 1027 advertendum

2117 1068 2198 1111 est
2226 1058 2493 1126 quomodo
2539 1059 2796 1128 acquisita
2827 1061 3149 1128 perduntur,
3195 1072 3250 1117 et
3278 1058 3534 1119 beneﬁcia
3578 1064 3689 1133 jam

2115 1147 2306 1203 collata
2330 1160 2663 1203 revocantur.
2694 1150 2797 1206 Sed
2831 1160 2881 1206 et
2907 1151 2997 1207 ille
3020 1152 3243 1221 depulso
3263 1169 3293 1208 a
3321 1169 3381 1209 se
3412 1156 3690 1210 immundo

2117 1240 2302 1309 spiritu
2332 1241 2397 1294 ad
2432 1251 2639 1309 tempus
2657 1243 2846 1311 legitur
2878 1243 3039 1300 fuisse
3066 1257 3307 1311 sanatus,
3334 1247 3401 1300 de
3422 1262 3532 1316 quo
3562 1248 3689 1303 dicit

2116 1345 2294 1387 Sermo
2314 1332 2525 1389 divinus
2556 1352 2569 1388 :
2602 1335 2727 1389 Cum
2752 1347 2917 1391 autem
2944 1338 3235 1393 immundus
3264 1340 3475 1410 spiritus
3506 1342 3687 1395 exierit

2116 1424 2179 1478 ab
2198 1424 2420 1492 homine,
2442 1428 2753 1495 perambulat
2774 1445 2861 1499 per
2876 1430 2990 1483 loca
3008 1432 3176 1497 arida,
3197 1448 3426 1500 quaerens
3442 1436 3689 1502 requiem,

2114 1526 2161 1569 et
2178 1532 2281 1569 non
2307 1517 2601 1581 inveniens;
2623 1528 2742 1573 tunc
2762 1519 2883 1573 dicit
2907 1536 2925 1574 :
2946 1520 3186 1575 Revertar
3214 1524 3267 1575 in
3291 1522 3498 1576 domum
3529 1539 3691 1577 meam

2117 1608 2251 1662 unde
2275 1609 2425 1662 exivi.
2456 1608 2524 1661 Et
2554 1610 2755 1663 veniens
2773 1611 2961 1665 invenit
2979 1623 3256 1677 vacantem,
3279 1614 3447 1681 scopis
3473 1615 3691 1667 munda-

2122 1709 2224 1753 tam
2252 1710 2297 1754 et
2318 1710 2553 1754 ornatam
2574 1700 2727 1771 (Luc.
2753 1704 2871 1769 stt),
2896 1703 2946 1757 id
2970 1712 3073 1767 est,
3104 1712 3379 1759 vacuatam
3408 1706 3690 1760 virtutibus

442 1794 830 1849 incredulitatis
883 1803 1127 1849 exortam
1175 1794 1229 1847 in
1278 1791 1730 1861 consequentibus
1771 1790 2015 1846 lectionis
2045 1778 2091 1837 Β
2118 1799 2172 1843 et
2224 1789 2546 1844 vanitatibus
2600 1790 2967 1860 adimpletam.
3013 1792 3160 1846 Tunc
3203 1794 3340 1847 vadit
3389 1804 3437 1847 et
3478 1795 3692 1849 assumit

440 1888 571 1941 ordo
601 1887 901 1940 manifestat
934 1887 1003 1939 ita
1032 1886 1217 1939 dicens
1258 1903 1271 1938 :
1312 1883 1667 1939 Verumtamen
1696 1892 1739 1936 et
1770 1899 1836 1936 ea:
1872 1883 2017 1953 prin-

440 1979 637 2047 cipibus
665 1979 810 2031 multi
838 1977 1162 2029 crediderunt
1200 1976 1253 2027 in
1286 1990 1401 2027 eum
1422 2018 1437 2041 ,
1472 1974 1560 2026 sed
1588 1981 1792 2042 prapter
1827 1971 2018 2025 Phari-

440 2084 565 2121 sceos
585 2084 685 2119 non
706 2066 1095 2134 conﬁtebuntur,
1125 2075 1177 2115 ut
1206 2063 1269 2115 de
1294 2077 1552 2131 synagoga
1572 2078 1670 2114 non
1691 2062 2011 2128 ejicercntur.

440 2160 740 2213 Dilexerunt
762 2159 895 2211 enim
916 2156 1137 2228 gloriam
1162 2156 1421 2209 haminum
1448 2158 1604 2224 magis
1630 2170 1779 2223 quam
1801 2154 2015 2224 gloriam

439 2252 537 2304 Dei
567 2249 781 2320 (Joann.
814 2251 931 2319 xu).
971 2249 1230 2303 Absolute
1277 2248 1362 2302 hic
1400 2248 1599 2301 inlicat
1624 2288 1639 2313 ,
1670 2247 1811 2301 sicut
1856 2256 1910 2301 et
1947 2248 2014 2302 de

439 2345 658 2400 Simone
683 2344 940 2413 legimus,
988 2342 1152 2398 etiam
1197 2340 1501 2395 infidelibus
1531 2341 1636 2394 vim
1687 2339 2015 2395 credulitatis

439 2435 606 2491 fuisse
642 2437 891 2490 collatam
936 2453 948 2487 :
982 2434 1172 2504 quibus
1210 2433 1348 2488 sicut
1376 2431 1596 2487 facultas
1623 2432 1873 2486 credendi
1916 2431 2015 2485 ad-

441 2528 570 2593 fuit,
619 2527 689 2580 ita
725 2527 973 2581 voluntas
1000 2526 1166 2581 defuit
1215 2524 1525 2580 conflzendi.
1567 2523 1718 2590 Quod
1757 2523 2010 2585 credunt,

441 2622 627 2691 gratia:
661 2619 876 2689 largitas
916 2627 1027 2685 est;
1050 2617 1189 2687 quod
1220 2616 1601 2687 professionem
1638 2614 1856 2669 creditis
1906 2629 2012 2667 non

439 2711 866 2775 accommodant,
896 2709 1090 2765 mentis
1120 2709 1434 2779 improbitas
1463 2718 1575 2772 est;
1604 2717 1659 2762 et
1687 2706 1939 2775 impletur
1961 2708 2013 2761 in

437 2803 516 2857 eis
543 2819 558 2856 :
591 2802 691 2869 Qui
722 2812 887 2856 autem
927 2818 1027 2855 non
1053 2800 1227 2867 habet,
1257 2800 1409 2854 etiam
1428 2800 1568 2871 quod
1592 2798 1736 2853 habet
1758 2797 2016 2865 auferetur

437 2898 500 2946 ub
525 2910 584 2948 eo
634 2893 826 2964 (Matth
876 2895 970 2961 tv).
1018 2893 1154 2947 Ecce
1196 2890 1463 2960 quomodo
1495 2890 1690 2945 bonum
1722 2890 2014 2944 voluntatis

438 2997 492 3039 et
518 2985 638 3040 lidei
679 2984 910 3038 admixta
948 2984 1147 3036 malitia
1193 2983 1535 3049 depravavit,
1566 2984 1703 3035 sirut
1749 2983 1854 3036 alio
1894 2982 2013 3036 loco

437 3076 489 3129 itt
518 3076 706 3128 eodem
737 3073 1031 3142 Evangelio
1068 3073 1181 3141 ipse
1211 3072 1466 3126 Dominus
1495 3072 1623 3125 dicit
1676 3089 1689 3125 :
1740 3072 2007 3137 Quomodo

2116 1890 2306 1949 septem
2340 1879 2471 1935 alios
2499 1883 2709 1949 spiritus
2737 1899 2907 1937 secum
2945 1885 3210 1957 nequiores
3250 1902 3331 1951 se,
3362 1897 3409 1940 et
3442 1888 3691 1943 intrantes

2118 1972 2345 2026 habitant
2368 1973 2477 2039 ibi,
2519 1982 2567 2027 ct
2608 1975 2734 2042 ﬁunt
2764 1976 3033 2030 novissima
3059 1978 3281 2031 hominis
3326 1978 3471 2032 illius
3512 1979 3690 2049 pejora

2116 2063 2390 2132 prioribus.
2424 2063 2562 2118 Ecce
2588 2065 2672 2119 cui
2703 2066 2983 2121 sanitatem
3007 2067 3256 2122 collatam
3282 2082 3402 2124 esse
3430 2083 3534 2122 non
3569 2084 3690 2139 pro-

2117 2155 2231 2209 fuit.
2285 2154 2338 2208 ln
2387 2171 2545 2225 quem
2594 2157 2952 2226 multiplicatis
2997 2159 3153 2214 malis
3198 2160 3417 2215 nocivus
3465 2162 3688 2231 languor

2118 2245 2353 2299 incubuit
2384 2256 2439 2301 ct
2467 2247 2711 2302 increvit.
2746 2248 2851 2305 Sed
2882 2260 2935 2306 et
2964 2252 3067 2305 alio
3094 2252 3209 2307 loco
3249 2254 3294 2307 is
3337 2255 3426 2321 qui
3457 2264 3574 2322 post
3602 2269 3689 2309 ac-

2115 2348 2321 2406 ceptam
2356 2340 2597 2394 notitiam
2629 2342 2887 2409 veritatis,
2935 2342 2985 2397 id
3012 2356 3122 2410 est,
3152 2355 3269 2413 post
3297 2345 3544 2400 collatam
3576 2348 3686 2411 (ve-

2116 2430 2351 2498 ritatem)
2393 2430 2492 2484 sibi
2522 2446 2704 2486 curam
2747 2433 2964 2501 salutis,
3010 2436 3322 2505 sanguinem
3373 2425 3684 2493 testamenti

2116 2520 2379 2589 pollutum
2403 2522 2650 2587 duxerat,
2684 2524 2736 2577 in
2762 2539 2867 2594 quo
2892 2525 3250 2580 sanctificatus
3276 2536 3357 2581 est
3375 2573 3387 2593 ,
3420 2527 3470 2581 id
3497 2536 3598 2591 est,
3628 2529 3679 2581 in

2114 2625 2219 2679 quo
2249 2620 2464 2665 sanatus
2499 2622 2600 2679 est,
2633 2613 2873 2681 graviora
2905 2614 3098 2669 mereri
3142 2617 3399 2686 supplicia
3427 2618 3682 2684 Apostolo

2113 2709 2401 2756 attestante
2448 2703 2777 2771 perhibetur.
2824 2705 2916 2760 Sic
2956 2707 3131 2776 itaque
3167 2710 3333 2778 gratia
3382 2710 3433 2763 in
3477 2710 3681 2778 culpam

2113 2792 2359 2859 vertitur,
2387 2794 2491 2848 nisi
2517 2795 2758 2849 custodia
2791 2798 3163 2867 subsequatur.
3197 2798 3300 2853 Sed
3332 2801 3383 2854 in
3416 2800 3498 2855 his
3529 2816 3680 2855 evan-

2114 2883 2302 2951 gelista
2348 2884 2627 2939 Matthaeus
2667 2886 2791 2940 dum
2837 2888 3190 2944 incrassatum
3239 2904 3364 2956 cor,
3414 2892 3682 2946 obturatas

2113 2990 2268 3029 aures
2289 3018 2304 3042 ,
2336 2976 2653 3047 clausosque
2681 2978 2865 3034 oculos
2894 2980 2958 3037 ad
2991 2982 3199 3051 culpam
3230 2981 3460 3037 hominis
3491 2984 3677 3049 refert,

2111 3083 2208 3122 cur
2234 3085 2338 3123 non
2384 3079 2703 3126 sanarentur
2731 3074 2997 3140 apertiore
3052 3090 3240 3141 sensu,
3298 3084 3353 3130 et
3395 3075 3678 3131 dilucidata

438 3164 647 3221 potestis
674 3179 759 3215 vos
786 3163 1007 3227 credere,
1028 3163 1113 3230 qui
1133 3161 1354 3229 gloriam
1377 3160 1441 3214 ab
1460 3160 1668 3213 inuicem
1689 3160 1941 3227 accipitis,
1959 3169 2006 3213 et
2034 3131 2079 3195 Ο
2112 3162 2315 3214 ratione
2340 3160 2635 3227 perdocuit,
2665 3161 2791 3216 dum
2828 3163 3091 3235 (inquam)
3116 3164 3248 3219 dicit
3278 3183 3292 3217 :
3332 3164 3677 3220 Incrassatum

439 3257 654 3327 gloriam
706 3270 820 3326 qua:
862 3271 893 3307 a
922 3254 1030 3307 solo
1057 3264 1131 3307 est
1168 3251 1275 3307 Deo
1313 3269 1416 3305 non
1444 3253 1672 3323 quaeritis
1707 3250 1883 3322 (Joan.
1910 3250 2005 3322 v)?

442 3347 603 3401 Vides
640 3360 767 3415 ergo
795 3345 916 3415 quia
945 3344 1083 3398 sicut
1116 3342 1415 3412 suppressis
1446 3344 1624 3399 causis
1665 3341 2008 3397 absconditur

439 3438 657 3504 veritas,
687 3438 755 3491 ita
796 3434 1092 3491 manifestis
1123 3443 1425 3489 removetur
1450 3433 1779 3489 obscuritas?
1806 3449 1923 3503 qua:
1953 3434 2005 3487 in

439 3529 587 3583 ἰδίω
634 3528 940 3583 testimonio
999 3524 1277 3580 densiores
1324 3526 1480 3595 paulo
1528 3523 1749 3579 nebulas
1799 3524 2009 3579 videtur

437 3621 703 3677 obducere
730 3660 744 3683 ,
798 3620 921 3673 dum
958 3633 1051 3672 eos
1095 3632 1231 3687 quos
1280 3616 1493 3686 propria
1533 3616 1769 3685 nequitia
1813 3614 2005 3669 surdos

438 3727 717 3780 raucosque
766 3708 1102 3773 reddiderat,
1133 3722 1163 3761 a
1201 3710 1309 3762 Deo
1348 3706 1537 3761 asserit
1564 3708 1896 3769 obcmcatos,
1942 3720 2007 3759 ne

439 3805 575 3857 forte
606 3816 866 3856 converso
912 3800 978 3853 ad
1010 3801 1175 3853 Deum
1213 3796 1377 3853 corde
1415 3804 1689 3851 sanentur.
1730 3795 1911 3864 Itaque
1950 3804 2007 3850 ut

440 3895 706 3963 paululum
742 3892 1049 3947 differamus
1074 3891 1214 3960 quod
1244 3890 1525 3945 Matthteus
1561 3889 1795 3959 apertius
1828 3888 2007 3943 elocu-

440 3998 524 4040 tns
548 3996 632 4041 e~t
668 3984 816 4054 juxta
846 3982 1010 4052 ipsius
1035 3981 1300 4036 sermonis
1332 3981 1558 4050 rigorem
1581 4022 1596 4046 ,
1621 3979 1710 4049 qui
1738 3994 1805 4034 ex
1827 3978 2007 4034 verbis

439 4078 712 4148 propheta:
751 4075 1013 4131 austerius
1042 4074 1273 4143 percutit
1294 4072 1518 4143 legentis
1546 4072 1814 4136 auditum,
1847 4069 2005 4125 altius

437 4170 769 4241 requiramus
795 4183 959 4238 quare
992 4168 1092 4221 hoc
1115 4166 1233 4221 loco
1258 4162 1401 4220 nolle
1423 4175 1635 4235 putetur
1665 4162 1921 4217 Dominus
1946 4170 2007 4217 ut

434 4272 709 4328 sanentur,
731 4261 782 4315 id
800 4271 902 4325 est,
924 4275 989 4314 ne
1007 4268 1377 4313 ntomentanea
1390 4255 1740 4310 conVersione
1757 4264 2001 4325 suscepta

436 4355 644 4411 collatis
671 4351 942 4407 beneﬁciis
978 4349 1283 4417 abutantur,
1314 4349 1478 4413 iram,
1503 4362 1623 4401 cum
1646 4346 1853 4417 probati
1883 4344 2001 4400 fue—

436 4448 569 4511 rint,
601 4454 899 4512 susceptam
928 4440 1228 4512 neglexisse
1254 4454 1317 4493 ac
1343 4437 1610 4508 respuisse
1657 4437 1883 4492 recidiva
1916 4435 2001 4491 in-

436 4538 685 4591 tirmitate
707 4535 1047 4598 medicinam,
1077 4533 1216 4586 sicut
1237 4530 1325 4585 ille
1350 4528 1415 4583 ad
1438 4544 1594 4599 quem
1617 4528 1729 4599 ipse
1748 4529 2001 4583 Dominus

432 4628 667 4697 loquitur
700 4645 711 4678 :
742 4625 859 4679 1am
888 4642 1041 4679 sanus
1067 4626 1231 4696 factus
1250 4639 1333 4685 es,
1364 4622 1467 4675 noli
1494 4636 1729 4692 peccare,
1759 4636 1822 4674 ne
1856 4619 1998 4673 dete-

434 4719 542 4771 rius
572 4717 658 4770 tibi
685 4716 877 4783 aliquid
903 4715 1177 4785 contingat.
1223 4714 1458 4769 Adverte
1484 4713 1718 4769 bonitate
1759 4713 2001 4767 sanitatis

434 4809 656 4878 impium
680 4805 1019 4877 pra-gravari.
1052 4806 1140 4858 Sic
1160 4803 1366 4858 Pharao
1389 4804 1671 4858 insultasse
1700 4803 2000 4869 deprehen-

432 4900 575 4954 ditur
625 4896 1010 4954 misericordia:
1062 4894 1199 4958 Dei,
1244 4911 1399 4964 quem
1431 4895 1671 4950 addictus
1726 4895 1996 4965 plagarum

430 4992 832 5061 resipiscentem
860 4997 916 5043 et
942 4997 1340 5043 convertentem
1362 5029 1374 5049 .
1407 4997 1462 5043 et
1490 4988 1858 5043 humiliantem
1907 5002 1996 5053 se,

425 5084 639 5154 quoties
675 5098 867 5137 sanare
908 5082 1113 5145 voluit,
1157 5081 1313 5136 toties
1360 5080 1682 5136 deteriorem
1729 5095 1849 5134 esse
1881 5088 2001 5147 post

428 5177 811 5233 humanitatem
834 5174 1129 5230 clementia:
1150 5172 1520 5244 deprehendit.
1540 5172 1713 5239 Quare
1736 5171 2000 5242 (inquam)

424 5274 557 5327 istos
583 5284 778 5325 sanare
805 5266 1139 5323 dissimulat?
1162 5283 1228 5323 ne
1252 5267 1382 5321 liant
1407 5266 1591 5337 utique
1610 5265 1750 5320 illius
1771 5265 1997 5331 similes,

421 5364 506 5430 qui
532 5378 687 5433 supra
707 5371 907 5433 petrosa
934 5360 1213 5413 seminatur
1232 5368 1327 5423 est,
1360 5358 1411 5412 id
1437 5366 1537 5422 est,
1565 5358 1651 5427 qui
1679 5358 1746 5410 ad
1776 5373 1997 5411 momen-

420 5468 525 5507 tum
551 5470 665 5507 cum
686 5452 876 5523 gaudio
902 5451 1110 5521 suscipit
1136 5449 1361 5513 uerbum,
1385 5450 1474 5519 qui
1497 5451 1564 5501 ad
1592 5458 1789 5516 tempus
1816 5448 1996 5513 credit,

419 5555 466 5597 et
496 5547 547 5598 in
576 5554 798 5613 tempore
828 5543 1119 5597 tentationis
1151 5541 1337 5595 recedit
1360 5539 1573 5609 (Matth.
1602 5542 1700 5609 tv).
1741 5540 1878 5605 Quid
1917 5548 1999 5593 cst

425 5647 850 5692 momentaneam
873 5634 1147 5704 suscipere
1169 5635 1473 5698 sanitatem,
1496 5634 1549 5688 id
1571 5642 1673 5701 est,
1702 5634 1766 5687 ad
1794 5643 1997 5701 tempus

424 5726 664 5794 credere,
697 5736 751 5783 et
771 5728 825 5783 in
850 5736 1088 5796 tempore
1109 5725 1419 5781 tentationis
1445 5741 1543 5795 pro,
1572 5728 1731 5782 animi
1765 5727 1999 5785 iulidel't-

2108 3262 2179 3304 est
2206 3265 2293 3303 cor
2323 3251 2495 3320 populi
2516 3252 2701 3323 hujus,
2732 3260 2776 3306 et
2812 3254 3021 3307 auribus
3056 3257 3272 3325 graviter
3300 3256 3603 3321 audierunt,
3634 3268 3679 3312 et

2108 3338 2285 3392 oculos
2315 3356 2435 3394 suos
2464 3342 2775 3395 clauserunt.
2802 3342 2989 3400 Nonne
3018 3345 3108 3399 tibi
3131 3345 3337 3401 videtur
3358 3347 3501 3403 velut
3524 3349 3677 3403 inter-

2110 3431 2443 3499 rogantibus,
2482 3447 2577 3487 cur
2606 3432 2852 3488 videntes
2882 3451 2988 3489 non
3021 3436 3263 3499 videant,
3300 3447 3355 3491 et
3404 3438 3677 3492 audientes

2110 3537 2215 3576 non
2238 3522 2556 3592 intelligant,
2590 3524 2891 3579 evidentem
2916 3529 3157 3595 protinus
3185 3527 3396 3583 dedisse
3421 3530 3675 3583 rationem

2108 3614 2175 3667 de
2201 3616 2374 3669 causis
2396 3626 2610 3684 pmpter
2636 3630 2765 3685 quas
2787 3632 2892 3671 non
2917 3618 3121 3671 videant
3150 3634 3321 3686 neque
3344 3620 3675 3688 intelligant?

2110 3706 2229 3775 quia
2270 3707 2459 3762 audire
2491 3716 2544 3761 et
2570 3707 2774 3775 videre,
2806 3708 2987 3775 idest,
3025 3710 3325 3779 intelligere
3362 3724 3414 3767 et
3464 3712 3675 3767 obedire

2108 3797 2409 3852 noluerunt.
2426 3798 2557 3866 Quia
2577 3798 2789 3869 (inquit)
2809 3816 2910 3853 non
2932 3818 3105 3855 omnes
3122 3802 3357 3856 obediunt
3381 3802 3671 3873 Evangelia,

2109 3889 2227 3956 quia
2278 3895 2384 3942 tota
2432 3889 2513 3942 die
2555 3889 2779 3958 expandi
2818 3905 2997 3945 manus
3033 3907 3169 3947 meas
3195 3892 3263 3945 ad
3296 3893 3543 3963 populum
3580 3910 3673 3946 non

2108 3978 2389 4033 credentem
2417 3988 2466 4034 et
2506 3981 2965 4047 contradicentem;
2993 3982 3130 4037 sicut
3162 3983 3322 4038 etiam
3350 3999 3444 4053 per
3469 3999 3529 4039 se
3570 3984 3671 4053 jam

2109 4073 2361 4127 Dominus
2401 4073 2635 4143 loquitur
2667 4092 2678 4127 :
2712 4072 2877 4128 Filios
2898 4075 3007 4129 alui
3032 4084 3081 4129 et
3109 4068 3346 4143 exaltavi,
3378 4078 3476 4146 ipsi
3514 4086 3671 4130 autem

2107 4180 2187 4218 me
2230 4176 2547 4233 spreverunt.
2598 4168 2665 4220 Et
2709 4167 2899 4221 iterum
2946 4186 2959 4219 :
3015 4167 3264 4235 Quoniam
3308 4167 3674 4237 dereliquerunt

2104 4272 2280 4309 cenam
2326 4273 2573 4325 aquarum
2600 4258 2867 4311 viventium
2910 4257 3201 4312 Dominum.
3247 4259 3314 4313 Et
3357 4259 3409 4313 in
3456 4258 3673 4314 Actibus

2108 4349 2484 4416 Apostolorum
2525 4368 2537 4403 :
2576 4349 2811 4404 Videntes
2851 4349 3067 4422 (inquit)
3108 4350 3316 4416 Juda’i,
3348 4352 3527 4421 repleti
3560 4359 3674 4405 sunt

2108 4438 2215 4493 zelo
2235 4479 2251 4505 ,
2298 4450 2346 4493 et
2379 4440 2791 4495 contradicebant
2820 4440 2900 4496 his
2936 4458 3049 4510 quae
3088 4457 3119 4495 a
3151 4440 3320 4496 Paulo
3357 4442 3668 4505 dicebantur,

2108 4531 2506 4599 blasphemantes
2531 4532 2661 4586 uiam
2686 4530 2895 4586 Domini
2914 4532 3051 4604 (Act.
3075 4534 3216 4602 xm).
3244 4533 3310 4588 Et
3330 4533 3521 4587 iterum
3548 4549 3562 4584 :
3587 4530 3672 4584 In-

2107 4624 2266 4677 stabat
2322 4623 2538 4692 (inquit)
2568 4624 2715 4676 verba
2756 4621 2955 4677 Paulus
2980 4668 2994 4691 ,
3028 4624 3297 4693 testiﬁcans
3340 4622 3540 4677 Judteis
3574 4639 3673 4676 esse

2107 4716 2360 4771 Christum
2398 4717 2598 4773 Jesum.
2632 4717 3101 4773 Contradicentibus
3144 4728 3188 4771 et
3221 4717 3674 4787 blasphemantibus

2106 4808 2359 4861 excutiens
2386 4808 2679 4861 vestimenta
2721 4824 2815 4861 sua
2857 4809 2987 4862 dix't
3018 4824 3037 4861 :
3067 4808 3288 4880 Sanguis
3328 4821 3493 4862 uester
3528 4823 3675 4879 super

2105 4910 2255 4970 caput
2281 4909 2493 4954 vestrum
2530 4902 2654 4965 erit;
2699 4902 2918 4954 mundus
2944 4917 3037 4970 ego
3062 4918 3127 4955 ex
3165 4901 3259 4954 hoc
3279 4902 3389 4972 jam
3420 4902 3487 4953 ad
3508 4910 3673 4971 gentes

2102 4994 2284 5047 cadant
2316 4993 2451 5065 (Act.
2485 4997 2656 5057 svnt).
2709 4993 3177 5049 Contradicentibus
3218 4995 3437 5065 (inquit)
3478 4995 3581 5047 illis
3632 5004 3675 5046 et

2103 5082 2584 5152 blasphemantibus.
2615 5084 2748 5139 Vide
2774 5089 3042 5155 quomo-lo
3073 5085 3305 5141 remedia
3341 5086 3535 5154 ingerit
3570 5098 3675 5137 me-

2101 5175 2286 5241 dicus,
2310 5184 2363 5229 et
2400 5185 2613 5231 recusat
2647 5186 2899 5247 aegrotus.
2948 5178 3184 5245 Quorum
3225 5177 3473 5232 duritiam
3518 5177 3675 5231 etiam

2103 5265 2292 5321 beatus
2336 5267 2638 5336 Stephanus
2674 5269 2787 5338 pari
2821 5270 3136 5323 auctoritate
3183 5269 3424 5338 increpat
3460 5268 3674 5332 dicens,

2115 5356 2461 5412 'ncircumcisi
2514 5359 2668 5413 corde
2716 5369 2765 5413 et
2806 5360 3053 5423 auribus,
3093 5376 3181 5413 vos
3223 5375 3418 5429 sentper
3462 5358 3674 5423 Spiritui

2116 5462 2283 5507 ’κνοω
2330 5452 2581 5506 restitistis
2629 5452 2763 5521 (Act.
2796 5451 2912 5523 vtt).
2962 5451 3101 5507 Ecce
3146 5466 3313 5521 quare
3346 5451 3529 5505 videre
3574 5462 3672 5503 nan

2108 5554 2369 5613 possunt:
2401 5545 2521 5614 quia
2565 5544 2782 5613 Spiritui
2814 5553 3001 5598 sancto
3026 5543 3321 5608 resistunt,
3368 5550 3527 5610 atque
3565 5554 3594 5593 a
3619 5552 3671 5593 se
3748 5614 3753 5621 ~

2107 5636 2302 5690 clausis
2324 5646 2513 5705 sponte
2535 5635 2702 5689 oculis
2728 5635 2904 5690 lumen
2928 5634 3169 5689 veritatis
3194 5633 3503 5689 excludunt.
3530 5629 3669 5698 Quod

2113 5741 2239 5797 ergo
2269 5728 2319 5781 in
2350 5726 2637 5795 Evangelia
2667 5726 2905 5796 sequitur
2933 5735 2987 5781 et
3012 5725 3143 5782 dicit
3174 5743 3187 5779 :
3236 5724 3319 5781 Ne
3341 5728 3476 5793 forte
3521 5724 3671 5777 oculis
